None,ticker,dimension,calendardate,datekey,reportperiod,lastupdated,accoci,assets,assetsavg,assetsc,assetsnc,assetturnover,bvps,capex,cashneq,cashnequsd,cor,consolinc,currentratio,de,debt,debtc,debtnc,debtusd,deferredrev,depamor,deposits,divyield,dps,ebit,ebitda,ebitdamargin,ebitdausd,ebitusd,ebt,eps,epsdil,epsusd,equity,equityavg,equityusd,ev,evebit,evebitda,fcf,fcfps,fxusd,gp,grossmargin,intangibles,intexp,invcap,invcapavg,inventory,investments,investmentsc,investmentsnc,liabilities,liabilitiesc,liabilitiesnc,marketcap,ncf,ncfbus,ncfcommon,ncfdebt,ncfdiv,ncff,ncfi,ncfinv,ncfo,ncfx,netinc,netinccmn,netinccmnusd,netincdis,netincnci,netmargin,opex,opinc,payables,payoutratio,pb,pe,pe1,ppnenet,prefdivis,price,ps,ps1,receivables,retearn,revenue,revenueusd,rnd,roa,roe,roic,ros,sbcomp,sgna,sharefactor,sharesbas,shareswa,shareswadil,sps,tangibles,taxassets,taxexp,taxliabilities,tbvps,workingcapital
0,RTX,MRY,2020-12-31,2020-12-31,2020-12-31,2021-08-25,-3734000000.0,162153000000.0,156410250000.0,43376000000.0,118777000000.0,0.362,53.147,-1795000000.0,8802000000.0,8802000000.0,48056000000.0,-3519000000.0,1.21,1.223,33339000000.0,797000000.0,32542000000.0,33339000000.0,12889000000.0,4156000000.0,0.0,0.03,2.16,-1578000000.0,2578000000.0,0.046,2578000000.0,-1578000000.0,-2944000000.0,-2.59,-2.59,-2.59,72163000000.0,61794500000.0,72163000000.0,133034411623.0,-84.0,51.604,1811000000.0,1.334,1.0,8531000000.0,0.151,94824000000.0,1366000000.0,56018000000.0,61520750000.0,9411000000.0,0.0,0.0,0.0,88269000000.0,35848000000.0,52421000000.0,108603411623.0,1412000000.0,5345000000.0,-32000000.0,-16119000000.0,-2732000000.0,-5274000000.0,3102000000.0,-32000000.0,3606000000.0,-22000000.0,-3519000000.0,-3519000000.0,-3519000000.0,410000000.0,0.0,-0.062,11305000000.0,-2774000000.0,8639000000.0,-0.834,1.505,-30.862,-27.61,16842000000.0,0.0,71.51,1.919,1.716,9254000000.0,49423000000.0,56587000000.0,56587000000.0,2582000000.0,-0.022,-0.057,-0.026,-0.028,330000000.0,5540000000.0,1.0,1518716426.0,1357800000.0,1357800000.0,41.676,67329000000.0,0.0,575000000.0,0.0,49.587,7528000000.0
1,RTX,MRY,2019-12-31,2019-12-31,2019-12-31,2021-08-25,-10149000000.0,139615000000.0,138748500000.0,61577000000.0,78038000000.0,0.327,48.87,-1868000000.0,4937000000.0,4937000000.0,34598000000.0,5537000000.0,1.322,2.281,44345000000.0,5551000000.0,38794000000.0,44345000000.0,9014000000.0,2708000000.0,0.0,0.02,2.94,7549000000.0,10257000000.0,0.226,10257000000.0,7549000000.0,5958000000.0,6.48,6.41,6.48,41774000000.0,40683500000.0,41774000000.0,168651156454.0,22.0,16.443,7015000000.0,8.207,1.0,10751000000.0,0.237,61082000000.0,1591000000.0,71347000000.0,70659500000.0,9047000000.0,0.0,0.0,0.0,95289000000.0,46594000000.0,48695000000.0,129283156454.0,1208000000.0,125000000.0,-124000000.0,-1816000000.0,-2442000000.0,-4564000000.0,-3092000000.0,342000000.0,8883000000.0,-19000000.0,5537000000.0,5537000000.0,5537000000.0,-2027000000.0,0.0,0.122,6163000000.0,4588000000.0,7816000000.0,0.454,3.095,23.349,23.111,11574000000.0,0.0,149.76,2.851,2.823,8743000000.0,61594000000.0,45349000000.0,45349000000.0,2452000000.0,0.04,0.136,0.107,0.166,268000000.0,3711000000.0,1.0,863268940.0,854800000.0,863900000.0,53.052,78533000000.0,0.0,421000000.0,0.0,91.873,14983000000.0
2,RTX,MRY,2018-12-31,2018-12-31,2018-12-31,2021-08-25,-9333000000.0,134211000000.0,112374500000.0,35503000000.0,98708000000.0,0.309,48.033,-1467000000.0,6152000000.0,6152000000.0,27465000000.0,5269000000.0,1.132,2.432,45537000000.0,4345000000.0,41192000000.0,45537000000.0,0.0,1896000000.0,0.0,0.027,2.835,7399000000.0,9295000000.0,0.268,9295000000.0,7399000000.0,6367000000.0,6.58,6.5,6.58,38446000000.0,33112500000.0,38446000000.0,102227797722.0,14.0,10.998,4855000000.0,6.066,1.0,7236000000.0,0.209,74536000000.0,1032000000.0,67692000000.0,57342000000.0,10083000000.0,0.0,0.0,0.0,93492000000.0,31368000000.0,62124000000.0,85288797722.0,-2806000000.0,-14965000000.0,-289000000.0,10447000000.0,-2170000000.0,7965000000.0,-16973000000.0,140000000.0,6322000000.0,-120000000.0,5269000000.0,5269000000.0,5269000000.0,-4053000000.0,0.0,0.152,4742000000.0,2494000000.0,11080000000.0,0.431,2.218,16.187,16.182,12297000000.0,0.0,106.48,2.458,2.456,14271000000.0,57823000000.0,34701000000.0,34701000000.0,1878000000.0,0.047,0.159,0.129,0.213,169000000.0,2864000000.0,1.0,800984201.0,800400000.0,810100000.0,43.355,59675000000.0,1646000000.0,1098000000.0,0.0,74.556,4135000000.0
3,RTX,MRY,2017-12-31,2017-12-31,2017-12-31,2021-08-25,-7525000000.0,96920000000.0,94609500000.0,32858000000.0,64062000000.0,0.632,37.481,-2014000000.0,8985000000.0,8985000000.0,44201000000.0,4552000000.0,1.347,2.208,27485000000.0,2496000000.0,24989000000.0,27485000000.0,0.0,2140000000.0,0.0,0.021,2.72,8304000000.0,10444000000.0,0.175,10444000000.0,8304000000.0,7395000000.0,5.76,5.7,5.76,29610000000.0,28881750000.0,29610000000.0,120610564822.0,15.0,11.548,3617000000.0,4.578,1.0,15636000000.0,0.261,43793000000.0,909000000.0,47236000000.0,44728000000.0,9881000000.0,0.0,0.0,0.0,65368000000.0,24391000000.0,40977000000.0,101873564822.0,1829000000.0,435000000.0,-1422000000.0,3079000000.0,-2074000000.0,-993000000.0,-3019000000.0,-317000000.0,5631000000.0,210000000.0,4552000000.0,4552000000.0,4552000000.0,0.0,0.0,0.076,8856000000.0,6780000000.0,9579000000.0,0.472,3.441,22.38,22.148,10186000000.0,0.0,127.57,1.703,1.684,12595000000.0,55242000000.0,59837000000.0,59837000000.0,2427000000.0,0.048,0.158,0.186,0.139,192000000.0,6429000000.0,1.0,798569921.0,790000000.0,799100000.0,75.743,53127000000.0,1723000000.0,2843000000.0,0.0,67.249,8467000000.0
4,RTX,MRY,2016-12-31,2016-12-31,2016-12-31,2021-08-25,-8334000000.0,89706000000.0,89454750000.0,28550000000.0,61156000000.0,0.64,33.707,-1699000000.0,7157000000.0,7157000000.0,41471000000.0,5055000000.0,1.303,2.184,23901000000.0,2204000000.0,21697000000.0,23901000000.0,0.0,1962000000.0,0.0,0.024,2.62,7791000000.0,9753000000.0,0.17,9753000000.0,7791000000.0,6752000000.0,6.18,6.12,6.18,27579000000.0,28552250000.0,27579000000.0,105819731409.0,14.0,10.85,2181000000.0,2.666,1.0,15773000000.0,0.276,42743000000.0,1039000000.0,41801000000.0,40521750000.0,8704000000.0,0.0,0.0,0.0,60241000000.0,21906000000.0,38335000000.0,90261731409.0,69000000.0,-499000000.0,-2241000000.0,3686000000.0,-2069000000.0,-1188000000.0,-2503000000.0,249000000.0,3880000000.0,-120000000.0,5055000000.0,5055000000.0,5055000000.0,10000000.0,0.0,0.088,8334000000.0,7439000000.0,7483000000.0,0.424,3.273,17.856,17.738,9158000000.0,0.0,109.62,1.577,1.567,11481000000.0,52873000000.0,57244000000.0,57244000000.0,2376000000.0,0.057,0.177,0.192,0.136,152000000.0,5958000000.0,1.0,823405687.0,818200000.0,826100000.0,69.963,46963000000.0,1809000000.0,1697000000.0,0.0,57.398,6644000000.0
5,RTX,MRY,2015-12-31,2015-12-31,2015-12-31,2021-08-25,-7619000000.0,87484000000.0,90929750000.0,26706000000.0,60778000000.0,0.617,31.349,-1652000000.0,7075000000.0,7075000000.0,40431000000.0,7608000000.0,1.181,2.139,20425000000.0,1105000000.0,19320000000.0,20425000000.0,0.0,1863000000.0,0.0,0.027,2.56,10543000000.0,12406000000.0,0.221,12406000000.0,10543000000.0,9719000000.0,8.72,8.61,8.72,27358000000.0,29227500000.0,27358000000.0,102406101418.0,10.0,8.255,4731000000.0,5.421,1.0,15667000000.0,0.279,42904000000.0,824000000.0,35312000000.0,39779750000.0,8135000000.0,0.0,0.0,0.0,58518000000.0,22618000000.0,35900000000.0,85216101418.0,1630000000.0,-338000000.0,-8859000000.0,775000000.0,-2184000000.0,-10785000000.0,6206000000.0,0.0,6383000000.0,-174000000.0,7608000000.0,7608000000.0,7608000000.0,-3612000000.0,0.0,0.136,8165000000.0,7502000000.0,6875000000.0,0.294,3.115,11.201,11.017,8732000000.0,0.0,96.07,1.519,1.495,10653000000.0,49956000000.0,56098000000.0,56098000000.0,2279000000.0,0.084,0.26,0.265,0.188,158000000.0,5886000000.0,1.0,887020937.0,872700000.0,883200000.0,64.281,44580000000.0,1961000000.0,2111000000.0,0.0,51.083,4088000000.0
6,RTX,MRY,2014-12-31,2014-12-31,2014-12-31,2021-08-25,-6661000000.0,91206000000.0,91587750000.0,31483000000.0,59723000000.0,0.632,34.747,-1594000000.0,5229000000.0,5229000000.0,40898000000.0,6220000000.0,1.341,1.874,19701000000.0,1917000000.0,17784000000.0,19701000000.0,0.0,1820000000.0,0.0,0.021,2.36,9345000000.0,11165000000.0,0.193,11165000000.0,9345000000.0,8464000000.0,6.92,6.82,6.92,31213000000.0,32841000000.0,31213000000.0,119803707375.0,13.0,10.73,5727000000.0,6.375,1.0,17002000000.0,0.294,42976000000.0,881000000.0,39227000000.0,39288000000.0,7642000000.0,0.0,0.0,0.0,58502000000.0,23475000000.0,35027000000.0,104840707375.0,824000000.0,-58000000.0,-1313000000.0,-552000000.0,-2048000000.0,-4261000000.0,-2080000000.0,93000000.0,7321000000.0,-156000000.0,6220000000.0,6220000000.0,6220000000.0,-154000000.0,0.0,0.107,8647000000.0,8355000000.0,6250000000.0,0.341,3.359,16.855,16.618,8592000000.0,0.0,115.0,1.811,1.784,10448000000.0,44611000000.0,57900000000.0,57900000000.0,2475000000.0,0.068,0.189,0.238,0.161,219000000.0,6172000000.0,1.0,911658325.0,898300000.0,911600000.0,64.455,48230000000.0,3414000000.0,2244000000.0,0.0,53.69,8008000000.0
7,RTX,MRY,2013-12-31,2013-12-31,2013-12-31,2021-08-25,-2880000000.0,90594000000.0,89544250000.0,29442000000.0,61152000000.0,0.632,35.367,-1569000000.0,4619000000.0,4619000000.0,40468000000.0,5721000000.0,1.291,1.797,20241000000.0,500000000.0,19741000000.0,20241000000.0,0.0,1735000000.0,0.0,0.019,2.195,8615000000.0,10350000000.0,0.183,10350000000.0,8615000000.0,7720000000.0,6.35,6.25,6.35,31866000000.0,28406000000.0,31866000000.0,120987827617.0,14.0,11.69,5308000000.0,5.891,1.0,16132000000.0,0.285,43689000000.0,895000000.0,39727000000.0,40016750000.0,10330000000.0,0.0,0.0,0.0,57264000000.0,22800000000.0,34464000000.0,104420827617.0,-217000000.0,1409000000.0,-822000000.0,-2888000000.0,-1908000000.0,-5940000000.0,-1113000000.0,-323000000.0,6877000000.0,-41000000.0,5721000000.0,5721000000.0,5721000000.0,-456000000.0,0.0,0.101,8706000000.0,7426000000.0,6965000000.0,0.346,3.277,18.252,17.921,8866000000.0,0.0,113.8,1.845,1.812,11458000000.0,40539000000.0,56600000000.0,56600000000.0,2342000000.0,0.064,0.201,0.215,0.152,250000000.0,6364000000.0,1.0,917581965.0,901000000.0,915100000.0,62.819,46905000000.0,3200000000.0,1999000000.0,0.0,52.059,6642000000.0
8,RTX,MRY,2012-12-31,2012-12-31,2012-12-31,2021-08-25,-5448000000.0,89409000000.0,79433000000.0,29610000000.0,59799000000.0,0.726,28.948,-1389000000.0,4819000000.0,4819000000.0,42153000000.0,5130000000.0,1.245,2.396,23221000000.0,1624000000.0,21597000000.0,23221000000.0,0.0,1524000000.0,0.0,0.025,2.03,7614000000.0,9138000000.0,0.158,9138000000.0,7614000000.0,6841000000.0,5.73,5.66,5.73,25914000000.0,23991250000.0,25914000000.0,97623816741.0,13.0,10.683,5257000000.0,5.872,1.0,15555000000.0,0.27,42990000000.0,773000000.0,41035000000.0,37766000000.0,9537000000.0,0.0,0.0,0.0,62102000000.0,23786000000.0,38316000000.0,75165816741.0,-1124000000.0,-15601000000.0,0.0,9843000000.0,-1752000000.0,8021000000.0,-15821000000.0,0.0,6646000000.0,30000000.0,5130000000.0,5130000000.0,5130000000.0,-283000000.0,0.0,0.089,8823000000.0,6732000000.0,6431000000.0,0.354,2.901,14.652,14.312,8518000000.0,0.0,82.01,1.303,1.272,11099000000.0,36776000000.0,57708000000.0,57708000000.0,2371000000.0,0.065,0.214,0.202,0.132,210000000.0,6452000000.0,1.0,916544528.0,895200000.0,906600000.0,64.464,46419000000.0,3210000000.0,1711000000.0,0.0,51.853,5824000000.0
9,RTX,MRY,2011-12-31,2011-12-31,2011-12-31,2021-08-25,-5490000000.0,61452000000.0,61552750000.0,25758000000.0,35694000000.0,0.906,24.521,-929000000.0,5960000000.0,5960000000.0,40369000000.0,4979000000.0,1.384,1.749,10260000000.0,759000000.0,9501000000.0,10260000000.0,0.0,1263000000.0,0.0,0.026,1.865,7609000000.0,8872000000.0,0.159,8872000000.0,7609000000.0,7113000000.0,5.58,5.49,5.58,21880000000.0,22329750000.0,21880000000.0,71623947727.0,9.0,8.073,5661000000.0,6.344,1.0,15385000000.0,0.276,21861000000.0,496000000.0,25275000000.0,25380250000.0,7797000000.0,0.0,0.0,0.0,38274000000.0,18616000000.0,19658000000.0,66225947727.0,1877000000.0,137000000.0,-2175000000.0,5000000.0,-1602000000.0,-4005000000.0,-707000000.0,0.0,6590000000.0,-1000000.0,4979000000.0,4979000000.0,4979000000.0,-148000000.0,0.0,0.089,8112000000.0,7273000000.0,5570000000.0,0.334,3.027,13.301,13.099,6201000000.0,0.0,73.09,1.188,1.17,9546000000.0,33487000000.0,55754000000.0,55754000000.0,1951000000.0,0.081,0.223,0.3,0.136,221000000.0,6161000000.0,1.0,906087669.0,892300000.0,906800000.0,62.483,39591000000.0,4049000000.0,2134000000.0,0.0,44.37,7142000000.0
10,RTX,MRY,2010-12-31,2010-12-31,2010-12-31,2021-08-25,-3769000000.0,58493000000.0,58968250000.0,23510000000.0,34983000000.0,0.886,23.554,-838000000.0,4083000000.0,4083000000.0,37954000000.0,4711000000.0,1.326,1.676,10289000000.0,279000000.0,10010000000.0,10289000000.0,0.0,1300000000.0,0.0,0.022,1.7,6748000000.0,8048000000.0,0.154,8048000000.0,6748000000.0,6098000000.0,4.82,4.74,4.82,21385000000.0,20634000000.0,21385000000.0,79261606440.0,12.0,9.849,5068000000.0,5.582,1.0,14321000000.0,0.274,21781000000.0,650000000.0,25186000000.0,25724000000.0,7766000000.0,0.0,0.0,0.0,35844000000.0,17732000000.0,18112000000.0,72690606440.0,-366000000.0,-2537000000.0,-2200000000.0,470000000.0,-1482000000.0,-3153000000.0,-3187000000.0,0.0,5906000000.0,68000000.0,4373000000.0,4373000000.0,4373000000.0,0.0,338000000.0,0.084,7454000000.0,6867000000.0,5206000000.0,0.353,3.399,16.623,16.332,6280000000.0,0.0,78.72,1.391,1.367,8925000000.0,30191000000.0,52275000000.0,52275000000.0,1656000000.0,0.074,0.212,0.262,0.129,148000000.0,5798000000.0,1.0,923407094.0,907900000.0,922700000.0,57.578,36712000000.0,3593000000.0,1725000000.0,0.0,40.436,5778000000.0
11,RTX,MRY,2009-12-31,2009-12-31,2009-12-31,2021-08-25,-3487000000.0,55762000000.0,56170500000.0,23194000000.0,32568000000.0,0.933,21.873,-826000000.0,4449000000.0,4449000000.0,38861000000.0,4179000000.0,1.295,1.713,9744000000.0,1487000000.0,8257000000.0,9744000000.0,0.0,1258000000.0,0.0,0.022,1.54,6027000000.0,7285000000.0,0.139,7285000000.0,6027000000.0,5410000000.0,4.17,4.12,4.17,20066000000.0,17936750000.0,20066000000.0,70874610934.0,12.0,9.729,4527000000.0,4.935,1.0,13564000000.0,0.259,19836000000.0,617000000.0,23308000000.0,25041000000.0,7509000000.0,0.0,0.0,0.0,34374000000.0,17913000000.0,16461000000.0,65074610934.0,122000000.0,-545000000.0,-1100000000.0,-1737000000.0,-1356000000.0,-4191000000.0,-1104000000.0,0.0,5353000000.0,64000000.0,3829000000.0,3829000000.0,3829000000.0,0.0,350000000.0,0.073,7594000000.0,5970000000.0,4634000000.0,0.369,3.243,16.995,16.645,6364000000.0,0.0,69.41,1.241,1.215,8469000000.0,27396000000.0,52425000000.0,52425000000.0,1558000000.0,0.068,0.213,0.241,0.115,153000000.0,6036000000.0,1.0,937539417.0,917400000.0,928800000.0,57.145,35926000000.0,3791000000.0,1581000000.0,0.0,39.161,5281000000.0
12,RTX,MRY,2008-12-31,2008-12-31,2008-12-31,2021-08-25,-5934000000.0,56837000000.0,57296500000.0,24467000000.0,32370000000.0,1.032,16.808,-1216000000.0,4327000000.0,4327000000.0,43637000000.0,5053000000.0,1.236,2.532,11476000000.0,2139000000.0,9337000000.0,11476000000.0,0.0,1321000000.0,0.0,0.025,1.345,7145000000.0,8466000000.0,0.143,8466000000.0,7145000000.0,6572000000.0,5.0,4.9,5.0,15763000000.0,20086000000.0,15763000000.0,57710020226.0,8.0,6.817,4945000000.0,5.273,1.0,15482000000.0,0.262,18806000000.0,573000000.0,25378000000.0,24595500000.0,8340000000.0,0.0,0.0,0.0,39911000000.0,19802000000.0,20109000000.0,50953020226.0,1423000000.0,-915000000.0,-3160000000.0,2291000000.0,-1210000000.0,-2238000000.0,-2336000000.0,0.0,6161000000.0,-164000000.0,4689000000.0,4689000000.0,4689000000.0,0.0,364000000.0,0.079,7973000000.0,7509000000.0,5594000000.0,0.269,3.232,10.867,10.72,6348000000.0,0.0,53.6,0.862,0.85,9480000000.0,25034000000.0,59119000000.0,59119000000.0,1771000000.0,0.082,0.233,0.291,0.121,211000000.0,6724000000.0,1.0,950616049.0,937800000.0,956400000.0,63.04,38031000000.0,5184000000.0,1883000000.0,0.0,40.553,4665000000.0
13,RTX,MRY,2007-12-31,2007-12-31,2007-12-31,2021-08-25,584000000.0,54575000000.0,51803000000.0,22071000000.0,32504000000.0,1.076,22.152,-1153000000.0,2904000000.0,2904000000.0,40879000000.0,4548000000.0,1.263,1.513,9148000000.0,1133000000.0,8015000000.0,9148000000.0,0.0,1173000000.0,0.0,0.015,1.17,6726000000.0,7899000000.0,0.142,7899000000.0,6726000000.0,6060000000.0,4.38,4.27,4.38,21355000000.0,19733500000.0,21355000000.0,82177410127.0,12.0,10.404,4177000000.0,4.333,1.0,14837000000.0,0.266,19877000000.0,666000000.0,23473000000.0,21749000000.0,8101000000.0,0.0,0.0,0.0,32308000000.0,17469000000.0,14839000000.0,75660410127.0,358000000.0,-1739000000.0,-2001000000.0,893000000.0,-1080000000.0,-1955000000.0,-3182000000.0,0.0,5330000000.0,165000000.0,4224000000.0,4224000000.0,4224000000.0,0.0,324000000.0,0.076,7787000000.0,7050000000.0,5059000000.0,0.267,3.543,17.912,17.475,6296000000.0,0.0,76.54,1.358,1.324,8844000000.0,21751000000.0,55716000000.0,55716000000.0,1678000000.0,0.082,0.214,0.309,0.121,198000000.0,6109000000.0,1.0,988508102.0,964000000.0,989000000.0,57.797,34698000000.0,2393000000.0,1836000000.0,0.0,35.994,4602000000.0
14,RTX,MRY,2006-12-31,2006-12-31,2006-12-31,2021-08-25,-1439000000.0,47141000000.0,48233500000.0,18844000000.0,28297000000.0,0.992,17.234,-954000000.0,2546000000.0,2546000000.0,34740000000.0,3732000000.0,1.239,1.677,7931000000.0,894000000.0,7037000000.0,7931000000.0,0.0,1033000000.0,0.0,0.016,1.015,5832000000.0,6865000000.0,0.144,6865000000.0,5832000000.0,5226000000.0,3.81,3.71,3.81,17297000000.0,18009000000.0,17297000000.0,68125252392.0,12.0,9.924,3849000000.0,3.835,1.0,13089000000.0,0.274,17362000000.0,606000000.0,19956000000.0,21461250000.0,6657000000.0,0.0,0.0,0.0,29008000000.0,15208000000.0,13800000000.0,62748252392.0,299000000.0,-460000000.0,-2068000000.0,-533000000.0,-951000000.0,-3342000000.0,-1261000000.0,0.0,4803000000.0,99000000.0,3732000000.0,3732000000.0,3732000000.0,0.0,0.0,0.078,6991000000.0,6098000000.0,4263000000.0,0.266,3.628,16.814,16.409,5725000000.0,0.0,62.52,1.312,1.312,7679000000.0,18754000000.0,47829000000.0,47829000000.0,1529000000.0,0.077,0.207,0.272,0.122,180000000.0,5462000000.0,1.0,1003650870.0,1003650870.0,,47.655,29779000000.0,2951000000.0,1494000000.0,0.0,29.671,3636000000.0
15,RTX,MRY,2005-12-31,2005-12-31,2005-12-31,2021-08-25,-194000000.0,45925000000.0,44329750000.0,17206000000.0,28719000000.0,0.964,16.68,-929000000.0,2247000000.0,2247000000.0,30935000000.0,3069000000.0,1.121,1.657,8240000000.0,2305000000.0,5935000000.0,8240000000.0,0.0,984000000.0,0.0,0.016,0.88,4820000000.0,5804000000.0,0.136,5804000000.0,4820000000.0,4322000000.0,3.1,3.03,3.1,16991000000.0,15677250000.0,16991000000.0,62662862673.0,13.0,10.796,3405000000.0,3.343,1.0,11790000000.0,0.276,16066000000.0,498000000.0,20507000000.0,20211000000.0,5659000000.0,0.0,0.0,0.0,28156000000.0,15345000000.0,12811000000.0,56952862673.0,-18000000.0,-3755000000.0,-1181000000.0,2106000000.0,-832000000.0,335000000.0,-4649000000.0,0.0,4334000000.0,-38000000.0,3069000000.0,3069000000.0,3069000000.0,0.0,0.0,0.072,6608000000.0,5182000000.0,3820000000.0,0.284,3.352,18.557,18.035,5623000000.0,0.0,55.91,1.333,1.333,7240000000.0,16051000000.0,42725000000.0,42725000000.0,1367000000.0,0.069,0.196,0.238,0.113,153000000.0,5241000000.0,1.0,1018652525.0,1018652525.0,,41.943,29859000000.0,2146000000.0,1253000000.0,0.0,29.312,1861000000.0
16,RTX,MRY,2004-12-31,2004-12-31,2004-12-31,2021-08-25,-1152000000.0,40441000000.0,37673000000.0,15670000000.0,24771000000.0,0.994,13.958,-795000000.0,2265000000.0,2265000000.0,27242000000.0,2673000000.0,1.197,1.771,5591000000.0,1360000000.0,4231000000.0,5591000000.0,0.0,978000000.0,0.0,0.014,0.7,4067000000.0,5045000000.0,0.135,5045000000.0,4067000000.0,3704000000.0,2.69,2.64,2.69,14266000000.0,12967250000.0,14266000000.0,55535310793.0,14.0,11.008,2801000000.0,2.74,1.0,10203000000.0,0.272,12127000000.0,363000000.0,18545000000.0,18656000000.0,5078000000.0,0.0,0.0,0.0,25265000000.0,13095000000.0,12170000000.0,52816310793.0,642000000.0,-1048000000.0,-992000000.0,42000000.0,-660000000.0,-1299000000.0,-1762000000.0,0.0,3596000000.0,107000000.0,2673000000.0,2673000000.0,2673000000.0,0.0,0.0,0.071,5902000000.0,4301000000.0,3490000000.0,0.26,3.702,19.759,19.21,5231000000.0,0.0,51.675,1.411,1.411,6315000000.0,13880000000.0,37445000000.0,37445000000.0,1267000000.0,0.071,0.206,0.218,0.109,169000000.0,4635000000.0,1.0,1022086324.0,1022086324.0,,36.636,28314000000.0,2823000000.0,1031000000.0,0.0,27.702,2575000000.0
17,RTX,MRY,2003-12-31,2003-12-31,2003-12-31,2021-08-25,-1799000000.0,35274000000.0,32490500000.0,12990000000.0,22284000000.0,0.955,12.439,-530000000.0,1623000000.0,1623000000.0,22531000000.0,2236000000.0,1.189,2.013,5301000000.0,1044000000.0,4257000000.0,5301000000.0,0.0,799000000.0,0.0,0.012,0.568,3479000000.0,4278000000.0,0.138,4278000000.0,3479000000.0,3104000000.0,2.33,2.22,2.33,11707000000.0,10008000000.0,11707000000.0,48629906851.0,14.0,11.367,2297000000.0,2.441,1.0,8503000000.0,0.274,11224000000.0,375000000.0,16807000000.0,17798250000.0,4420000000.0,0.0,0.0,0.0,23567000000.0,10921000000.0,12646000000.0,44594906851.0,-457000000.0,-1082000000.0,-401000000.0,-806000000.0,-533000000.0,-1648000000.0,-1761000000.0,0.0,2827000000.0,125000000.0,2236000000.0,2236000000.0,2236000000.0,0.0,0.0,0.072,4856000000.0,3647000000.0,2612000000.0,0.244,3.809,19.944,20.337,5080000000.0,0.0,47.385,1.437,1.437,5187000000.0,12527000000.0,31034000000.0,31034000000.0,1040000000.0,0.069,0.223,0.195,0.112,198000000.0,3816000000.0,1.0,941118642.0,941118642.0,,32.976,24050000000.0,2655000000.0,868000000.0,0.0,25.555,2069000000.0
18,RTX,MRY,2002-12-31,2002-12-31,2002-12-31,2021-08-25,-2977000000.0,29194000000.0,28268750000.0,11835000000.0,17359000000.0,0.998,8.82,-586000000.0,2080000000.0,2080000000.0,20161000000.0,2236000000.0,1.52,2.494,4873000000.0,241000000.0,4632000000.0,4873000000.0,0.0,727000000.0,0.0,0.016,0.49,3504000000.0,4231000000.0,0.15,4231000000.0,3504000000.0,3123000000.0,2.335,2.21,2.335,8355000000.0,8960000000.0,8355000000.0,32054795172.0,9.0,7.576,2267000000.0,2.393,1.0,8051000000.0,0.285,6981000000.0,381000000.0,17221000000.0,16054250000.0,3803000000.0,0.0,0.0,0.0,20839000000.0,7785000000.0,13054000000.0,29338795172.0,522000000.0,-376000000.0,-700000000.0,-88000000.0,-462000000.0,-1251000000.0,-1088000000.0,0.0,2853000000.0,8000000.0,2236000000.0,2236000000.0,2236000000.0,0.0,0.0,0.079,4394000000.0,3657000000.0,2095000000.0,0.21,3.512,13.121,13.263,4587000000.0,0.0,30.97,1.04,1.04,4277000000.0,10836000000.0,28212000000.0,28212000000.0,1191000000.0,0.079,0.25,0.218,0.124,0.0,3203000000.0,1.0,947329518.0,947329518.0,,29.781,22213000000.0,3109000000.0,887000000.0,0.0,23.448,4050000000.0
19,RTX,MRY,2001-12-31,2001-12-31,2001-12-31,2021-08-25,-1466000000.0,27010000000.0,26332500000.0,11304000000.0,15706000000.0,1.059,8.931,-793000000.0,1558000000.0,1558000000.0,20087000000.0,1938000000.0,1.344,2.227,4959000000.0,722000000.0,4237000000.0,4959000000.0,0.0,905000000.0,0.0,0.014,0.45,3119000000.0,4024000000.0,0.144,4024000000.0,3119000000.0,2693000000.0,2.03,1.915,2.03,8369000000.0,8172000000.0,8369000000.0,34157694183.0,11.0,8.488,2183000000.0,2.33,1.0,7810000000.0,0.28,6802000000.0,426000000.0,15197000000.0,14364000000.0,3966000000.0,0.0,0.0,0.0,18641000000.0,8412000000.0,10229000000.0,30281694183.0,810000000.0,-422000000.0,-599000000.0,85000000.0,-423000000.0,-860000000.0,-1277000000.0,0.0,2976000000.0,-29000000.0,1938000000.0,1938000000.0,1938000000.0,0.0,0.0,0.069,4577000000.0,3233000000.0,2156000000.0,0.222,3.618,15.625,15.919,4549000000.0,0.0,32.315,1.085,1.085,4141000000.0,9149000000.0,27897000000.0,27897000000.0,1254000000.0,0.074,0.237,0.217,0.112,0.0,3323000000.0,1.0,937078576.0,937078576.0,,29.77,20208000000.0,2583000000.0,755000000.0,0.0,21.565,2892000000.0
20,RTX,MRY,2000-12-31,2000-12-31,2000-12-31,2021-08-25,-791000000.0,25364000000.0,24509500000.0,10662000000.0,14702000000.0,1.085,8.18,-937000000.0,748000000.0,748000000.0,18970000000.0,1808000000.0,1.141,2.31,4811000000.0,1335000000.0,3476000000.0,4811000000.0,0.0,859000000.0,0.0,0.01,0.412,3043000000.0,3902000000.0,0.147,3902000000.0,3043000000.0,2661000000.0,1.89,1.775,1.89,7662000000.0,7313500000.0,7662000000.0,40251098678.0,13.0,10.316,1694000000.0,1.808,1.0,7613000000.0,0.286,6771000000.0,382000000.0,13312000000.0,13061250000.0,3756000000.0,0.0,0.0,0.0,17702000000.0,9344000000.0,8358000000.0,36827098678.0,-209000000.0,-1168000000.0,-800000000.0,360000000.0,-387000000.0,-710000000.0,-2101000000.0,0.0,2631000000.0,-29000000.0,1808000000.0,1808000000.0,1808000000.0,0.0,0.0,0.068,4473000000.0,3140000000.0,2261000000.0,0.218,4.806,20.369,20.802,4487000000.0,0.0,39.315,1.385,1.385,4445000000.0,7743000000.0,26583000000.0,26583000000.0,1302000000.0,0.074,0.247,0.233,0.114,0.0,3171000000.0,1.0,936718776.0,936718776.0,,28.379,18593000000.0,2504000000.0,853000000.0,0.0,19.849,1318000000.0
21,RTX,MRY,1999-12-31,1999-12-31,1999-12-31,2021-08-25,-391000000.0,24366000000.0,21846250000.0,10627000000.0,13739000000.0,1.104,7.433,-762000000.0,957000000.0,957000000.0,18185000000.0,1531000000.0,1.153,2.424,4321000000.0,1235000000.0,3086000000.0,4321000000.0,0.0,819000000.0,0.0,0.012,0.38,2116000000.0,2935000000.0,0.122,2935000000.0,2116000000.0,1856000000.0,1.61,1.505,1.61,7117000000.0,6508750000.0,7117000000.0,33525158695.0,16.0,11.423,1548000000.0,1.617,1.0,5942000000.0,0.246,5641000000.0,260000000.0,12874000000.0,11665000000.0,3504000000.0,0.0,0.0,0.0,17249000000.0,9215000000.0,8034000000.0,31118158695.0,407000000.0,-3504000000.0,-822000000.0,1355000000.0,-353000000.0,375000000.0,-4411000000.0,0.0,2310000000.0,-26000000.0,1531000000.0,1531000000.0,1531000000.0,-40000000.0,0.0,0.063,4425000000.0,1517000000.0,1957000000.0,0.236,4.372,20.325,20.186,4460000000.0,0.0,32.5,1.29,1.29,4337000000.0,6463000000.0,24127000000.0,24127000000.0,1292000000.0,0.07,0.235,0.181,0.088,0.0,3133000000.0,1.0,957481806.0,957481806.0,,25.198,18725000000.0,2436000000.0,325000000.0,126000000.0,19.557,1412000000.0
22,RTX,MRY,1998-12-31,1998-12-31,1998-12-31,2021-08-25,-624000000.0,17768000000.0,17713500000.0,9828000000.0,7940000000.0,1.288,4.847,-673000000.0,550000000.0,550000000.0,16897000000.0,1255000000.0,1.368,3.058,2173000000.0,603000000.0,1570000000.0,2173000000.0,0.0,730000000.0,0.0,0.013,0.348,2020000000.0,2750000000.0,0.121,2750000000.0,2020000000.0,1823000000.0,1.34,1.265,1.34,4378000000.0,4320500000.0,4378000000.0,26011953664.0,13.0,9.459,1641000000.0,1.817,1.0,5912000000.0,0.259,1417000000.0,197000000.0,10792000000.0,10452500000.0,3191000000.0,1287000000.0,1287000000.0,0.0,13390000000.0,7182000000.0,6208000000.0,24569953664.0,-105000000.0,-1228000000.0,-650000000.0,549000000.0,-316000000.0,-335000000.0,-2071000000.0,0.0,2314000000.0,-4000000.0,1255000000.0,1255000000.0,1255000000.0,-98000000.0,0.0,0.055,3905000000.0,2007000000.0,1860000000.0,0.26,5.612,19.578,20.299,3555000000.0,0.0,27.2,1.077,1.077,3417000000.0,5411000000.0,22809000000.0,22809000000.0,1168000000.0,0.071,0.29,0.193,0.089,0.0,2737000000.0,1.0,903307120.0,903307120.0,,25.251,16351000000.0,2315000000.0,568000000.0,143000000.0,18.101,2646000000.0
23,RTX,MRY,1997-12-31,1997-12-31,1997-12-31,2021-08-25,-501000000.0,16440000000.0,16592500000.0,9018000000.0,7422000000.0,1.283,4.443,-658000000.0,655000000.0,655000000.0,15846000000.0,1072000000.0,1.268,3.036,1587000000.0,312000000.0,1275000000.0,1587000000.0,0.0,707000000.0,0.0,0.017,0.31,1774000000.0,2481000000.0,0.117,2481000000.0,1774000000.0,1586000000.0,1.11,1.05,1.11,4073000000.0,4189500000.0,4073000000.0,,,,1245000000.0,1.358,1.0,5442000000.0,0.256,982000000.0,188000000.0,9277000000.0,9733500000.0,3113000000.0,0.0,0.0,0.0,12367000000.0,7113000000.0,5254000000.0,16687203254.0,-343000000.0,-511000000.0,-849000000.0,-105000000.0,-291000000.0,-1197000000.0,-1005000000.0,0.0,1903000000.0,-46000000.0,1072000000.0,1072000000.0,1072000000.0,-110000000.0,0.0,0.05,3680000000.0,1762000000.0,1889000000.0,0.279,4.097,15.566,16.399,4127000000.0,0.0,18.203,0.784,0.784,3742000000.0,4558000000.0,21288000000.0,21288000000.0,1069000000.0,0.065,0.256,0.182,0.083,0.0,2611000000.0,1.0,916753372.0,916753372.0,,23.221,15458000000.0,2061000000.0,514000000.0,133000000.0,16.862,1905000000.0
24,RTX,MRY,1996-12-31,1996-12-31,1996-12-31,2021-08-25,-262000000.0,16745000000.0,,9611000000.0,7134000000.0,,,-770000000.0,1127000000.0,1127000000.0,17415000000.0,906000000.0,1.332,2.889,1785000000.0,348000000.0,1437000000.0,1785000000.0,0.0,841000000.0,0.0,0.017,0.275,1617000000.0,2458000000.0,0.107,2458000000.0,1617000000.0,1400000000.0,0.907,0.87,0.907,4306000000.0,,4306000000.0,,,,1309000000.0,,1.0,5636000000.0,0.245,0.0,217000000.0,10190000000.0,,3342000000.0,0.0,0.0,0.0,12439000000.0,7213000000.0,5226000000.0,,259000000.0,-140000000.0,-459000000.0,-341000000.0,-265000000.0,-1030000000.0,-779000000.0,0.0,2079000000.0,-11000000.0,906000000.0,906000000.0,906000000.0,0.0,0.0,0.039,3918000000.0,1718000000.0,2186000000.0,0.303,,,18.261,4371000000.0,0.0,16.562,,,3717000000.0,3849000000.0,23051000000.0,23051000000.0,1122000000.0,,,,0.07,0.0,2796000000.0,1.0,,,,,16745000000.0,1561000000.0,494000000.0,155000000.0,,2398000000.0
25,RTX,MRY,1995-12-31,1995-12-31,1995-12-31,2021-08-25,,,,,,,,-780000000.0,,,17600000000.0,750000000.0,,,,,,,,844000000.0,,0.022,0.256,1458000000.0,2302000000.0,0.101,2302000000.0,1458000000.0,1214000000.0,0.735,0.718,0.735,,,,,,,1264000000.0,,1.0,5202000000.0,0.228,,244000000.0,,,,,,,,,,,514000000.0,-101000000.0,-221000000.0,-391000000.0,-252000000.0,-874000000.0,-654000000.0,0.0,2044000000.0,-2000000.0,750000000.0,750000000.0,750000000.0,0.0,0.0,0.033,3614000000.0,1588000000.0,,0.348,,,16.136,,0.0,11.86,,,,,22802000000.0,22802000000.0,963000000.0,,,,0.064,0.0,2651000000.0,1.0,,,,,,,464000000.0,,,
0,RTX,MRQ,2021-06-30,2021-06-30,2021-06-30,2021-08-25,-3555000000.0,158838000000.0,,40879000000.0,117959000000.0,,46.938,-360000000.0,8051000000.0,8051000000.0,12655000000.0,1032000000.0,1.175,1.211,33045000000.0,1566000000.0,31479000000.0,33045000000.0,12591000000.0,1132000000.0,0.0,0.023,0.51,1716000000.0,2848000000.0,0.179,2848000000.0,1716000000.0,1374000000.0,0.69,0.68,0.69,71115000000.0,,71115000000.0,153763316810.0,36.0,17.465,947000000.0,0.625,1.0,3225000000.0,0.203,93917000000.0,342000000.0,55121000000.0,,9548000000.0,0.0,0.0,0.0,86087000000.0,34794000000.0,51293000000.0,129252316810.0,-536000000.0,25000000.0,-631000000.0,-59000000.0,-756000000.0,-1556000000.0,-343000000.0,1000000.0,1307000000.0,56000000.0,1032000000.0,1032000000.0,1032000000.0,8000000.0,0.0,0.065,2025000000.0,1200000000.0,8043000000.0,0.739,1.818,59.181,54.686,16565000000.0,0.0,85.31,2.075,2.075,8912000000.0,48954000000.0,15880000000.0,15880000000.0,657000000.0,,,,,143000000.0,1368000000.0,1.0,1515089870.0,1515089870.0,,10.481,64921000000.0,0.0,342000000.0,0.0,42.85,6085000000.0
1,RTX,MRQ,2021-03-31,2021-03-31,2021-03-31,2021-08-25,-3921000000.0,160608000000.0,,42552000000.0,118056000000.0,,47.194,-387000000.0,8579000000.0,8579000000.0,12537000000.0,753000000.0,1.17,1.217,33090000000.0,1603000000.0,31487000000.0,33090000000.0,12879000000.0,1123000000.0,0.0,0.025,0.475,1444000000.0,2567000000.0,0.168,2567000000.0,1444000000.0,1098000000.0,0.5,0.5,0.5,71710000000.0,,71710000000.0,141947075414.0,-139.0,40.223,331000000.0,0.218,1.0,2714000000.0,0.178,94264000000.0,346000000.0,54496000000.0,,9498000000.0,0.0,0.0,0.0,87266000000.0,36359000000.0,50907000000.0,117410075414.0,-216000000.0,1043000000.0,-374000000.0,-299000000.0,-705000000.0,-1539000000.0,582000000.0,49000000.0,718000000.0,23000000.0,753000000.0,753000000.0,753000000.0,19000000.0,0.0,0.049,1809000000.0,905000000.0,9182000000.0,0.95,1.637,-43.761,-45.994,16655000000.0,0.0,77.27,1.941,1.941,10037000000.0,49460000000.0,15251000000.0,15251000000.0,589000000.0,,,,,84000000.0,1220000000.0,1.0,1519478134.0,1519478134.0,,10.037,66344000000.0,0.0,345000000.0,0.0,43.662,6193000000.0
2,RTX,MRQ,2020-12-31,2020-12-31,2020-12-31,2021-08-25,-3734000000.0,162153000000.0,,43376000000.0,118777000000.0,,53.147,-623000000.0,8802000000.0,8802000000.0,14266000000.0,135000000.0,1.21,1.223,33339000000.0,797000000.0,32542000000.0,33339000000.0,12889000000.0,1153000000.0,0.0,0.03,0.475,306000000.0,1459000000.0,0.089,1459000000.0,306000000.0,-43000000.0,0.2,0.2,0.2,72163000000.0,,72163000000.0,133034411623.0,-84.0,51.604,712000000.0,0.524,1.0,2153000000.0,0.131,94824000000.0,349000000.0,56018000000.0,,9411000000.0,0.0,0.0,0.0,88269000000.0,35848000000.0,52421000000.0,108603411623.0,-1200000000.0,-438000000.0,9000000.0,-1006000000.0,-706000000.0,-1769000000.0,-809000000.0,-32000000.0,1335000000.0,43000000.0,135000000.0,135000000.0,135000000.0,11000000.0,0.0,0.008,2061000000.0,92000000.0,8639000000.0,2.375,1.505,-30.862,-27.61,16842000000.0,0.0,71.51,1.919,1.716,9254000000.0,49423000000.0,16419000000.0,16419000000.0,710000000.0,,,,,77000000.0,1351000000.0,1.0,1518716426.0,1357800000.0,,12.092,67329000000.0,0.0,-178000000.0,0.0,49.587,7528000000.0
3,RTX,MRQ,2020-09-30,2020-09-30,2020-09-30,2021-08-25,-8012000000.0,162399000000.0,,43511000000.0,118888000000.0,,44.761,-389000000.0,10001000000.0,10001000000.0,13004000000.0,264000000.0,1.224,1.35,34432000000.0,1535000000.0,32897000000.0,34432000000.0,12208000000.0,1164000000.0,0.0,0.042,0.475,766000000.0,1930000000.0,0.131,1930000000.0,766000000.0,416000000.0,0.17,0.17,0.17,68379000000.0,,68379000000.0,115399282395.0,-314.0,34.748,1201000000.0,0.786,1.0,1743000000.0,0.118,95088000000.0,350000000.0,56180000000.0,,9843000000.0,0.0,0.0,0.0,92289000000.0,35562000000.0,56727000000.0,87901282395.0,3015000000.0,2341000000.0,-4000000.0,-14000000.0,-688000000.0,-692000000.0,2096000000.0,0.0,1590000000.0,-55000000.0,264000000.0,264000000.0,264000000.0,-113000000.0,0.0,0.018,2043000000.0,-300000000.0,8143000000.0,2.794,1.286,-35.006,-50.474,16757000000.0,0.0,57.54,1.695,1.695,10115000000.0,50017000000.0,14747000000.0,14747000000.0,642000000.0,,,,,118000000.0,1401000000.0,1.0,1527655238.0,1527655238.0,,9.653,67311000000.0,699000000.0,152000000.0,0.0,44.062,7949000000.0
4,RTX,MRQ,2020-06-30,2020-06-30,2020-06-30,2021-08-25,-8800000000.0,161517000000.0,,42274000000.0,119243000000.0,,44.294,-458000000.0,6975000000.0,6975000000.0,12214000000.0,-3835000000.0,1.198,1.377,34473000000.0,1540000000.0,32933000000.0,34473000000.0,11997000000.0,1111000000.0,0.0,0.043,0.475,-3538000000.0,-2427000000.0,-0.173,-2427000000.0,-3538000000.0,-3873000000.0,-2.55,-2.55,-2.55,67225000000.0,,67225000000.0,133965448009.0,186.0,34.01,-437000000.0,-0.288,1.0,1847000000.0,0.131,95272000000.0,335000000.0,58452000000.0,,10256000000.0,0.0,0.0,0.0,92590000000.0,35291000000.0,57299000000.0,93521448009.0,-1049000000.0,3442000000.0,4000000.0,-626000000.0,-724000000.0,-4175000000.0,3096000000.0,238000000.0,21000000.0,9000000.0,-3835000000.0,-3835000000.0,-3835000000.0,-9000000.0,0.0,-0.273,5689000000.0,-3842000000.0,7182000000.0,-0.186,1.391,-57.481,2054.0,16907000000.0,0.0,61.62,1.929,1.929,9496000000.0,49744000000.0,14061000000.0,14061000000.0,695000000.0,,,,,72000000.0,1811000000.0,1.0,1517712561.0,1517712561.0,,9.265,66245000000.0,732000000.0,-38000000.0,0.0,43.648,6983000000.0
5,RTX,MRQ,2020-03-31,2020-03-31,2020-03-31,2021-08-25,-11788000000.0,139572000000.0,,38875000000.0,100697000000.0,,45.546,-325000000.0,8001000000.0,8001000000.0,8572000000.0,-83000000.0,1.234,2.475,48445000000.0,3087000000.0,45358000000.0,48445000000.0,0.0,728000000.0,0.0,0.031,0.735,888000000.0,1616000000.0,0.142,1616000000.0,888000000.0,556000000.0,-0.1,-0.1,-0.1,39411000000.0,,39411000000.0,120038596178.0,18.0,13.32,335000000.0,0.387,1.0,2788000000.0,0.245,73081000000.0,332000000.0,75433000000.0,,11506000000.0,0.0,0.0,0.0,97542000000.0,31502000000.0,66040000000.0,81624596178.0,646000000.0,0.0,-41000000.0,-14473000000.0,-614000000.0,1362000000.0,-1281000000.0,-524000000.0,660000000.0,-95000000.0,-83000000.0,-83000000.0,-83000000.0,521000000.0,0.0,-0.007,1512000000.0,1276000000.0,10976000000.0,-7.35,2.071,19.87,19.652,15108000000.0,0.0,94.33,1.784,1.784,13104000000.0,60826000000.0,11360000000.0,11360000000.0,535000000.0,,,,,63000000.0,977000000.0,1.0,865308981.0,865308981.0,,13.128,66491000000.0,1444000000.0,639000000.0,0.0,76.841,7373000000.0
6,RTX,MRQ,2019-12-31,2019-12-31,2019-12-31,2021-08-25,-10149000000.0,139615000000.0,,61577000000.0,78038000000.0,,48.87,-746000000.0,4937000000.0,4937000000.0,9116000000.0,1143000000.0,1.322,2.281,44345000000.0,5551000000.0,38794000000.0,44345000000.0,9014000000.0,686000000.0,0.0,0.02,0.735,1516000000.0,2202000000.0,0.188,2202000000.0,1516000000.0,1099000000.0,1.34,1.32,1.34,41774000000.0,,41774000000.0,168651156454.0,22.0,16.443,2036000000.0,2.382,1.0,2578000000.0,0.22,61082000000.0,417000000.0,71347000000.0,,9047000000.0,0.0,0.0,0.0,95289000000.0,46594000000.0,48695000000.0,129283156454.0,39000000.0,-9000000.0,-27000000.0,-1041000000.0,-612000000.0,-1670000000.0,-1119000000.0,342000000.0,2782000000.0,46000000.0,1143000000.0,1143000000.0,1143000000.0,-486000000.0,0.0,0.098,1707000000.0,871000000.0,7816000000.0,0.549,3.095,23.349,23.111,11574000000.0,0.0,149.76,2.851,2.823,8743000000.0,61594000000.0,11694000000.0,11694000000.0,668000000.0,,,,,76000000.0,1039000000.0,1.0,863268940.0,854800000.0,,13.68,78533000000.0,0.0,-44000000.0,0.0,91.873,14983000000.0
7,RTX,MRQ,2019-09-30,2019-09-30,2019-09-30,2021-08-25,-10819000000.0,139009000000.0,,37816000000.0,101193000000.0,,46.901,-444000000.0,7341000000.0,7341000000.0,8509000000.0,1148000000.0,1.063,2.374,46709000000.0,6822000000.0,39887000000.0,46709000000.0,0.0,692000000.0,0.0,0.022,0.735,1856000000.0,2548000000.0,0.224,2548000000.0,1856000000.0,1454000000.0,1.34,1.33,1.34,40468000000.0,,40468000000.0,158483726346.0,23.0,17.809,2047000000.0,2.372,1.0,2864000000.0,0.252,73727000000.0,402000000.0,69083000000.0,,11242000000.0,0.0,0.0,0.0,96083000000.0,35567000000.0,60516000000.0,117793726346.0,526000000.0,1000000.0,-39000000.0,-376000000.0,-611000000.0,-1129000000.0,-756000000.0,0.0,2491000000.0,-69000000.0,1148000000.0,1148000000.0,1148000000.0,-190000000.0,0.0,0.101,1494000000.0,1370000000.0,10840000000.0,0.549,2.911,23.188,23.022,14756000000.0,0.0,136.52,4.313,4.313,13607000000.0,61069000000.0,11373000000.0,11373000000.0,592000000.0,,,,,74000000.0,902000000.0,1.0,862831280.0,862831280.0,,13.181,65282000000.0,1699000000.0,306000000.0,0.0,75.66,2249000000.0
8,RTX,MRQ,2019-06-30,2019-06-30,2019-06-30,2021-08-25,-9892000000.0,138990000000.0,,37058000000.0,101932000000.0,,47.262,-315000000.0,6819000000.0,6819000000.0,8554000000.0,1900000000.0,1.046,2.353,47509000000.0,7341000000.0,40168000000.0,47509000000.0,0.0,388000000.0,0.0,0.022,0.735,2258000000.0,2646000000.0,0.234,2646000000.0,2258000000.0,1906000000.0,2.22,2.2,2.22,40754000000.0,,40754000000.0,153236342233.0,23.0,17.297,1795000000.0,2.082,1.0,2775000000.0,0.245,74321000000.0,352000000.0,69937000000.0,,10934000000.0,0.0,0.0,0.0,95904000000.0,35422000000.0,60482000000.0,112270342233.0,573000000.0,19000000.0,-34000000.0,-56000000.0,-610000000.0,-688000000.0,-823000000.0,0.0,2110000000.0,-37000000.0,1900000000.0,1900000000.0,1900000000.0,-717000000.0,0.0,0.168,1507000000.0,1268000000.0,11109000000.0,0.331,2.755,21.716,21.171,15032000000.0,0.0,130.2,3.46,3.46,13695000000.0,60548000000.0,11329000000.0,11329000000.0,605000000.0,,,,,54000000.0,902000000.0,1.0,862291415.0,862291415.0,,13.138,64669000000.0,1712000000.0,6000000.0,0.0,74.997,1636000000.0
9,RTX,MRQ,2019-03-31,2019-03-31,2019-03-31,2021-08-25,-9519000000.0,137380000000.0,,35402000000.0,101978000000.0,,46.113,-363000000.0,6240000000.0,6240000000.0,13707000000.0,1346000000.0,1.127,2.399,47206000000.0,4182000000.0,43024000000.0,47206000000.0,0.0,942000000.0,0.0,0.022,0.735,2174000000.0,3116000000.0,0.17,3116000000.0,2174000000.0,1743000000.0,1.58,1.56,1.58,39738000000.0,,39738000000.0,150455802445.0,20.0,15.381,1137000000.0,1.319,1.0,4658000000.0,0.254,74672000000.0,431000000.0,72271000000.0,,10474000000.0,0.0,0.0,0.0,95325000000.0,31403000000.0,63922000000.0,111070802445.0,70000000.0,114000000.0,-24000000.0,-343000000.0,-609000000.0,-1077000000.0,-394000000.0,0.0,1500000000.0,41000000.0,1346000000.0,1346000000.0,1346000000.0,0.0,0.0,0.073,2725000000.0,1933000000.0,10364000000.0,0.465,2.795,20.886,19.768,14743000000.0,0.0,128.89,2.937,2.937,13574000000.0,59279000000.0,18365000000.0,18365000000.0,728000000.0,,,,,64000000.0,1997000000.0,1.0,861748797.0,861748797.0,,21.311,62708000000.0,1703000000.0,397000000.0,0.0,72.768,3999000000.0
10,RTX,MRQ,2018-12-31,2018-12-31,2018-12-31,2021-08-25,-9333000000.0,134211000000.0,,35503000000.0,98708000000.0,,48.033,-345000000.0,6152000000.0,6152000000.0,-8773000000.0,686000000.0,1.132,2.432,45537000000.0,4345000000.0,41192000000.0,45537000000.0,0.0,130000000.0,0.0,0.027,0.735,459000000.0,589000000.0,-0.043,589000000.0,459000000.0,148000000.0,0.79,0.78,0.79,38446000000.0,,38446000000.0,102227797722.0,14.0,10.998,1660000000.0,2.074,1.0,-4983000000.0,0.362,74536000000.0,311000000.0,67692000000.0,,10083000000.0,0.0,0.0,0.0,93492000000.0,31368000000.0,62124000000.0,85288797722.0,-16832000000.0,-15887000000.0,-250000000.0,-2097000000.0,-564000000.0,-2874000000.0,-15954000000.0,69000000.0,2005000000.0,-9000000.0,686000000.0,686000000.0,686000000.0,-4053000000.0,0.0,-0.05,-2138000000.0,-2845000000.0,11080000000.0,0.93,2.218,16.187,16.182,12297000000.0,0.0,106.48,2.458,2.456,14271000000.0,57823000000.0,-13756000000.0,-13756000000.0,149000000.0,,,,,-12000000.0,-2287000000.0,1.0,800984201.0,800400000.0,,-17.186,59675000000.0,1646000000.0,-538000000.0,0.0,74.556,4135000000.0
11,RTX,MRQ,2018-09-30,2018-09-30,2018-09-30,2021-08-25,-7723000000.0,114939000000.0,,40204000000.0,74735000000.0,,40.128,-413000000.0,23004000000.0,23004000000.0,12536000000.0,1238000000.0,1.517,2.509,39943000000.0,1668000000.0,38275000000.0,39943000000.0,0.0,593000000.0,0.0,0.02,0.7,1915000000.0,2508000000.0,0.152,2508000000.0,1915000000.0,1657000000.0,1.56,1.54,1.56,32106000000.0,,32106000000.0,129102042176.0,15.0,11.603,1349000000.0,1.686,1.0,3974000000.0,0.241,43380000000.0,258000000.0,61994000000.0,,9068000000.0,0.0,0.0,0.0,80564000000.0,26504000000.0,54060000000.0,111861042176.0,11938000000.0,-38000000.0,7000000.0,11565000000.0,-536000000.0,11050000000.0,-781000000.0,-11000000.0,1762000000.0,-93000000.0,1238000000.0,1238000000.0,1238000000.0,0.0,0.0,0.075,2267000000.0,1707000000.0,10509000000.0,0.449,3.484,22.462,22.263,10236000000.0,0.0,139.81,1.744,1.744,12550000000.0,57706000000.0,16510000000.0,16510000000.0,586000000.0,,,,,64000000.0,1681000000.0,1.0,800093285.0,800093285.0,,20.635,71559000000.0,1701000000.0,419000000.0,0.0,89.438,13700000000.0
12,RTX,MRQ,2018-06-30,2018-06-30,2018-06-30,2021-08-25,-7684000000.0,101569000000.0,,36556000000.0,65013000000.0,,39.202,-372000000.0,11068000000.0,11068000000.0,12422000000.0,2048000000.0,1.458,2.171,28309000000.0,1063000000.0,27246000000.0,28309000000.0,0.0,592000000.0,0.0,0.022,0.7,2977000000.0,3569000000.0,0.214,3569000000.0,2977000000.0,2743000000.0,2.59,2.56,2.59,31364000000.0,,31364000000.0,119711436534.0,13.0,10.669,1730000000.0,2.162,1.0,4283000000.0,0.256,43438000000.0,234000000.0,50304000000.0,,8979000000.0,0.0,0.0,0.0,68093000000.0,25068000000.0,43025000000.0,100031436534.0,3402000000.0,1050000000.0,-26000000.0,1288000000.0,-535000000.0,699000000.0,738000000.0,303000000.0,2102000000.0,-137000000.0,2048000000.0,2048000000.0,2048000000.0,0.0,0.0,0.123,2348000000.0,1935000000.0,9623000000.0,0.27,3.189,19.722,19.505,10115000000.0,0.0,125.03,1.596,1.596,11973000000.0,57027000000.0,16705000000.0,16705000000.0,589000000.0,,,,,62000000.0,1759000000.0,1.0,800059478.0,800059478.0,,20.88,58131000000.0,1626000000.0,695000000.0,0.0,72.658,11488000000.0
13,RTX,MRQ,2018-03-31,2018-03-31,2018-03-31,2021-08-25,-6937000000.0,98779000000.0,,32741000000.0,66038000000.0,,38.178,-337000000.0,7667000000.0,7667000000.0,11280000000.0,1297000000.0,1.323,2.167,27347000000.0,2194000000.0,25153000000.0,27347000000.0,0.0,581000000.0,0.0,0.022,0.7,2048000000.0,2629000000.0,0.172,2629000000.0,2048000000.0,1819000000.0,1.64,1.62,1.64,30534000000.0,,30534000000.0,119128105077.0,15.0,11.481,116000000.0,0.145,1.0,3962000000.0,0.26,44334000000.0,229000000.0,49378000000.0,,8938000000.0,0.0,0.0,0.0,66152000000.0,24747000000.0,41405000000.0,100628105077.0,-1314000000.0,-90000000.0,-20000000.0,-309000000.0,-535000000.0,-910000000.0,-976000000.0,-221000000.0,453000000.0,119000000.0,1297000000.0,1297000000.0,1297000000.0,0.0,0.0,0.085,2265000000.0,1697000000.0,8875000000.0,0.427,3.296,22.547,22.269,10283000000.0,0.0,125.82,1.643,1.643,11699000000.0,55533000000.0,15242000000.0,15242000000.0,554000000.0,,,,,55000000.0,1711000000.0,1.0,799778295.0,799778295.0,,19.058,54445000000.0,1763000000.0,522000000.0,0.0,68.075,7994000000.0
14,RTX,MRQ,2017-12-31,2017-12-31,2017-12-31,2021-08-25,-7525000000.0,96920000000.0,,32858000000.0,64062000000.0,,37.481,-800000000.0,8985000000.0,8985000000.0,11795000000.0,397000000.0,1.347,2.208,27485000000.0,2496000000.0,24989000000.0,27485000000.0,0.0,558000000.0,0.0,0.021,0.7,1863000000.0,2421000000.0,0.154,2421000000.0,1863000000.0,1616000000.0,0.49,0.5,0.49,29610000000.0,,29610000000.0,120610564822.0,15.0,11.548,1721000000.0,2.178,1.0,3885000000.0,0.248,43793000000.0,247000000.0,47236000000.0,,9881000000.0,0.0,0.0,0.0,65368000000.0,24391000000.0,40977000000.0,101873564822.0,462000000.0,-2000000.0,-17000000.0,222000000.0,-533000000.0,-700000000.0,-1361000000.0,-134000000.0,2521000000.0,2000000.0,397000000.0,397000000.0,397000000.0,0.0,0.0,0.025,2350000000.0,1535000000.0,9579000000.0,1.429,3.441,22.38,22.148,10186000000.0,0.0,127.57,1.703,1.684,12595000000.0,55242000000.0,15680000000.0,15680000000.0,630000000.0,,,,,47000000.0,1720000000.0,1.0,798569921.0,790000000.0,,19.848,53127000000.0,1723000000.0,1219000000.0,0.0,67.249,8467000000.0
15,RTX,MRQ,2017-09-30,2017-09-30,2017-09-30,2021-08-25,-7327000000.0,96352000000.0,,32963000000.0,63389000000.0,,37.409,-443000000.0,8523000000.0,8523000000.0,11106000000.0,1330000000.0,1.306,2.15,27260000000.0,3197000000.0,24063000000.0,27260000000.0,0.0,543000000.0,0.0,0.023,0.7,2059000000.0,2602000000.0,0.173,2602000000.0,2059000000.0,1836000000.0,1.69,1.67,1.69,29881000000.0,,29881000000.0,110002544651.0,14.0,10.938,-472000000.0,-0.591,1.0,3956000000.0,0.263,43871000000.0,223000000.0,45969000000.0,,10083000000.0,0.0,0.0,0.0,64232000000.0,25249000000.0,38983000000.0,92721544651.0,-825000000.0,-10000000.0,-57000000.0,423000000.0,-533000000.0,-241000000.0,-668000000.0,111000000.0,-29000000.0,113000000.0,1330000000.0,1330000000.0,1330000000.0,0.0,0.0,0.088,2174000000.0,1782000000.0,8999000000.0,0.414,3.103,17.941,17.722,9763000000.0,0.0,116.08,1.576,1.576,13128000000.0,55385000000.0,15062000000.0,15062000000.0,592000000.0,,,,,49000000.0,1582000000.0,1.0,798772783.0,798772783.0,,18.856,52481000000.0,1723000000.0,506000000.0,0.0,65.702,7714000000.0
16,RTX,MRQ,2017-06-30,2017-06-30,2017-06-30,2021-08-25,-7964000000.0,94793000000.0,,32829000000.0,61964000000.0,,35.498,-446000000.0,9345000000.0,9345000000.0,11164000000.0,1439000000.0,1.373,2.258,26626000000.0,2743000000.0,23883000000.0,26626000000.0,0.0,527000000.0,0.0,0.022,0.66,2197000000.0,2724000000.0,0.178,2724000000.0,2197000000.0,1971000000.0,1.83,1.8,1.83,28442000000.0,,28442000000.0,115263890513.0,14.0,11.358,1700000000.0,2.122,1.0,4116000000.0,0.269,43468000000.0,226000000.0,44687000000.0,,9860000000.0,0.0,0.0,0.0,64232000000.0,23919000000.0,40313000000.0,97837890513.0,2198000000.0,-49000000.0,-426000000.0,1894000000.0,-503000000.0,877000000.0,-851000000.0,-294000000.0,2146000000.0,26000000.0,1439000000.0,1439000000.0,1439000000.0,0.0,0.0,0.094,2209000000.0,1907000000.0,8542000000.0,0.361,3.44,18.397,18.335,9475000000.0,0.0,122.11,1.684,1.684,12597000000.0,54640000000.0,15280000000.0,15280000000.0,619000000.0,,,,,49000000.0,1590000000.0,1.0,801227504.0,801227504.0,,19.071,51325000000.0,1817000000.0,532000000.0,0.0,64.058,8910000000.0
17,RTX,MRQ,2017-03-31,2017-03-31,2017-03-31,2021-08-25,-8333000000.0,90373000000.0,,29305000000.0,61068000000.0,,34.242,-325000000.0,7156000000.0,7156000000.0,10136000000.0,1386000000.0,1.235,2.203,24582000000.0,3684000000.0,20898000000.0,24582000000.0,0.0,512000000.0,0.0,0.024,0.66,2185000000.0,2697000000.0,0.195,2697000000.0,2185000000.0,1972000000.0,1.75,1.73,1.75,27594000000.0,,27594000000.0,107169745845.0,13.0,10.601,668000000.0,0.829,1.0,3679000000.0,0.266,43053000000.0,213000000.0,41020000000.0,,9386000000.0,0.0,0.0,0.0,60794000000.0,23726000000.0,37068000000.0,90425745845.0,-6000000.0,496000000.0,-922000000.0,540000000.0,-505000000.0,-929000000.0,-139000000.0,0.0,993000000.0,69000000.0,1386000000.0,1386000000.0,1386000000.0,0.0,0.0,0.1,2123000000.0,1556000000.0,7520000000.0,0.377,3.277,17.198,17.263,9255000000.0,0.0,112.21,1.567,1.567,11840000000.0,53741000000.0,13815000000.0,13815000000.0,586000000.0,,,,,47000000.0,1537000000.0,1.0,805861740.0,805861740.0,,17.143,47320000000.0,1804000000.0,586000000.0,0.0,58.72,5579000000.0
18,RTX,MRQ,2016-12-31,2016-12-31,2016-12-31,2021-08-25,-8334000000.0,89706000000.0,,28550000000.0,61156000000.0,,33.707,-656000000.0,7157000000.0,7157000000.0,10734000000.0,1013000000.0,1.303,2.184,23901000000.0,2204000000.0,21697000000.0,23901000000.0,0.0,506000000.0,0.0,0.024,0.66,1528000000.0,2034000000.0,0.139,2034000000.0,1528000000.0,1162000000.0,1.28,1.27,1.28,27579000000.0,,27579000000.0,105819731409.0,14.0,10.85,1143000000.0,1.397,1.0,3925000000.0,0.268,42743000000.0,366000000.0,41801000000.0,,8704000000.0,0.0,0.0,0.0,60241000000.0,21906000000.0,38335000000.0,90261731409.0,56000000.0,-112000000.0,-1719000000.0,1468000000.0,-508000000.0,-985000000.0,-610000000.0,249000000.0,1799000000.0,-148000000.0,1013000000.0,1013000000.0,1013000000.0,11000000.0,0.0,0.069,2419000000.0,1506000000.0,7483000000.0,0.516,3.273,17.856,17.738,9158000000.0,0.0,109.62,1.577,1.567,11481000000.0,52873000000.0,14659000000.0,14659000000.0,665000000.0,,,,,40000000.0,1754000000.0,1.0,823405687.0,818200000.0,,17.916,46963000000.0,1809000000.0,149000000.0,0.0,57.398,6644000000.0
19,RTX,MRQ,2016-09-30,2016-09-30,2016-09-30,2021-08-25,-7729000000.0,90062000000.0,,28548000000.0,61514000000.0,,34.874,-394000000.0,7107000000.0,7107000000.0,10342000000.0,1480000000.0,1.266,2.021,22665000000.0,2475000000.0,20190000000.0,22665000000.0,0.0,496000000.0,0.0,0.026,0.66,2197000000.0,2693000000.0,0.188,2693000000.0,2197000000.0,1972000000.0,1.8,1.78,1.8,29187000000.0,,29187000000.0,100783778018.0,10.0,8.379,4001000000.0,4.781,1.0,4012000000.0,0.28,43222000000.0,225000000.0,39857000000.0,,9081000000.0,0.0,0.0,0.0,58983000000.0,22541000000.0,36442000000.0,85031778018.0,320000000.0,101000000.0,-491000000.0,74000000.0,-526000000.0,-1117000000.0,-519000000.0,0.0,4395000000.0,18000000.0,1480000000.0,1480000000.0,1480000000.0,-37000000.0,0.0,0.103,1972000000.0,2040000000.0,7432000000.0,0.367,2.913,11.616,11.665,8989000000.0,0.0,101.6,1.495,1.495,11500000000.0,52384000000.0,14354000000.0,14354000000.0,582000000.0,,,,,16000000.0,1390000000.0,1.0,836926949.0,836926949.0,,17.151,46840000000.0,1765000000.0,492000000.0,0.0,55.967,6007000000.0
20,RTX,MRQ,2016-06-30,2016-06-30,2016-06-30,2021-08-25,-7484000000.0,89480000000.0,,27970000000.0,61510000000.0,,34.761,-363000000.0,6785000000.0,6785000000.0,10741000000.0,1379000000.0,1.261,2.012,22537000000.0,2407000000.0,20130000000.0,22537000000.0,0.0,494000000.0,0.0,0.025,0.66,2191000000.0,2685000000.0,0.181,2685000000.0,2191000000.0,1966000000.0,1.67,1.65,1.67,29090000000.0,,29090000000.0,101656575894.0,10.0,8.5,-1248000000.0,-1.491,1.0,4133000000.0,0.278,43377000000.0,225000000.0,39672000000.0,,8747000000.0,0.0,0.0,0.0,58518000000.0,22183000000.0,36335000000.0,85820575894.0,-432000000.0,-425000000.0,-33000000.0,-486000000.0,-526000000.0,-1116000000.0,-881000000.0,0.0,-885000000.0,-7000000.0,1379000000.0,1379000000.0,1379000000.0,47000000.0,0.0,0.093,2039000000.0,2094000000.0,7242000000.0,0.395,2.95,11.916,12.122,8911000000.0,0.0,102.55,1.524,1.524,11544000000.0,51451000000.0,14874000000.0,14874000000.0,588000000.0,,,,,48000000.0,1451000000.0,1.0,836865684.0,836865684.0,,17.773,46103000000.0,1812000000.0,587000000.0,0.0,55.09,5787000000.0
21,RTX,MRQ,2016-03-31,2016-03-31,2016-03-31,2021-08-25,-7344000000.0,88571000000.0,,27527000000.0,61044000000.0,,33.898,-286000000.0,7215000000.0,7215000000.0,9654000000.0,1183000000.0,1.341,2.065,23051000000.0,1363000000.0,21688000000.0,23051000000.0,0.0,466000000.0,0.0,0.026,0.64,1875000000.0,2341000000.0,0.175,2341000000.0,1875000000.0,1652000000.0,1.43,1.42,1.43,28353000000.0,,28353000000.0,97076844201.0,9.0,8.012,-1715000000.0,-2.05,1.0,3703000000.0,0.277,43127000000.0,223000000.0,40757000000.0,,8507000000.0,0.0,0.0,0.0,58541000000.0,20523000000.0,38018000000.0,83726844201.0,125000000.0,-63000000.0,2000000.0,2630000000.0,-509000000.0,2030000000.0,-493000000.0,0.0,-1429000000.0,17000000.0,1183000000.0,1183000000.0,1183000000.0,-11000000.0,0.0,0.089,1904000000.0,1799000000.0,6579000000.0,0.448,2.953,11.368,11.708,8763000000.0,0.0,100.1,1.492,1.492,10899000000.0,50625000000.0,13357000000.0,13357000000.0,541000000.0,,,,,48000000.0,1363000000.0,1.0,836432010.0,836432010.0,,15.969,45444000000.0,1905000000.0,469000000.0,0.0,54.331,7004000000.0
22,RTX,MRQ,2015-12-31,2015-12-31,2015-12-31,2021-08-25,-7619000000.0,87484000000.0,,26706000000.0,60778000000.0,,31.349,-608000000.0,7075000000.0,7075000000.0,10653000000.0,3278000000.0,1.181,2.139,20425000000.0,1105000000.0,19320000000.0,20425000000.0,0.0,462000000.0,0.0,0.027,0.64,3847000000.0,4309000000.0,0.301,4309000000.0,3847000000.0,3641000000.0,3.81,3.76,3.81,27358000000.0,,27358000000.0,102406101418.0,10.0,8.255,2030000000.0,2.326,1.0,3647000000.0,0.255,42904000000.0,206000000.0,35312000000.0,,8135000000.0,0.0,0.0,0.0,58518000000.0,22618000000.0,35900000000.0,85216101418.0,1372000000.0,-181000000.0,-5998000000.0,-2120000000.0,-541000000.0,-8923000000.0,7688000000.0,0.0,2638000000.0,-31000000.0,3278000000.0,3278000000.0,3278000000.0,-3534000000.0,0.0,0.229,2236000000.0,1411000000.0,6875000000.0,0.168,3.115,11.201,11.017,8732000000.0,0.0,96.07,1.519,1.495,10653000000.0,49956000000.0,14300000000.0,14300000000.0,611000000.0,,,,,50000000.0,1625000000.0,1.0,887020937.0,872700000.0,,16.386,44580000000.0,1961000000.0,363000000.0,0.0,51.083,4088000000.0
23,RTX,MRQ,2015-09-30,2015-09-30,2015-09-30,2021-08-25,-7388000000.0,92135000000.0,,32359000000.0,59776000000.0,,34.275,-390000000.0,5477000000.0,5477000000.0,9800000000.0,1362000000.0,1.366,1.964,22667000000.0,3239000000.0,19428000000.0,22667000000.0,0.0,486000000.0,0.0,0.028,0.64,2138000000.0,2624000000.0,0.19,2624000000.0,2138000000.0,1954000000.0,1.55,1.54,1.55,30525000000.0,,30525000000.0,95764293328.0,11.0,8.755,507000000.0,0.569,1.0,3988000000.0,0.289,42926000000.0,184000000.0,42710000000.0,,8453000000.0,0.0,0.0,0.0,59952000000.0,23689000000.0,36263000000.0,79254293328.0,-440000000.0,-67000000.0,113000000.0,248000000.0,-547000000.0,-316000000.0,-926000000.0,-414000000.0,897000000.0,-95000000.0,1362000000.0,1362000000.0,1362000000.0,65000000.0,0.0,0.099,1905000000.0,2083000000.0,6333000000.0,0.413,2.596,13.657,13.586,8515000000.0,0.0,88.99,1.396,1.396,10647000000.0,47236000000.0,13788000000.0,13788000000.0,546000000.0,,,,,16000000.0,1359000000.0,1.0,890597745.0,890597745.0,,15.482,49209000000.0,3338000000.0,592000000.0,0.0,55.254,8670000000.0
24,RTX,MRQ,2015-06-30,2015-06-30,2015-06-30,2021-08-25,-6577000000.0,92773000000.0,,30669000000.0,62104000000.0,,34.124,-331000000.0,5933000000.0,5933000000.0,10472000000.0,1542000000.0,1.292,1.998,22443000000.0,2954000000.0,19489000000.0,22443000000.0,0.0,457000000.0,0.0,0.022,0.64,2385000000.0,2842000000.0,0.193,2842000000.0,2385000000.0,2168000000.0,1.76,1.73,1.76,30377000000.0,,30377000000.0,115462085008.0,12.0,10.081,1207000000.0,1.356,1.0,4218000000.0,0.287,43639000000.0,217000000.0,41915000000.0,,10295000000.0,0.0,0.0,0.0,60701000000.0,23729000000.0,36972000000.0,98750085008.0,652000000.0,-18000000.0,2000000.0,461000000.0,-543000000.0,-162000000.0,-729000000.0,-155000000.0,1538000000.0,5000000.0,1542000000.0,1542000000.0,1542000000.0,-81000000.0,0.0,0.105,1984000000.0,2234000000.0,7153000000.0,0.364,3.251,15.687,15.712,9266000000.0,0.0,110.93,1.83,1.83,11516000000.0,46443000000.0,14690000000.0,14690000000.0,558000000.0,,,,,46000000.0,1426000000.0,1.0,890201794.0,890201794.0,,16.502,49134000000.0,3320000000.0,626000000.0,0.0,55.194,6940000000.0
25,RTX,MRQ,2015-03-31,2015-03-31,2015-03-31,2021-08-25,-7211000000.0,91327000000.0,,29958000000.0,61369000000.0,,31.582,-323000000.0,5281000000.0,5281000000.0,9506000000.0,1426000000.0,1.164,2.13,21993000000.0,4184000000.0,17809000000.0,21993000000.0,0.0,458000000.0,0.0,0.021,0.64,2173000000.0,2631000000.0,0.198,2631000000.0,2173000000.0,1956000000.0,1.6,1.58,1.6,28650000000.0,,28650000000.0,120877799814.0,13.0,10.674,987000000.0,1.088,1.0,3814000000.0,0.286,43128000000.0,217000000.0,39182000000.0,,10336000000.0,0.0,0.0,0.0,61025000000.0,25729000000.0,35296000000.0,106318799814.0,46000000.0,-72000000.0,-2976000000.0,2186000000.0,-553000000.0,-1384000000.0,173000000.0,569000000.0,1310000000.0,-53000000.0,1426000000.0,1426000000.0,1426000000.0,-62000000.0,0.0,0.107,2040000000.0,1774000000.0,6929000000.0,0.4,3.711,16.527,16.346,9175000000.0,0.0,117.2,1.883,1.883,11512000000.0,45462000000.0,13320000000.0,13320000000.0,564000000.0,,,,,46000000.0,1476000000.0,1.0,907156995.0,907156995.0,,14.683,48199000000.0,3355000000.0,530000000.0,0.0,53.132,4229000000.0
26,RTX,MRQ,2014-12-31,2014-12-31,2014-12-31,2021-08-25,-6661000000.0,91206000000.0,,31483000000.0,59723000000.0,,34.747,-531000000.0,5229000000.0,5229000000.0,10731000000.0,1473000000.0,1.341,1.874,19701000000.0,1917000000.0,17784000000.0,19701000000.0,0.0,468000000.0,0.0,0.021,0.59,2373000000.0,2841000000.0,0.19,2841000000.0,2373000000.0,2107000000.0,1.64,1.62,1.64,31213000000.0,,31213000000.0,119803707375.0,13.0,10.73,1765000000.0,1.965,1.0,4249000000.0,0.284,42976000000.0,266000000.0,39227000000.0,,7642000000.0,0.0,0.0,0.0,58502000000.0,23475000000.0,35027000000.0,104840707375.0,408000000.0,76000000.0,-349000000.0,-194000000.0,-510000000.0,-1188000000.0,-603000000.0,-60000000.0,2296000000.0,-97000000.0,1473000000.0,1473000000.0,1473000000.0,-195000000.0,0.0,0.098,2244000000.0,2005000000.0,6250000000.0,0.36,3.359,16.855,16.618,8592000000.0,0.0,115.0,1.811,1.784,10448000000.0,44611000000.0,14980000000.0,14980000000.0,624000000.0,,,,,32000000.0,1620000000.0,1.0,911658325.0,898300000.0,,16.676,48230000000.0,3414000000.0,634000000.0,0.0,53.69,8008000000.0
27,RTX,MRQ,2014-09-30,2014-09-30,2014-09-30,2021-08-25,-3169000000.0,91774000000.0,,29411000000.0,62363000000.0,,37.22,-324000000.0,5035000000.0,5035000000.0,6546000000.0,1651000000.0,1.23,1.652,19998000000.0,2141000000.0,17857000000.0,19998000000.0,0.0,417000000.0,0.0,0.022,0.59,2722000000.0,3139000000.0,0.286,3139000000.0,2722000000.0,2538000000.0,2.06,2.04,2.06,34049000000.0,,34049000000.0,111713937690.0,12.0,10.416,1624000000.0,1.775,1.0,4438000000.0,0.404,43853000000.0,184000000.0,38976000000.0,,10341000000.0,0.0,0.0,0.0,56244000000.0,23908000000.0,32336000000.0,96603937690.0,73000000.0,-206000000.0,-407000000.0,-204000000.0,-512000000.0,-1230000000.0,-604000000.0,116000000.0,1948000000.0,-41000000.0,1854000000.0,1854000000.0,1854000000.0,41000000.0,-203000000.0,0.169,1894000000.0,2544000000.0,7046000000.0,0.286,2.837,15.556,15.304,9182000000.0,0.0,105.6,1.801,1.801,11080000000.0,43668000000.0,10984000000.0,10984000000.0,561000000.0,,,,,69000000.0,1333000000.0,1.0,914810016.0,914810016.0,,12.007,47921000000.0,3212000000.0,684000000.0,0.0,52.384,5503000000.0
28,RTX,MRQ,2014-06-30,2014-06-30,2014-06-30,2021-08-25,-2403000000.0,92142000000.0,,29641000000.0,62501000000.0,,36.854,-406000000.0,4962000000.0,4962000000.0,12931000000.0,1790000000.0,1.218,1.681,20072000000.0,2235000000.0,17837000000.0,20072000000.0,0.0,468000000.0,0.0,0.02,0.59,2245000000.0,2713000000.0,0.158,2713000000.0,2245000000.0,2039000000.0,1.87,1.84,1.87,33785000000.0,,33785000000.0,121402631933.0,14.0,11.775,1336000000.0,1.457,1.0,4260000000.0,0.248,44093000000.0,206000000.0,38829000000.0,,9896000000.0,0.0,0.0,0.0,56803000000.0,24330000000.0,32473000000.0,105836631933.0,485000000.0,-34000000.0,-308000000.0,40000000.0,-512000000.0,-848000000.0,-431000000.0,150000000.0,1742000000.0,22000000.0,1680000000.0,1680000000.0,1680000000.0,0.0,110000000.0,0.098,2289000000.0,1971000000.0,7297000000.0,0.316,3.133,18.286,17.927,9026000000.0,0.0,115.45,1.821,1.821,11795000000.0,42343000000.0,17191000000.0,17191000000.0,666000000.0,,,,,58000000.0,1623000000.0,1.0,916731329.0,916731329.0,,18.752,48049000000.0,3269000000.0,359000000.0,0.0,52.413,5311000000.0
29,RTX,MRQ,2014-03-31,2014-03-31,2014-03-31,2021-08-25,-2941000000.0,91229000000.0,,29820000000.0,61409000000.0,,35.31,-333000000.0,4477000000.0,4477000000.0,10690000000.0,1306000000.0,1.3,1.776,20043000000.0,304000000.0,19739000000.0,20043000000.0,0.0,467000000.0,0.0,0.019,0.59,2005000000.0,2472000000.0,0.168,2472000000.0,2005000000.0,1780000000.0,1.35,1.32,1.35,32317000000.0,,32317000000.0,122558221327.0,14.0,11.719,1002000000.0,1.095,1.0,4055000000.0,0.275,43744000000.0,225000000.0,40120000000.0,,10992000000.0,0.0,0.0,0.0,57397000000.0,22931000000.0,34466000000.0,106936221327.0,-142000000.0,106000000.0,-249000000.0,-194000000.0,-514000000.0,-995000000.0,-442000000.0,-113000000.0,1335000000.0,-40000000.0,1213000000.0,1213000000.0,1213000000.0,0.0,93000000.0,0.082,2220000000.0,1835000000.0,6949000000.0,0.437,3.309,18.867,18.546,8895000000.0,0.0,116.84,1.878,1.878,11537000000.0,41205000000.0,14745000000.0,14745000000.0,624000000.0,,,,,60000000.0,1596000000.0,1.0,915236403.0,915236403.0,,16.111,47485000000.0,3159000000.0,567000000.0,0.0,51.883,6889000000.0
30,RTX,MRQ,2013-12-31,2013-12-31,2013-12-31,2021-08-25,-2880000000.0,90594000000.0,,29442000000.0,61152000000.0,,35.367,-522000000.0,4619000000.0,4619000000.0,7431000000.0,1463000000.0,1.291,1.797,20241000000.0,500000000.0,19741000000.0,20241000000.0,0.0,400000000.0,0.0,0.019,0.59,2001000000.0,2401000000.0,0.224,2401000000.0,2001000000.0,1785000000.0,1.62,1.59,1.62,31866000000.0,,31866000000.0,120987827617.0,14.0,11.69,2067000000.0,2.294,1.0,3302000000.0,0.308,43689000000.0,216000000.0,39727000000.0,,10330000000.0,0.0,0.0,0.0,57264000000.0,22800000000.0,34464000000.0,104420827617.0,-2000000.0,64000000.0,-158000000.0,-889000000.0,-513000000.0,-1714000000.0,-865000000.0,-323000000.0,2589000000.0,-12000000.0,1463000000.0,1463000000.0,1463000000.0,-435000000.0,0.0,0.136,1838000000.0,1464000000.0,6965000000.0,0.364,3.277,18.252,17.921,8866000000.0,0.0,113.8,1.845,1.812,11458000000.0,40539000000.0,10733000000.0,10733000000.0,471000000.0,,,,,34000000.0,1367000000.0,1.0,917581965.0,901000000.0,,11.912,46905000000.0,3200000000.0,322000000.0,0.0,52.059,6642000000.0
31,RTX,MRQ,2013-09-30,2013-09-30,2013-09-30,2021-08-25,-5325000000.0,90326000000.0,,29351000000.0,60975000000.0,,31.146,-383000000.0,4621000000.0,4621000000.0,11020000000.0,1432000000.0,1.248,2.109,21188000000.0,1403000000.0,19785000000.0,21188000000.0,0.0,452000000.0,0.0,0.02,0.535,2272000000.0,2724000000.0,0.176,2724000000.0,2272000000.0,2046000000.0,1.6,1.56,1.6,28577000000.0,,28577000000.0,115672854343.0,12.0,10.331,1251000000.0,1.363,1.0,4442000000.0,0.287,43595000000.0,226000000.0,39779000000.0,,10765000000.0,0.0,0.0,0.0,60283000000.0,23519000000.0,36764000000.0,98925854343.0,-288000000.0,112000000.0,-216000000.0,-473000000.0,-465000000.0,-1239000000.0,-707000000.0,0.0,1634000000.0,24000000.0,1432000000.0,1432000000.0,1432000000.0,-17000000.0,0.0,0.093,2263000000.0,2179000000.0,6628000000.0,0.334,3.462,15.665,15.359,8549000000.0,0.0,107.82,1.588,1.588,11135000000.0,39599000000.0,15462000000.0,15462000000.0,630000000.0,,,,,83000000.0,1633000000.0,1.0,917509315.0,917509315.0,,16.852,46731000000.0,3518000000.0,614000000.0,0.0,50.932,5832000000.0
32,RTX,MRQ,2013-06-30,2013-06-30,2013-06-30,2021-08-25,-6000000000.0,88744000000.0,,28790000000.0,59954000000.0,,29.356,-369000000.0,4909000000.0,4909000000.0,11552000000.0,1560000000.0,1.243,2.231,21656000000.0,1281000000.0,20375000000.0,21656000000.0,0.0,439000000.0,0.0,0.023,0.535,2422000000.0,2861000000.0,0.179,2861000000.0,2422000000.0,2205000000.0,1.73,1.71,1.73,26987000000.0,,26987000000.0,103496807987.0,11.0,9.4,1591000000.0,1.731,1.0,4454000000.0,0.278,43136000000.0,217000000.0,39191000000.0,,10232000000.0,0.0,0.0,0.0,60201000000.0,23164000000.0,37037000000.0,85439807987.0,128000000.0,511000000.0,-266000000.0,-1151000000.0,-465000000.0,-1968000000.0,171000000.0,0.0,1960000000.0,-35000000.0,1560000000.0,1560000000.0,1560000000.0,-8000000.0,0.0,0.097,2368000000.0,2086000000.0,6645000000.0,0.309,3.166,13.566,13.277,8399000000.0,0.0,92.94,1.381,1.381,11158000000.0,38629000000.0,16006000000.0,16006000000.0,631000000.0,,,,,63000000.0,1737000000.0,1.0,919300710.0,919300710.0,,17.411,45608000000.0,3185000000.0,645000000.0,0.0,49.612,5626000000.0
33,RTX,MRQ,2013-03-31,2013-03-31,2013-03-31,2021-08-25,-5867000000.0,88513000000.0,,29161000000.0,59352000000.0,,28.576,-295000000.0,4767000000.0,4767000000.0,10465000000.0,1266000000.0,1.293,2.317,22824000000.0,1252000000.0,21572000000.0,22824000000.0,0.0,444000000.0,0.0,0.022,0.535,1920000000.0,2364000000.0,0.164,2364000000.0,1920000000.0,1684000000.0,1.4,1.39,1.4,26194000000.0,,26194000000.0,104043667539.0,12.0,9.999,399000000.0,0.435,1.0,3934000000.0,0.273,42641000000.0,236000000.0,41370000000.0,,10161000000.0,0.0,0.0,0.0,60695000000.0,22559000000.0,38136000000.0,85641667539.0,-55000000.0,722000000.0,-182000000.0,-375000000.0,-465000000.0,-1019000000.0,288000000.0,0.0,694000000.0,-18000000.0,1266000000.0,1266000000.0,1266000000.0,4000000.0,0.0,0.088,2237000000.0,1697000000.0,6192000000.0,0.382,3.27,14.118,13.821,8428000000.0,0.0,93.43,1.435,1.435,10791000000.0,37551000000.0,14399000000.0,14399000000.0,610000000.0,,,,,70000000.0,1627000000.0,1.0,916639918.0,916639918.0,,15.708,45872000000.0,3206000000.0,418000000.0,0.0,50.044,6602000000.0
34,RTX,MRQ,2012-12-31,2012-12-31,2012-12-31,2021-08-25,-5448000000.0,89409000000.0,,29610000000.0,59799000000.0,,28.948,-641000000.0,4819000000.0,4819000000.0,12286000000.0,2057000000.0,1.245,2.396,23221000000.0,1624000000.0,21597000000.0,23221000000.0,0.0,477000000.0,0.0,0.025,0.535,2771000000.0,3248000000.0,0.198,3248000000.0,2771000000.0,2511000000.0,2.29,2.27,2.29,25914000000.0,,25914000000.0,97623816741.0,13.0,10.683,1332000000.0,1.488,1.0,4157000000.0,0.253,42990000000.0,260000000.0,41035000000.0,,9537000000.0,0.0,0.0,0.0,62102000000.0,23786000000.0,38316000000.0,75165816741.0,-1461000000.0,45000000.0,-460000000.0,-5464000000.0,-464000000.0,-5965000000.0,2526000000.0,0.0,1973000000.0,5000000.0,2057000000.0,2057000000.0,2057000000.0,-1112000000.0,0.0,0.125,2507000000.0,1650000000.0,6431000000.0,0.234,2.901,14.652,14.312,8518000000.0,0.0,82.01,1.303,1.272,11099000000.0,36776000000.0,16443000000.0,16443000000.0,712000000.0,,,,,60000000.0,1795000000.0,1.0,916544528.0,895200000.0,,18.368,46419000000.0,3210000000.0,454000000.0,0.0,51.853,5824000000.0
35,RTX,MRQ,2012-09-30,2012-09-30,2012-09-30,2021-08-25,-4663000000.0,91946000000.0,,31685000000.0,60261000000.0,,27.369,-317000000.0,6242000000.0,6242000000.0,11003000000.0,1415000000.0,1.198,2.63,28700000000.0,5291000000.0,23409000000.0,28700000000.0,0.0,422000000.0,0.0,0.025,0.535,2115000000.0,2537000000.0,0.169,2537000000.0,2115000000.0,1899000000.0,1.58,1.56,1.58,24955000000.0,,24955000000.0,75423822628.0,11.0,9.437,1327000000.0,1.455,1.0,4039000000.0,0.269,42776000000.0,216000000.0,45176000000.0,,10467000000.0,0.0,0.0,0.0,65622000000.0,26452000000.0,39170000000.0,71383822628.0,247000000.0,-15721000000.0,322000000.0,4941000000.0,-463000000.0,4609000000.0,-6068000000.0,0.0,1644000000.0,62000000.0,1415000000.0,1415000000.0,1415000000.0,-168000000.0,0.0,0.094,2209000000.0,1830000000.0,6156000000.0,0.339,2.861,16.231,15.913,8239000000.0,0.0,78.29,1.283,1.283,10610000000.0,35219000000.0,15042000000.0,15042000000.0,590000000.0,,,,,54000000.0,1619000000.0,1.0,911787235.0,911787235.0,,16.497,49170000000.0,3015000000.0,484000000.0,0.0,53.927,5233000000.0
36,RTX,MRQ,2012-06-30,2012-06-30,2012-06-30,2021-08-25,-5675000000.0,74653000000.0,,39142000000.0,35511000000.0,,24.803,-244000000.0,16681000000.0,16681000000.0,9934000000.0,1328000000.0,1.978,2.243,20721000000.0,271000000.0,20450000000.0,20721000000.0,0.0,307000000.0,0.0,0.025,0.48,1949000000.0,2256000000.0,0.163,2256000000.0,1949000000.0,1781000000.0,1.49,1.47,1.49,22604000000.0,,22604000000.0,72340881221.0,11.0,9.192,1483000000.0,1.627,1.0,3873000000.0,0.281,21009000000.0,168000000.0,37891000000.0,,8502000000.0,0.0,0.0,0.0,50690000000.0,19793000000.0,30897000000.0,68834881221.0,-312000000.0,95000000.0,18000000.0,10833000000.0,-413000000.0,10216000000.0,-12168000000.0,0.0,1727000000.0,-87000000.0,1328000000.0,1328000000.0,1328000000.0,138000000.0,0.0,0.096,2034000000.0,1839000000.0,5752000000.0,0.322,3.045,15.982,15.638,5717000000.0,0.0,75.53,1.255,1.255,9538000000.0,34285000000.0,13807000000.0,13807000000.0,525000000.0,,,,,49000000.0,1509000000.0,1.0,911358152.0,911358152.0,,15.15,53644000000.0,4120000000.0,453000000.0,0.0,58.862,19349000000.0
37,RTX,MRQ,2012-03-31,2012-03-31,2012-03-31,2021-08-25,-5001000000.0,61724000000.0,,27847000000.0,33877000000.0,,24.747,-187000000.0,6285000000.0,6285000000.0,8930000000.0,330000000.0,1.519,1.686,9791000000.0,300000000.0,9491000000.0,9791000000.0,0.0,318000000.0,0.0,0.023,0.48,779000000.0,1097000000.0,0.088,1097000000.0,779000000.0,650000000.0,0.37,0.36,0.37,22492000000.0,,22492000000.0,79681137529.0,12.0,9.951,1115000000.0,1.227,1.0,3486000000.0,0.281,19938000000.0,129000000.0,26962000000.0,,8366000000.0,0.0,0.0,0.0,37932000000.0,18330000000.0,19602000000.0,75381137529.0,402000000.0,-20000000.0,120000000.0,-467000000.0,-412000000.0,-839000000.0,-111000000.0,0.0,1302000000.0,50000000.0,330000000.0,330000000.0,330000000.0,859000000.0,0.0,0.027,2073000000.0,1413000000.0,5281000000.0,1.297,3.351,17.543,17.207,5835000000.0,0.0,82.94,1.358,1.358,8833000000.0,33389000000.0,12416000000.0,12416000000.0,544000000.0,,,,,47000000.0,1529000000.0,1.0,908863486.0,908863486.0,,13.661,41786000000.0,4052000000.0,320000000.0,0.0,45.976,9517000000.0
38,RTX,MRQ,2011-12-31,2011-12-31,2011-12-31,2021-08-25,-5490000000.0,61452000000.0,,25758000000.0,35694000000.0,,24.521,-359000000.0,5960000000.0,5960000000.0,10399000000.0,1027000000.0,1.384,1.749,10260000000.0,759000000.0,9501000000.0,10260000000.0,0.0,301000000.0,0.0,0.026,0.48,1801000000.0,2102000000.0,0.146,2102000000.0,1801000000.0,1733000000.0,1.48,1.46,1.48,21880000000.0,,21880000000.0,71623947727.0,9.0,8.073,1653000000.0,1.853,1.0,3971000000.0,0.276,21861000000.0,68000000.0,25275000000.0,,7797000000.0,0.0,0.0,0.0,38274000000.0,18616000000.0,19658000000.0,66225947727.0,-6000000.0,-16000000.0,0.0,-1075000000.0,-410000000.0,-1595000000.0,-409000000.0,0.0,2012000000.0,-14000000.0,1325000000.0,1325000000.0,1325000000.0,-31000000.0,-298000000.0,0.092,2139000000.0,1832000000.0,5570000000.0,0.324,3.027,13.301,13.099,6201000000.0,0.0,73.09,1.188,1.17,9546000000.0,33487000000.0,14370000000.0,14370000000.0,522000000.0,,,,,42000000.0,1617000000.0,1.0,906087669.0,892300000.0,906800000.0,16.104,39591000000.0,4049000000.0,408000000.0,0.0,44.37,7142000000.0
39,RTX,MRQ,2011-09-30,2011-09-30,2011-09-30,2021-08-25,-3766000000.0,61948000000.0,,26424000000.0,35524000000.0,,25.416,-199000000.0,5966000000.0,5966000000.0,10338000000.0,1421000000.0,1.317,1.684,11364000000.0,1863000000.0,9501000000.0,11364000000.0,0.0,324000000.0,0.0,0.026,0.48,2091000000.0,2415000000.0,0.17,2415000000.0,2091000000.0,1952000000.0,1.49,1.47,1.49,22590000000.0,,22590000000.0,69939041825.0,9.0,7.983,1760000000.0,1.98,1.0,3897000000.0,0.274,21946000000.0,139000000.0,25336000000.0,,8617000000.0,0.0,0.0,0.0,38033000000.0,20064000000.0,17969000000.0,63937041825.0,570000000.0,192000000.0,-675000000.0,-22000000.0,-411000000.0,-1301000000.0,9000000.0,0.0,1959000000.0,-97000000.0,1324000000.0,1324000000.0,1324000000.0,-37000000.0,97000000.0,0.093,1977000000.0,1920000000.0,5597000000.0,0.322,2.83,13.175,12.958,6137000000.0,0.0,70.36,1.18,1.154,9503000000.0,32594000000.0,14235000000.0,14235000000.0,465000000.0,,,,,55000000.0,1512000000.0,1.0,908712931.0,888800000.0,901900000.0,16.016,40002000000.0,3295000000.0,628000000.0,0.0,45.007,6360000000.0
40,RTX,MRQ,2011-06-30,2011-06-30,2011-06-30,2021-08-25,-2896000000.0,62147000000.0,,26429000000.0,35718000000.0,,25.449,-200000000.0,5396000000.0,5396000000.0,10468000000.0,1430000000.0,1.307,1.675,11398000000.0,1906000000.0,9492000000.0,11398000000.0,0.0,322000000.0,0.0,0.02,0.48,2071000000.0,2393000000.0,0.165,2393000000.0,2071000000.0,1930000000.0,1.48,1.45,1.48,22723000000.0,,22723000000.0,87056834132.0,12.0,10.224,1058000000.0,1.185,1.0,4001000000.0,0.277,22450000000.0,141000000.0,25485000000.0,,8795000000.0,0.0,0.0,0.0,38060000000.0,20214000000.0,17846000000.0,81009834132.0,956000000.0,18000000.0,-773000000.0,909000000.0,-413000000.0,-230000000.0,-106000000.0,0.0,1258000000.0,34000000.0,1318000000.0,1318000000.0,1318000000.0,-33000000.0,112000000.0,0.091,2070000000.0,1931000000.0,5686000000.0,0.324,3.565,17.138,16.827,6329000000.0,0.0,88.51,1.512,1.475,9801000000.0,31701000000.0,14469000000.0,14469000000.0,494000000.0,,,,,74000000.0,1576000000.0,1.0,915261938.0,892900000.0,909800000.0,16.205,39697000000.0,3281000000.0,612000000.0,0.0,44.459,6215000000.0
41,RTX,MRQ,2011-03-31,2011-03-31,2011-03-31,2021-08-25,-3101000000.0,60664000000.0,,25005000000.0,35659000000.0,,24.62,-171000000.0,4440000000.0,4440000000.0,9164000000.0,1101000000.0,1.322,1.682,10487000000.0,501000000.0,9986000000.0,10487000000.0,0.0,316000000.0,0.0,0.02,0.425,1646000000.0,1962000000.0,0.155,1962000000.0,1646000000.0,1498000000.0,1.13,1.11,1.13,22126000000.0,,22126000000.0,84122621393.0,12.0,10.208,1190000000.0,1.324,1.0,3516000000.0,0.277,22370000000.0,148000000.0,25425000000.0,,8827000000.0,0.0,0.0,0.0,37219000000.0,18916000000.0,18303000000.0,77916621393.0,357000000.0,-57000000.0,-727000000.0,193000000.0,-368000000.0,-879000000.0,-201000000.0,0.0,1361000000.0,76000000.0,1012000000.0,1012000000.0,1012000000.0,-47000000.0,89000000.0,0.08,1926000000.0,1590000000.0,5635000000.0,0.376,3.521,17.242,16.93,6382000000.0,0.0,84.65,1.472,1.438,9260000000.0,30812000000.0,12680000000.0,12680000000.0,470000000.0,,,,,50000000.0,1456000000.0,1.0,920456248.0,898700000.0,914900000.0,14.109,38294000000.0,3439000000.0,486000000.0,0.0,42.61,6089000000.0
42,RTX,MRQ,2010-12-31,2010-12-31,2010-12-31,2021-08-25,-3769000000.0,58493000000.0,,23510000000.0,34983000000.0,,23.554,-359000000.0,4083000000.0,4083000000.0,9540000000.0,1253000000.0,1.326,1.676,10289000000.0,279000000.0,10010000000.0,10289000000.0,0.0,292000000.0,0.0,0.022,0.425,1699000000.0,1991000000.0,0.155,1991000000.0,1699000000.0,1530000000.0,1.33,1.31,1.33,21385000000.0,,21385000000.0,79261606440.0,12.0,9.849,1317000000.0,1.451,1.0,3273000000.0,0.255,21781000000.0,169000000.0,25186000000.0,,7766000000.0,0.0,0.0,0.0,35844000000.0,17732000000.0,18112000000.0,72690606440.0,-1648000000.0,-186000000.0,-556000000.0,-2022000000.0,-368000000.0,-2845000000.0,-501000000.0,0.0,1676000000.0,22000000.0,1199000000.0,1199000000.0,1199000000.0,0.0,54000000.0,0.094,1853000000.0,1420000000.0,5206000000.0,0.32,3.399,16.623,16.332,6280000000.0,0.0,78.72,1.391,1.367,8925000000.0,30191000000.0,12813000000.0,12813000000.0,367000000.0,,,,,36000000.0,1405000000.0,1.0,923407094.0,907900000.0,922700000.0,14.113,36712000000.0,3593000000.0,331000000.0,0.0,40.436,5778000000.0
43,RTX,MRQ,2010-09-30,2010-09-30,2010-09-30,2021-08-25,-3357000000.0,60649000000.0,,25337000000.0,35312000000.0,,23.47,-177000000.0,5731000000.0,5731000000.0,9667000000.0,1299000000.0,1.291,1.792,12302000000.0,2231000000.0,10071000000.0,12302000000.0,0.0,342000000.0,0.0,0.023,0.425,1827000000.0,2169000000.0,0.159,2169000000.0,1827000000.0,1666000000.0,1.32,1.3,1.32,21254000000.0,,21254000000.0,73245635871.0,11.0,9.141,1499000000.0,1.655,1.0,3953000000.0,0.29,21492000000.0,161000000.0,26108000000.0,,8430000000.0,0.0,0.0,0.0,38078000000.0,19620000000.0,18458000000.0,66177635871.0,734000000.0,-115000000.0,-494000000.0,212000000.0,-370000000.0,-713000000.0,-327000000.0,0.0,1676000000.0,98000000.0,1198000000.0,1198000000.0,1198000000.0,0.0,101000000.0,0.088,1911000000.0,2042000000.0,4964000000.0,0.322,3.114,15.582,15.285,6148000000.0,0.0,71.23,1.247,1.216,8731000000.0,29384000000.0,13620000000.0,13620000000.0,433000000.0,,,,,24000000.0,1478000000.0,1.0,929069716.0,905600000.0,919500000.0,15.04,39157000000.0,3911000000.0,468000000.0,0.0,43.239,5717000000.0
44,RTX,MRQ,2010-06-30,2010-06-30,2010-06-30,2021-08-25,-4238000000.0,58343000000.0,,24401000000.0,33942000000.0,,21.895,-155000000.0,4997000000.0,4997000000.0,10015000000.0,1212000000.0,1.301,1.862,12065000000.0,2026000000.0,10039000000.0,12065000000.0,0.0,339000000.0,0.0,0.025,0.425,1780000000.0,2119000000.0,0.154,2119000000.0,1780000000.0,1631000000.0,1.22,1.2,1.22,19933000000.0,,19933000000.0,67730225916.0,10.0,8.635,1245000000.0,1.368,1.0,3787000000.0,0.274,20813000000.0,149000000.0,25836000000.0,,8083000000.0,0.0,0.0,0.0,37117000000.0,18762000000.0,18355000000.0,60566225916.0,209000000.0,-169000000.0,-650000000.0,108000000.0,-371000000.0,-913000000.0,-235000000.0,0.0,1400000000.0,-43000000.0,1110000000.0,1110000000.0,1110000000.0,0.0,102000000.0,0.08,1905000000.0,1882000000.0,5057000000.0,0.348,3.038,14.747,14.457,6090000000.0,0.0,64.91,1.147,1.119,8881000000.0,28569000000.0,13802000000.0,13802000000.0,459000000.0,,,,,43000000.0,1491000000.0,1.0,933080048.0,910400000.0,925400000.0,15.16,37530000000.0,3661000000.0,521000000.0,0.0,41.224,5639000000.0
45,RTX,MRQ,2010-03-31,2010-03-31,2010-03-31,2021-08-25,-3746000000.0,58388000000.0,,24321000000.0,34067000000.0,,21.852,-147000000.0,4788000000.0,4788000000.0,8732000000.0,947000000.0,1.303,1.858,11952000000.0,1948000000.0,10004000000.0,11952000000.0,0.0,327000000.0,0.0,0.021,0.425,1442000000.0,1769000000.0,0.147,1769000000.0,1442000000.0,1271000000.0,0.95,0.93,0.95,19964000000.0,,19964000000.0,74297014589.0,12.0,9.808,1007000000.0,1.102,1.0,3308000000.0,0.275,21116000000.0,171000000.0,25766000000.0,,8172000000.0,0.0,0.0,0.0,37087000000.0,18670000000.0,18417000000.0,69002014589.0,339000000.0,-2067000000.0,-500000000.0,2172000000.0,-373000000.0,1318000000.0,-2124000000.0,0.0,1154000000.0,-9000000.0,866000000.0,866000000.0,866000000.0,0.0,81000000.0,0.072,1785000000.0,1523000000.0,4801000000.0,0.447,3.456,17.368,17.0,6335000000.0,0.0,73.61,1.321,1.288,8737000000.0,27854000000.0,12040000000.0,12040000000.0,397000000.0,,,,,45000000.0,1424000000.0,1.0,937400008.0,913600000.0,929300000.0,13.179,37272000000.0,3757000000.0,405000000.0,0.0,40.797,5651000000.0
46,RTX,MRQ,2009-12-31,2009-12-31,2009-12-31,2021-08-25,-3487000000.0,55762000000.0,,23194000000.0,32568000000.0,,21.873,-325000000.0,4449000000.0,4449000000.0,10317000000.0,1169000000.0,1.295,1.713,9744000000.0,1487000000.0,8257000000.0,9744000000.0,0.0,333000000.0,0.0,0.022,0.385,1623000000.0,1956000000.0,0.144,1956000000.0,1623000000.0,1528000000.0,1.17,1.15,1.17,20066000000.0,,20066000000.0,70874610934.0,12.0,9.729,1150000000.0,1.254,1.0,3288000000.0,0.242,19836000000.0,95000000.0,23308000000.0,,7509000000.0,0.0,0.0,0.0,34374000000.0,17913000000.0,16461000000.0,65074610934.0,-183000000.0,-95000000.0,-320000000.0,-700000000.0,-338000000.0,-1283000000.0,-373000000.0,0.0,1475000000.0,-2000000.0,1073000000.0,1073000000.0,1073000000.0,0.0,96000000.0,0.079,1976000000.0,1312000000.0,4634000000.0,0.329,3.243,16.995,16.645,6364000000.0,0.0,69.41,1.241,1.215,8469000000.0,27396000000.0,13605000000.0,13605000000.0,421000000.0,,,,,43000000.0,1555000000.0,1.0,937539417.0,917400000.0,928800000.0,14.83,35926000000.0,3791000000.0,455000000.0,0.0,39.161,5281000000.0
47,RTX,MRQ,2009-09-30,2009-09-30,2009-09-30,2021-08-25,-4580000000.0,57577000000.0,,23729000000.0,33848000000.0,,20.162,-161000000.0,4632000000.0,4632000000.0,9836000000.0,1145000000.0,1.304,2.052,10432000000.0,1703000000.0,8729000000.0,10432000000.0,0.0,316000000.0,0.0,0.025,0.385,1684000000.0,2000000000.0,0.15,2000000000.0,1684000000.0,1514000000.0,1.15,1.14,1.15,18489000000.0,,18489000000.0,64151788323.0,11.0,8.81,1692000000.0,1.845,1.0,3539000000.0,0.265,19750000000.0,170000000.0,25427000000.0,,8086000000.0,0.0,0.0,0.0,37931000000.0,18200000000.0,19731000000.0,57351788323.0,616000000.0,-297000000.0,-430000000.0,-409000000.0,-339000000.0,-1123000000.0,-204000000.0,0.0,1853000000.0,90000000.0,1058000000.0,1058000000.0,1058000000.0,0.0,87000000.0,0.079,1768000000.0,1771000000.0,4430000000.0,0.335,3.102,14.702,14.37,6278000000.0,0.0,60.93,1.083,1.055,8460000000.0,26827000000.0,13375000000.0,13375000000.0,344000000.0,,,,,32000000.0,1424000000.0,1.0,941273401.0,917000000.0,929000000.0,14.586,37827000000.0,4934000000.0,456000000.0,0.0,41.251,5529000000.0
48,RTX,MRQ,2009-06-30,2009-06-30,2009-06-30,2021-08-25,-5275000000.0,56545000000.0,,23636000000.0,32909000000.0,,18.911,-173000000.0,4016000000.0,4016000000.0,9601000000.0,1066000000.0,1.273,2.195,10816000000.0,2095000000.0,8721000000.0,10816000000.0,0.0,303000000.0,0.0,0.028,0.385,1547000000.0,1850000000.0,0.14,1850000000.0,1547000000.0,1370000000.0,1.06,1.05,1.06,17379000000.0,,17379000000.0,56503173309.0,9.0,7.478,1367000000.0,1.487,1.0,3595000000.0,0.272,19210000000.0,177000000.0,25564000000.0,,8539000000.0,0.0,0.0,0.0,38139000000.0,18571000000.0,19568000000.0,48948173309.0,744000000.0,-31000000.0,-150000000.0,-31000000.0,-340000000.0,-576000000.0,-306000000.0,0.0,1540000000.0,86000000.0,976000000.0,976000000.0,976000000.0,0.0,90000000.0,0.074,1958000000.0,1637000000.0,4599000000.0,0.363,2.817,11.904,11.676,6179000000.0,0.0,51.96,0.895,0.874,8522000000.0,26133000000.0,13196000000.0,13196000000.0,384000000.0,,,,,44000000.0,1574000000.0,1.0,942035668.0,919000000.0,929000000.0,14.359,37335000000.0,5044000000.0,394000000.0,0.0,40.626,5065000000.0
49,RTX,MRQ,2009-03-31,2009-03-31,2009-03-31,2021-08-25,-6221000000.0,54798000000.0,,23222000000.0,31576000000.0,,17.225,-167000000.0,3272000000.0,3272000000.0,9107000000.0,799000000.0,1.294,2.404,10827000000.0,1512000000.0,9315000000.0,10827000000.0,0.0,306000000.0,0.0,0.033,0.385,1173000000.0,1479000000.0,0.121,1479000000.0,1173000000.0,998000000.0,0.79,0.78,0.79,15813000000.0,,15813000000.0,47648806521.0,7.0,5.933,318000000.0,0.346,1.0,3142000000.0,0.257,18549000000.0,175000000.0,25865000000.0,,8601000000.0,0.0,0.0,0.0,38012000000.0,17939000000.0,20073000000.0,40499806521.0,-1055000000.0,-122000000.0,-200000000.0,-597000000.0,-339000000.0,-1209000000.0,-221000000.0,0.0,485000000.0,-110000000.0,722000000.0,722000000.0,722000000.0,0.0,77000000.0,0.059,1892000000.0,1250000000.0,4813000000.0,0.487,2.561,9.182,9.068,6130000000.0,0.0,42.98,0.705,0.687,8797000000.0,25519000000.0,12249000000.0,12249000000.0,409000000.0,,,,,34000000.0,1483000000.0,1.0,942294242.0,918000000.0,926000000.0,13.343,36249000000.0,5103000000.0,276000000.0,0.0,39.487,5283000000.0
50,RTX,MRQ,2008-12-31,2008-12-31,2008-12-31,2021-08-25,-5934000000.0,56837000000.0,,24467000000.0,32370000000.0,,16.808,-406000000.0,4327000000.0,4327000000.0,10828000000.0,1229000000.0,1.236,2.532,11476000000.0,2139000000.0,9337000000.0,11476000000.0,0.0,350000000.0,0.0,0.025,0.385,1603000000.0,1953000000.0,0.138,1953000000.0,1603000000.0,1548000000.0,1.24,1.22,1.24,15763000000.0,,15763000000.0,57710020226.0,8.0,6.817,1614000000.0,1.721,1.0,3304000000.0,0.234,18806000000.0,55000000.0,25378000000.0,,8340000000.0,0.0,0.0,0.0,39911000000.0,19802000000.0,20109000000.0,50953020226.0,712000000.0,-477000000.0,-690000000.0,1039000000.0,-341000000.0,-2000000.0,-1146000000.0,0.0,2020000000.0,-160000000.0,1145000000.0,1145000000.0,1145000000.0,0.0,84000000.0,0.081,1617000000.0,1687000000.0,5594000000.0,0.31,3.232,10.867,10.72,6348000000.0,0.0,53.6,0.862,0.85,9480000000.0,25034000000.0,14132000000.0,14132000000.0,490000000.0,,,,,50000000.0,1649000000.0,1.0,950616049.0,937800000.0,956400000.0,15.069,38031000000.0,5184000000.0,403000000.0,0.0,40.553,4665000000.0
51,RTX,MRQ,2008-09-30,2008-09-30,2008-09-30,2021-08-25,-242000000.0,56810000000.0,,24181000000.0,32629000000.0,,22.597,-268000000.0,3615000000.0,3615000000.0,10935000000.0,1370000000.0,1.218,1.649,10372000000.0,2259000000.0,8113000000.0,10372000000.0,0.0,326000000.0,0.0,0.021,0.32,1948000000.0,2274000000.0,0.151,2274000000.0,1948000000.0,1771000000.0,1.36,1.33,1.36,21083000000.0,,21083000000.0,65207269768.0,9.0,7.637,1567000000.0,1.68,1.0,4150000000.0,0.275,19558000000.0,177000000.0,24152000000.0,,9011000000.0,0.0,0.0,0.0,34765000000.0,19857000000.0,14908000000.0,57919269768.0,173000000.0,23000000.0,-950000000.0,-328000000.0,-286000000.0,-1624000000.0,41000000.0,0.0,1835000000.0,-79000000.0,1269000000.0,1269000000.0,1269000000.0,0.0,101000000.0,0.084,2101000000.0,2049000000.0,5104000000.0,0.235,2.747,12.58,12.358,6441000000.0,0.0,60.06,0.955,0.924,9346000000.0,24380000000.0,15085000000.0,15085000000.0,436000000.0,,,,,51000000.0,1665000000.0,1.0,964356806.0,933000000.0,951000000.0,16.168,37252000000.0,2587000000.0,502000000.0,0.0,39.927,4324000000.0
52,RTX,MRQ,2008-06-30,2008-06-30,2008-06-30,2021-08-25,746000000.0,58486000000.0,,24779000000.0,33707000000.0,,23.212,-305000000.0,3442000000.0,3442000000.0,11636000000.0,1375000000.0,1.208,1.625,10730000000.0,2624000000.0,8106000000.0,10730000000.0,0.0,326000000.0,0.0,0.021,0.32,1999000000.0,2325000000.0,0.146,2325000000.0,1999000000.0,1823000000.0,1.35,1.32,1.35,21912000000.0,,21912000000.0,66924664835.0,9.0,7.984,1113000000.0,1.179,1.0,4308000000.0,0.27,20466000000.0,176000000.0,24803000000.0,,9082000000.0,0.0,0.0,0.0,35617000000.0,20505000000.0,15112000000.0,60046664835.0,303000000.0,-335000000.0,-719000000.0,718000000.0,-290000000.0,-313000000.0,-799000000.0,0.0,1418000000.0,-3000000.0,1275000000.0,1275000000.0,1275000000.0,0.0,100000000.0,0.08,2209000000.0,2099000000.0,5577000000.0,0.237,2.74,13.249,13.017,6550000000.0,0.0,61.7,1.01,0.98,10103000000.0,23410000000.0,15944000000.0,15944000000.0,434000000.0,,,,,52000000.0,1775000000.0,1.0,973203644.0,944000000.0,966000000.0,16.89,38020000000.0,2572000000.0,548000000.0,0.0,40.275,4274000000.0
53,RTX,MRQ,2008-03-31,2008-03-31,2008-03-31,2021-08-25,805000000.0,57053000000.0,,23916000000.0,33137000000.0,,22.674,-237000000.0,3139000000.0,3139000000.0,10238000000.0,1079000000.0,1.22,1.597,10017000000.0,2003000000.0,8014000000.0,10017000000.0,0.0,319000000.0,0.0,0.018,0.32,1595000000.0,1914000000.0,0.137,1914000000.0,1595000000.0,1430000000.0,1.05,1.03,1.05,21586000000.0,,21586000000.0,73792073302.0,11.0,9.083,651000000.0,0.684,1.0,3720000000.0,0.267,20277000000.0,165000000.0,24049000000.0,,9075000000.0,0.0,0.0,0.0,34483000000.0,19605000000.0,14878000000.0,67548073302.0,235000000.0,-126000000.0,-801000000.0,862000000.0,-293000000.0,-299000000.0,-432000000.0,0.0,888000000.0,78000000.0,1000000000.0,1000000000.0,1000000000.0,0.0,79000000.0,0.072,2046000000.0,1674000000.0,5503000000.0,0.305,3.129,15.334,15.026,6477000000.0,0.0,68.82,1.177,1.141,9558000000.0,22440000000.0,13958000000.0,13958000000.0,411000000.0,,,,,58000000.0,1635000000.0,1.0,981518066.0,952000000.0,975000000.0,14.662,36776000000.0,2442000000.0,430000000.0,0.0,38.63,4311000000.0
54,RTX,MRQ,2007-12-31,2007-12-31,2007-12-31,2021-08-25,584000000.0,54575000000.0,,22071000000.0,32504000000.0,,22.152,-456000000.0,2904000000.0,2904000000.0,11686000000.0,1384000000.0,1.263,1.513,9148000000.0,1133000000.0,8015000000.0,9148000000.0,0.0,310000000.0,0.0,0.015,0.32,1715000000.0,2025000000.0,0.129,2025000000.0,1715000000.0,1541000000.0,1.1,1.08,1.1,21355000000.0,,21355000000.0,82177410127.0,12.0,10.404,1589000000.0,1.648,1.0,3985000000.0,0.254,19877000000.0,174000000.0,23473000000.0,,8101000000.0,0.0,0.0,0.0,32308000000.0,17469000000.0,14839000000.0,75660410127.0,94000000.0,-295000000.0,-501000000.0,-172000000.0,-294000000.0,-953000000.0,-1026000000.0,0.0,2045000000.0,28000000.0,1060000000.0,1060000000.0,1060000000.0,0.0,324000000.0,0.068,2192000000.0,1793000000.0,5059000000.0,0.291,3.543,17.912,17.475,6296000000.0,0.0,76.54,1.358,1.324,8844000000.0,21751000000.0,15671000000.0,15671000000.0,481000000.0,,,,,57000000.0,1711000000.0,1.0,988508102.0,964000000.0,989000000.0,16.256,34698000000.0,2393000000.0,481000000.0,0.0,35.994,4602000000.0
55,RTX,MRQ,2007-09-30,2007-09-30,2007-09-30,2021-08-25,-94000000.0,53497000000.0,,22561000000.0,30936000000.0,,21.057,-238000000.0,2810000000.0,2810000000.0,10068000000.0,1197000000.0,1.211,1.596,9327000000.0,2268000000.0,7059000000.0,9327000000.0,0.0,308000000.0,0.0,0.014,0.32,1810000000.0,2118000000.0,0.153,2118000000.0,1810000000.0,1631000000.0,1.24,1.21,1.24,20278000000.0,,20278000000.0,85119754832.0,13.0,11.364,1145000000.0,1.189,1.0,3795000000.0,0.274,19580000000.0,179000000.0,21800000000.0,,8550000000.0,0.0,0.0,0.0,32355000000.0,18634000000.0,13721000000.0,79818754832.0,-482000000.0,-1236000000.0,-500000000.0,471000000.0,-296000000.0,-311000000.0,-1619000000.0,0.0,1383000000.0,65000000.0,1197000000.0,1197000000.0,1197000000.0,0.0,0.0,0.086,1907000000.0,1888000000.0,4977000000.0,0.258,3.936,19.811,19.3,6053000000.0,0.0,80.48,1.511,1.467,8999000000.0,21004000000.0,13863000000.0,13863000000.0,399000000.0,,,,,44000000.0,1508000000.0,1.0,991783733.0,963000000.0,989000000.0,14.396,33917000000.0,2971000000.0,434000000.0,0.0,35.22,3927000000.0
56,RTX,MRQ,2007-06-30,2007-06-30,2007-06-30,2021-08-25,-571000000.0,50557000000.0,,21712000000.0,28845000000.0,,19.871,-251000000.0,3292000000.0,3292000000.0,10129000000.0,1148000000.0,1.279,1.588,8593000000.0,1548000000.0,7045000000.0,8593000000.0,0.0,277000000.0,0.0,0.015,0.265,1790000000.0,2067000000.0,0.149,2067000000.0,1790000000.0,1627000000.0,1.19,1.16,1.19,19195000000.0,,19195000000.0,76317945931.0,12.0,10.601,1198000000.0,1.24,1.0,3775000000.0,0.272,17894000000.0,163000000.0,20993000000.0,,7974000000.0,0.0,0.0,0.0,30477000000.0,16971000000.0,13506000000.0,70534945931.0,811000000.0,-98000000.0,-500000000.0,308000000.0,-245000000.0,-314000000.0,-377000000.0,0.0,1449000000.0,53000000.0,1148000000.0,1148000000.0,1148000000.0,0.0,0.0,0.083,1910000000.0,1865000000.0,5100000000.0,0.223,3.675,18.426,17.957,5875000000.0,0.0,70.93,1.379,1.34,8428000000.0,20123000000.0,13904000000.0,13904000000.0,416000000.0,,,,,43000000.0,1494000000.0,1.0,994430367.0,966000000.0,990000000.0,14.393,32663000000.0,2978000000.0,479000000.0,0.0,33.813,4741000000.0
57,RTX,MRQ,2007-03-31,2007-03-31,2007-03-31,2021-08-25,-1013000000.0,48583000000.0,,20187000000.0,28396000000.0,,18.705,-208000000.0,2481000000.0,2481000000.0,8996000000.0,819000000.0,1.253,1.636,8264000000.0,1229000000.0,7035000000.0,8264000000.0,0.0,278000000.0,0.0,0.016,0.265,1411000000.0,1689000000.0,0.138,1689000000.0,1411000000.0,1261000000.0,0.85,0.82,0.85,18106000000.0,,18106000000.0,70111106835.0,12.0,9.929,245000000.0,0.253,1.0,3282000000.0,0.267,17528000000.0,150000000.0,20730000000.0,,7508000000.0,0.0,0.0,0.0,29623000000.0,16108000000.0,13515000000.0,64726106835.0,-65000000.0,-110000000.0,-500000000.0,286000000.0,-245000000.0,-377000000.0,-160000000.0,0.0,453000000.0,19000000.0,819000000.0,819000000.0,819000000.0,0.0,0.0,0.067,1778000000.0,1504000000.0,4786000000.0,0.312,3.575,17.11,16.753,5759000000.0,0.0,65.0,1.308,1.271,7978000000.0,19243000000.0,12278000000.0,12278000000.0,382000000.0,,,,,54000000.0,1396000000.0,1.0,995786259.0,968000000.0,993000000.0,12.684,31055000000.0,3005000000.0,442000000.0,0.0,32.082,4079000000.0
58,RTX,MRQ,2006-12-31,2006-12-31,2006-12-31,2021-08-25,-1439000000.0,47141000000.0,,18844000000.0,28297000000.0,,17.234,-351000000.0,2546000000.0,2546000000.0,9521000000.0,865000000.0,1.239,1.677,7931000000.0,894000000.0,7037000000.0,7931000000.0,0.0,261000000.0,0.0,0.016,0.265,1355000000.0,1616000000.0,0.126,1616000000.0,1355000000.0,1202000000.0,0.89,0.87,0.89,17297000000.0,,17297000000.0,68125252392.0,12.0,9.924,1304000000.0,1.299,1.0,3266000000.0,0.255,17362000000.0,153000000.0,19956000000.0,,6657000000.0,0.0,0.0,0.0,29008000000.0,15208000000.0,13800000000.0,62748252392.0,-368000000.0,-287000000.0,-738000000.0,-497000000.0,-246000000.0,-1466000000.0,-594000000.0,0.0,1655000000.0,37000000.0,865000000.0,865000000.0,865000000.0,0.0,0.0,0.068,1838000000.0,1428000000.0,4263000000.0,0.298,3.628,16.814,16.409,5725000000.0,0.0,62.52,1.312,1.312,7679000000.0,18754000000.0,12787000000.0,12787000000.0,406000000.0,,,,,44000000.0,1432000000.0,1.0,1003650870.0,1003650870.0,,12.74,29779000000.0,2951000000.0,337000000.0,0.0,29.671,3636000000.0
59,RTX,MRQ,2006-09-30,2006-09-30,2006-09-30,2021-08-25,260000000.0,49596000000.0,,19906000000.0,29690000000.0,,19.32,-184000000.0,2914000000.0,2914000000.0,8794000000.0,996000000.0,1.291,1.575,8291000000.0,1224000000.0,7067000000.0,8291000000.0,0.0,252000000.0,0.0,0.015,0.265,1575000000.0,1827000000.0,0.15,1827000000.0,1575000000.0,1419000000.0,1.02,0.99,1.02,18934000000.0,,18934000000.0,69950072889.0,13.0,10.65,1177000000.0,1.201,1.0,3369000000.0,0.277,16971000000.0,156000000.0,22580000000.0,,7197000000.0,0.0,0.0,0.0,29812000000.0,15422000000.0,14390000000.0,64074072889.0,31000000.0,-16000000.0,-580000000.0,-483000000.0,-249000000.0,-1355000000.0,-7000000.0,0.0,1361000000.0,32000000.0,996000000.0,996000000.0,996000000.0,0.0,0.0,0.082,1722000000.0,1647000000.0,4245000000.0,0.26,3.384,18.344,17.845,5576000000.0,0.0,63.35,1.384,1.341,7693000000.0,18167000000.0,12163000000.0,12163000000.0,384000000.0,,,,,45000000.0,1338000000.0,1.0,1011429722.0,980000000.0,1006000000.0,12.411,32625000000.0,2231000000.0,423000000.0,0.0,33.291,4484000000.0
60,RTX,MRQ,2006-06-30,2006-06-30,2006-06-30,2021-08-25,53000000.0,49166000000.0,,19621000000.0,29545000000.0,,18.767,-218000000.0,2883000000.0,2883000000.0,8775000000.0,1103000000.0,1.247,1.62,8759000000.0,1698000000.0,7061000000.0,8759000000.0,0.0,256000000.0,0.0,0.015,0.265,1673000000.0,1929000000.0,0.157,1929000000.0,1673000000.0,1518000000.0,1.12,1.09,1.12,18448000000.0,,18448000000.0,69965269425.0,13.0,11.074,594000000.0,0.604,1.0,3489000000.0,0.284,16606000000.0,155000000.0,22699000000.0,,6856000000.0,0.0,0.0,0.0,29889000000.0,15737000000.0,14152000000.0,64109269425.0,466000000.0,-67000000.0,-375000000.0,461000000.0,-249000000.0,-37000000.0,-333000000.0,0.0,812000000.0,24000000.0,1103000000.0,1103000000.0,1103000000.0,0.0,0.0,0.09,1748000000.0,1741000000.0,4340000000.0,0.237,3.475,19.322,18.875,5586000000.0,0.0,63.42,1.423,1.384,7810000000.0,17432000000.0,12264000000.0,12264000000.0,370000000.0,,,,,47000000.0,1378000000.0,1.0,1010868329.0,983000000.0,1009000000.0,12.476,32560000000.0,2215000000.0,415000000.0,0.0,33.123,3884000000.0
61,RTX,MRQ,2006-03-31,2006-03-31,2006-03-31,2021-08-25,-192000000.0,47031000000.0,,18121000000.0,28910000000.0,,17.639,-201000000.0,2417000000.0,2417000000.0,7650000000.0,768000000.0,1.133,1.663,8273000000.0,2319000000.0,5954000000.0,8273000000.0,0.0,264000000.0,0.0,0.015,0.22,1229000000.0,1493000000.0,0.141,1493000000.0,1229000000.0,1087000000.0,0.78,0.76,0.78,17357000000.0,,17357000000.0,64857309509.0,13.0,10.733,774000000.0,0.787,1.0,2965000000.0,0.279,16284000000.0,142000000.0,20610000000.0,,6472000000.0,0.0,0.0,0.0,28873000000.0,15993000000.0,12880000000.0,58864309509.0,170000000.0,-90000000.0,-375000000.0,-14000000.0,-207000000.0,-484000000.0,-327000000.0,0.0,975000000.0,6000000.0,768000000.0,768000000.0,768000000.0,0.0,0.0,0.072,1683000000.0,1282000000.0,4017000000.0,0.282,3.391,18.476,18.003,5677000000.0,0.0,57.97,1.34,1.298,7128000000.0,16601000000.0,10615000000.0,10615000000.0,369000000.0,,,,,44000000.0,1314000000.0,1.0,1015427109.0,984000000.0,1009000000.0,10.788,30747000000.0,2234000000.0,319000000.0,0.0,31.247,2128000000.0
62,RTX,MRQ,2005-12-31,2005-12-31,2005-12-31,2021-08-25,-194000000.0,45925000000.0,,17206000000.0,28719000000.0,,16.68,-345000000.0,2247000000.0,2247000000.0,8239000000.0,626000000.0,1.121,1.657,8240000000.0,2305000000.0,5935000000.0,8240000000.0,0.0,256000000.0,0.0,0.016,0.22,1063000000.0,1319000000.0,0.117,1319000000.0,1063000000.0,920000000.0,0.63,0.63,0.63,16991000000.0,,16991000000.0,62662862673.0,13.0,10.796,800000000.0,0.785,1.0,3022000000.0,0.268,16066000000.0,143000000.0,20507000000.0,,5659000000.0,0.0,0.0,0.0,28156000000.0,15345000000.0,12811000000.0,56952862673.0,145000000.0,-493000000.0,-421000000.0,442000000.0,-207000000.0,-158000000.0,-831000000.0,0.0,1145000000.0,-11000000.0,626000000.0,626000000.0,626000000.0,0.0,0.0,0.056,1801000000.0,1221000000.0,3820000000.0,0.349,3.352,18.557,18.035,5623000000.0,0.0,55.91,1.333,1.333,7240000000.0,16051000000.0,11261000000.0,11261000000.0,423000000.0,,,,,34000000.0,1378000000.0,1.0,1018652525.0,1018652525.0,,11.055,29859000000.0,2146000000.0,294000000.0,0.0,29.312,1861000000.0
63,RTX,MRQ,2005-09-30,2005-09-30,2005-09-30,2021-08-25,-1309000000.0,46068000000.0,,17511000000.0,28557000000.0,,15.871,-249000000.0,2102000000.0,2102000000.0,7891000000.0,821000000.0,1.181,1.926,7812000000.0,1446000000.0,6366000000.0,7812000000.0,0.0,265000000.0,0.0,0.016,0.22,1312000000.0,1577000000.0,0.145,1577000000.0,1312000000.0,1177000000.0,0.83,0.81,0.83,15744000000.0,,15744000000.0,58351486913.0,12.0,10.25,906000000.0,0.913,1.0,3014000000.0,0.276,15856000000.0,135000000.0,21095000000.0,,5964000000.0,0.0,0.0,0.0,30324000000.0,14827000000.0,15497000000.0,53123486913.0,117000000.0,-901000000.0,-385000000.0,594000000.0,-208000000.0,58000000.0,-1092000000.0,0.0,1155000000.0,-4000000.0,821000000.0,821000000.0,821000000.0,0.0,0.0,0.075,1630000000.0,1384000000.0,3680000000.0,0.265,3.374,17.389,16.804,5513000000.0,0.0,51.84,1.286,1.245,7338000000.0,15658000000.0,10905000000.0,10905000000.0,335000000.0,,,,,48000000.0,1295000000.0,1.0,1024758621.0,992000000.0,1015000000.0,10.993,30212000000.0,2559000000.0,356000000.0,0.0,30.456,2684000000.0
64,RTX,MRQ,2005-06-30,2005-06-30,2005-06-30,2021-08-25,-1449000000.0,44791000000.0,,17295000000.0,27496000000.0,,15.351,-183000000.0,1985000000.0,1985000000.0,7990000000.0,971000000.0,1.219,1.932,7213000000.0,598000000.0,6615000000.0,7213000000.0,0.0,237000000.0,0.0,0.015,0.22,1417000000.0,1654000000.0,0.148,1654000000.0,1417000000.0,1297000000.0,0.98,0.95,0.98,15274000000.0,,15274000000.0,55446236478.0,12.0,10.239,1005000000.0,1.01,1.0,3162000000.0,0.284,15263000000.0,120000000.0,20569000000.0,,5874000000.0,0.0,0.0,0.0,29517000000.0,14187000000.0,15330000000.0,52564236478.0,22000000.0,-2241000000.0,-260000000.0,1805000000.0,-209000000.0,1411000000.0,-2552000000.0,0.0,1188000000.0,-25000000.0,971000000.0,971000000.0,971000000.0,0.0,0.0,0.087,1673000000.0,1489000000.0,3975000000.0,0.224,3.441,17.958,17.377,5187000000.0,0.0,51.35,1.323,1.286,7374000000.0,15057000000.0,11152000000.0,11152000000.0,318000000.0,,,,,36000000.0,1355000000.0,1.0,1023646280.0,995000000.0,1018000000.0,11.208,29528000000.0,2592000000.0,326000000.0,0.0,29.676,3108000000.0
65,RTX,MRQ,2005-03-31,2005-03-31,2005-03-31,2021-08-25,-1218000000.0,40535000000.0,,15746000000.0,24789000000.0,,14.819,-152000000.0,1963000000.0,1963000000.0,6815000000.0,651000000.0,1.235,1.757,4845000000.0,622000000.0,4223000000.0,4845000000.0,0.0,226000000.0,0.0,0.015,0.22,1028000000.0,1254000000.0,0.133,1254000000.0,1028000000.0,928000000.0,0.66,0.64,0.66,14700000000.0,,14700000000.0,55353409528.0,13.0,10.709,694000000.0,0.7,1.0,2592000000.0,0.276,11991000000.0,100000000.0,18673000000.0,,5298000000.0,0.0,0.0,0.0,25835000000.0,12753000000.0,13082000000.0,52027409528.0,-302000000.0,-120000000.0,-115000000.0,-735000000.0,-208000000.0,-976000000.0,-174000000.0,0.0,846000000.0,2000000.0,651000000.0,651000000.0,651000000.0,0.0,0.0,0.069,1504000000.0,1088000000.0,3603000000.0,0.333,3.539,18.762,18.186,5160000000.0,0.0,50.83,1.362,1.32,6564000000.0,14310000000.0,9407000000.0,9407000000.0,291000000.0,,,,,35000000.0,1213000000.0,1.0,1023557142.0,992000000.0,1016000000.0,9.483,28544000000.0,2806000000.0,277000000.0,0.0,28.774,2993000000.0
66,RTX,MRQ,2004-12-31,2004-12-31,2004-12-31,2021-08-25,-1152000000.0,40441000000.0,,15670000000.0,24771000000.0,,13.958,-344000000.0,2265000000.0,2265000000.0,7189000000.0,612000000.0,1.197,1.771,5591000000.0,1360000000.0,4231000000.0,5591000000.0,0.0,234000000.0,0.0,0.014,0.175,974000000.0,1208000000.0,0.123,1208000000.0,974000000.0,878000000.0,0.615,0.61,0.615,14266000000.0,,14266000000.0,55535310793.0,14.0,11.008,477000000.0,0.467,1.0,2649000000.0,0.269,12127000000.0,96000000.0,18545000000.0,,5078000000.0,0.0,0.0,0.0,25265000000.0,13095000000.0,12170000000.0,52816310793.0,-75000000.0,-714000000.0,-304000000.0,301000000.0,-164000000.0,-25000000.0,-972000000.0,0.0,821000000.0,101000000.0,612000000.0,612000000.0,612000000.0,0.0,0.0,0.062,1615000000.0,1034000000.0,3490000000.0,0.285,3.702,19.759,19.21,5231000000.0,0.0,51.675,1.411,1.411,6315000000.0,13880000000.0,9838000000.0,9838000000.0,342000000.0,,,,,46000000.0,1273000000.0,1.0,1022086324.0,1022086324.0,,9.625,28314000000.0,2823000000.0,266000000.0,0.0,27.702,2575000000.0
67,RTX,MRQ,2004-09-30,2004-09-30,2004-09-30,2021-08-25,-1712000000.0,37631000000.0,,14677000000.0,22954000000.0,,13.143,-180000000.0,2340000000.0,2340000000.0,6802000000.0,693000000.0,1.258,1.886,5059000000.0,805000000.0,4254000000.0,5059000000.0,0.0,230000000.0,0.0,0.015,0.175,1069000000.0,1299000000.0,0.139,1299000000.0,1069000000.0,980000000.0,0.7,0.68,0.7,13038000000.0,,13038000000.0,50723060385.0,13.0,10.67,741000000.0,0.747,1.0,2537000000.0,0.272,9666000000.0,89000000.0,19014000000.0,,4622000000.0,0.0,0.0,0.0,24593000000.0,11670000000.0,12923000000.0,47776060385.0,322000000.0,-131000000.0,-208000000.0,42000000.0,-165000000.0,-270000000.0,-349000000.0,0.0,921000000.0,20000000.0,693000000.0,693000000.0,693000000.0,0.0,0.0,0.074,1407000000.0,1130000000.0,3100000000.0,0.25,3.664,18.929,18.346,4873000000.0,0.0,46.69,1.32,1.28,6063000000.0,14103000000.0,9339000000.0,9339000000.0,299000000.0,,,,,47000000.0,1108000000.0,1.0,1023261092.0,992000000.0,1010000000.0,9.414,27965000000.0,2491000000.0,287000000.0,0.0,28.191,3007000000.0
68,RTX,MRQ,2004-06-30,2004-06-30,2004-06-30,2021-08-25,-1825000000.0,36692000000.0,,14163000000.0,22529000000.0,,12.581,-148000000.0,2018000000.0,2018000000.0,6976000000.0,817000000.0,1.242,1.94,4965000000.0,718000000.0,4247000000.0,4965000000.0,0.0,252000000.0,0.0,0.014,0.175,1156000000.0,1408000000.0,0.146,1408000000.0,1156000000.0,1065000000.0,0.82,0.81,0.82,12480000000.0,,12480000000.0,50290502772.0,14.0,10.794,946000000.0,0.954,1.0,2646000000.0,0.275,9644000000.0,91000000.0,18594000000.0,,4442000000.0,0.0,0.0,0.0,24212000000.0,11401000000.0,12811000000.0,47016502772.0,287000000.0,-162000000.0,-264000000.0,-20000000.0,-165000000.0,-445000000.0,-345000000.0,0.0,1094000000.0,-17000000.0,817000000.0,817000000.0,817000000.0,0.0,0.0,0.085,1429000000.0,1217000000.0,3269000000.0,0.213,3.767,19.035,18.187,4847000000.0,0.0,45.74,1.351,1.303,6000000000.0,13578000000.0,9622000000.0,9622000000.0,315000000.0,,,,,33000000.0,1114000000.0,1.0,1027907800.0,992000000.0,1010000000.0,9.7,27048000000.0,2506000000.0,248000000.0,0.0,27.266,2762000000.0
69,RTX,MRQ,2004-03-31,2004-03-31,2004-03-31,2021-08-25,-1759000000.0,35928000000.0,,13372000000.0,22556000000.0,,12.134,-123000000.0,1731000000.0,1731000000.0,6275000000.0,551000000.0,1.192,1.973,5005000000.0,744000000.0,4261000000.0,5005000000.0,0.0,262000000.0,0.0,0.014,0.175,868000000.0,1130000000.0,0.131,1130000000.0,868000000.0,781000000.0,0.555,0.54,0.555,12085000000.0,,12085000000.0,48154402694.0,14.0,10.88,637000000.0,0.64,1.0,2371000000.0,0.274,9515000000.0,87000000.0,18471000000.0,,4495000000.0,0.0,0.0,0.0,23843000000.0,11216000000.0,12627000000.0,44476402694.0,108000000.0,-41000000.0,-216000000.0,-281000000.0,-166000000.0,-559000000.0,-96000000.0,0.0,760000000.0,3000000.0,551000000.0,551000000.0,551000000.0,0.0,0.0,0.064,1451000000.0,920000000.0,2991000000.0,0.315,3.68,19.465,18.284,5003000000.0,0.0,43.15,1.349,1.303,5365000000.0,12915000000.0,8646000000.0,8646000000.0,311000000.0,,,,,43000000.0,1140000000.0,1.0,1030739344.0,996000000.0,1016000000.0,8.681,26413000000.0,2664000000.0,230000000.0,0.0,26.519,2156000000.0
70,RTX,MRQ,2003-12-31,2003-12-31,2003-12-31,2021-08-25,-1799000000.0,35274000000.0,,12990000000.0,22284000000.0,,12.439,-208000000.0,1623000000.0,1623000000.0,6333000000.0,463000000.0,1.189,2.013,5301000000.0,1044000000.0,4257000000.0,5301000000.0,0.0,229000000.0,0.0,0.012,0.175,688000000.0,917000000.0,0.107,917000000.0,688000000.0,592000000.0,0.47,0.455,0.47,11707000000.0,,11707000000.0,48629906851.0,14.0,11.367,542000000.0,0.576,1.0,2255000000.0,0.263,11224000000.0,96000000.0,16807000000.0,,4420000000.0,0.0,0.0,0.0,23567000000.0,10921000000.0,12646000000.0,44594906851.0,202000000.0,-16000000.0,-100000000.0,-215000000.0,-164000000.0,-409000000.0,-185000000.0,0.0,750000000.0,46000000.0,463000000.0,463000000.0,463000000.0,0.0,0.0,0.054,1526000000.0,729000000.0,2612000000.0,0.372,3.809,19.944,20.337,5080000000.0,0.0,47.385,1.437,1.437,5187000000.0,12527000000.0,8588000000.0,8588000000.0,264000000.0,,,,,198000000.0,1262000000.0,1.0,941118642.0,941118642.0,,9.125,24050000000.0,2655000000.0,129000000.0,0.0,25.555,2069000000.0
71,RTX,MRQ,2003-09-30,2003-09-30,2003-09-30,2021-08-25,-2533000000.0,34062000000.0,,12144000000.0,21918000000.0,,10.765,-126000000.0,1421000000.0,1421000000.0,5713000000.0,639000000.0,1.219,2.366,5456000000.0,806000000.0,4650000000.0,5456000000.0,0.0,203000000.0,0.0,0.013,0.135,1001000000.0,1204000000.0,0.151,1204000000.0,1001000000.0,906000000.0,0.67,0.635,0.67,10119000000.0,,10119000000.0,38706996461.0,11.0,8.915,896000000.0,0.953,1.0,2241000000.0,0.282,9135000000.0,95000000.0,19003000000.0,,3963000000.0,0.0,0.0,0.0,23943000000.0,9959000000.0,13984000000.0,36229996461.0,-994000000.0,-972000000.0,-50000000.0,-581000000.0,-127000000.0,-768000000.0,-1248000000.0,0.0,1022000000.0,0.0,639000000.0,639000000.0,639000000.0,0.0,0.0,0.08,1193000000.0,1048000000.0,2695000000.0,0.201,3.58,15.711,15.967,4899000000.0,0.0,38.64,1.221,1.225,4971000000.0,12137000000.0,7954000000.0,7954000000.0,260000000.0,,,,,0.0,933000000.0,1.0,937629308.0,940000000.0,1008000000.0,8.462,24927000000.0,2864000000.0,267000000.0,0.0,26.518,2185000000.0
72,RTX,MRQ,2003-06-30,2003-06-30,2003-06-30,2021-08-25,-2572000000.0,30907000000.0,,12709000000.0,18198000000.0,,10.177,-109000000.0,2415000000.0,2415000000.0,5619000000.0,632000000.0,1.516,2.244,4892000000.0,262000000.0,4630000000.0,4892000000.0,0.0,187000000.0,0.0,0.014,0.135,988000000.0,1175000000.0,0.151,1175000000.0,988000000.0,895000000.0,0.665,0.63,0.665,9526000000.0,,9526000000.0,36117904184.0,10.0,8.451,694000000.0,0.741,1.0,2171000000.0,0.279,7068000000.0,93000000.0,17933000000.0,,3911000000.0,0.0,0.0,0.0,21381000000.0,8383000000.0,12998000000.0,33140904184.0,488000000.0,-76000000.0,-50000000.0,-25000000.0,-127000000.0,-148000000.0,-220000000.0,0.0,803000000.0,53000000.0,632000000.0,632000000.0,632000000.0,0.0,0.0,0.081,1138000000.0,1033000000.0,2400000000.0,0.203,3.479,14.542,14.818,4521000000.0,0.0,35.415,1.143,1.143,4653000000.0,11673000000.0,7790000000.0,7790000000.0,281000000.0,,,,,0.0,857000000.0,1.0,935787214.0,936000000.0,1000000000.0,8.323,23839000000.0,2953000000.0,263000000.0,0.0,25.469,4326000000.0
73,RTX,MRQ,2003-03-31,2003-03-31,2003-03-31,2021-08-25,-2873000000.0,29719000000.0,,11929000000.0,17790000000.0,,9.234,-87000000.0,1927000000.0,1927000000.0,4866000000.0,502000000.0,1.447,2.424,4904000000.0,272000000.0,4632000000.0,4904000000.0,0.0,180000000.0,0.0,0.017,0.122,802000000.0,982000000.0,0.147,982000000.0,802000000.0,711000000.0,0.525,0.5,0.525,8680000000.0,,8680000000.0,29975857659.0,8.0,7.014,165000000.0,0.176,1.0,1836000000.0,0.274,7004000000.0,91000000.0,17450000000.0,,3963000000.0,0.0,0.0,0.0,21039000000.0,8242000000.0,12797000000.0,27182857659.0,-153000000.0,-18000000.0,-201000000.0,15000000.0,-115000000.0,-323000000.0,-108000000.0,0.0,252000000.0,26000000.0,502000000.0,502000000.0,502000000.0,0.0,0.0,0.075,999000000.0,837000000.0,2291000000.0,0.232,3.132,11.97,12.164,4495000000.0,0.0,28.89,0.952,0.952,4343000000.0,11192000000.0,6702000000.0,6702000000.0,235000000.0,,,,,0.0,764000000.0,1.0,940908884.0,940000000.0,1002000000.0,7.13,22715000000.0,3010000000.0,209000000.0,0.0,24.165,3687000000.0
74,RTX,MRQ,2002-12-31,2002-12-31,2002-12-31,2021-08-25,-2977000000.0,29194000000.0,,11835000000.0,17359000000.0,,8.82,-181000000.0,2080000000.0,2080000000.0,5248000000.0,533000000.0,1.52,2.494,4873000000.0,241000000.0,4632000000.0,4873000000.0,0.0,190000000.0,0.0,0.016,0.122,791000000.0,981000000.0,0.136,981000000.0,791000000.0,698000000.0,0.56,0.53,0.56,8355000000.0,,8355000000.0,32054795172.0,9.0,7.576,382000000.0,0.403,1.0,1967000000.0,0.273,6981000000.0,93000000.0,17221000000.0,,3803000000.0,0.0,0.0,0.0,20839000000.0,7785000000.0,13054000000.0,29338795172.0,-221000000.0,-61000000.0,-306000000.0,-134000000.0,-114000000.0,-566000000.0,-238000000.0,0.0,563000000.0,20000000.0,533000000.0,533000000.0,533000000.0,0.0,0.0,0.074,1140000000.0,827000000.0,2095000000.0,0.218,3.512,13.121,13.263,4587000000.0,0.0,30.97,1.04,1.04,4277000000.0,10836000000.0,7215000000.0,7215000000.0,278000000.0,,,,,0.0,862000000.0,1.0,947329518.0,947329518.0,,7.616,22213000000.0,3109000000.0,165000000.0,0.0,23.448,4050000000.0
75,RTX,MRQ,2002-09-30,2002-09-30,2002-09-30,2021-08-25,-1488000000.0,28492000000.0,,12229000000.0,16263000000.0,,10.228,-130000000.0,2301000000.0,2301000000.0,5238000000.0,612000000.0,1.476,1.945,5017000000.0,350000000.0,4667000000.0,5017000000.0,0.0,173000000.0,0.0,0.017,0.122,963000000.0,1136000000.0,0.156,1136000000.0,963000000.0,870000000.0,0.64,0.605,0.64,9676000000.0,,9676000000.0,29733634247.0,9.0,7.245,735000000.0,0.777,1.0,2061000000.0,0.282,6937000000.0,93000000.0,15984000000.0,,3967000000.0,0.0,0.0,0.0,18816000000.0,8287000000.0,10529000000.0,26647634247.0,399000000.0,-11000000.0,-168000000.0,13000000.0,-116000000.0,-262000000.0,-176000000.0,0.0,865000000.0,-28000000.0,612000000.0,612000000.0,612000000.0,0.0,0.0,0.084,1059000000.0,1002000000.0,2155000000.0,0.191,2.754,13.012,13.23,4519000000.0,0.0,28.245,0.953,0.955,4390000000.0,10432000000.0,7299000000.0,7299000000.0,270000000.0,,,,,0.0,789000000.0,1.0,943446070.0,946000000.0,1010000000.0,7.716,21555000000.0,1287000000.0,258000000.0,0.0,22.785,3942000000.0
76,RTX,MRQ,2002-06-30,2002-06-30,2002-06-30,2021-08-25,-1400000000.0,28382000000.0,,12313000000.0,16069000000.0,,9.686,-119000000.0,1902000000.0,1902000000.0,5190000000.0,624000000.0,1.417,2.097,4988000000.0,337000000.0,4651000000.0,4988000000.0,0.0,189000000.0,0.0,0.014,0.122,986000000.0,1175000000.0,0.16,1175000000.0,986000000.0,890000000.0,0.65,0.615,0.65,9163000000.0,,9163000000.0,35387134112.0,11.0,8.887,705000000.0,0.745,1.0,2134000000.0,0.291,6933000000.0,96000000.0,15845000000.0,,4170000000.0,0.0,0.0,0.0,19219000000.0,8690000000.0,10529000000.0,32107134112.0,565000000.0,-186000000.0,-126000000.0,357000000.0,-116000000.0,117000000.0,-406000000.0,0.0,824000000.0,30000000.0,624000000.0,624000000.0,624000000.0,0.0,0.0,0.085,1103000000.0,1031000000.0,2498000000.0,0.188,3.504,16.046,16.244,4593000000.0,0.0,33.95,1.164,1.164,4591000000.0,9955000000.0,7324000000.0,7324000000.0,305000000.0,,,,,0.0,798000000.0,1.0,945718236.0,946000000.0,1014000000.0,7.742,21449000000.0,1331000000.0,266000000.0,0.0,22.673,3623000000.0
77,RTX,MRQ,2002-03-31,2002-03-31,2002-03-31,2021-08-25,-1519000000.0,27007000000.0,,11359000000.0,15648000000.0,,9.14,-156000000.0,1337000000.0,1337000000.0,4485000000.0,467000000.0,1.367,2.124,4617000000.0,473000000.0,4144000000.0,4617000000.0,0.0,175000000.0,0.0,0.012,0.122,764000000.0,939000000.0,0.147,939000000.0,764000000.0,665000000.0,0.485,0.46,0.485,8646000000.0,,8646000000.0,38469182365.0,12.0,9.641,445000000.0,0.47,1.0,1889000000.0,0.296,6810000000.0,99000000.0,15167000000.0,,4143000000.0,0.0,0.0,0.0,18361000000.0,8310000000.0,10051000000.0,35068182365.0,-221000000.0,-118000000.0,-100000000.0,-324000000.0,-116000000.0,-540000000.0,-268000000.0,0.0,601000000.0,-14000000.0,467000000.0,467000000.0,467000000.0,0.0,0.0,0.073,1092000000.0,797000000.0,2232000000.0,0.252,4.056,17.846,18.054,4536000000.0,0.0,37.1,1.271,1.272,4227000000.0,9471000000.0,6374000000.0,6374000000.0,338000000.0,,,,,0.0,754000000.0,1.0,945234026.0,946000000.0,1014000000.0,6.738,20197000000.0,1348000000.0,198000000.0,0.0,21.35,3049000000.0
78,RTX,MRQ,2001-12-31,2001-12-31,2001-12-31,2021-08-25,-1466000000.0,27010000000.0,,11304000000.0,15706000000.0,,8.931,-205000000.0,1558000000.0,1558000000.0,5168000000.0,345000000.0,1.344,2.227,4959000000.0,722000000.0,4237000000.0,4959000000.0,0.0,238000000.0,0.0,0.014,0.113,616000000.0,854000000.0,0.122,854000000.0,616000000.0,506000000.0,0.36,0.345,0.36,8369000000.0,,8369000000.0,34157694183.0,11.0,8.488,747000000.0,0.797,1.0,1806000000.0,0.259,6802000000.0,110000000.0,15197000000.0,,3966000000.0,0.0,0.0,0.0,18641000000.0,8412000000.0,10229000000.0,30281694183.0,193000000.0,-21000000.0,-61000000.0,-285000000.0,-105000000.0,-529000000.0,-217000000.0,0.0,952000000.0,-13000000.0,345000000.0,345000000.0,345000000.0,0.0,0.0,0.049,1161000000.0,645000000.0,2156000000.0,0.314,3.618,15.625,15.919,4549000000.0,0.0,32.315,1.085,1.085,4141000000.0,9149000000.0,6974000000.0,6974000000.0,301000000.0,,,,,0.0,860000000.0,1.0,937078576.0,937078576.0,,7.442,20208000000.0,2583000000.0,161000000.0,0.0,21.565,2892000000.0
79,RTX,MRQ,2001-09-30,2001-09-30,2001-09-30,2021-08-25,-944000000.0,26610000000.0,,11749000000.0,14861000000.0,,8.97,-174000000.0,1365000000.0,1365000000.0,4923000000.0,565000000.0,1.25,2.156,5241000000.0,1367000000.0,3874000000.0,5241000000.0,0.0,220000000.0,0.0,0.019,0.113,794000000.0,1014000000.0,0.147,1014000000.0,794000000.0,694000000.0,0.595,0.56,0.595,8432000000.0,,8432000000.0,25877003694.0,8.0,6.287,467000000.0,0.497,1.0,1997000000.0,0.289,6803000000.0,100000000.0,14282000000.0,,4205000000.0,0.0,0.0,0.0,18178000000.0,9401000000.0,8777000000.0,21899003694.0,408000000.0,-133000000.0,-173000000.0,254000000.0,-106000000.0,-18000000.0,-217000000.0,0.0,641000000.0,2000000.0,565000000.0,565000000.0,565000000.0,0.0,0.0,0.082,1175000000.0,822000000.0,2319000000.0,0.19,2.597,10.846,10.993,4520000000.0,0.0,23.25,0.791,0.789,4517000000.0,8921000000.0,6920000000.0,6920000000.0,318000000.0,,,,,0.0,857000000.0,1.0,941892632.0,940000000.0,1008000000.0,7.362,19807000000.0,1354000000.0,129000000.0,0.0,21.071,2348000000.0
80,RTX,MRQ,2001-06-30,2001-06-30,2001-06-30,2021-08-25,-930000000.0,26023000000.0,,11096000000.0,14927000000.0,,8.651,-207000000.0,957000000.0,957000000.0,5184000000.0,588000000.0,1.209,2.193,4935000000.0,1066000000.0,3869000000.0,4935000000.0,0.0,225000000.0,0.0,0.012,0.113,958000000.0,1183000000.0,0.161,1183000000.0,958000000.0,849000000.0,0.615,0.58,0.615,8149000000.0,,8149000000.0,38580083536.0,12.0,9.33,543000000.0,0.576,1.0,2148000000.0,0.293,6696000000.0,109000000.0,14126000000.0,,4042000000.0,0.0,0.0,0.0,17874000000.0,9179000000.0,8695000000.0,34486083536.0,177000000.0,-103000000.0,-165000000.0,53000000.0,-106000000.0,-152000000.0,-416000000.0,0.0,750000000.0,-5000000.0,588000000.0,588000000.0,588000000.0,0.0,0.0,0.08,1159000000.0,989000000.0,2444000000.0,0.184,4.232,17.685,17.956,4567000000.0,0.0,36.63,1.266,1.267,4437000000.0,8479000000.0,7332000000.0,7332000000.0,338000000.0,,,,,0.0,821000000.0,1.0,941471022.0,942000000.0,1014000000.0,7.783,19327000000.0,1363000000.0,261000000.0,0.0,20.517,1917000000.0
81,RTX,MRQ,2001-03-31,2001-03-31,2001-03-31,2021-08-25,-947000000.0,25687000000.0,,10962000000.0,14725000000.0,,8.214,-207000000.0,780000000.0,780000000.0,4812000000.0,440000000.0,1.198,2.32,4874000000.0,914000000.0,3960000000.0,4874000000.0,0.0,222000000.0,0.0,0.012,0.113,751000000.0,973000000.0,0.146,973000000.0,751000000.0,644000000.0,0.46,0.43,0.46,7738000000.0,,7738000000.0,38564336136.0,12.0,9.586,426000000.0,0.452,1.0,1859000000.0,0.279,6778000000.0,107000000.0,13851000000.0,,4005000000.0,0.0,0.0,0.0,17949000000.0,9152000000.0,8797000000.0,34501336136.0,32000000.0,-165000000.0,-200000000.0,63000000.0,-106000000.0,-161000000.0,-427000000.0,0.0,633000000.0,-13000000.0,440000000.0,440000000.0,440000000.0,0.0,0.0,0.066,1082000000.0,777000000.0,2333000000.0,0.246,4.459,18.44,18.699,4507000000.0,0.0,36.65,1.284,1.285,4410000000.0,8035000000.0,6671000000.0,6671000000.0,297000000.0,,,,,0.0,785000000.0,1.0,941373428.0,942000000.0,1016000000.0,7.082,18909000000.0,1420000000.0,204000000.0,0.0,20.073,1810000000.0
82,RTX,MRQ,2000-12-31,2000-12-31,2000-12-31,2021-08-25,-791000000.0,25364000000.0,,10662000000.0,14702000000.0,,8.18,-337000000.0,748000000.0,748000000.0,4830000000.0,426000000.0,1.141,2.31,4811000000.0,1335000000.0,3476000000.0,4811000000.0,0.0,220000000.0,0.0,0.01,0.113,726000000.0,946000000.0,0.14,946000000.0,726000000.0,620000000.0,0.445,0.42,0.445,7662000000.0,,7662000000.0,40251098678.0,13.0,10.316,472000000.0,0.504,1.0,1937000000.0,0.286,6771000000.0,106000000.0,13312000000.0,,3756000000.0,0.0,0.0,0.0,17702000000.0,9344000000.0,8358000000.0,36827098678.0,-70000000.0,-661000000.0,-127000000.0,421000000.0,-105000000.0,183000000.0,-1056000000.0,0.0,809000000.0,-6000000.0,426000000.0,426000000.0,426000000.0,0.0,0.0,0.063,1192000000.0,745000000.0,2261000000.0,0.254,4.806,20.369,20.802,4487000000.0,0.0,39.315,1.385,1.385,4445000000.0,7743000000.0,6767000000.0,6767000000.0,350000000.0,,,,,0.0,842000000.0,1.0,936718776.0,936718776.0,,7.224,18593000000.0,2504000000.0,194000000.0,0.0,19.849,1318000000.0
83,RTX,MRQ,2000-09-30,2000-09-30,2000-09-30,2021-08-25,-690000000.0,24157000000.0,,10213000000.0,13944000000.0,,7.931,-274000000.0,818000000.0,818000000.0,4525000000.0,496000000.0,1.199,2.254,4242000000.0,1010000000.0,3232000000.0,4242000000.0,0.0,210000000.0,0.0,0.012,0.1,823000000.0,1033000000.0,0.16,1033000000.0,823000000.0,726000000.0,0.52,0.49,0.52,7423000000.0,,7423000000.0,36090700511.0,15.0,10.877,401000000.0,0.428,1.0,1940000000.0,0.3,6071000000.0,97000000.0,12990000000.0,,3704000000.0,0.0,0.0,0.0,16734000000.0,8520000000.0,8214000000.0,32481700511.0,5000000.0,-65000000.0,-151000000.0,-177000000.0,-93000000.0,-329000000.0,-323000000.0,0.0,675000000.0,-18000000.0,496000000.0,496000000.0,496000000.0,0.0,0.0,0.077,1090000000.0,850000000.0,2078000000.0,0.192,4.376,22.588,23.282,4293000000.0,0.0,34.69,1.233,1.233,4130000000.0,7468000000.0,6465000000.0,6465000000.0,329000000.0,,,,,0.0,761000000.0,1.0,936341900.0,936000000.0,1012000000.0,6.907,18086000000.0,1302000000.0,230000000.0,0.0,19.323,1693000000.0
84,RTX,MRQ,2000-06-30,2000-06-30,2000-06-30,2021-08-25,-627000000.0,24316000000.0,,10413000000.0,13903000000.0,,7.588,-177000000.0,813000000.0,813000000.0,4987000000.0,509000000.0,1.162,2.409,4422000000.0,1180000000.0,3242000000.0,4422000000.0,0.0,217000000.0,0.0,0.014,0.1,854000000.0,1071000000.0,0.154,1071000000.0,854000000.0,761000000.0,0.535,0.5,0.535,7133000000.0,,7133000000.0,31312239209.0,18.0,11.82,444000000.0,0.472,1.0,1974000000.0,0.284,6121000000.0,93000000.0,12844000000.0,,3599000000.0,0.0,0.0,0.0,17183000000.0,8960000000.0,8223000000.0,27704239209.0,156000000.0,-173000000.0,-222000000.0,167000000.0,-95000000.0,-132000000.0,-329000000.0,0.0,621000000.0,-4000000.0,509000000.0,509000000.0,509000000.0,0.0,0.0,0.073,1096000000.0,878000000.0,2130000000.0,0.187,3.884,26.845,28.583,4235000000.0,0.0,29.44,1.066,1.065,4382000000.0,7088000000.0,6961000000.0,6961000000.0,309000000.0,,,,,0.0,787000000.0,1.0,941040734.0,940000000.0,1016000000.0,7.405,18195000000.0,1375000000.0,252000000.0,0.0,19.356,1453000000.0
85,RTX,MRQ,2000-03-31,2000-03-31,2000-03-31,2021-08-25,-494000000.0,24201000000.0,,10369000000.0,13832000000.0,,7.438,-149000000.0,657000000.0,657000000.0,4628000000.0,377000000.0,1.158,2.44,4265000000.0,1019000000.0,3246000000.0,4265000000.0,0.0,212000000.0,0.0,0.012,0.1,640000000.0,852000000.0,0.133,852000000.0,640000000.0,554000000.0,0.39,0.37,0.39,7036000000.0,,7036000000.0,33322114423.0,15.0,10.732,377000000.0,0.399,1.0,1762000000.0,0.276,5752000000.0,86000000.0,13099000000.0,,3641000000.0,0.0,0.0,0.0,17165000000.0,8958000000.0,8207000000.0,29958114423.0,-300000000.0,-269000000.0,-300000000.0,-51000000.0,-94000000.0,-432000000.0,-393000000.0,0.0,526000000.0,-1000000.0,377000000.0,377000000.0,377000000.0,0.0,0.0,0.059,1095000000.0,667000000.0,2080000000.0,0.256,4.258,18.724,19.033,4343000000.0,0.0,31.595,1.195,1.192,4298000000.0,6707000000.0,6390000000.0,6390000000.0,314000000.0,,,,,0.0,781000000.0,1.0,948191626.0,946000000.0,1022000000.0,6.755,18449000000.0,1505000000.0,177000000.0,0.0,19.502,1411000000.0
86,RTX,MRQ,1999-12-31,1999-12-31,1999-12-31,2021-08-25,-391000000.0,24366000000.0,,10627000000.0,13739000000.0,,7.433,-277000000.0,957000000.0,957000000.0,5004000000.0,56000000.0,1.153,2.424,4321000000.0,1235000000.0,3086000000.0,4321000000.0,0.0,230000000.0,0.0,0.012,0.1,132000000.0,362000000.0,0.056,362000000.0,132000000.0,47000000.0,0.045,0.045,0.045,7117000000.0,,7117000000.0,33525158695.0,16.0,11.423,439000000.0,0.458,1.0,1513000000.0,0.232,5641000000.0,85000000.0,12874000000.0,,3504000000.0,0.0,0.0,0.0,17249000000.0,9215000000.0,8034000000.0,31118158695.0,-158000000.0,-935000000.0,-273000000.0,758000000.0,-95000000.0,420000000.0,-1292000000.0,0.0,716000000.0,-2000000.0,56000000.0,56000000.0,56000000.0,0.0,0.0,0.009,1359000000.0,154000000.0,1957000000.0,2.222,4.372,20.325,20.186,4460000000.0,0.0,32.5,1.29,1.29,4337000000.0,6463000000.0,6517000000.0,6517000000.0,406000000.0,,,,,0.0,953000000.0,1.0,957481806.0,957481806.0,,6.806,18725000000.0,2436000000.0,-9000000.0,126000000.0,19.557,1412000000.0
87,RTX,MRQ,1999-09-30,1999-09-30,1999-09-30,2021-08-25,-684000000.0,23080000000.0,,10316000000.0,12764000000.0,,7.413,-193000000.0,1115000000.0,1115000000.0,4857000000.0,90000000.0,1.267,2.25,3522000000.0,678000000.0,2844000000.0,3522000000.0,0.0,209000000.0,0.0,0.012,0.1,155000000.0,364000000.0,0.059,364000000.0,155000000.0,92000000.0,0.06,0.07,0.06,7102000000.0,,7102000000.0,30174887531.0,12.0,9.328,398000000.0,0.415,1.0,1270000000.0,0.207,5338000000.0,63000000.0,12008000000.0,,3504000000.0,0.0,0.0,0.0,15978000000.0,8141000000.0,7837000000.0,28550887531.0,230000000.0,-543000000.0,-282000000.0,731000000.0,-96000000.0,392000000.0,-761000000.0,0.0,591000000.0,8000000.0,90000000.0,90000000.0,90000000.0,0.0,0.0,0.015,1092000000.0,178000000.0,1788000000.0,1.667,4.02,16.204,15.901,4169000000.0,0.0,29.655,1.21,1.204,4170000000.0,6516000000.0,6127000000.0,6127000000.0,306000000.0,,,,,0.0,786000000.0,1.0,962768084.0,958000000.0,1036000000.0,6.396,17742000000.0,1295000000.0,2000000.0,0.0,18.52,2175000000.0
88,RTX,MRQ,1999-06-30,1999-06-30,1999-06-30,2021-08-25,-695000000.0,22027000000.0,,9989000000.0,12038000000.0,,7.971,-163000000.0,885000000.0,885000000.0,4347000000.0,1077000000.0,1.298,2.01,2509000000.0,399000000.0,2110000000.0,2509000000.0,0.0,197000000.0,0.0,0.01,0.09,1330000000.0,1527000000.0,0.253,1527000000.0,1330000000.0,1273000000.0,1.165,1.075,1.165,7317000000.0,,7317000000.0,34045519264.0,12.0,9.431,464000000.0,0.505,1.0,1694000000.0,0.28,4839000000.0,57000000.0,11114000000.0,,3490000000.0,0.0,0.0,0.0,14710000000.0,7698000000.0,7012000000.0,32508519264.0,228000000.0,-1974000000.0,-170000000.0,-173000000.0,-81000000.0,-353000000.0,-2172000000.0,0.0,627000000.0,-3000000.0,1077000000.0,1077000000.0,1077000000.0,-10000000.0,0.0,0.178,999000000.0,695000000.0,1827000000.0,0.077,4.443,16.093,16.514,4145000000.0,0.0,36.0,1.404,1.427,4142000000.0,6553000000.0,6041000000.0,6041000000.0,306000000.0,,,,,0.0,693000000.0,1.0,903014424.0,918000000.0,1002000000.0,6.581,17188000000.0,1256000000.0,196000000.0,0.0,18.723,2291000000.0
89,RTX,MRQ,1999-03-31,1999-03-31,1999-03-31,2021-08-25,-702000000.0,17912000000.0,,10058000000.0,7854000000.0,,4.988,-129000000.0,657000000.0,657000000.0,3977000000.0,308000000.0,1.363,2.981,2194000000.0,641000000.0,1553000000.0,2194000000.0,0.0,183000000.0,0.0,0.011,0.09,499000000.0,682000000.0,0.125,682000000.0,499000000.0,444000000.0,0.335,0.315,0.335,4499000000.0,,4499000000.0,32120937856.0,15.0,11.35,247000000.0,0.274,1.0,1465000000.0,0.269,1404000000.0,55000000.0,10664000000.0,,3302000000.0,1255000000.0,1255000000.0,0.0,13413000000.0,7381000000.0,6032000000.0,30483937856.0,107000000.0,-52000000.0,-97000000.0,39000000.0,-81000000.0,-84000000.0,-186000000.0,0.0,376000000.0,-29000000.0,308000000.0,308000000.0,308000000.0,-30000000.0,0.0,0.057,975000000.0,490000000.0,1648000000.0,0.269,6.776,23.395,20.64,3461000000.0,0.0,33.85,1.329,1.331,3418000000.0,5595000000.0,5442000000.0,5442000000.0,274000000.0,,,,,0.0,701000000.0,1.0,900559464.0,902000000.0,984000000.0,6.033,16508000000.0,1198000000.0,136000000.0,0.0,18.302,2677000000.0
90,RTX,MRQ,1998-12-31,1998-12-31,1998-12-31,2021-08-25,-624000000.0,17768000000.0,,9828000000.0,7940000000.0,,4.847,-270000000.0,550000000.0,550000000.0,4425000000.0,287000000.0,1.368,3.058,2173000000.0,603000000.0,1570000000.0,2173000000.0,0.0,186000000.0,0.0,0.013,0.09,476000000.0,662000000.0,0.111,662000000.0,476000000.0,419000000.0,0.305,0.295,0.305,4378000000.0,,4378000000.0,26011953664.0,13.0,9.459,171000000.0,0.189,1.0,1562000000.0,0.261,1417000000.0,57000000.0,10792000000.0,,3191000000.0,1287000000.0,1287000000.0,0.0,13390000000.0,7182000000.0,6208000000.0,24569953664.0,-8000000.0,-124000000.0,-148000000.0,86000000.0,-81000000.0,-124000000.0,-409000000.0,0.0,441000000.0,2000000.0,287000000.0,287000000.0,287000000.0,-18000000.0,0.0,0.048,1084000000.0,478000000.0,1860000000.0,0.295,5.612,19.578,20.299,3555000000.0,0.0,27.2,1.077,1.077,3417000000.0,5411000000.0,5987000000.0,5987000000.0,324000000.0,,,,,0.0,760000000.0,1.0,903307120.0,903307120.0,,6.628,16351000000.0,2315000000.0,132000000.0,143000000.0,18.101,2646000000.0
91,RTX,MRQ,1998-09-30,1998-09-30,1998-09-30,2021-08-25,-529000000.0,18288000000.0,,9702000000.0,8586000000.0,,4.831,-171000000.0,663000000.0,663000000.0,4202000000.0,348000000.0,1.199,3.178,2105000000.0,500000000.0,1605000000.0,2105000000.0,0.0,184000000.0,0.0,0.018,0.09,555000000.0,739000000.0,0.13,739000000.0,555000000.0,507000000.0,0.375,0.35,0.375,4377000000.0,,4377000000.0,18254578496.0,10.0,7.25,498000000.0,0.55,1.0,1481000000.0,0.261,1731000000.0,48000000.0,9910000000.0,,3110000000.0,0.0,0.0,0.0,13911000000.0,8089000000.0,5822000000.0,17430578496.0,-83000000.0,-670000000.0,-225000000.0,547000000.0,-81000000.0,254000000.0,-896000000.0,0.0,669000000.0,9000000.0,348000000.0,348000000.0,348000000.0,-22000000.0,0.0,0.061,927000000.0,554000000.0,2026000000.0,0.24,3.982,14.382,14.791,4208000000.0,0.0,19.11,0.884,0.878,4351000000.0,5229000000.0,5683000000.0,5683000000.0,288000000.0,,,,,0.0,639000000.0,1.0,912118184.0,906000000.0,984000000.0,6.273,16557000000.0,1385000000.0,159000000.0,0.0,18.275,1613000000.0
92,RTX,MRQ,1998-06-30,1998-06-30,1998-06-30,2021-08-25,-548000000.0,17458000000.0,,9613000000.0,7845000000.0,,4.674,-126000000.0,718000000.0,718000000.0,4309000000.0,360000000.0,1.251,3.069,1542000000.0,321000000.0,1221000000.0,1542000000.0,0.0,179000000.0,0.0,0.014,0.09,568000000.0,747000000.0,0.128,747000000.0,568000000.0,523000000.0,0.625,0.39,0.625,4291000000.0,,4291000000.0,22089836042.0,12.0,8.875,562000000.0,0.612,1.0,1522000000.0,0.261,0.0,45000000.0,10600000000.0,,3073000000.0,0.0,0.0,0.0,13167000000.0,7682000000.0,5485000000.0,21229836042.0,22000000.0,-199000000.0,-188000000.0,-6000000.0,-83000000.0,-280000000.0,-374000000.0,0.0,688000000.0,-9000000.0,360000000.0,360000000.0,360000000.0,-27000000.0,0.0,0.062,956000000.0,566000000.0,2043000000.0,0.144,4.948,18.239,18.831,4131000000.0,0.0,23.125,1.061,1.061,4259000000.0,4981000000.0,5831000000.0,5831000000.0,279000000.0,,,,,0.0,677000000.0,1.0,918046964.0,918000000.0,996000000.0,6.352,17458000000.0,1279000000.0,163000000.0,0.0,19.017,1931000000.0
93,RTX,MRQ,1998-03-31,1998-03-31,1998-03-31,2021-08-25,-498000000.0,17340000000.0,,9599000000.0,7741000000.0,,4.614,-106000000.0,703000000.0,703000000.0,3961000000.0,260000000.0,1.248,3.093,1563000000.0,308000000.0,1255000000.0,1563000000.0,0.0,181000000.0,0.0,0.013,0.077,421000000.0,602000000.0,0.113,602000000.0,421000000.0,374000000.0,0.035,0.23,0.035,4236000000.0,,4236000000.0,22016375942.0,12.0,8.892,410000000.0,0.447,1.0,1347000000.0,0.254,0.0,47000000.0,10508000000.0,,3307000000.0,0.0,0.0,0.0,13104000000.0,7692000000.0,5412000000.0,21156375942.0,-36000000.0,-235000000.0,-89000000.0,-78000000.0,-71000000.0,-185000000.0,-392000000.0,0.0,516000000.0,-6000000.0,260000000.0,260000000.0,260000000.0,-31000000.0,0.0,0.049,938000000.0,409000000.0,1984000000.0,2.2,4.994,19.094,25.139,4129000000.0,0.0,23.078,1.024,1.025,4090000000.0,4725000000.0,5308000000.0,5308000000.0,277000000.0,,,,,0.0,661000000.0,1.0,916753372.0,918000000.0,996000000.0,5.782,17340000000.0,1180000000.0,114000000.0,0.0,18.889,1907000000.0
94,RTX,MRQ,1997-12-31,1997-12-31,1997-12-31,2021-08-25,-501000000.0,16440000000.0,,9018000000.0,7422000000.0,,4.443,-136000000.0,655000000.0,655000000.0,1939000000.0,244000000.0,1.268,3.036,1587000000.0,312000000.0,1275000000.0,1587000000.0,0.0,75000000.0,0.0,0.017,0.077,355000000.0,430000000.0,0.149,430000000.0,355000000.0,313000000.0,0.258,0.243,0.258,4073000000.0,,4073000000.0,,,,137000000.0,0.149,1.0,953000000.0,0.33,982000000.0,42000000.0,9277000000.0,,3113000000.0,0.0,0.0,0.0,12367000000.0,7113000000.0,5254000000.0,16687203254.0,-499000000.0,-279000000.0,-310000000.0,13000000.0,-72000000.0,-346000000.0,-411000000.0,0.0,273000000.0,-17000000.0,244000000.0,244000000.0,244000000.0,-110000000.0,0.0,0.084,706000000.0,247000000.0,1889000000.0,0.298,4.097,15.566,16.399,4127000000.0,0.0,18.203,0.784,0.784,3742000000.0,4558000000.0,2892000000.0,2892000000.0,214000000.0,,,,,0.0,492000000.0,1.0,916753372.0,916753372.0,,3.155,15458000000.0,2061000000.0,69000000.0,133000000.0,16.862,1905000000.0
95,RTX,MRQ,1997-09-30,1997-09-30,1997-09-30,2021-08-25,,,,,,,,-172000000.0,,,4483000000.0,300000000.0,,,,,,,,202000000.0,,0.015,0.077,508000000.0,710000000.0,0.119,710000000.0,508000000.0,459000000.0,0.31,0.295,0.31,,,,,,,366000000.0,0.391,1.0,1496000000.0,0.25,,49000000.0,,,,,,,,,,,-130000000.0,-166000000.0,-237000000.0,-55000000.0,-72000000.0,-368000000.0,-294000000.0,0.0,538000000.0,-6000000.0,300000000.0,300000000.0,300000000.0,0.0,0.0,0.05,958000000.0,538000000.0,,0.248,,,,,0.0,20.25,,,,,5979000000.0,5979000000.0,268000000.0,,,,,0.0,690000000.0,1.0,,936876000.0,1015128000.0,6.382,,,159000000.0,,,
96,RTX,MRQ,1997-06-30,1997-06-30,1997-06-30,2021-08-25,,,,,,,,-189000000.0,,,4888000000.0,304000000.0,,,,,,,,219000000.0,,0.014,0.077,515000000.0,734000000.0,0.113,734000000.0,515000000.0,466000000.0,0.315,0.295,0.315,,,,,,,394000000.0,0.418,1.0,1595000000.0,0.246,,49000000.0,,,,,,,,,,,148000000.0,-46000000.0,-157000000.0,-23000000.0,-73000000.0,-243000000.0,-190000000.0,0.0,583000000.0,-2000000.0,304000000.0,304000000.0,304000000.0,0.0,0.0,0.047,1043000000.0,552000000.0,,0.244,,,,,0.0,20.75,,,,,6483000000.0,6483000000.0,316000000.0,,,,,0.0,727000000.0,1.0,,943008000.0,1019760000.0,6.875,,,162000000.0,,,
97,RTX,MRQ,1997-03-31,1997-03-31,1997-03-31,2021-08-25,,,,,,,,-161000000.0,,,4536000000.0,224000000.0,,,,,,,,211000000.0,,0.015,0.077,396000000.0,607000000.0,0.102,607000000.0,396000000.0,348000000.0,0.228,0.217,0.228,,,,,,,348000000.0,0.366,1.0,1398000000.0,0.236,,48000000.0,,,,,,,,,,,138000000.0,-20000000.0,-145000000.0,-40000000.0,-74000000.0,-240000000.0,-110000000.0,0.0,509000000.0,-21000000.0,224000000.0,224000000.0,224000000.0,0.0,0.0,0.038,973000000.0,425000000.0,,0.338,,,,,0.0,18.938,,,,,5934000000.0,5934000000.0,271000000.0,,,,,0.0,702000000.0,1.0,,949584000.0,1024944000.0,6.249,,,124000000.0,,,
98,RTX,MRQ,1996-12-31,1996-12-31,1996-12-31,2021-08-25,-262000000.0,16745000000.0,,9611000000.0,7134000000.0,,,,1127000000.0,1127000000.0,,,1.332,2.889,1785000000.0,348000000.0,1437000000.0,1785000000.0,0.0,,0.0,0.017,0.069,,,,,,,,,,4306000000.0,,4306000000.0,,,,,,1.0,,,0.0,,10190000000.0,,3342000000.0,0.0,0.0,0.0,12439000000.0,7213000000.0,5226000000.0,,,,,,,,,,,,,,,,,,,,2186000000.0,,,,18.261,4371000000.0,,16.562,,,3717000000.0,3849000000.0,,,,,,,,,,1.0,,,,,16745000000.0,1561000000.0,,155000000.0,,2398000000.0
0,RTX,MRT,2021-06-30,2021-06-30,2021-06-30,2021-08-25,-3555000000.0,158838000000.0,160999500000.0,40879000000.0,117959000000.0,0.387,46.938,-1759000000.0,8051000000.0,8051000000.0,52462000000.0,2184000000.0,1.175,1.211,33045000000.0,1566000000.0,31479000000.0,33045000000.0,12591000000.0,4572000000.0,0.0,0.023,1.935,4232000000.0,8804000000.0,0.141,8804000000.0,4232000000.0,2845000000.0,1.56,1.55,1.56,71115000000.0,70841750000.0,71115000000.0,153763316810.0,36.0,17.465,3191000000.0,2.106,1.0,9835000000.0,0.158,93917000000.0,1387000000.0,55121000000.0,55453750000.0,9548000000.0,0.0,0.0,0.0,86087000000.0,34794000000.0,51293000000.0,129252316810.0,1063000000.0,2971000000.0,-1000000000.0,-1378000000.0,-2855000000.0,-5556000000.0,1526000000.0,18000000.0,4950000000.0,67000000.0,2184000000.0,2184000000.0,2184000000.0,-75000000.0,0.0,0.035,7938000000.0,1897000000.0,8043000000.0,1.24,1.818,59.181,54.686,16565000000.0,0.0,85.31,2.075,2.075,8912000000.0,48954000000.0,62297000000.0,62297000000.0,2598000000.0,0.014,0.031,0.076,0.068,422000000.0,5340000000.0,1.0,1515089870.0,1515089870.0,,41.118,64921000000.0,0.0,661000000.0,0.0,42.85,6085000000.0
1,RTX,MRT,2021-03-31,2021-03-31,2021-03-31,2021-08-25,-3921000000.0,160608000000.0,161669250000.0,42552000000.0,118056000000.0,0.374,47.194,-1857000000.0,8579000000.0,8579000000.0,52021000000.0,-2683000000.0,1.17,1.217,33090000000.0,1603000000.0,31487000000.0,33090000000.0,12879000000.0,4551000000.0,0.0,0.025,1.9,-1022000000.0,3529000000.0,0.058,3529000000.0,-1022000000.0,-2402000000.0,-1.68,-1.68,-1.68,71710000000.0,69869250000.0,71710000000.0,141947075414.0,-139.0,40.223,1807000000.0,1.189,1.0,8457000000.0,0.14,94264000000.0,1380000000.0,54496000000.0,56286500000.0,9498000000.0,0.0,0.0,0.0,87266000000.0,36359000000.0,50907000000.0,117410075414.0,550000000.0,6388000000.0,-365000000.0,-1945000000.0,-2823000000.0,-8175000000.0,4965000000.0,255000000.0,3664000000.0,20000000.0,-2683000000.0,-2683000000.0,-2683000000.0,-92000000.0,0.0,-0.044,11602000000.0,-3145000000.0,9182000000.0,-1.131,1.637,-43.761,-45.994,16655000000.0,0.0,77.27,1.941,1.941,10037000000.0,49460000000.0,60478000000.0,60478000000.0,2636000000.0,-0.017,-0.038,-0.018,-0.017,351000000.0,5783000000.0,1.0,1519478134.0,1519478134.0,,39.802,66344000000.0,0.0,281000000.0,0.0,43.662,6193000000.0
2,RTX,MRT,2020-12-31,2020-12-31,2020-12-31,2021-08-25,-3734000000.0,162153000000.0,156410250000.0,43376000000.0,118777000000.0,0.362,53.147,-1795000000.0,8802000000.0,8802000000.0,48056000000.0,-3519000000.0,1.21,1.223,33339000000.0,797000000.0,32542000000.0,33339000000.0,12889000000.0,4156000000.0,0.0,0.03,2.16,-1578000000.0,2578000000.0,0.046,2578000000.0,-1578000000.0,-2944000000.0,-2.59,-2.59,-2.59,72163000000.0,61794500000.0,72163000000.0,133034411623.0,-84.0,51.604,1811000000.0,1.334,1.0,8531000000.0,0.151,94824000000.0,1366000000.0,56018000000.0,61520750000.0,9411000000.0,0.0,0.0,0.0,88269000000.0,35848000000.0,52421000000.0,108603411623.0,1412000000.0,5345000000.0,-32000000.0,-16119000000.0,-2732000000.0,-5274000000.0,3102000000.0,-32000000.0,3606000000.0,-22000000.0,-3519000000.0,-3519000000.0,-3519000000.0,410000000.0,0.0,-0.062,11305000000.0,-2774000000.0,8639000000.0,-0.834,1.505,-30.862,-27.61,16842000000.0,0.0,71.51,1.919,1.716,9254000000.0,49423000000.0,56587000000.0,56587000000.0,2582000000.0,-0.022,-0.057,-0.026,-0.028,330000000.0,5540000000.0,1.0,1518716426.0,1357800000.0,1357800000.0,41.676,67329000000.0,0.0,575000000.0,0.0,49.587,7528000000.0
3,RTX,MRT,2020-09-30,2020-09-30,2020-09-30,2021-08-25,-8012000000.0,162399000000.0,150775750000.0,43511000000.0,118888000000.0,0.344,44.761,-1918000000.0,10001000000.0,10001000000.0,42906000000.0,-2511000000.0,1.224,1.35,34432000000.0,1535000000.0,32897000000.0,34432000000.0,12208000000.0,3689000000.0,0.0,0.042,2.42,-368000000.0,3321000000.0,0.064,3321000000.0,-368000000.0,-1802000000.0,-1.14,-1.16,-1.14,68379000000.0,54197250000.0,68379000000.0,115399282395.0,-314.0,34.748,3135000000.0,2.052,1.0,8956000000.0,0.173,95088000000.0,1434000000.0,56180000000.0,65353000000.0,9843000000.0,0.0,0.0,0.0,92289000000.0,35562000000.0,56727000000.0,87901282395.0,2651000000.0,5774000000.0,-68000000.0,-16154000000.0,-2638000000.0,-5175000000.0,2792000000.0,56000000.0,5053000000.0,-95000000.0,-2511000000.0,-2511000000.0,-2511000000.0,-87000000.0,0.0,-0.048,10951000000.0,-1995000000.0,8143000000.0,-2.123,1.286,-35.006,-50.474,16757000000.0,0.0,57.54,1.695,1.695,10115000000.0,50017000000.0,51862000000.0,51862000000.0,2540000000.0,-0.017,-0.046,-0.006,-0.007,329000000.0,5228000000.0,1.0,1527655238.0,1527655238.0,,33.949,67311000000.0,699000000.0,709000000.0,0.0,44.062,7949000000.0
4,RTX,MRT,2020-06-30,2020-06-30,2020-06-30,2021-08-25,-8800000000.0,161517000000.0,144928250000.0,42274000000.0,119243000000.0,0.335,44.294,-1973000000.0,6975000000.0,6975000000.0,38411000000.0,-1627000000.0,1.198,1.377,34473000000.0,1540000000.0,32933000000.0,34473000000.0,11997000000.0,3217000000.0,0.0,0.043,2.68,722000000.0,3939000000.0,0.081,3939000000.0,722000000.0,-764000000.0,0.03,0.0,0.03,67225000000.0,47219500000.0,67225000000.0,133965448009.0,186.0,34.01,3981000000.0,2.623,1.0,10077000000.0,0.208,95272000000.0,1486000000.0,58452000000.0,68578750000.0,10256000000.0,0.0,0.0,0.0,92590000000.0,35291000000.0,57299000000.0,93521448009.0,162000000.0,3434000000.0,-103000000.0,-16516000000.0,-2561000000.0,-5612000000.0,-60000000.0,56000000.0,5954000000.0,-109000000.0,-1627000000.0,-1627000000.0,-1627000000.0,-164000000.0,0.0,-0.034,10402000000.0,-325000000.0,7182000000.0,89.333,1.391,-57.481,2054.0,16907000000.0,0.0,61.62,1.929,1.929,9496000000.0,49744000000.0,48488000000.0,48488000000.0,2490000000.0,-0.011,-0.034,0.011,0.015,285000000.0,4729000000.0,1.0,1517712561.0,1517712561.0,,31.948,66245000000.0,732000000.0,863000000.0,0.0,43.648,6983000000.0
5,RTX,MRT,2020-03-31,2020-03-31,2020-03-31,2021-08-25,-11788000000.0,139572000000.0,139296500000.0,38875000000.0,100697000000.0,0.328,45.546,-1830000000.0,8001000000.0,8001000000.0,34751000000.0,4108000000.0,1.234,2.475,48445000000.0,3087000000.0,45358000000.0,48445000000.0,0.0,2494000000.0,0.0,0.031,2.94,6518000000.0,9012000000.0,0.197,9012000000.0,6518000000.0,5015000000.0,4.8,4.75,4.8,39411000000.0,40601750000.0,39411000000.0,120038596178.0,18.0,13.32,6213000000.0,7.18,1.0,11005000000.0,0.241,73081000000.0,1503000000.0,75433000000.0,71450000000.0,11506000000.0,0.0,0.0,0.0,97542000000.0,31502000000.0,66040000000.0,81624596178.0,1784000000.0,11000000.0,-141000000.0,-15946000000.0,-2447000000.0,-2125000000.0,-3979000000.0,-182000000.0,8043000000.0,-155000000.0,4108000000.0,4108000000.0,4108000000.0,-872000000.0,0.0,0.09,6220000000.0,4785000000.0,10976000000.0,0.613,2.071,19.87,19.652,15108000000.0,0.0,94.33,1.784,1.784,13104000000.0,60826000000.0,45756000000.0,45756000000.0,2400000000.0,0.029,0.101,0.091,0.142,267000000.0,3820000000.0,1.0,865308981.0,865308981.0,,52.878,66491000000.0,1444000000.0,907000000.0,0.0,76.841,7373000000.0
6,RTX,MRT,2019-12-31,2019-12-31,2019-12-31,2021-08-25,-10149000000.0,139615000000.0,138748500000.0,61577000000.0,78038000000.0,0.327,48.87,-1868000000.0,4937000000.0,4937000000.0,34598000000.0,5537000000.0,1.322,2.281,44345000000.0,5551000000.0,38794000000.0,44345000000.0,9014000000.0,2708000000.0,0.0,0.02,2.94,7549000000.0,10257000000.0,0.226,10257000000.0,7549000000.0,5958000000.0,6.48,6.41,6.48,41774000000.0,40683500000.0,41774000000.0,168651156454.0,22.0,16.443,7015000000.0,8.207,1.0,10751000000.0,0.237,61082000000.0,1591000000.0,71347000000.0,70659500000.0,9047000000.0,0.0,0.0,0.0,95289000000.0,46594000000.0,48695000000.0,129283156454.0,1208000000.0,125000000.0,-124000000.0,-1816000000.0,-2442000000.0,-4564000000.0,-3092000000.0,342000000.0,8883000000.0,-19000000.0,5537000000.0,5537000000.0,5537000000.0,-2027000000.0,0.0,0.122,6163000000.0,4588000000.0,7816000000.0,0.454,3.095,23.349,23.111,11574000000.0,0.0,149.76,2.851,2.823,8743000000.0,61594000000.0,45349000000.0,45349000000.0,2452000000.0,0.04,0.136,0.107,0.166,268000000.0,3711000000.0,1.0,863268940.0,854800000.0,863900000.0,53.052,78533000000.0,0.0,421000000.0,0.0,91.873,14983000000.0
7,RTX,MRT,2019-09-30,2019-09-30,2019-09-30,2021-08-25,-10819000000.0,139009000000.0,137397500000.0,37816000000.0,101193000000.0,0.199,46.901,-1467000000.0,7341000000.0,7341000000.0,21997000000.0,5080000000.0,1.063,2.374,46709000000.0,6822000000.0,39887000000.0,46709000000.0,0.0,2152000000.0,0.0,0.022,2.94,6747000000.0,8899000000.0,0.326,8899000000.0,6747000000.0,5251000000.0,5.93,5.87,5.93,40468000000.0,39851500000.0,40468000000.0,158483726346.0,23.0,17.809,6639000000.0,7.694,1.0,5314000000.0,0.195,73727000000.0,1496000000.0,69083000000.0,69745750000.0,11242000000.0,0.0,0.0,0.0,96083000000.0,35567000000.0,60516000000.0,117793726346.0,-15663000000.0,-15753000000.0,-347000000.0,-2872000000.0,-2394000000.0,-5768000000.0,-17927000000.0,69000000.0,8106000000.0,-74000000.0,5080000000.0,5080000000.0,5080000000.0,-4960000000.0,0.0,0.186,3588000000.0,1726000000.0,10840000000.0,0.496,2.911,23.188,23.022,14756000000.0,0.0,136.52,4.313,4.313,13607000000.0,61069000000.0,27311000000.0,27311000000.0,2074000000.0,0.037,0.127,0.097,0.247,180000000.0,1514000000.0,1.0,862831280.0,862831280.0,,31.653,65282000000.0,1699000000.0,171000000.0,0.0,75.66,2249000000.0
8,RTX,MRT,2019-06-30,2019-06-30,2019-06-30,2021-08-25,-9892000000.0,138990000000.0,131380000000.0,37058000000.0,101932000000.0,0.247,47.262,-1436000000.0,6819000000.0,6819000000.0,26024000000.0,5170000000.0,1.046,2.353,47509000000.0,7341000000.0,40168000000.0,47509000000.0,0.0,2053000000.0,0.0,0.022,2.905,6806000000.0,8859000000.0,0.273,8859000000.0,6806000000.0,5454000000.0,6.15,6.08,6.15,40754000000.0,37761000000.0,40754000000.0,153236342233.0,23.0,17.297,5941000000.0,6.89,1.0,6424000000.0,0.198,74321000000.0,1352000000.0,69937000000.0,67973500000.0,10934000000.0,0.0,0.0,0.0,95904000000.0,35422000000.0,60482000000.0,112270342233.0,-4251000000.0,-15792000000.0,-301000000.0,9069000000.0,-2319000000.0,6411000000.0,-17952000000.0,58000000.0,7377000000.0,-98000000.0,5170000000.0,5170000000.0,5170000000.0,-4770000000.0,0.0,0.159,4361000000.0,2063000000.0,11109000000.0,0.472,2.755,21.716,21.171,15032000000.0,0.0,130.2,3.46,3.46,13695000000.0,60548000000.0,32448000000.0,32448000000.0,2068000000.0,0.039,0.137,0.1,0.21,170000000.0,2293000000.0,1.0,862291415.0,862291415.0,,37.63,64669000000.0,1712000000.0,284000000.0,0.0,74.997,1636000000.0
9,RTX,MRT,2019-03-31,2019-03-31,2019-03-31,2021-08-25,-9519000000.0,137380000000.0,122024750000.0,35402000000.0,101978000000.0,0.31,46.113,-1493000000.0,6240000000.0,6240000000.0,29892000000.0,5318000000.0,1.127,2.399,47206000000.0,4182000000.0,43024000000.0,47206000000.0,0.0,2257000000.0,0.0,0.022,2.87,7525000000.0,9782000000.0,0.259,9782000000.0,7525000000.0,6291000000.0,6.52,6.44,6.52,39738000000.0,35413500000.0,39738000000.0,150455802445.0,20.0,15.381,5876000000.0,6.819,1.0,7932000000.0,0.21,74672000000.0,1234000000.0,72271000000.0,63065250000.0,10474000000.0,0.0,0.0,0.0,95325000000.0,31403000000.0,63922000000.0,111070802445.0,-1422000000.0,-14761000000.0,-293000000.0,10413000000.0,-2244000000.0,7798000000.0,-16391000000.0,361000000.0,7369000000.0,-198000000.0,5318000000.0,5318000000.0,5318000000.0,-4053000000.0,0.0,0.141,5202000000.0,2730000000.0,10364000000.0,0.44,2.795,20.886,19.768,14743000000.0,0.0,128.89,2.937,2.937,13574000000.0,59279000000.0,37824000000.0,37824000000.0,2052000000.0,0.044,0.15,0.119,0.199,178000000.0,3150000000.0,1.0,861748797.0,861748797.0,,43.892,62708000000.0,1703000000.0,973000000.0,0.0,72.768,3999000000.0
10,RTX,MRT,2018-12-31,2018-12-31,2018-12-31,2021-08-25,-9333000000.0,134211000000.0,112374500000.0,35503000000.0,98708000000.0,0.309,48.033,-1467000000.0,6152000000.0,6152000000.0,27465000000.0,5269000000.0,1.132,2.432,45537000000.0,4345000000.0,41192000000.0,45537000000.0,0.0,1896000000.0,0.0,0.027,2.835,7399000000.0,9295000000.0,0.268,9295000000.0,7399000000.0,6367000000.0,6.58,6.5,6.58,38446000000.0,33112500000.0,38446000000.0,102227797722.0,14.0,10.998,4855000000.0,6.066,1.0,7236000000.0,0.209,74536000000.0,1032000000.0,67692000000.0,57342000000.0,10083000000.0,0.0,0.0,0.0,93492000000.0,31368000000.0,62124000000.0,85288797722.0,-2806000000.0,-14965000000.0,-289000000.0,10447000000.0,-2170000000.0,7965000000.0,-16973000000.0,140000000.0,6322000000.0,-120000000.0,5269000000.0,5269000000.0,5269000000.0,-4053000000.0,0.0,0.152,4742000000.0,2494000000.0,11080000000.0,0.431,2.218,16.187,16.182,12297000000.0,0.0,106.48,2.458,2.456,14271000000.0,57823000000.0,34701000000.0,34701000000.0,1878000000.0,0.047,0.159,0.129,0.213,169000000.0,2864000000.0,1.0,800984201.0,800400000.0,810100000.0,43.355,59675000000.0,1646000000.0,1098000000.0,0.0,74.556,4135000000.0
11,RTX,MRT,2018-09-30,2018-09-30,2018-09-30,2021-08-25,-7723000000.0,114939000000.0,103051750000.0,40204000000.0,74735000000.0,0.622,40.128,-1922000000.0,23004000000.0,23004000000.0,48033000000.0,4980000000.0,1.517,2.509,39943000000.0,1668000000.0,38275000000.0,39943000000.0,0.0,2324000000.0,0.0,0.02,2.8,8803000000.0,11127000000.0,0.173,11127000000.0,8803000000.0,7835000000.0,6.28,6.22,6.28,32106000000.0,30903500000.0,32106000000.0,129102042176.0,15.0,11.603,4916000000.0,6.144,1.0,16104000000.0,0.251,43380000000.0,968000000.0,61994000000.0,52228000000.0,9068000000.0,0.0,0.0,0.0,80564000000.0,26504000000.0,54060000000.0,111861042176.0,14488000000.0,920000000.0,-56000000.0,12766000000.0,-2139000000.0,10139000000.0,-2380000000.0,-63000000.0,6838000000.0,-109000000.0,4980000000.0,4980000000.0,4980000000.0,0.0,0.0,0.078,9230000000.0,6874000000.0,10509000000.0,0.446,3.484,22.462,22.263,10236000000.0,0.0,139.81,1.744,1.744,12550000000.0,57706000000.0,64137000000.0,64137000000.0,2359000000.0,0.048,0.161,0.169,0.137,228000000.0,6871000000.0,1.0,800093285.0,800093285.0,,80.162,71559000000.0,1701000000.0,2855000000.0,0.0,89.438,13700000000.0
12,RTX,MRT,2018-06-30,2018-06-30,2018-06-30,2021-08-25,-7684000000.0,101569000000.0,98405000000.0,36556000000.0,65013000000.0,0.637,39.202,-1952000000.0,11068000000.0,11068000000.0,46603000000.0,5072000000.0,1.458,2.171,28309000000.0,1063000000.0,27246000000.0,28309000000.0,0.0,2274000000.0,0.0,0.022,2.8,8947000000.0,11221000000.0,0.179,11221000000.0,8947000000.0,8014000000.0,6.41,6.35,6.41,31364000000.0,30347250000.0,31364000000.0,119711436534.0,13.0,10.669,3095000000.0,3.868,1.0,16086000000.0,0.257,43438000000.0,933000000.0,50304000000.0,48221750000.0,8979000000.0,0.0,0.0,0.0,68093000000.0,25068000000.0,43025000000.0,100031436534.0,1725000000.0,948000000.0,-120000000.0,1624000000.0,-2136000000.0,-1152000000.0,-2267000000.0,59000000.0,5047000000.0,97000000.0,5072000000.0,5072000000.0,5072000000.0,0.0,0.0,0.081,9137000000.0,6949000000.0,9623000000.0,0.437,3.189,19.722,19.505,10115000000.0,0.0,125.03,1.596,1.596,11973000000.0,57027000000.0,62689000000.0,62689000000.0,2365000000.0,0.052,0.167,0.186,0.143,213000000.0,6772000000.0,1.0,800059478.0,800059478.0,,78.355,58131000000.0,1626000000.0,2942000000.0,0.0,72.658,11488000000.0
13,RTX,MRT,2018-03-31,2018-03-31,2018-03-31,2021-08-25,-6937000000.0,98779000000.0,96711000000.0,32741000000.0,66038000000.0,0.633,38.178,-2026000000.0,7667000000.0,7667000000.0,45345000000.0,4463000000.0,1.323,2.167,27347000000.0,2194000000.0,25153000000.0,27347000000.0,0.0,2209000000.0,0.0,0.022,2.76,8167000000.0,10376000000.0,0.169,10376000000.0,8167000000.0,7242000000.0,5.65,5.59,5.65,30534000000.0,29616750000.0,30534000000.0,119128105077.0,15.0,11.481,3065000000.0,3.832,1.0,15919000000.0,0.26,44334000000.0,925000000.0,49378000000.0,46817500000.0,8938000000.0,0.0,0.0,0.0,66152000000.0,24747000000.0,41405000000.0,100628105077.0,521000000.0,-151000000.0,-520000000.0,2230000000.0,-2104000000.0,-974000000.0,-3856000000.0,-538000000.0,5091000000.0,260000000.0,4463000000.0,4463000000.0,4463000000.0,0.0,0.0,0.073,8998000000.0,6921000000.0,8875000000.0,0.488,3.296,22.547,22.269,10283000000.0,0.0,125.82,1.643,1.643,11699000000.0,55533000000.0,61264000000.0,61264000000.0,2395000000.0,0.046,0.151,0.174,0.133,200000000.0,6603000000.0,1.0,799778295.0,799778295.0,,76.601,54445000000.0,1763000000.0,2779000000.0,0.0,68.075,7994000000.0
14,RTX,MRT,2017-12-31,2017-12-31,2017-12-31,2021-08-25,-7525000000.0,96920000000.0,94609500000.0,32858000000.0,64062000000.0,0.632,37.481,-2014000000.0,8985000000.0,8985000000.0,44201000000.0,4552000000.0,1.347,2.208,27485000000.0,2496000000.0,24989000000.0,27485000000.0,0.0,2140000000.0,0.0,0.021,2.72,8304000000.0,10444000000.0,0.175,10444000000.0,8304000000.0,7395000000.0,5.76,5.7,5.76,29610000000.0,28881750000.0,29610000000.0,120610564822.0,15.0,11.548,3617000000.0,4.578,1.0,15636000000.0,0.261,43793000000.0,909000000.0,47236000000.0,44728000000.0,9881000000.0,0.0,0.0,0.0,65368000000.0,24391000000.0,40977000000.0,101873564822.0,1829000000.0,435000000.0,-1422000000.0,3079000000.0,-2074000000.0,-993000000.0,-3019000000.0,-317000000.0,5631000000.0,210000000.0,4552000000.0,4552000000.0,4552000000.0,0.0,0.0,0.076,8856000000.0,6780000000.0,9579000000.0,0.472,3.441,22.38,22.148,10186000000.0,0.0,127.57,1.703,1.684,12595000000.0,55242000000.0,59837000000.0,59837000000.0,2427000000.0,0.048,0.158,0.186,0.139,192000000.0,6429000000.0,1.0,798569921.0,790000000.0,799100000.0,75.743,53127000000.0,1723000000.0,2843000000.0,0.0,67.249,8467000000.0
15,RTX,MRT,2017-09-30,2017-09-30,2017-09-30,2021-08-25,-7327000000.0,96352000000.0,92806000000.0,32963000000.0,63389000000.0,0.634,37.409,-1870000000.0,8523000000.0,8523000000.0,43140000000.0,5168000000.0,1.306,2.15,27260000000.0,3197000000.0,24063000000.0,27260000000.0,0.0,2088000000.0,0.0,0.023,2.68,7969000000.0,10057000000.0,0.171,10057000000.0,7969000000.0,6941000000.0,6.55,6.47,6.55,29881000000.0,28374000000.0,29881000000.0,110002544651.0,14.0,10.938,3039000000.0,3.805,1.0,15676000000.0,0.267,43871000000.0,1028000000.0,45969000000.0,43369250000.0,10083000000.0,0.0,0.0,0.0,64232000000.0,25249000000.0,38983000000.0,92721544651.0,1423000000.0,325000000.0,-3124000000.0,4325000000.0,-2049000000.0,-1278000000.0,-2268000000.0,66000000.0,4909000000.0,60000000.0,5168000000.0,5168000000.0,5168000000.0,11000000.0,0.0,0.088,8925000000.0,6751000000.0,8999000000.0,0.409,3.103,17.941,17.722,9763000000.0,0.0,116.08,1.576,1.576,13128000000.0,55385000000.0,58816000000.0,58816000000.0,2462000000.0,0.056,0.182,0.184,0.135,185000000.0,6463000000.0,1.0,798772783.0,798772783.0,,73.633,52481000000.0,1723000000.0,1773000000.0,0.0,65.702,7714000000.0
16,RTX,MRT,2017-06-30,2017-06-30,2017-06-30,2021-08-25,-7964000000.0,94793000000.0,91233500000.0,32829000000.0,61964000000.0,0.637,35.498,-1821000000.0,9345000000.0,9345000000.0,42376000000.0,5318000000.0,1.373,2.258,26626000000.0,2743000000.0,23883000000.0,26626000000.0,0.0,2041000000.0,0.0,0.022,2.64,8107000000.0,10148000000.0,0.175,10148000000.0,8107000000.0,7077000000.0,6.66,6.58,6.66,28442000000.0,28200500000.0,28442000000.0,115263890513.0,14.0,11.358,7512000000.0,9.376,1.0,15732000000.0,0.271,43468000000.0,1030000000.0,44687000000.0,41841250000.0,9860000000.0,0.0,0.0,0.0,64232000000.0,23919000000.0,40313000000.0,97837890513.0,2568000000.0,436000000.0,-3558000000.0,3976000000.0,-2042000000.0,-2154000000.0,-2119000000.0,-45000000.0,9333000000.0,-35000000.0,5318000000.0,5318000000.0,5318000000.0,-26000000.0,0.0,0.092,8723000000.0,7009000000.0,8542000000.0,0.396,3.44,18.397,18.335,9475000000.0,0.0,122.11,1.684,1.684,12597000000.0,54640000000.0,58108000000.0,58108000000.0,2452000000.0,0.058,0.189,0.194,0.14,152000000.0,6271000000.0,1.0,801227504.0,801227504.0,,72.524,51325000000.0,1817000000.0,1759000000.0,0.0,64.058,8910000000.0
17,RTX,MRT,2017-03-31,2017-03-31,2017-03-31,2021-08-25,-8333000000.0,90373000000.0,89905250000.0,29305000000.0,61068000000.0,0.642,34.242,-1738000000.0,7156000000.0,7156000000.0,41953000000.0,5258000000.0,1.235,2.203,24582000000.0,3684000000.0,20898000000.0,24582000000.0,0.0,2008000000.0,0.0,0.024,2.64,8101000000.0,10109000000.0,0.175,10109000000.0,8101000000.0,7072000000.0,6.5,6.43,6.5,27594000000.0,28362500000.0,27594000000.0,107169745845.0,13.0,10.601,4564000000.0,5.664,1.0,15749000000.0,0.273,43053000000.0,1029000000.0,41020000000.0,40587500000.0,9386000000.0,0.0,0.0,0.0,60794000000.0,23726000000.0,37068000000.0,90425745845.0,-62000000.0,60000000.0,-3165000000.0,1596000000.0,-2065000000.0,-4147000000.0,-2149000000.0,249000000.0,6302000000.0,-68000000.0,5258000000.0,5258000000.0,5258000000.0,21000000.0,0.0,0.091,8553000000.0,7196000000.0,7520000000.0,0.406,3.277,17.198,17.263,9255000000.0,0.0,112.21,1.567,1.567,11840000000.0,53741000000.0,57702000000.0,57702000000.0,2421000000.0,0.058,0.185,0.2,0.14,151000000.0,6132000000.0,1.0,805861740.0,805861740.0,,71.603,47320000000.0,1804000000.0,1814000000.0,0.0,58.72,5579000000.0
18,RTX,MRT,2016-12-31,2016-12-31,2016-12-31,2021-08-25,-8334000000.0,89706000000.0,89454750000.0,28550000000.0,61156000000.0,0.64,33.707,-1699000000.0,7157000000.0,7157000000.0,41471000000.0,5055000000.0,1.303,2.184,23901000000.0,2204000000.0,21697000000.0,23901000000.0,0.0,1962000000.0,0.0,0.024,2.62,7791000000.0,9753000000.0,0.17,9753000000.0,7791000000.0,6752000000.0,6.18,6.12,6.18,27579000000.0,28552250000.0,27579000000.0,105819731409.0,14.0,10.85,2181000000.0,2.666,1.0,15773000000.0,0.276,42743000000.0,1039000000.0,41801000000.0,40521750000.0,8704000000.0,0.0,0.0,0.0,60241000000.0,21906000000.0,38335000000.0,90261731409.0,69000000.0,-499000000.0,-2241000000.0,3686000000.0,-2069000000.0,-1188000000.0,-2503000000.0,249000000.0,3880000000.0,-120000000.0,5055000000.0,5055000000.0,5055000000.0,10000000.0,0.0,0.088,8334000000.0,7439000000.0,7483000000.0,0.424,3.273,17.856,17.738,9158000000.0,0.0,109.62,1.577,1.567,11481000000.0,52873000000.0,57244000000.0,57244000000.0,2376000000.0,0.057,0.177,0.192,0.136,152000000.0,5958000000.0,1.0,823405687.0,818200000.0,826100000.0,69.963,46963000000.0,1809000000.0,1697000000.0,0.0,57.398,6644000000.0
19,RTX,MRT,2016-09-30,2016-09-30,2016-09-30,2021-08-25,-7729000000.0,90062000000.0,88899250000.0,28548000000.0,61514000000.0,0.64,34.874,-1651000000.0,7107000000.0,7107000000.0,41390000000.0,7320000000.0,1.266,2.021,22665000000.0,2475000000.0,20190000000.0,22665000000.0,0.0,1918000000.0,0.0,0.026,2.6,10110000000.0,12028000000.0,0.211,12028000000.0,10110000000.0,9231000000.0,8.71,8.61,8.71,29187000000.0,28497000000.0,29187000000.0,100783778018.0,10.0,8.379,3068000000.0,3.666,1.0,15495000000.0,0.272,43222000000.0,879000000.0,39857000000.0,38899500000.0,9081000000.0,0.0,0.0,0.0,58983000000.0,22541000000.0,36442000000.0,85031778018.0,1385000000.0,-568000000.0,-6520000000.0,98000000.0,-2102000000.0,-9126000000.0,5795000000.0,0.0,4719000000.0,-3000000.0,7320000000.0,7320000000.0,7320000000.0,-3535000000.0,0.0,0.129,8151000000.0,7344000000.0,7432000000.0,0.299,2.913,11.616,11.665,8989000000.0,0.0,101.6,1.495,1.495,11500000000.0,52384000000.0,56885000000.0,56885000000.0,2322000000.0,0.082,0.257,0.26,0.178,162000000.0,5829000000.0,1.0,836926949.0,836926949.0,,67.969,46840000000.0,1765000000.0,1911000000.0,0.0,55.967,6007000000.0
20,RTX,MRT,2016-06-30,2016-06-30,2016-06-30,2021-08-25,-7484000000.0,89480000000.0,89417500000.0,27970000000.0,61510000000.0,0.63,34.761,-1647000000.0,6785000000.0,6785000000.0,40848000000.0,7202000000.0,1.261,2.012,22537000000.0,2407000000.0,20130000000.0,22537000000.0,0.0,1908000000.0,0.0,0.025,2.58,10051000000.0,11959000000.0,0.212,11959000000.0,10051000000.0,9213000000.0,8.46,8.37,8.46,29090000000.0,28831500000.0,29090000000.0,101656575894.0,10.0,8.5,-426000000.0,-0.509,1.0,15471000000.0,0.275,43377000000.0,838000000.0,39672000000.0,39612750000.0,8747000000.0,0.0,0.0,0.0,58518000000.0,22183000000.0,36335000000.0,85820575894.0,625000000.0,-736000000.0,-5916000000.0,272000000.0,-2123000000.0,-8325000000.0,5388000000.0,-414000000.0,1221000000.0,-116000000.0,7202000000.0,7202000000.0,7202000000.0,-3433000000.0,0.0,0.128,8084000000.0,7387000000.0,7242000000.0,0.305,2.95,11.916,12.122,8911000000.0,0.0,102.55,1.524,1.524,11544000000.0,51451000000.0,56319000000.0,56319000000.0,2286000000.0,0.081,0.25,0.254,0.178,162000000.0,5798000000.0,1.0,836865684.0,836865684.0,,67.298,46103000000.0,1812000000.0,2011000000.0,0.0,55.09,5787000000.0
21,RTX,MRT,2016-03-31,2016-03-31,2016-03-31,2021-08-25,-7344000000.0,88571000000.0,90240750000.0,27527000000.0,61044000000.0,0.622,33.898,-1615000000.0,7215000000.0,7215000000.0,40579000000.0,7365000000.0,1.341,2.065,23051000000.0,1363000000.0,21688000000.0,23051000000.0,0.0,1871000000.0,0.0,0.026,2.56,10245000000.0,12116000000.0,0.216,12116000000.0,10245000000.0,9415000000.0,8.55,8.45,8.55,28353000000.0,29153250000.0,28353000000.0,97076844201.0,9.0,8.012,2029000000.0,2.426,1.0,15556000000.0,0.277,43127000000.0,830000000.0,40757000000.0,40173500000.0,8507000000.0,0.0,0.0,0.0,58541000000.0,20523000000.0,38018000000.0,83726844201.0,1709000000.0,-329000000.0,-5881000000.0,1219000000.0,-2140000000.0,-7371000000.0,5540000000.0,-569000000.0,3644000000.0,-104000000.0,7365000000.0,7365000000.0,7365000000.0,-3561000000.0,0.0,0.131,8029000000.0,7527000000.0,6579000000.0,0.299,2.953,11.368,11.708,8763000000.0,0.0,100.1,1.492,1.492,10899000000.0,50625000000.0,56135000000.0,56135000000.0,2256000000.0,0.082,0.253,0.255,0.183,160000000.0,5773000000.0,1.0,836432010.0,836432010.0,,67.112,45444000000.0,1905000000.0,2050000000.0,0.0,54.331,7004000000.0
22,RTX,MRT,2015-12-31,2015-12-31,2015-12-31,2021-08-25,-7619000000.0,87484000000.0,90929750000.0,26706000000.0,60778000000.0,0.617,31.349,-1652000000.0,7075000000.0,7075000000.0,40431000000.0,7608000000.0,1.181,2.139,20425000000.0,1105000000.0,19320000000.0,20425000000.0,0.0,1863000000.0,0.0,0.027,2.56,10543000000.0,12406000000.0,0.221,12406000000.0,10543000000.0,9719000000.0,8.72,8.61,8.72,27358000000.0,29227500000.0,27358000000.0,102406101418.0,10.0,8.255,4731000000.0,5.421,1.0,15667000000.0,0.279,42904000000.0,824000000.0,35312000000.0,39779750000.0,8135000000.0,0.0,0.0,0.0,58518000000.0,22618000000.0,35900000000.0,85216101418.0,1630000000.0,-338000000.0,-8859000000.0,775000000.0,-2184000000.0,-10785000000.0,6206000000.0,0.0,6383000000.0,-174000000.0,7608000000.0,7608000000.0,7608000000.0,-3612000000.0,0.0,0.136,8165000000.0,7502000000.0,6875000000.0,0.294,3.115,11.201,11.017,8732000000.0,0.0,96.07,1.519,1.495,10653000000.0,49956000000.0,56098000000.0,56098000000.0,2279000000.0,0.084,0.26,0.265,0.188,158000000.0,5886000000.0,1.0,887020937.0,872700000.0,883200000.0,64.281,44580000000.0,1961000000.0,2111000000.0,0.0,51.083,4088000000.0
23,RTX,MRT,2015-09-30,2015-09-30,2015-09-30,2021-08-25,-7388000000.0,92135000000.0,91860250000.0,32359000000.0,59776000000.0,0.618,34.275,-1575000000.0,5477000000.0,5477000000.0,40509000000.0,5803000000.0,1.366,1.964,22667000000.0,3239000000.0,19428000000.0,22667000000.0,0.0,1869000000.0,0.0,0.028,2.51,9069000000.0,10938000000.0,0.193,10938000000.0,9069000000.0,8185000000.0,6.55,6.47,6.55,30525000000.0,30191250000.0,30525000000.0,95764293328.0,11.0,8.755,4466000000.0,5.015,1.0,16269000000.0,0.287,42926000000.0,884000000.0,42710000000.0,40758500000.0,8453000000.0,0.0,0.0,0.0,59952000000.0,23689000000.0,36263000000.0,79254293328.0,666000000.0,-81000000.0,-3210000000.0,2701000000.0,-2153000000.0,-3050000000.0,-2085000000.0,-60000000.0,6041000000.0,-240000000.0,5803000000.0,5803000000.0,5803000000.0,-273000000.0,0.0,0.102,8173000000.0,8096000000.0,6333000000.0,0.383,2.596,13.657,13.586,8515000000.0,0.0,88.99,1.396,1.396,10647000000.0,47236000000.0,56778000000.0,56778000000.0,2292000000.0,0.063,0.192,0.223,0.16,140000000.0,5881000000.0,1.0,890597745.0,890597745.0,,63.753,49209000000.0,3338000000.0,2382000000.0,0.0,55.254,8670000000.0
24,RTX,MRT,2015-06-30,2015-06-30,2015-06-30,2021-08-25,-6577000000.0,92773000000.0,91770000000.0,30669000000.0,62104000000.0,0.588,34.124,-1509000000.0,5933000000.0,5933000000.0,37255000000.0,6092000000.0,1.292,1.998,22443000000.0,2954000000.0,19489000000.0,22443000000.0,0.0,1800000000.0,0.0,0.022,2.46,9653000000.0,11453000000.0,0.212,11453000000.0,9653000000.0,8769000000.0,7.06,6.97,7.06,30377000000.0,31072250000.0,30377000000.0,115462085008.0,12.0,10.081,5583000000.0,6.272,1.0,16719000000.0,0.31,43639000000.0,884000000.0,41915000000.0,39825000000.0,10295000000.0,0.0,0.0,0.0,60701000000.0,23729000000.0,36972000000.0,98750085008.0,1179000000.0,-220000000.0,-3730000000.0,2249000000.0,-2118000000.0,-3964000000.0,-1763000000.0,470000000.0,7092000000.0,-186000000.0,6295000000.0,6295000000.0,6295000000.0,-297000000.0,-203000000.0,0.117,8162000000.0,8557000000.0,7153000000.0,0.348,3.251,15.687,15.712,9266000000.0,0.0,110.93,1.83,1.83,11516000000.0,46443000000.0,53974000000.0,53974000000.0,2307000000.0,0.069,0.203,0.242,0.179,193000000.0,5855000000.0,1.0,890201794.0,890201794.0,,60.631,49134000000.0,3320000000.0,2474000000.0,0.0,55.194,6940000000.0
25,RTX,MRT,2015-03-31,2015-03-31,2015-03-31,2021-08-25,-7211000000.0,91327000000.0,91612250000.0,29958000000.0,61369000000.0,0.616,31.582,-1584000000.0,5281000000.0,5281000000.0,39714000000.0,6340000000.0,1.164,2.13,21993000000.0,4184000000.0,17809000000.0,21993000000.0,0.0,1811000000.0,0.0,0.021,2.41,9513000000.0,11324000000.0,0.201,11324000000.0,9513000000.0,8640000000.0,7.17,7.08,7.17,28650000000.0,31924250000.0,28650000000.0,120877799814.0,13.0,10.674,5712000000.0,6.297,1.0,16761000000.0,0.297,43128000000.0,873000000.0,39182000000.0,39053500000.0,10336000000.0,0.0,0.0,0.0,61025000000.0,25729000000.0,35296000000.0,106318799814.0,1012000000.0,-236000000.0,-4040000000.0,1828000000.0,-2087000000.0,-4650000000.0,-1465000000.0,775000000.0,7296000000.0,-169000000.0,6433000000.0,6433000000.0,6433000000.0,-216000000.0,-93000000.0,0.114,8467000000.0,8294000000.0,6929000000.0,0.336,3.711,16.527,16.346,9175000000.0,0.0,117.2,1.883,1.883,11512000000.0,45462000000.0,56475000000.0,56475000000.0,2415000000.0,0.07,0.202,0.244,0.168,205000000.0,6052000000.0,1.0,907156995.0,907156995.0,,62.255,48199000000.0,3355000000.0,2207000000.0,0.0,53.132,4229000000.0
26,RTX,MRT,2014-12-31,2014-12-31,2014-12-31,2021-08-25,-6661000000.0,91206000000.0,91587750000.0,31483000000.0,59723000000.0,0.632,34.747,-1594000000.0,5229000000.0,5229000000.0,40898000000.0,6220000000.0,1.341,1.874,19701000000.0,1917000000.0,17784000000.0,19701000000.0,0.0,1820000000.0,0.0,0.021,2.36,9345000000.0,11165000000.0,0.193,11165000000.0,9345000000.0,8464000000.0,6.92,6.82,6.92,31213000000.0,32841000000.0,31213000000.0,119803707375.0,13.0,10.73,5727000000.0,6.375,1.0,17002000000.0,0.294,42976000000.0,881000000.0,39227000000.0,39288000000.0,7642000000.0,0.0,0.0,0.0,58502000000.0,23475000000.0,35027000000.0,104840707375.0,824000000.0,-58000000.0,-1313000000.0,-552000000.0,-2048000000.0,-4261000000.0,-2080000000.0,93000000.0,7321000000.0,-156000000.0,6220000000.0,6220000000.0,6220000000.0,-154000000.0,0.0,0.107,8647000000.0,8355000000.0,6250000000.0,0.341,3.359,16.855,16.618,8592000000.0,0.0,115.0,1.811,1.784,10448000000.0,44611000000.0,57900000000.0,57900000000.0,2475000000.0,0.068,0.189,0.238,0.161,219000000.0,6172000000.0,1.0,911658325.0,898300000.0,911600000.0,64.455,48230000000.0,3414000000.0,2244000000.0,0.0,53.69,8008000000.0
27,RTX,MRT,2014-09-30,2014-09-30,2014-09-30,2021-08-25,-3169000000.0,91774000000.0,91434750000.0,29411000000.0,62363000000.0,0.587,37.22,-1585000000.0,5035000000.0,5035000000.0,37598000000.0,6210000000.0,1.23,1.652,19998000000.0,2141000000.0,17857000000.0,19998000000.0,0.0,1752000000.0,0.0,0.022,2.36,8973000000.0,10725000000.0,0.2,10725000000.0,8973000000.0,8142000000.0,6.9,6.79,6.9,34049000000.0,33004250000.0,34049000000.0,111713937690.0,12.0,10.416,6029000000.0,6.59,1.0,16055000000.0,0.299,43853000000.0,831000000.0,38976000000.0,39413000000.0,10341000000.0,0.0,0.0,0.0,56244000000.0,23908000000.0,32336000000.0,96603937690.0,414000000.0,-70000000.0,-1122000000.0,-1247000000.0,-2051000000.0,-4787000000.0,-2342000000.0,-170000000.0,7614000000.0,-71000000.0,6210000000.0,6210000000.0,6210000000.0,-394000000.0,0.0,0.116,8241000000.0,7814000000.0,7046000000.0,0.342,2.837,15.556,15.304,9182000000.0,0.0,105.6,1.801,1.801,11080000000.0,43668000000.0,53653000000.0,53653000000.0,2322000000.0,0.068,0.188,0.228,0.167,221000000.0,5919000000.0,1.0,914810016.0,914810016.0,,58.649,47921000000.0,3212000000.0,1932000000.0,0.0,52.384,5503000000.0
28,RTX,MRT,2014-06-30,2014-06-30,2014-06-30,2021-08-25,-2403000000.0,92142000000.0,91072750000.0,29641000000.0,62501000000.0,0.638,36.854,-1644000000.0,4962000000.0,4962000000.0,42072000000.0,5991000000.0,1.218,1.681,20072000000.0,2235000000.0,17837000000.0,20072000000.0,0.0,1787000000.0,0.0,0.02,2.305,8523000000.0,10310000000.0,0.177,10310000000.0,8523000000.0,7650000000.0,6.44,6.31,6.44,33785000000.0,31636250000.0,33785000000.0,121402631933.0,14.0,11.775,5656000000.0,6.17,1.0,16059000000.0,0.276,44093000000.0,873000000.0,38829000000.0,39613750000.0,9896000000.0,0.0,0.0,0.0,56803000000.0,24330000000.0,32473000000.0,105836631933.0,53000000.0,248000000.0,-931000000.0,-1516000000.0,-2004000000.0,-4796000000.0,-2445000000.0,-286000000.0,7300000000.0,-6000000.0,5788000000.0,5788000000.0,5788000000.0,-452000000.0,203000000.0,0.1,8610000000.0,7449000000.0,7297000000.0,0.358,3.133,18.286,17.927,9026000000.0,0.0,115.45,1.821,1.821,11795000000.0,42343000000.0,58131000000.0,58131000000.0,2391000000.0,0.064,0.183,0.215,0.147,235000000.0,6219000000.0,1.0,916731329.0,916731329.0,,63.411,48049000000.0,3269000000.0,1862000000.0,0.0,52.413,5311000000.0
29,RTX,MRT,2014-03-31,2014-03-31,2014-03-31,2021-08-25,-2941000000.0,91229000000.0,90223250000.0,29820000000.0,61409000000.0,0.631,35.31,-1607000000.0,4477000000.0,4477000000.0,40693000000.0,5761000000.0,1.3,1.776,20043000000.0,304000000.0,19739000000.0,20043000000.0,0.0,1758000000.0,0.0,0.019,2.25,8700000000.0,10458000000.0,0.184,10458000000.0,8700000000.0,7816000000.0,6.3,6.18,6.3,32317000000.0,29936750000.0,32317000000.0,122558221327.0,14.0,11.719,5911000000.0,6.458,1.0,16253000000.0,0.285,43744000000.0,884000000.0,40120000000.0,39704250000.0,10992000000.0,0.0,0.0,0.0,57397000000.0,22931000000.0,34466000000.0,106936221327.0,-304000000.0,793000000.0,-889000000.0,-2707000000.0,-1957000000.0,-5916000000.0,-1843000000.0,-436000000.0,7518000000.0,-63000000.0,5668000000.0,5668000000.0,5668000000.0,-460000000.0,93000000.0,0.1,8689000000.0,7564000000.0,6949000000.0,0.357,3.309,18.867,18.546,8895000000.0,0.0,116.84,1.878,1.878,11537000000.0,41205000000.0,56946000000.0,56946000000.0,2356000000.0,0.063,0.189,0.219,0.153,240000000.0,6333000000.0,1.0,915236403.0,915236403.0,,62.22,47485000000.0,3159000000.0,2148000000.0,0.0,51.883,6889000000.0
30,RTX,MRT,2013-12-31,2013-12-31,2013-12-31,2021-08-25,-2880000000.0,90594000000.0,89544250000.0,29442000000.0,61152000000.0,0.632,35.367,-1569000000.0,4619000000.0,4619000000.0,40468000000.0,5721000000.0,1.291,1.797,20241000000.0,500000000.0,19741000000.0,20241000000.0,0.0,1735000000.0,0.0,0.019,2.195,8615000000.0,10350000000.0,0.183,10350000000.0,8615000000.0,7720000000.0,6.35,6.25,6.35,31866000000.0,28406000000.0,31866000000.0,120987827617.0,14.0,11.69,5308000000.0,5.891,1.0,16132000000.0,0.285,43689000000.0,895000000.0,39727000000.0,40016750000.0,10330000000.0,0.0,0.0,0.0,57264000000.0,22800000000.0,34464000000.0,104420827617.0,-217000000.0,1409000000.0,-822000000.0,-2888000000.0,-1908000000.0,-5940000000.0,-1113000000.0,-323000000.0,6877000000.0,-41000000.0,5721000000.0,5721000000.0,5721000000.0,-456000000.0,0.0,0.101,8706000000.0,7426000000.0,6965000000.0,0.346,3.277,18.252,17.921,8866000000.0,0.0,113.8,1.845,1.812,11458000000.0,40539000000.0,56600000000.0,56600000000.0,2342000000.0,0.064,0.201,0.215,0.152,250000000.0,6364000000.0,1.0,917581965.0,901000000.0,915100000.0,62.819,46905000000.0,3200000000.0,1999000000.0,0.0,52.059,6642000000.0
31,RTX,MRT,2013-09-30,2013-09-30,2013-09-30,2021-08-25,-5325000000.0,90326000000.0,89248000000.0,29351000000.0,60975000000.0,0.698,31.146,-1688000000.0,4621000000.0,4621000000.0,45323000000.0,6315000000.0,1.248,2.109,21188000000.0,1403000000.0,19785000000.0,21188000000.0,0.0,1812000000.0,0.0,0.02,2.14,9385000000.0,11197000000.0,0.18,11197000000.0,9385000000.0,8446000000.0,7.02,6.93,7.02,28577000000.0,26918000000.0,28577000000.0,115672854343.0,12.0,10.331,4573000000.0,4.984,1.0,16987000000.0,0.273,43595000000.0,939000000.0,39779000000.0,40343750000.0,10765000000.0,0.0,0.0,0.0,60283000000.0,23519000000.0,36764000000.0,98925854343.0,-1676000000.0,1390000000.0,-1124000000.0,-7463000000.0,-1859000000.0,-10191000000.0,2278000000.0,0.0,6261000000.0,-24000000.0,6315000000.0,6315000000.0,6315000000.0,-1133000000.0,0.0,0.101,9375000000.0,7612000000.0,6628000000.0,0.305,3.462,15.665,15.359,8549000000.0,0.0,107.82,1.588,1.588,11135000000.0,39599000000.0,62310000000.0,62310000000.0,2583000000.0,0.071,0.235,0.233,0.151,276000000.0,6792000000.0,1.0,917509315.0,917509315.0,,67.912,46731000000.0,3518000000.0,2131000000.0,0.0,50.932,5832000000.0
32,RTX,MRT,2013-06-30,2013-06-30,2013-06-30,2021-08-25,-6000000000.0,88744000000.0,89653000000.0,28790000000.0,59954000000.0,0.69,29.356,-1622000000.0,4909000000.0,4909000000.0,45306000000.0,6298000000.0,1.243,2.231,21656000000.0,1281000000.0,20375000000.0,21656000000.0,0.0,1782000000.0,0.0,0.023,2.14,9228000000.0,11010000000.0,0.178,11010000000.0,9228000000.0,8299000000.0,7.0,6.93,7.0,26987000000.0,26012500000.0,26987000000.0,103496807987.0,11.0,9.4,4649000000.0,5.057,1.0,16584000000.0,0.268,43136000000.0,929000000.0,39191000000.0,41693000000.0,10232000000.0,0.0,0.0,0.0,60201000000.0,23164000000.0,37037000000.0,85439807987.0,-1141000000.0,-14443000000.0,-586000000.0,-2049000000.0,-1857000000.0,-4343000000.0,-3083000000.0,0.0,6271000000.0,14000000.0,6298000000.0,6298000000.0,6298000000.0,-1284000000.0,0.0,0.102,9321000000.0,7263000000.0,6645000000.0,0.306,3.166,13.566,13.277,8399000000.0,0.0,92.94,1.381,1.381,11158000000.0,38629000000.0,61890000000.0,61890000000.0,2543000000.0,0.07,0.242,0.221,0.149,247000000.0,6778000000.0,1.0,919300710.0,919300710.0,,67.323,45608000000.0,3185000000.0,2001000000.0,0.0,49.612,5626000000.0
33,RTX,MRT,2013-03-31,2013-03-31,2013-03-31,2021-08-25,-5867000000.0,88513000000.0,86130250000.0,29161000000.0,59352000000.0,0.693,28.576,-1497000000.0,4767000000.0,4767000000.0,43688000000.0,6066000000.0,1.293,2.317,22824000000.0,1252000000.0,21572000000.0,22824000000.0,0.0,1650000000.0,0.0,0.022,2.085,8755000000.0,10405000000.0,0.174,10405000000.0,8755000000.0,7875000000.0,6.76,6.69,6.76,26194000000.0,24916750000.0,26194000000.0,104043667539.0,12.0,9.999,4541000000.0,4.954,1.0,16003000000.0,0.268,42641000000.0,880000000.0,41370000000.0,41368000000.0,10161000000.0,0.0,0.0,0.0,60695000000.0,22559000000.0,38136000000.0,85641667539.0,-1581000000.0,-14859000000.0,-302000000.0,9935000000.0,-1805000000.0,7841000000.0,-15422000000.0,0.0,6038000000.0,-38000000.0,6066000000.0,6066000000.0,6066000000.0,-1138000000.0,0.0,0.102,8987000000.0,7016000000.0,6192000000.0,0.308,3.27,14.118,13.821,8428000000.0,0.0,93.43,1.435,1.435,10791000000.0,37551000000.0,59691000000.0,59691000000.0,2437000000.0,0.07,0.243,0.212,0.147,233000000.0,6550000000.0,1.0,916639918.0,916639918.0,,65.119,45872000000.0,3206000000.0,1809000000.0,0.0,50.044,6602000000.0
34,RTX,MRT,2012-12-31,2012-12-31,2012-12-31,2021-08-25,-5448000000.0,89409000000.0,79433000000.0,29610000000.0,59799000000.0,0.726,28.948,-1389000000.0,4819000000.0,4819000000.0,42153000000.0,5130000000.0,1.245,2.396,23221000000.0,1624000000.0,21597000000.0,23221000000.0,0.0,1524000000.0,0.0,0.025,2.03,7614000000.0,9138000000.0,0.158,9138000000.0,7614000000.0,6841000000.0,5.73,5.66,5.73,25914000000.0,23991250000.0,25914000000.0,97623816741.0,13.0,10.683,5257000000.0,5.872,1.0,15555000000.0,0.27,42990000000.0,773000000.0,41035000000.0,37766000000.0,9537000000.0,0.0,0.0,0.0,62102000000.0,23786000000.0,38316000000.0,75165816741.0,-1124000000.0,-15601000000.0,0.0,9843000000.0,-1752000000.0,8021000000.0,-15821000000.0,0.0,6646000000.0,30000000.0,5130000000.0,5130000000.0,5130000000.0,-283000000.0,0.0,0.089,8823000000.0,6732000000.0,6431000000.0,0.354,2.901,14.652,14.312,8518000000.0,0.0,82.01,1.303,1.272,11099000000.0,36776000000.0,57708000000.0,57708000000.0,2371000000.0,0.065,0.214,0.202,0.132,210000000.0,6452000000.0,1.0,916544528.0,895200000.0,906600000.0,64.464,46419000000.0,3210000000.0,1711000000.0,0.0,51.853,5824000000.0
35,RTX,MRT,2012-09-30,2012-09-30,2012-09-30,2021-08-25,-4663000000.0,91946000000.0,72443750000.0,31685000000.0,60261000000.0,0.768,27.369,-1107000000.0,6242000000.0,6242000000.0,40266000000.0,4100000000.0,1.198,2.63,28700000000.0,5291000000.0,23409000000.0,28700000000.0,0.0,1348000000.0,0.0,0.025,1.975,6644000000.0,7992000000.0,0.144,7992000000.0,6644000000.0,6063000000.0,4.92,4.85,4.92,24955000000.0,22982750000.0,24955000000.0,75423822628.0,11.0,9.437,5578000000.0,6.118,1.0,15369000000.0,0.276,42776000000.0,581000000.0,45176000000.0,33826000000.0,10467000000.0,0.0,0.0,0.0,65622000000.0,26452000000.0,39170000000.0,71383822628.0,331000000.0,-15662000000.0,460000000.0,14232000000.0,-1698000000.0,12391000000.0,-18756000000.0,0.0,6685000000.0,11000000.0,4398000000.0,4398000000.0,4398000000.0,798000000.0,-298000000.0,0.079,8455000000.0,6914000000.0,6156000000.0,0.401,2.861,16.231,15.913,8239000000.0,0.0,78.29,1.283,1.283,10610000000.0,35219000000.0,55635000000.0,55635000000.0,2181000000.0,0.061,0.191,0.196,0.119,192000000.0,6274000000.0,1.0,911787235.0,911787235.0,,61.018,49170000000.0,3015000000.0,1665000000.0,0.0,53.927,5233000000.0
36,RTX,MRT,2012-06-30,2012-06-30,2012-06-30,2021-08-25,-5675000000.0,74653000000.0,64944250000.0,39142000000.0,35511000000.0,0.844,24.803,-989000000.0,16681000000.0,16681000000.0,39601000000.0,4106000000.0,1.978,2.243,20721000000.0,271000000.0,20450000000.0,20721000000.0,0.0,1250000000.0,0.0,0.025,1.92,6620000000.0,7870000000.0,0.144,7870000000.0,6620000000.0,6116000000.0,4.83,4.76,4.83,22604000000.0,22391500000.0,22604000000.0,72340881221.0,11.0,9.192,6011000000.0,6.596,1.0,15227000000.0,0.278,21009000000.0,504000000.0,37891000000.0,28866000000.0,8502000000.0,0.0,0.0,0.0,50690000000.0,19793000000.0,30897000000.0,68834881221.0,654000000.0,251000000.0,-537000000.0,9269000000.0,-1646000000.0,6481000000.0,-12679000000.0,0.0,7000000000.0,-148000000.0,4307000000.0,4307000000.0,4307000000.0,929000000.0,-201000000.0,0.079,8223000000.0,7004000000.0,5752000000.0,0.398,3.045,15.982,15.638,5717000000.0,0.0,75.53,1.255,1.255,9538000000.0,34285000000.0,54828000000.0,54828000000.0,2056000000.0,0.066,0.192,0.229,0.121,193000000.0,6167000000.0,1.0,911358152.0,911358152.0,,60.161,53644000000.0,4120000000.0,1809000000.0,0.0,58.862,19349000000.0
37,RTX,MRT,2012-03-31,2012-03-31,2012-03-31,2021-08-25,-5001000000.0,61724000000.0,61817750000.0,27847000000.0,33877000000.0,0.898,24.747,-945000000.0,6285000000.0,6285000000.0,40135000000.0,4208000000.0,1.519,1.686,9791000000.0,300000000.0,9491000000.0,9791000000.0,0.0,1265000000.0,0.0,0.023,1.92,6742000000.0,8007000000.0,0.144,8007000000.0,6742000000.0,6265000000.0,4.82,4.74,4.82,22492000000.0,22421250000.0,22492000000.0,79681137529.0,12.0,9.951,5586000000.0,6.146,1.0,15355000000.0,0.277,19938000000.0,477000000.0,26962000000.0,25764500000.0,8366000000.0,0.0,0.0,0.0,37932000000.0,18330000000.0,19602000000.0,75381137529.0,1922000000.0,174000000.0,-1328000000.0,-655000000.0,-1646000000.0,-3965000000.0,-617000000.0,0.0,6531000000.0,-27000000.0,4297000000.0,4297000000.0,4297000000.0,758000000.0,-89000000.0,0.077,8259000000.0,7096000000.0,5281000000.0,0.398,3.351,17.543,17.207,5835000000.0,0.0,82.94,1.358,1.358,8833000000.0,33389000000.0,55490000000.0,55490000000.0,2025000000.0,0.07,0.192,0.262,0.121,218000000.0,6234000000.0,1.0,908863486.0,908863486.0,,61.054,41786000000.0,4052000000.0,1968000000.0,0.0,45.976,9517000000.0
38,RTX,MRT,2011-12-31,2011-12-31,2011-12-31,2021-08-25,-5490000000.0,61452000000.0,61552750000.0,25758000000.0,35694000000.0,0.906,24.521,-929000000.0,5960000000.0,5960000000.0,40369000000.0,4979000000.0,1.384,1.749,10260000000.0,759000000.0,9501000000.0,10260000000.0,0.0,1263000000.0,0.0,0.026,1.865,7609000000.0,8872000000.0,0.159,8872000000.0,7609000000.0,7113000000.0,5.58,5.49,5.58,21880000000.0,22329750000.0,21880000000.0,71623947727.0,9.0,8.073,5661000000.0,6.344,1.0,15385000000.0,0.276,21861000000.0,496000000.0,25275000000.0,25380250000.0,7797000000.0,0.0,0.0,0.0,38274000000.0,18616000000.0,19658000000.0,66225947727.0,1877000000.0,137000000.0,-2175000000.0,5000000.0,-1602000000.0,-4005000000.0,-707000000.0,0.0,6590000000.0,-1000000.0,4979000000.0,4979000000.0,4979000000.0,-148000000.0,0.0,0.089,8112000000.0,7273000000.0,5570000000.0,0.334,3.027,13.301,13.099,6201000000.0,0.0,73.09,1.188,1.17,9546000000.0,33487000000.0,55754000000.0,55754000000.0,1951000000.0,0.081,0.223,0.3,0.136,221000000.0,6161000000.0,1.0,906087669.0,892300000.0,906800000.0,62.483,39591000000.0,4049000000.0,2134000000.0,0.0,44.37,7142000000.0
39,RTX,MRT,2011-09-30,2011-09-30,2011-09-30,2021-08-25,-3766000000.0,61948000000.0,60813000000.0,26424000000.0,35524000000.0,0.891,25.416,-929000000.0,5966000000.0,5966000000.0,39510000000.0,5205000000.0,1.317,1.684,11364000000.0,1863000000.0,9501000000.0,11364000000.0,0.0,1254000000.0,0.0,0.026,1.81,7507000000.0,8761000000.0,0.162,8761000000.0,7507000000.0,6910000000.0,5.43,5.34,5.43,22590000000.0,22206000000.0,22590000000.0,69939041825.0,9.0,7.983,5325000000.0,5.991,1.0,14687000000.0,0.271,21946000000.0,597000000.0,25336000000.0,25358000000.0,8617000000.0,0.0,0.0,0.0,38033000000.0,20064000000.0,17969000000.0,63937041825.0,235000000.0,-33000000.0,-2731000000.0,-942000000.0,-1560000000.0,-5255000000.0,-799000000.0,0.0,6254000000.0,35000000.0,4853000000.0,4853000000.0,4853000000.0,-117000000.0,352000000.0,0.09,7826000000.0,6861000000.0,5597000000.0,0.333,2.83,13.175,12.958,6137000000.0,0.0,70.36,1.18,1.154,9503000000.0,32594000000.0,54197000000.0,54197000000.0,1796000000.0,0.08,0.219,0.296,0.139,215000000.0,5949000000.0,1.0,908712931.0,888800000.0,901900000.0,60.978,40002000000.0,3295000000.0,2057000000.0,0.0,45.007,6360000000.0
40,RTX,MRT,2011-06-30,2011-06-30,2011-06-30,2021-08-25,-2896000000.0,62147000000.0,60488250000.0,26429000000.0,35718000000.0,0.886,25.449,-907000000.0,5396000000.0,5396000000.0,38839000000.0,5083000000.0,1.307,1.675,11398000000.0,1906000000.0,9492000000.0,11398000000.0,0.0,1272000000.0,0.0,0.02,1.755,7243000000.0,8515000000.0,0.159,8515000000.0,7243000000.0,6624000000.0,5.26,5.17,5.26,22723000000.0,21872000000.0,22723000000.0,87056834132.0,12.0,10.224,5064000000.0,5.671,1.0,14743000000.0,0.275,22450000000.0,619000000.0,25485000000.0,25551000000.0,8795000000.0,0.0,0.0,0.0,38060000000.0,20214000000.0,17846000000.0,81009834132.0,399000000.0,-340000000.0,-2550000000.0,-708000000.0,-1519000000.0,-4667000000.0,-1135000000.0,0.0,5971000000.0,230000000.0,4727000000.0,4727000000.0,4727000000.0,-80000000.0,356000000.0,0.088,7760000000.0,6983000000.0,5686000000.0,0.334,3.565,17.138,16.827,6329000000.0,0.0,88.51,1.512,1.475,9801000000.0,31701000000.0,53582000000.0,53582000000.0,1764000000.0,0.078,0.216,0.283,0.135,184000000.0,5915000000.0,1.0,915261938.0,892900000.0,909800000.0,60.009,39697000000.0,3281000000.0,1897000000.0,0.0,44.459,6215000000.0
41,RTX,MRT,2011-03-31,2011-03-31,2011-03-31,2021-08-25,-3101000000.0,60664000000.0,59537250000.0,25005000000.0,35659000000.0,0.889,24.62,-862000000.0,4440000000.0,4440000000.0,38386000000.0,4865000000.0,1.322,1.682,10487000000.0,501000000.0,9986000000.0,10487000000.0,0.0,1289000000.0,0.0,0.02,1.7,6952000000.0,8241000000.0,0.156,8241000000.0,6952000000.0,6325000000.0,5.0,4.92,5.0,22126000000.0,21174500000.0,22126000000.0,84122621393.0,12.0,10.208,5251000000.0,5.843,1.0,14529000000.0,0.275,22370000000.0,627000000.0,25425000000.0,25638750000.0,8827000000.0,0.0,0.0,0.0,37219000000.0,18916000000.0,18303000000.0,77916621393.0,-348000000.0,-527000000.0,-2427000000.0,-1509000000.0,-1477000000.0,-5350000000.0,-1264000000.0,0.0,6113000000.0,153000000.0,4519000000.0,4519000000.0,4519000000.0,-47000000.0,346000000.0,0.085,7595000000.0,6934000000.0,5635000000.0,0.34,3.521,17.242,16.93,6382000000.0,0.0,84.65,1.472,1.438,9260000000.0,30812000000.0,52915000000.0,52915000000.0,1729000000.0,0.076,0.213,0.271,0.131,153000000.0,5830000000.0,1.0,920456248.0,898700000.0,914900000.0,58.879,38294000000.0,3439000000.0,1806000000.0,0.0,42.61,6089000000.0
42,RTX,MRT,2010-12-31,2010-12-31,2010-12-31,2021-08-25,-3769000000.0,58493000000.0,58968250000.0,23510000000.0,34983000000.0,0.886,23.554,-838000000.0,4083000000.0,4083000000.0,37954000000.0,4711000000.0,1.326,1.676,10289000000.0,279000000.0,10010000000.0,10289000000.0,0.0,1300000000.0,0.0,0.022,1.7,6748000000.0,8048000000.0,0.154,8048000000.0,6748000000.0,6098000000.0,4.82,4.74,4.82,21385000000.0,20634000000.0,21385000000.0,79261606440.0,12.0,9.849,5068000000.0,5.582,1.0,14321000000.0,0.274,21781000000.0,650000000.0,25186000000.0,25724000000.0,7766000000.0,0.0,0.0,0.0,35844000000.0,17732000000.0,18112000000.0,72690606440.0,-366000000.0,-2537000000.0,-2200000000.0,470000000.0,-1482000000.0,-3153000000.0,-3187000000.0,0.0,5906000000.0,68000000.0,4373000000.0,4373000000.0,4373000000.0,0.0,338000000.0,0.084,7454000000.0,6867000000.0,5206000000.0,0.353,3.399,16.623,16.332,6280000000.0,0.0,78.72,1.391,1.367,8925000000.0,30191000000.0,52275000000.0,52275000000.0,1656000000.0,0.074,0.212,0.262,0.129,148000000.0,5798000000.0,1.0,923407094.0,907900000.0,922700000.0,57.578,36712000000.0,3593000000.0,1725000000.0,0.0,40.436,5778000000.0
43,RTX,MRT,2010-09-30,2010-09-30,2010-09-30,2021-08-25,-3357000000.0,60649000000.0,58285500000.0,25337000000.0,35312000000.0,0.91,23.47,-804000000.0,5731000000.0,5731000000.0,38731000000.0,4627000000.0,1.291,1.792,12302000000.0,2231000000.0,10071000000.0,12302000000.0,0.0,1341000000.0,0.0,0.023,1.66,6672000000.0,8013000000.0,0.151,8013000000.0,6672000000.0,6096000000.0,4.66,4.58,4.66,21254000000.0,20304250000.0,21254000000.0,73245635871.0,11.0,9.141,4901000000.0,5.412,1.0,14336000000.0,0.27,21492000000.0,576000000.0,26108000000.0,25254500000.0,8430000000.0,0.0,0.0,0.0,38078000000.0,19620000000.0,18458000000.0,66177635871.0,1099000000.0,-2446000000.0,-1964000000.0,1792000000.0,-1452000000.0,-1591000000.0,-3059000000.0,0.0,5705000000.0,44000000.0,4247000000.0,4247000000.0,4247000000.0,0.0,380000000.0,0.08,7577000000.0,6759000000.0,4964000000.0,0.356,3.114,15.582,15.285,6148000000.0,0.0,71.23,1.247,1.216,8731000000.0,29384000000.0,53067000000.0,53067000000.0,1710000000.0,0.073,0.209,0.264,0.126,155000000.0,5948000000.0,1.0,929069716.0,905600000.0,919500000.0,58.599,39157000000.0,3911000000.0,1849000000.0,0.0,43.239,5717000000.0
44,RTX,MRT,2010-06-30,2010-06-30,2010-06-30,2021-08-25,-4238000000.0,58343000000.0,57517500000.0,24401000000.0,33942000000.0,0.918,21.895,-788000000.0,4997000000.0,4997000000.0,38900000000.0,4473000000.0,1.301,1.862,12065000000.0,2026000000.0,10039000000.0,12065000000.0,0.0,1315000000.0,0.0,0.025,1.62,6529000000.0,7844000000.0,0.148,7844000000.0,6529000000.0,5944000000.0,4.49,4.42,4.49,19933000000.0,19613000000.0,19933000000.0,67730225916.0,10.0,8.635,5094000000.0,5.595,1.0,13922000000.0,0.264,20813000000.0,585000000.0,25836000000.0,25084250000.0,8083000000.0,0.0,0.0,0.0,37117000000.0,18762000000.0,18355000000.0,60566225916.0,981000000.0,-2628000000.0,-1900000000.0,1171000000.0,-1421000000.0,-2001000000.0,-2936000000.0,0.0,5882000000.0,36000000.0,4107000000.0,4107000000.0,4107000000.0,0.0,366000000.0,0.078,7434000000.0,6488000000.0,5057000000.0,0.361,3.038,14.747,14.457,6090000000.0,0.0,64.91,1.147,1.119,8881000000.0,28569000000.0,52822000000.0,52822000000.0,1621000000.0,0.071,0.209,0.26,0.124,163000000.0,5894000000.0,1.0,933080048.0,910400000.0,925400000.0,58.021,37530000000.0,3661000000.0,1837000000.0,0.0,41.224,5639000000.0
45,RTX,MRT,2010-03-31,2010-03-31,2010-03-31,2021-08-25,-3746000000.0,58388000000.0,57068000000.0,24321000000.0,34067000000.0,0.915,21.852,-806000000.0,4788000000.0,4788000000.0,38486000000.0,4327000000.0,1.303,1.858,11952000000.0,1948000000.0,10004000000.0,11952000000.0,0.0,1279000000.0,0.0,0.021,1.58,6296000000.0,7575000000.0,0.145,7575000000.0,6296000000.0,5683000000.0,4.33,4.27,4.33,19964000000.0,18974500000.0,19964000000.0,74297014589.0,12.0,9.808,5216000000.0,5.709,1.0,13730000000.0,0.263,21116000000.0,613000000.0,25766000000.0,25016250000.0,8172000000.0,0.0,0.0,0.0,37087000000.0,18670000000.0,18417000000.0,69002014589.0,1516000000.0,-2490000000.0,-1400000000.0,1032000000.0,-1390000000.0,-1664000000.0,-3007000000.0,0.0,6022000000.0,165000000.0,3973000000.0,3973000000.0,3973000000.0,0.0,354000000.0,0.076,7487000000.0,6243000000.0,4801000000.0,0.365,3.456,17.368,17.0,6335000000.0,0.0,73.61,1.321,1.288,8737000000.0,27854000000.0,52216000000.0,52216000000.0,1546000000.0,0.07,0.209,0.252,0.121,164000000.0,5977000000.0,1.0,937400008.0,913600000.0,929300000.0,57.154,37272000000.0,3757000000.0,1710000000.0,0.0,40.797,5651000000.0
46,RTX,MRT,2009-12-31,2009-12-31,2009-12-31,2021-08-25,-3487000000.0,55762000000.0,56170500000.0,23194000000.0,32568000000.0,0.933,21.873,-826000000.0,4449000000.0,4449000000.0,38861000000.0,4179000000.0,1.295,1.713,9744000000.0,1487000000.0,8257000000.0,9744000000.0,0.0,1258000000.0,0.0,0.022,1.54,6027000000.0,7285000000.0,0.139,7285000000.0,6027000000.0,5410000000.0,4.17,4.12,4.17,20066000000.0,17936750000.0,20066000000.0,70874610934.0,12.0,9.729,4527000000.0,4.935,1.0,13564000000.0,0.259,19836000000.0,617000000.0,23308000000.0,25041000000.0,7509000000.0,0.0,0.0,0.0,34374000000.0,17913000000.0,16461000000.0,65074610934.0,122000000.0,-545000000.0,-1100000000.0,-1737000000.0,-1356000000.0,-4191000000.0,-1104000000.0,0.0,5353000000.0,64000000.0,3829000000.0,3829000000.0,3829000000.0,0.0,350000000.0,0.073,7594000000.0,5970000000.0,4634000000.0,0.369,3.243,16.995,16.645,6364000000.0,0.0,69.41,1.241,1.215,8469000000.0,27396000000.0,52425000000.0,52425000000.0,1558000000.0,0.068,0.213,0.241,0.115,153000000.0,6036000000.0,1.0,937539417.0,917400000.0,928800000.0,57.145,35926000000.0,3791000000.0,1581000000.0,0.0,39.161,5281000000.0
47,RTX,MRT,2009-09-30,2009-09-30,2009-09-30,2021-08-25,-4580000000.0,57577000000.0,56439250000.0,23729000000.0,33848000000.0,0.938,20.162,-907000000.0,4632000000.0,4632000000.0,39372000000.0,4239000000.0,1.304,2.052,10432000000.0,1703000000.0,8729000000.0,10432000000.0,0.0,1275000000.0,0.0,0.025,1.54,6007000000.0,7282000000.0,0.138,7282000000.0,6007000000.0,5430000000.0,4.24,4.19,4.24,18489000000.0,16861000000.0,18489000000.0,64151788323.0,11.0,8.81,4991000000.0,5.443,1.0,13580000000.0,0.256,19750000000.0,577000000.0,25427000000.0,25558500000.0,8086000000.0,0.0,0.0,0.0,37931000000.0,18200000000.0,19731000000.0,57351788323.0,1017000000.0,-927000000.0,-1470000000.0,2000000.0,-1359000000.0,-2910000000.0,-1877000000.0,0.0,5898000000.0,-94000000.0,3901000000.0,3901000000.0,3901000000.0,0.0,338000000.0,0.074,7235000000.0,6345000000.0,4430000000.0,0.363,3.102,14.702,14.37,6278000000.0,0.0,60.93,1.083,1.055,8460000000.0,26827000000.0,52952000000.0,52952000000.0,1627000000.0,0.069,0.231,0.235,0.113,160000000.0,6130000000.0,1.0,941273401.0,917000000.0,929000000.0,57.745,37827000000.0,4934000000.0,1529000000.0,0.0,41.251,5529000000.0
48,RTX,MRT,2009-06-30,2009-06-30,2009-06-30,2021-08-25,-5275000000.0,56545000000.0,56247500000.0,23636000000.0,32909000000.0,0.972,18.911,-1014000000.0,4016000000.0,4016000000.0,40471000000.0,4464000000.0,1.273,2.195,10816000000.0,2095000000.0,8721000000.0,10816000000.0,0.0,1285000000.0,0.0,0.028,1.475,6271000000.0,7556000000.0,0.138,7556000000.0,6271000000.0,5687000000.0,4.45,4.38,4.45,17379000000.0,17509500000.0,17379000000.0,56503173309.0,9.0,7.478,4866000000.0,5.295,1.0,14191000000.0,0.26,19210000000.0,584000000.0,25564000000.0,25239750000.0,8539000000.0,0.0,0.0,0.0,38139000000.0,18571000000.0,19568000000.0,48948173309.0,574000000.0,-607000000.0,-1990000000.0,83000000.0,-1306000000.0,-3411000000.0,-1632000000.0,0.0,5880000000.0,-263000000.0,4112000000.0,4112000000.0,4112000000.0,0.0,352000000.0,0.075,7568000000.0,6623000000.0,4599000000.0,0.331,2.817,11.904,11.676,6179000000.0,0.0,51.96,0.895,0.874,8522000000.0,26133000000.0,54662000000.0,54662000000.0,1719000000.0,0.073,0.235,0.248,0.115,179000000.0,6371000000.0,1.0,942035668.0,919000000.0,929000000.0,59.48,37335000000.0,5044000000.0,1575000000.0,0.0,40.626,5065000000.0
49,RTX,MRT,2009-03-31,2009-03-31,2009-03-31,2021-08-25,-6221000000.0,54798000000.0,56732750000.0,23222000000.0,31576000000.0,1.012,17.225,-1146000000.0,3272000000.0,3272000000.0,42506000000.0,4773000000.0,1.294,2.404,10827000000.0,1512000000.0,9315000000.0,10827000000.0,0.0,1308000000.0,0.0,0.033,1.41,6723000000.0,8031000000.0,0.14,8031000000.0,6723000000.0,6140000000.0,4.74,4.65,4.74,15813000000.0,18642750000.0,15813000000.0,47648806521.0,7.0,5.933,4612000000.0,5.024,1.0,14904000000.0,0.26,18549000000.0,583000000.0,25865000000.0,25049500000.0,8601000000.0,0.0,0.0,0.0,38012000000.0,17939000000.0,20073000000.0,40499806521.0,133000000.0,-911000000.0,-2559000000.0,832000000.0,-1256000000.0,-3148000000.0,-2125000000.0,0.0,5758000000.0,-352000000.0,4411000000.0,4411000000.0,4411000000.0,0.0,362000000.0,0.077,7819000000.0,7085000000.0,4813000000.0,0.297,2.561,9.182,9.068,6130000000.0,0.0,42.98,0.705,0.687,8797000000.0,25519000000.0,57410000000.0,57410000000.0,1769000000.0,0.078,0.237,0.268,0.117,187000000.0,6572000000.0,1.0,942294242.0,918000000.0,926000000.0,62.538,36249000000.0,5103000000.0,1729000000.0,0.0,39.487,5283000000.0
50,RTX,MRT,2008-12-31,2008-12-31,2008-12-31,2021-08-25,-5934000000.0,56837000000.0,57296500000.0,24467000000.0,32370000000.0,1.032,16.808,-1216000000.0,4327000000.0,4327000000.0,43637000000.0,5053000000.0,1.236,2.532,11476000000.0,2139000000.0,9337000000.0,11476000000.0,0.0,1321000000.0,0.0,0.025,1.345,7145000000.0,8466000000.0,0.143,8466000000.0,7145000000.0,6572000000.0,5.0,4.9,5.0,15763000000.0,20086000000.0,15763000000.0,57710020226.0,8.0,6.817,4945000000.0,5.273,1.0,15482000000.0,0.262,18806000000.0,573000000.0,25378000000.0,24595500000.0,8340000000.0,0.0,0.0,0.0,39911000000.0,19802000000.0,20109000000.0,50953020226.0,1423000000.0,-915000000.0,-3160000000.0,2291000000.0,-1210000000.0,-2238000000.0,-2336000000.0,0.0,6161000000.0,-164000000.0,4689000000.0,4689000000.0,4689000000.0,0.0,364000000.0,0.079,7973000000.0,7509000000.0,5594000000.0,0.269,3.232,10.867,10.72,6348000000.0,0.0,53.6,0.862,0.85,9480000000.0,25034000000.0,59119000000.0,59119000000.0,1771000000.0,0.082,0.233,0.291,0.121,211000000.0,6724000000.0,1.0,950616049.0,937800000.0,956400000.0,63.04,38031000000.0,5184000000.0,1883000000.0,0.0,40.553,4665000000.0
51,RTX,MRT,2008-09-30,2008-09-30,2008-09-30,2021-08-25,-242000000.0,56810000000.0,56731000000.0,24181000000.0,32629000000.0,1.069,22.597,-1266000000.0,3615000000.0,3615000000.0,44495000000.0,5208000000.0,1.218,1.649,10372000000.0,2259000000.0,8113000000.0,10372000000.0,0.0,1281000000.0,0.0,0.021,1.28,7257000000.0,8538000000.0,0.141,8538000000.0,7257000000.0,6565000000.0,4.86,4.76,4.86,21083000000.0,21484000000.0,21083000000.0,65207269768.0,9.0,7.637,4920000000.0,5.273,1.0,16163000000.0,0.266,19558000000.0,692000000.0,24152000000.0,24119250000.0,9011000000.0,0.0,0.0,0.0,34765000000.0,19857000000.0,14908000000.0,57919269768.0,805000000.0,-733000000.0,-2971000000.0,1080000000.0,-1163000000.0,-3189000000.0,-2216000000.0,0.0,6186000000.0,24000000.0,4604000000.0,4604000000.0,4604000000.0,0.0,604000000.0,0.076,8548000000.0,7615000000.0,5104000000.0,0.263,2.747,12.58,12.358,6441000000.0,0.0,60.06,0.955,0.924,9346000000.0,24380000000.0,60658000000.0,60658000000.0,1762000000.0,0.081,0.214,0.301,0.12,218000000.0,6786000000.0,1.0,964356806.0,933000000.0,951000000.0,65.014,37252000000.0,2587000000.0,1961000000.0,0.0,39.927,4324000000.0
52,RTX,MRT,2008-06-30,2008-06-30,2008-06-30,2021-08-25,746000000.0,58486000000.0,55902750000.0,24779000000.0,33707000000.0,1.063,23.212,-1236000000.0,3442000000.0,3442000000.0,43628000000.0,5035000000.0,1.208,1.625,10730000000.0,2624000000.0,8106000000.0,10730000000.0,0.0,1263000000.0,0.0,0.021,1.28,7119000000.0,8382000000.0,0.141,8382000000.0,7119000000.0,6425000000.0,4.74,4.64,4.74,21912000000.0,21282750000.0,21912000000.0,66924664835.0,9.0,7.984,4498000000.0,4.765,1.0,15808000000.0,0.266,20466000000.0,694000000.0,24803000000.0,23531250000.0,9082000000.0,0.0,0.0,0.0,35617000000.0,20505000000.0,15112000000.0,60046664835.0,150000000.0,-1992000000.0,-2521000000.0,1879000000.0,-1173000000.0,-1876000000.0,-3876000000.0,0.0,5734000000.0,168000000.0,4532000000.0,4532000000.0,4532000000.0,0.0,503000000.0,0.076,8354000000.0,7454000000.0,5577000000.0,0.27,2.74,13.249,13.017,6550000000.0,0.0,61.7,1.01,0.98,10103000000.0,23410000000.0,59436000000.0,59436000000.0,1725000000.0,0.081,0.213,0.303,0.12,211000000.0,6629000000.0,1.0,973203644.0,944000000.0,966000000.0,62.962,38020000000.0,2572000000.0,1893000000.0,0.0,40.275,4274000000.0
53,RTX,MRT,2008-03-31,2008-03-31,2008-03-31,2021-08-25,805000000.0,57053000000.0,53920500000.0,23916000000.0,33137000000.0,1.064,22.674,-1182000000.0,3139000000.0,3139000000.0,42121000000.0,4808000000.0,1.22,1.597,10017000000.0,2003000000.0,8014000000.0,10017000000.0,0.0,1214000000.0,0.0,0.018,1.225,6910000000.0,8124000000.0,0.142,8124000000.0,6910000000.0,6229000000.0,4.58,4.48,4.58,21586000000.0,20603500000.0,21586000000.0,73792073302.0,11.0,9.083,4583000000.0,4.814,1.0,15275000000.0,0.266,20277000000.0,681000000.0,24049000000.0,22578750000.0,9075000000.0,0.0,0.0,0.0,34483000000.0,19605000000.0,14878000000.0,67548073302.0,658000000.0,-1755000000.0,-2302000000.0,1469000000.0,-1128000000.0,-1877000000.0,-3454000000.0,0.0,5765000000.0,224000000.0,4405000000.0,4405000000.0,4405000000.0,0.0,403000000.0,0.077,8055000000.0,7220000000.0,5503000000.0,0.267,3.129,15.334,15.026,6477000000.0,0.0,68.82,1.177,1.141,9558000000.0,22440000000.0,57396000000.0,57396000000.0,1707000000.0,0.082,0.214,0.306,0.12,202000000.0,6348000000.0,1.0,981518066.0,952000000.0,975000000.0,60.29,36776000000.0,2442000000.0,1824000000.0,0.0,38.63,4311000000.0
54,RTX,MRT,2007-12-31,2007-12-31,2007-12-31,2021-08-25,584000000.0,54575000000.0,51803000000.0,22071000000.0,32504000000.0,1.076,22.152,-1153000000.0,2904000000.0,2904000000.0,40879000000.0,4548000000.0,1.263,1.513,9148000000.0,1133000000.0,8015000000.0,9148000000.0,0.0,1173000000.0,0.0,0.015,1.17,6726000000.0,7899000000.0,0.142,7899000000.0,6726000000.0,6060000000.0,4.38,4.27,4.38,21355000000.0,19733500000.0,21355000000.0,82177410127.0,12.0,10.404,4177000000.0,4.333,1.0,14837000000.0,0.266,19877000000.0,666000000.0,23473000000.0,21749000000.0,8101000000.0,0.0,0.0,0.0,32308000000.0,17469000000.0,14839000000.0,75660410127.0,358000000.0,-1739000000.0,-2001000000.0,893000000.0,-1080000000.0,-1955000000.0,-3182000000.0,0.0,5330000000.0,165000000.0,4224000000.0,4224000000.0,4224000000.0,0.0,324000000.0,0.076,7787000000.0,7050000000.0,5059000000.0,0.267,3.543,17.912,17.475,6296000000.0,0.0,76.54,1.358,1.324,8844000000.0,21751000000.0,55716000000.0,55716000000.0,1678000000.0,0.082,0.214,0.309,0.121,198000000.0,6109000000.0,1.0,988508102.0,964000000.0,989000000.0,57.797,34698000000.0,2393000000.0,1836000000.0,0.0,35.994,4602000000.0
55,RTX,MRT,2007-09-30,2007-09-30,2007-09-30,2021-08-25,-94000000.0,53497000000.0,49944500000.0,22561000000.0,30936000000.0,1.058,21.057,-1048000000.0,2810000000.0,2810000000.0,38714000000.0,4029000000.0,1.211,1.596,9327000000.0,2268000000.0,7059000000.0,9327000000.0,0.0,1124000000.0,0.0,0.014,1.115,6366000000.0,7490000000.0,0.142,7490000000.0,6366000000.0,5721000000.0,4.17,4.06,4.17,20278000000.0,18719000000.0,20278000000.0,85119754832.0,13.0,11.364,3892000000.0,4.042,1.0,14118000000.0,0.267,19580000000.0,645000000.0,21800000000.0,20869750000.0,8550000000.0,0.0,0.0,0.0,32355000000.0,18634000000.0,13721000000.0,79818754832.0,-104000000.0,-1731000000.0,-2238000000.0,568000000.0,-1032000000.0,-2468000000.0,-2750000000.0,0.0,4940000000.0,174000000.0,4029000000.0,4029000000.0,4029000000.0,0.0,0.0,0.076,7433000000.0,6685000000.0,4977000000.0,0.267,3.936,19.811,19.3,6053000000.0,0.0,80.48,1.511,1.467,8999000000.0,21004000000.0,52832000000.0,52832000000.0,1603000000.0,0.081,0.215,0.305,0.12,185000000.0,5830000000.0,1.0,991783733.0,963000000.0,,54.862,33917000000.0,2971000000.0,1692000000.0,0.0,35.22,3927000000.0
56,RTX,MRT,2007-06-30,2007-06-30,2007-06-30,2021-08-25,-571000000.0,50557000000.0,48969250000.0,21712000000.0,28845000000.0,1.044,19.871,-994000000.0,3292000000.0,3292000000.0,37440000000.0,3828000000.0,1.279,1.588,8593000000.0,1548000000.0,7045000000.0,8593000000.0,0.0,1068000000.0,0.0,0.015,1.06,6131000000.0,7199000000.0,0.141,7199000000.0,6131000000.0,5509000000.0,3.95,3.84,3.95,19195000000.0,18383000000.0,19195000000.0,76317945931.0,12.0,10.601,3924000000.0,4.062,1.0,13692000000.0,0.268,17894000000.0,622000000.0,20993000000.0,21064750000.0,7974000000.0,0.0,0.0,0.0,30477000000.0,16971000000.0,13506000000.0,70534945931.0,409000000.0,-511000000.0,-2318000000.0,-386000000.0,-985000000.0,-3512000000.0,-1138000000.0,0.0,4918000000.0,141000000.0,3828000000.0,3828000000.0,3828000000.0,0.0,0.0,0.075,7248000000.0,6444000000.0,5100000000.0,0.268,3.675,18.426,17.957,5875000000.0,0.0,70.93,1.379,1.34,8428000000.0,20123000000.0,51132000000.0,51132000000.0,1588000000.0,0.078,0.208,0.291,0.12,186000000.0,5660000000.0,1.0,994430367.0,966000000.0,,52.932,32663000000.0,2978000000.0,1681000000.0,0.0,33.813,4741000000.0
57,RTX,MRT,2007-03-31,2007-03-31,2007-03-31,2021-08-25,-1013000000.0,48583000000.0,48621500000.0,20187000000.0,28396000000.0,1.018,18.705,-961000000.0,2481000000.0,2481000000.0,36086000000.0,3783000000.0,1.253,1.636,8264000000.0,1229000000.0,7035000000.0,8264000000.0,0.0,1047000000.0,0.0,0.016,1.06,6014000000.0,7061000000.0,0.143,7061000000.0,6014000000.0,5400000000.0,3.88,3.77,3.88,18106000000.0,18196250000.0,18106000000.0,70111106835.0,12.0,9.929,3320000000.0,3.43,1.0,13406000000.0,0.271,17528000000.0,614000000.0,20730000000.0,21491250000.0,7508000000.0,0.0,0.0,0.0,29623000000.0,16108000000.0,13515000000.0,64726106835.0,64000000.0,-480000000.0,-2193000000.0,-233000000.0,-989000000.0,-3235000000.0,-1094000000.0,0.0,4281000000.0,112000000.0,3783000000.0,3783000000.0,3783000000.0,0.0,0.0,0.076,7086000000.0,6320000000.0,4786000000.0,0.273,3.575,17.11,16.753,5759000000.0,0.0,65.0,1.308,1.271,7978000000.0,19243000000.0,49492000000.0,49492000000.0,1542000000.0,0.078,0.208,0.28,0.122,190000000.0,5544000000.0,1.0,995786259.0,968000000.0,,51.128,31055000000.0,3005000000.0,1617000000.0,0.0,32.082,4079000000.0
58,RTX,MRT,2006-12-31,2006-12-31,2006-12-31,2021-08-25,-1439000000.0,47141000000.0,48233500000.0,18844000000.0,28297000000.0,0.992,17.234,-954000000.0,2546000000.0,2546000000.0,34740000000.0,3732000000.0,1.239,1.677,7931000000.0,894000000.0,7037000000.0,7931000000.0,0.0,1033000000.0,0.0,0.016,1.015,5832000000.0,6865000000.0,0.144,6865000000.0,5832000000.0,5226000000.0,3.81,3.71,3.81,17297000000.0,18009000000.0,17297000000.0,68125252392.0,12.0,9.924,3849000000.0,3.835,1.0,13089000000.0,0.274,17362000000.0,606000000.0,19956000000.0,21461250000.0,6657000000.0,0.0,0.0,0.0,29008000000.0,15208000000.0,13800000000.0,62748252392.0,299000000.0,-460000000.0,-2068000000.0,-533000000.0,-951000000.0,-3342000000.0,-1261000000.0,0.0,4803000000.0,99000000.0,3732000000.0,3732000000.0,3732000000.0,0.0,0.0,0.078,6991000000.0,6098000000.0,4263000000.0,0.266,3.628,16.814,16.409,5725000000.0,0.0,62.52,1.312,1.312,7679000000.0,18754000000.0,47829000000.0,47829000000.0,1529000000.0,0.077,0.207,0.272,0.122,180000000.0,5462000000.0,1.0,1003650870.0,1003650870.0,,47.655,29779000000.0,2951000000.0,1494000000.0,0.0,29.671,3636000000.0
59,RTX,MRT,2006-09-30,2006-09-30,2006-09-30,2021-08-25,260000000.0,49596000000.0,47929500000.0,19906000000.0,29690000000.0,0.966,19.32,-948000000.0,2914000000.0,2914000000.0,33458000000.0,3493000000.0,1.291,1.575,8291000000.0,1224000000.0,7067000000.0,8291000000.0,0.0,1028000000.0,0.0,0.015,0.97,5540000000.0,6568000000.0,0.142,6568000000.0,5540000000.0,4944000000.0,3.55,3.47,3.55,18934000000.0,17932500000.0,18934000000.0,69950072889.0,13.0,10.65,3345000000.0,3.413,1.0,12845000000.0,0.277,16971000000.0,596000000.0,22580000000.0,21599000000.0,7197000000.0,0.0,0.0,0.0,29812000000.0,15422000000.0,14390000000.0,64074072889.0,812000000.0,-666000000.0,-1751000000.0,406000000.0,-912000000.0,-2034000000.0,-1498000000.0,0.0,4293000000.0,51000000.0,3493000000.0,3493000000.0,3493000000.0,0.0,0.0,0.075,6954000000.0,5891000000.0,4245000000.0,0.273,3.384,18.344,17.845,5576000000.0,0.0,63.35,1.384,1.341,7693000000.0,18167000000.0,46303000000.0,46303000000.0,1546000000.0,0.073,0.195,0.256,0.12,170000000.0,5408000000.0,1.0,1011429722.0,980000000.0,,47.248,32625000000.0,2231000000.0,1451000000.0,0.0,33.291,4484000000.0
60,RTX,MRT,2006-06-30,2006-06-30,2006-06-30,2021-08-25,53000000.0,49166000000.0,47047500000.0,19621000000.0,29545000000.0,0.957,18.767,-1013000000.0,2883000000.0,2883000000.0,32555000000.0,3318000000.0,1.247,1.62,8759000000.0,1698000000.0,7061000000.0,8759000000.0,0.0,1041000000.0,0.0,0.015,0.925,5277000000.0,6318000000.0,0.14,6318000000.0,5277000000.0,4702000000.0,3.36,3.29,3.36,18448000000.0,17135000000.0,18448000000.0,69965269425.0,13.0,11.074,3074000000.0,3.127,1.0,12490000000.0,0.277,16606000000.0,575000000.0,22699000000.0,21227750000.0,6856000000.0,0.0,0.0,0.0,29889000000.0,15737000000.0,14152000000.0,64109269425.0,898000000.0,-1551000000.0,-1556000000.0,1483000000.0,-871000000.0,-621000000.0,-2583000000.0,0.0,4087000000.0,15000000.0,3318000000.0,3318000000.0,3318000000.0,0.0,0.0,0.074,6862000000.0,5628000000.0,4340000000.0,0.275,3.475,19.322,18.875,5586000000.0,0.0,63.42,1.423,1.384,7810000000.0,17432000000.0,45045000000.0,45045000000.0,1497000000.0,0.071,0.194,0.249,0.117,173000000.0,5365000000.0,1.0,1010868329.0,983000000.0,,45.824,32560000000.0,2215000000.0,1384000000.0,0.0,33.123,3884000000.0
61,RTX,MRT,2006-03-31,2006-03-31,2006-03-31,2021-08-25,-192000000.0,47031000000.0,45953750000.0,18121000000.0,28910000000.0,0.956,17.639,-978000000.0,2417000000.0,2417000000.0,31770000000.0,3186000000.0,1.133,1.663,8273000000.0,2319000000.0,5954000000.0,8273000000.0,0.0,1022000000.0,0.0,0.015,0.88,5021000000.0,6043000000.0,0.138,6043000000.0,5021000000.0,4481000000.0,3.22,3.15,3.22,17357000000.0,16341500000.0,17357000000.0,64857309509.0,13.0,10.733,3485000000.0,3.542,1.0,12163000000.0,0.277,16284000000.0,540000000.0,20610000000.0,20695250000.0,6472000000.0,0.0,0.0,0.0,28873000000.0,15993000000.0,12880000000.0,58864309509.0,454000000.0,-3725000000.0,-1441000000.0,2827000000.0,-831000000.0,827000000.0,-4802000000.0,0.0,4463000000.0,-34000000.0,3186000000.0,3186000000.0,3186000000.0,0.0,0.0,0.073,6787000000.0,5376000000.0,4017000000.0,0.273,3.391,18.476,18.003,5677000000.0,0.0,57.97,1.34,1.298,7128000000.0,16601000000.0,43933000000.0,43933000000.0,1445000000.0,0.069,0.195,0.243,0.114,162000000.0,5342000000.0,1.0,1015427109.0,984000000.0,,44.647,30747000000.0,2234000000.0,1295000000.0,0.0,31.247,2128000000.0
62,RTX,MRT,2005-12-31,2005-12-31,2005-12-31,2021-08-25,-194000000.0,45925000000.0,44329750000.0,17206000000.0,28719000000.0,0.964,16.68,-929000000.0,2247000000.0,2247000000.0,30935000000.0,3069000000.0,1.121,1.657,8240000000.0,2305000000.0,5935000000.0,8240000000.0,0.0,984000000.0,0.0,0.016,0.88,4820000000.0,5804000000.0,0.136,5804000000.0,4820000000.0,4322000000.0,3.1,3.03,3.1,16991000000.0,15677250000.0,16991000000.0,62662862673.0,13.0,10.796,3405000000.0,3.343,1.0,11790000000.0,0.276,16066000000.0,498000000.0,20507000000.0,20211000000.0,5659000000.0,0.0,0.0,0.0,28156000000.0,15345000000.0,12811000000.0,56952862673.0,-18000000.0,-3755000000.0,-1181000000.0,2106000000.0,-832000000.0,335000000.0,-4649000000.0,0.0,4334000000.0,-38000000.0,3069000000.0,3069000000.0,3069000000.0,0.0,0.0,0.072,6608000000.0,5182000000.0,3820000000.0,0.284,3.352,18.557,18.035,5623000000.0,0.0,55.91,1.333,1.333,7240000000.0,16051000000.0,42725000000.0,42725000000.0,1367000000.0,0.069,0.196,0.238,0.113,153000000.0,5241000000.0,1.0,1018652525.0,1018652525.0,,41.943,29859000000.0,2146000000.0,1253000000.0,0.0,29.312,1861000000.0
63,RTX,MRT,2005-09-30,2005-09-30,2005-09-30,2021-08-25,-1309000000.0,46068000000.0,42958750000.0,17511000000.0,28557000000.0,0.961,15.871,-928000000.0,2102000000.0,2102000000.0,29885000000.0,3055000000.0,1.181,1.926,7812000000.0,1446000000.0,6366000000.0,7812000000.0,0.0,962000000.0,0.0,0.016,0.835,4731000000.0,5693000000.0,0.138,5693000000.0,4731000000.0,4280000000.0,3.085,3.01,3.085,15744000000.0,14996000000.0,15744000000.0,58351486913.0,12.0,10.25,3082000000.0,3.107,1.0,11417000000.0,0.276,15856000000.0,451000000.0,21095000000.0,19720500000.0,5964000000.0,0.0,0.0,0.0,30324000000.0,14827000000.0,15497000000.0,53123486913.0,-238000000.0,-3976000000.0,-1064000000.0,1965000000.0,-789000000.0,468000000.0,-4790000000.0,0.0,4010000000.0,74000000.0,3055000000.0,3055000000.0,3055000000.0,0.0,0.0,0.074,6422000000.0,4995000000.0,3680000000.0,0.271,3.374,17.389,16.804,5513000000.0,0.0,51.84,1.286,1.245,7338000000.0,15658000000.0,41302000000.0,41302000000.0,1286000000.0,0.071,0.204,0.24,0.115,165000000.0,5136000000.0,1.0,1024758621.0,992000000.0,,41.635,30212000000.0,2559000000.0,1225000000.0,0.0,30.456,2684000000.0
64,RTX,MRT,2005-06-30,2005-06-30,2005-06-30,2021-08-25,-1449000000.0,44791000000.0,40849500000.0,17295000000.0,27496000000.0,0.973,15.351,-859000000.0,1985000000.0,1985000000.0,28796000000.0,2927000000.0,1.219,1.932,7213000000.0,598000000.0,6615000000.0,7213000000.0,0.0,927000000.0,0.0,0.015,0.79,4488000000.0,5415000000.0,0.136,5415000000.0,4488000000.0,4083000000.0,2.955,2.88,2.955,15274000000.0,14319500000.0,15274000000.0,55446236478.0,12.0,10.239,2917000000.0,2.932,1.0,10940000000.0,0.275,15263000000.0,405000000.0,20569000000.0,19200250000.0,5874000000.0,0.0,0.0,0.0,29517000000.0,14187000000.0,15330000000.0,52564236478.0,-33000000.0,-3206000000.0,-887000000.0,1413000000.0,-746000000.0,140000000.0,-4047000000.0,0.0,3776000000.0,98000000.0,2927000000.0,2927000000.0,2927000000.0,0.0,0.0,0.074,6199000000.0,4741000000.0,3975000000.0,0.267,3.441,17.958,17.377,5187000000.0,0.0,51.35,1.323,1.286,7374000000.0,15057000000.0,39736000000.0,39736000000.0,1250000000.0,0.072,0.204,0.234,0.113,164000000.0,4949000000.0,1.0,1023646280.0,995000000.0,,39.936,29528000000.0,2592000000.0,1156000000.0,0.0,29.676,3108000000.0
65,RTX,MRT,2005-03-31,2005-03-31,2005-03-31,2021-08-25,-1218000000.0,40535000000.0,38824750000.0,15746000000.0,24789000000.0,0.984,14.819,-824000000.0,1963000000.0,1963000000.0,27782000000.0,2773000000.0,1.235,1.757,4845000000.0,622000000.0,4223000000.0,4845000000.0,0.0,942000000.0,0.0,0.015,0.745,4227000000.0,5169000000.0,0.135,5169000000.0,4227000000.0,3851000000.0,2.795,2.74,2.795,14700000000.0,13621000000.0,14700000000.0,55353409528.0,13.0,10.709,2858000000.0,2.881,1.0,10424000000.0,0.273,11991000000.0,376000000.0,18673000000.0,18706500000.0,5298000000.0,0.0,0.0,0.0,25835000000.0,12753000000.0,13082000000.0,52027409528.0,232000000.0,-1127000000.0,-891000000.0,-412000000.0,-702000000.0,-1716000000.0,-1840000000.0,0.0,3682000000.0,106000000.0,2773000000.0,2773000000.0,2773000000.0,0.0,0.0,0.073,5955000000.0,4469000000.0,3603000000.0,0.267,3.539,18.762,18.186,5160000000.0,0.0,50.83,1.362,1.32,6564000000.0,14310000000.0,38206000000.0,38206000000.0,1247000000.0,0.071,0.204,0.226,0.111,161000000.0,4708000000.0,1.0,1023557142.0,992000000.0,,38.514,28544000000.0,2806000000.0,1078000000.0,0.0,28.774,2993000000.0
66,RTX,MRT,2004-12-31,2004-12-31,2004-12-31,2021-08-25,-1152000000.0,40441000000.0,37673000000.0,15670000000.0,24771000000.0,0.994,13.958,-795000000.0,2265000000.0,2265000000.0,27242000000.0,2673000000.0,1.197,1.771,5591000000.0,1360000000.0,4231000000.0,5591000000.0,0.0,978000000.0,0.0,0.014,0.7,4067000000.0,5045000000.0,0.135,5045000000.0,4067000000.0,3704000000.0,2.69,2.64,2.69,14266000000.0,12967250000.0,14266000000.0,55535310793.0,14.0,11.008,2801000000.0,2.74,1.0,10203000000.0,0.272,12127000000.0,363000000.0,18545000000.0,18656000000.0,5078000000.0,0.0,0.0,0.0,25265000000.0,13095000000.0,12170000000.0,52816310793.0,642000000.0,-1048000000.0,-992000000.0,42000000.0,-660000000.0,-1299000000.0,-1762000000.0,0.0,3596000000.0,107000000.0,2673000000.0,2673000000.0,2673000000.0,0.0,0.0,0.071,5902000000.0,4301000000.0,3490000000.0,0.26,3.702,19.759,19.21,5231000000.0,0.0,51.675,1.411,1.411,6315000000.0,13880000000.0,37445000000.0,37445000000.0,1267000000.0,0.071,0.206,0.218,0.109,169000000.0,4635000000.0,1.0,1022086324.0,1022086324.0,,36.636,28314000000.0,2823000000.0,1031000000.0,0.0,27.702,2575000000.0
67,RTX,MRT,2004-09-30,2004-09-30,2004-09-30,2021-08-25,-1712000000.0,37631000000.0,36381250000.0,14677000000.0,22954000000.0,0.995,13.143,-659000000.0,2340000000.0,2340000000.0,26386000000.0,2524000000.0,1.258,1.886,5059000000.0,805000000.0,4254000000.0,5059000000.0,0.0,973000000.0,0.0,0.015,0.7,3781000000.0,4754000000.0,0.131,4754000000.0,3781000000.0,3418000000.0,2.545,2.485,2.545,13038000000.0,12327500000.0,13038000000.0,50723060385.0,13.0,10.67,2866000000.0,2.889,1.0,9809000000.0,0.271,9666000000.0,363000000.0,19014000000.0,18221500000.0,4622000000.0,0.0,0.0,0.0,24593000000.0,11670000000.0,12923000000.0,47776060385.0,919000000.0,-350000000.0,-788000000.0,-474000000.0,-660000000.0,-1683000000.0,-975000000.0,0.0,3525000000.0,52000000.0,2524000000.0,2524000000.0,2524000000.0,0.0,0.0,0.07,5813000000.0,3996000000.0,3100000000.0,0.275,3.664,18.929,18.346,4873000000.0,0.0,46.69,1.32,1.28,6063000000.0,14103000000.0,36195000000.0,36195000000.0,1189000000.0,0.069,0.205,0.208,0.104,321000000.0,4624000000.0,1.0,1023261092.0,992000000.0,,36.487,27965000000.0,2491000000.0,894000000.0,0.0,28.191,3007000000.0
68,RTX,MRT,2004-06-30,2004-06-30,2004-06-30,2021-08-25,-1825000000.0,36692000000.0,35489000000.0,14163000000.0,22529000000.0,0.981,12.581,-605000000.0,2018000000.0,2018000000.0,25297000000.0,2470000000.0,1.242,1.94,4965000000.0,718000000.0,4247000000.0,4965000000.0,0.0,946000000.0,0.0,0.014,0.66,3713000000.0,4659000000.0,0.134,4659000000.0,3713000000.0,3344000000.0,2.515,2.44,2.515,12480000000.0,11597750000.0,12480000000.0,50290502772.0,14.0,10.794,3021000000.0,3.045,1.0,9513000000.0,0.273,9644000000.0,369000000.0,18594000000.0,18218750000.0,4442000000.0,0.0,0.0,0.0,24212000000.0,11401000000.0,12811000000.0,47016502772.0,-397000000.0,-1191000000.0,-630000000.0,-1097000000.0,-622000000.0,-2181000000.0,-1874000000.0,0.0,3626000000.0,32000000.0,2470000000.0,2470000000.0,2470000000.0,0.0,0.0,0.071,5599000000.0,3914000000.0,3269000000.0,0.262,3.767,19.035,18.187,4847000000.0,0.0,45.74,1.351,1.303,6000000000.0,13578000000.0,34810000000.0,34810000000.0,1150000000.0,0.07,0.213,0.204,0.107,274000000.0,4449000000.0,1.0,1027907800.0,992000000.0,,35.091,27048000000.0,2506000000.0,874000000.0,0.0,27.266,2762000000.0
69,RTX,MRT,2004-03-31,2004-03-31,2004-03-31,2021-08-25,-1759000000.0,35928000000.0,34042750000.0,13372000000.0,22556000000.0,0.969,12.134,-566000000.0,1731000000.0,1731000000.0,23940000000.0,2285000000.0,1.192,1.973,5005000000.0,744000000.0,4261000000.0,5005000000.0,0.0,881000000.0,0.0,0.014,0.62,3545000000.0,4426000000.0,0.134,4426000000.0,3545000000.0,3174000000.0,2.36,2.26,2.36,12085000000.0,10859250000.0,12085000000.0,48154402694.0,14.0,10.88,2769000000.0,2.78,1.0,9038000000.0,0.274,9515000000.0,371000000.0,18471000000.0,18053500000.0,4495000000.0,0.0,0.0,0.0,23843000000.0,11216000000.0,12627000000.0,44476402694.0,-196000000.0,-1105000000.0,-416000000.0,-1102000000.0,-584000000.0,-1884000000.0,-1749000000.0,0.0,3335000000.0,102000000.0,2285000000.0,2285000000.0,2285000000.0,0.0,0.0,0.069,5308000000.0,3730000000.0,2991000000.0,0.263,3.68,19.465,18.284,5003000000.0,0.0,43.15,1.349,1.303,5365000000.0,12915000000.0,32978000000.0,32978000000.0,1116000000.0,0.067,0.21,0.196,0.107,241000000.0,4192000000.0,1.0,1030739344.0,996000000.0,,33.11,26413000000.0,2664000000.0,889000000.0,0.0,26.519,2156000000.0
70,RTX,MRT,2003-12-31,2003-12-31,2003-12-31,2021-08-25,-1799000000.0,35274000000.0,32490500000.0,12990000000.0,22284000000.0,0.955,12.439,-530000000.0,1623000000.0,1623000000.0,22531000000.0,2236000000.0,1.189,2.013,5301000000.0,1044000000.0,4257000000.0,5301000000.0,0.0,799000000.0,0.0,0.012,0.568,3479000000.0,4278000000.0,0.138,4278000000.0,3479000000.0,3104000000.0,2.33,2.22,2.33,11707000000.0,10008000000.0,11707000000.0,48629906851.0,14.0,11.367,2297000000.0,2.441,1.0,8503000000.0,0.274,11224000000.0,375000000.0,16807000000.0,17798250000.0,4420000000.0,0.0,0.0,0.0,23567000000.0,10921000000.0,12646000000.0,44594906851.0,-457000000.0,-1082000000.0,-401000000.0,-806000000.0,-533000000.0,-1648000000.0,-1761000000.0,0.0,2827000000.0,125000000.0,2236000000.0,2236000000.0,2236000000.0,0.0,0.0,0.072,4856000000.0,3647000000.0,2612000000.0,0.244,3.809,19.944,20.337,5080000000.0,0.0,47.385,1.437,1.437,5187000000.0,12527000000.0,31034000000.0,31034000000.0,1040000000.0,0.069,0.223,0.195,0.112,198000000.0,3816000000.0,1.0,941118642.0,941118642.0,,32.976,24050000000.0,2655000000.0,868000000.0,0.0,25.555,2069000000.0
71,RTX,MRT,2003-09-30,2003-09-30,2003-09-30,2021-08-25,-2533000000.0,34062000000.0,30970500000.0,12144000000.0,21918000000.0,0.958,10.765,-503000000.0,1421000000.0,1421000000.0,21446000000.0,2306000000.0,1.219,2.366,5456000000.0,806000000.0,4650000000.0,5456000000.0,0.0,760000000.0,0.0,0.013,0.515,3582000000.0,4342000000.0,0.146,4342000000.0,3582000000.0,3210000000.0,2.42,2.295,2.42,10119000000.0,9170000000.0,10119000000.0,38706996461.0,11.0,8.915,2137000000.0,2.273,1.0,8215000000.0,0.277,9135000000.0,372000000.0,19003000000.0,17901750000.0,3963000000.0,0.0,0.0,0.0,23943000000.0,9959000000.0,13984000000.0,36229996461.0,-880000000.0,-1127000000.0,-607000000.0,-725000000.0,-483000000.0,-1805000000.0,-1814000000.0,0.0,2640000000.0,99000000.0,2306000000.0,2306000000.0,2306000000.0,0.0,0.0,0.078,4470000000.0,3745000000.0,2695000000.0,0.213,3.58,15.711,15.967,4899000000.0,0.0,38.64,1.221,1.225,4971000000.0,12137000000.0,29661000000.0,29661000000.0,1054000000.0,0.074,0.251,0.2,0.121,0.0,3416000000.0,1.0,937629308.0,940000000.0,,31.554,24927000000.0,2864000000.0,904000000.0,0.0,26.518,2185000000.0
72,RTX,MRT,2003-06-30,2003-06-30,2003-06-30,2021-08-25,-2572000000.0,30907000000.0,29578000000.0,12709000000.0,18198000000.0,0.981,10.177,-507000000.0,2415000000.0,2415000000.0,20971000000.0,2279000000.0,1.516,2.244,4892000000.0,262000000.0,4630000000.0,4892000000.0,0.0,730000000.0,0.0,0.014,0.502,3544000000.0,4274000000.0,0.147,4274000000.0,3544000000.0,3174000000.0,2.39,2.265,2.39,9526000000.0,9059250000.0,9526000000.0,36117904184.0,10.0,8.451,1976000000.0,2.111,1.0,8035000000.0,0.277,7068000000.0,370000000.0,17933000000.0,17147000000.0,3911000000.0,0.0,0.0,0.0,21381000000.0,8383000000.0,12998000000.0,33140904184.0,513000000.0,-166000000.0,-725000000.0,-131000000.0,-472000000.0,-1299000000.0,-742000000.0,0.0,2483000000.0,71000000.0,2279000000.0,2279000000.0,2279000000.0,0.0,0.0,0.079,4336000000.0,3699000000.0,2400000000.0,0.21,3.479,14.542,14.818,4521000000.0,0.0,35.415,1.143,1.143,4653000000.0,11673000000.0,29006000000.0,29006000000.0,1064000000.0,0.077,0.252,0.207,0.122,0.0,3272000000.0,1.0,935787214.0,936000000.0,,30.989,23839000000.0,2953000000.0,895000000.0,0.0,25.469,4326000000.0
73,RTX,MRT,2003-03-31,2003-03-31,2003-03-31,2021-08-25,-2873000000.0,29719000000.0,28946750000.0,11929000000.0,17790000000.0,0.986,9.234,-517000000.0,1927000000.0,1927000000.0,20542000000.0,2271000000.0,1.447,2.424,4904000000.0,272000000.0,4632000000.0,4904000000.0,0.0,732000000.0,0.0,0.017,0.49,3542000000.0,4274000000.0,0.15,4274000000.0,3542000000.0,3169000000.0,2.375,2.25,2.375,8680000000.0,8968500000.0,8680000000.0,29975857659.0,8.0,7.014,1987000000.0,2.114,1.0,7998000000.0,0.28,7004000000.0,373000000.0,17450000000.0,16625000000.0,3963000000.0,0.0,0.0,0.0,21039000000.0,8242000000.0,12797000000.0,27182857659.0,590000000.0,-276000000.0,-801000000.0,251000000.0,-461000000.0,-1034000000.0,-928000000.0,0.0,2504000000.0,48000000.0,2271000000.0,2271000000.0,2271000000.0,0.0,0.0,0.08,4301000000.0,3697000000.0,2291000000.0,0.206,3.132,11.97,12.164,4495000000.0,0.0,28.89,0.952,0.952,4343000000.0,11192000000.0,28540000000.0,28540000000.0,1088000000.0,0.078,0.253,0.213,0.124,0.0,3213000000.0,1.0,940908884.0,940000000.0,,30.362,22715000000.0,3010000000.0,898000000.0,0.0,24.165,3687000000.0
74,RTX,MRT,2002-12-31,2002-12-31,2002-12-31,2021-08-25,-2977000000.0,29194000000.0,28268750000.0,11835000000.0,17359000000.0,0.998,8.82,-586000000.0,2080000000.0,2080000000.0,20161000000.0,2236000000.0,1.52,2.494,4873000000.0,241000000.0,4632000000.0,4873000000.0,0.0,727000000.0,0.0,0.016,0.49,3504000000.0,4231000000.0,0.15,4231000000.0,3504000000.0,3123000000.0,2.335,2.21,2.335,8355000000.0,8960000000.0,8355000000.0,32054795172.0,9.0,7.576,2267000000.0,2.393,1.0,8051000000.0,0.285,6981000000.0,381000000.0,17221000000.0,16054250000.0,3803000000.0,0.0,0.0,0.0,20839000000.0,7785000000.0,13054000000.0,29338795172.0,522000000.0,-376000000.0,-700000000.0,-88000000.0,-462000000.0,-1251000000.0,-1088000000.0,0.0,2853000000.0,8000000.0,2236000000.0,2236000000.0,2236000000.0,0.0,0.0,0.079,4394000000.0,3657000000.0,2095000000.0,0.21,3.512,13.121,13.263,4587000000.0,0.0,30.97,1.04,1.04,4277000000.0,10836000000.0,28212000000.0,28212000000.0,1191000000.0,0.079,0.25,0.218,0.124,0.0,3203000000.0,1.0,947329518.0,947329518.0,,29.781,22213000000.0,3109000000.0,887000000.0,0.0,23.448,4050000000.0
75,RTX,MRT,2002-09-30,2002-09-30,2002-09-30,2021-08-25,-1488000000.0,28492000000.0,27722750000.0,12229000000.0,16263000000.0,1.009,10.228,-610000000.0,2301000000.0,2301000000.0,20081000000.0,2048000000.0,1.476,1.945,5017000000.0,350000000.0,4667000000.0,5017000000.0,0.0,775000000.0,0.0,0.017,0.48,3329000000.0,4104000000.0,0.147,4104000000.0,3329000000.0,2931000000.0,2.135,2.025,2.135,9676000000.0,8963500000.0,9676000000.0,29733634247.0,9.0,7.245,2632000000.0,2.782,1.0,7890000000.0,0.282,6937000000.0,398000000.0,15984000000.0,15548250000.0,3967000000.0,0.0,0.0,0.0,18816000000.0,8287000000.0,10529000000.0,26647634247.0,936000000.0,-336000000.0,-455000000.0,-239000000.0,-453000000.0,-1214000000.0,-1067000000.0,0.0,3242000000.0,-25000000.0,2048000000.0,2048000000.0,2048000000.0,0.0,0.0,0.073,4415000000.0,3475000000.0,2155000000.0,0.225,2.754,13.012,13.23,4519000000.0,0.0,28.245,0.953,0.955,4390000000.0,10432000000.0,27971000000.0,27971000000.0,1214000000.0,0.074,0.228,0.214,0.119,0.0,3201000000.0,1.0,943446070.0,946000000.0,,29.568,21555000000.0,1287000000.0,883000000.0,0.0,22.785,3942000000.0
76,RTX,MRT,2002-06-30,2002-06-30,2002-06-30,2021-08-25,-1400000000.0,28382000000.0,27252250000.0,12313000000.0,16069000000.0,1.012,9.686,-654000000.0,1902000000.0,1902000000.0,19766000000.0,2001000000.0,1.417,2.097,4988000000.0,337000000.0,4651000000.0,4988000000.0,0.0,822000000.0,0.0,0.014,0.47,3160000000.0,3982000000.0,0.144,3982000000.0,3160000000.0,2755000000.0,2.09,1.98,2.09,9163000000.0,8652500000.0,9163000000.0,35387134112.0,11.0,8.887,2364000000.0,2.499,1.0,7826000000.0,0.284,6933000000.0,405000000.0,15845000000.0,15122750000.0,4170000000.0,0.0,0.0,0.0,19219000000.0,8690000000.0,10529000000.0,32107134112.0,945000000.0,-458000000.0,-460000000.0,2000000.0,-443000000.0,-970000000.0,-1108000000.0,0.0,3018000000.0,5000000.0,2001000000.0,2001000000.0,2001000000.0,0.0,0.0,0.073,4531000000.0,3295000000.0,2498000000.0,0.225,3.504,16.046,16.244,4593000000.0,0.0,33.95,1.164,1.164,4591000000.0,9955000000.0,27592000000.0,27592000000.0,1262000000.0,0.073,0.231,0.209,0.115,0.0,3269000000.0,1.0,945718236.0,946000000.0,,29.167,21449000000.0,1331000000.0,754000000.0,0.0,22.673,3623000000.0
77,RTX,MRT,2002-03-31,2002-03-31,2002-03-31,2021-08-25,-1519000000.0,27007000000.0,26662500000.0,11359000000.0,15648000000.0,1.035,9.14,-742000000.0,1337000000.0,1337000000.0,19760000000.0,1965000000.0,1.367,2.124,4617000000.0,473000000.0,4144000000.0,4617000000.0,0.0,858000000.0,0.0,0.012,0.46,3132000000.0,3990000000.0,0.145,3990000000.0,3132000000.0,2714000000.0,2.055,1.945,2.055,8646000000.0,8399000000.0,8646000000.0,38469182365.0,12.0,9.641,2202000000.0,2.328,1.0,7840000000.0,0.284,6810000000.0,418000000.0,15167000000.0,14693000000.0,4143000000.0,0.0,0.0,0.0,18361000000.0,8310000000.0,10051000000.0,35068182365.0,557000000.0,-375000000.0,-499000000.0,-302000000.0,-433000000.0,-1239000000.0,-1118000000.0,0.0,2944000000.0,-30000000.0,1965000000.0,1965000000.0,1965000000.0,0.0,0.0,0.071,4587000000.0,3253000000.0,2232000000.0,0.224,4.056,17.846,18.054,4536000000.0,0.0,37.1,1.271,1.272,4227000000.0,9471000000.0,27600000000.0,27600000000.0,1295000000.0,0.074,0.234,0.213,0.113,0.0,3292000000.0,1.0,945234026.0,946000000.0,,29.175,20197000000.0,1348000000.0,749000000.0,0.0,21.35,3049000000.0
78,RTX,MRT,2001-12-31,2001-12-31,2001-12-31,2021-08-25,-1466000000.0,27010000000.0,26332500000.0,11304000000.0,15706000000.0,1.059,8.931,-793000000.0,1558000000.0,1558000000.0,20087000000.0,1938000000.0,1.344,2.227,4959000000.0,722000000.0,4237000000.0,4959000000.0,0.0,905000000.0,0.0,0.014,0.45,3119000000.0,4024000000.0,0.144,4024000000.0,3119000000.0,2693000000.0,2.03,1.915,2.03,8369000000.0,8172000000.0,8369000000.0,34157694183.0,11.0,8.488,2183000000.0,2.33,1.0,7810000000.0,0.28,6802000000.0,426000000.0,15197000000.0,14364000000.0,3966000000.0,0.0,0.0,0.0,18641000000.0,8412000000.0,10229000000.0,30281694183.0,810000000.0,-422000000.0,-599000000.0,85000000.0,-423000000.0,-860000000.0,-1277000000.0,0.0,2976000000.0,-29000000.0,1938000000.0,1938000000.0,1938000000.0,0.0,0.0,0.069,4577000000.0,3233000000.0,2156000000.0,0.222,3.618,15.625,15.919,4549000000.0,0.0,32.315,1.085,1.085,4141000000.0,9149000000.0,27897000000.0,27897000000.0,1254000000.0,0.074,0.237,0.217,0.112,0.0,3323000000.0,1.0,937078576.0,937078576.0,,29.77,20208000000.0,2583000000.0,755000000.0,0.0,21.565,2892000000.0
79,RTX,MRT,2001-09-30,2001-09-30,2001-09-30,2021-08-25,-944000000.0,26610000000.0,25921000000.0,11749000000.0,14861000000.0,1.068,8.97,-925000000.0,1365000000.0,1365000000.0,19749000000.0,2019000000.0,1.25,2.156,5241000000.0,1367000000.0,3874000000.0,5241000000.0,0.0,887000000.0,0.0,0.019,0.45,3229000000.0,4116000000.0,0.149,4116000000.0,3229000000.0,2807000000.0,2.115,1.99,2.115,8432000000.0,7995250000.0,8432000000.0,25877003694.0,8.0,6.287,1908000000.0,2.03,1.0,7941000000.0,0.287,6803000000.0,422000000.0,14282000000.0,13892750000.0,4205000000.0,0.0,0.0,0.0,18178000000.0,9401000000.0,8777000000.0,21899003694.0,547000000.0,-1062000000.0,-665000000.0,791000000.0,-423000000.0,-148000000.0,-2116000000.0,0.0,2833000000.0,-22000000.0,2019000000.0,2019000000.0,2019000000.0,0.0,0.0,0.073,4608000000.0,3333000000.0,2319000000.0,0.213,2.597,10.846,10.993,4520000000.0,0.0,23.25,0.791,0.789,4517000000.0,8921000000.0,27690000000.0,27690000000.0,1303000000.0,0.078,0.253,0.232,0.117,0.0,3305000000.0,1.0,941892632.0,940000000.0,,29.457,19807000000.0,1354000000.0,788000000.0,0.0,21.071,2348000000.0
80,RTX,MRT,2001-06-30,2001-06-30,2001-06-30,2021-08-25,-930000000.0,26023000000.0,25307750000.0,11096000000.0,14927000000.0,1.076,8.651,-1025000000.0,957000000.0,957000000.0,19351000000.0,1950000000.0,1.209,2.193,4935000000.0,1066000000.0,3869000000.0,4935000000.0,0.0,877000000.0,0.0,0.012,0.438,3258000000.0,4135000000.0,0.152,4135000000.0,3258000000.0,2839000000.0,2.04,1.92,2.04,8149000000.0,7743000000.0,8149000000.0,38580083536.0,12.0,9.33,1842000000.0,1.955,1.0,7884000000.0,0.289,6696000000.0,419000000.0,14126000000.0,13569750000.0,4042000000.0,0.0,0.0,0.0,17874000000.0,9179000000.0,8695000000.0,34486083536.0,144000000.0,-994000000.0,-643000000.0,360000000.0,-410000000.0,-459000000.0,-2222000000.0,0.0,2867000000.0,-42000000.0,1950000000.0,1950000000.0,1950000000.0,0.0,0.0,0.072,4523000000.0,3361000000.0,2444000000.0,0.215,4.232,17.685,17.956,4567000000.0,0.0,36.63,1.266,1.267,4437000000.0,8479000000.0,27235000000.0,27235000000.0,1314000000.0,0.077,0.252,0.24,0.12,0.0,3209000000.0,1.0,941471022.0,942000000.0,,28.912,19327000000.0,1363000000.0,889000000.0,0.0,20.517,1917000000.0
81,RTX,MRT,2001-03-31,2001-03-31,2001-03-31,2021-08-25,-947000000.0,25687000000.0,24881000000.0,10962000000.0,14725000000.0,1.08,8.214,-995000000.0,780000000.0,780000000.0,19154000000.0,1871000000.0,1.198,2.32,4874000000.0,914000000.0,3960000000.0,4874000000.0,0.0,869000000.0,0.0,0.012,0.425,3154000000.0,4023000000.0,0.15,4023000000.0,3154000000.0,2751000000.0,1.96,1.84,1.96,7738000000.0,7489000000.0,7738000000.0,38564336136.0,12.0,9.586,1743000000.0,1.85,1.0,7710000000.0,0.287,6778000000.0,403000000.0,13851000000.0,13249250000.0,4005000000.0,0.0,0.0,0.0,17949000000.0,9152000000.0,8797000000.0,34501336136.0,123000000.0,-1064000000.0,-700000000.0,474000000.0,-399000000.0,-439000000.0,-2135000000.0,0.0,2738000000.0,-41000000.0,1871000000.0,1871000000.0,1871000000.0,0.0,0.0,0.07,4460000000.0,3250000000.0,2333000000.0,0.217,4.459,18.44,18.699,4507000000.0,0.0,36.65,1.284,1.285,4410000000.0,8035000000.0,26864000000.0,26864000000.0,1285000000.0,0.075,0.25,0.238,0.117,0.0,3175000000.0,1.0,941373428.0,942000000.0,,28.518,18909000000.0,1420000000.0,880000000.0,0.0,20.073,1810000000.0
82,RTX,MRT,2000-12-31,2000-12-31,2000-12-31,2021-08-25,-791000000.0,25364000000.0,24509500000.0,10662000000.0,14702000000.0,1.085,8.18,-937000000.0,748000000.0,748000000.0,18970000000.0,1808000000.0,1.141,2.31,4811000000.0,1335000000.0,3476000000.0,4811000000.0,0.0,859000000.0,0.0,0.01,0.412,3043000000.0,3902000000.0,0.147,3902000000.0,3043000000.0,2661000000.0,1.89,1.775,1.89,7662000000.0,7313500000.0,7662000000.0,40251098678.0,13.0,10.316,1694000000.0,1.808,1.0,7613000000.0,0.286,6771000000.0,382000000.0,13312000000.0,13061250000.0,3756000000.0,0.0,0.0,0.0,17702000000.0,9344000000.0,8358000000.0,36827098678.0,-209000000.0,-1168000000.0,-800000000.0,360000000.0,-387000000.0,-710000000.0,-2101000000.0,0.0,2631000000.0,-29000000.0,1808000000.0,1808000000.0,1808000000.0,0.0,0.0,0.068,4473000000.0,3140000000.0,2261000000.0,0.218,4.806,20.369,20.802,4487000000.0,0.0,39.315,1.385,1.385,4445000000.0,7743000000.0,26583000000.0,26583000000.0,1302000000.0,0.074,0.247,0.233,0.114,0.0,3171000000.0,1.0,936718776.0,936718776.0,,28.379,18593000000.0,2504000000.0,853000000.0,0.0,19.849,1318000000.0
83,RTX,MRT,2000-09-30,2000-09-30,2000-09-30,2021-08-25,-690000000.0,24157000000.0,24260000000.0,10213000000.0,13944000000.0,1.085,7.931,-877000000.0,818000000.0,818000000.0,19144000000.0,1438000000.0,1.199,2.254,4242000000.0,1010000000.0,3232000000.0,4242000000.0,0.0,869000000.0,0.0,0.012,0.4,2449000000.0,3318000000.0,0.126,3318000000.0,2449000000.0,2088000000.0,1.49,1.405,1.49,7423000000.0,7177250000.0,7423000000.0,36090700511.0,15.0,10.877,1661000000.0,1.775,1.0,7189000000.0,0.273,6071000000.0,361000000.0,12990000000.0,12951750000.0,3704000000.0,0.0,0.0,0.0,16734000000.0,8520000000.0,8214000000.0,32481700511.0,-297000000.0,-1442000000.0,-946000000.0,697000000.0,-377000000.0,-473000000.0,-2337000000.0,0.0,2538000000.0,-25000000.0,1438000000.0,1438000000.0,1438000000.0,0.0,0.0,0.055,4640000000.0,2549000000.0,2078000000.0,0.268,4.376,22.588,23.282,4293000000.0,0.0,34.69,1.233,1.233,4130000000.0,7468000000.0,26333000000.0,26333000000.0,1358000000.0,0.059,0.2,0.189,0.093,0.0,3282000000.0,1.0,936341900.0,936000000.0,,28.134,18086000000.0,1302000000.0,650000000.0,0.0,19.323,1693000000.0
84,RTX,MRT,2000-06-30,2000-06-30,2000-06-30,2021-08-25,-627000000.0,24316000000.0,23990750000.0,10413000000.0,13903000000.0,1.084,7.588,-796000000.0,813000000.0,813000000.0,19476000000.0,1032000000.0,1.162,2.409,4422000000.0,1180000000.0,3242000000.0,4422000000.0,0.0,868000000.0,0.0,0.014,0.4,1781000000.0,2649000000.0,0.102,2649000000.0,1781000000.0,1454000000.0,1.03,0.985,1.03,7133000000.0,7097000000.0,7133000000.0,31312239209.0,18.0,11.82,1658000000.0,1.764,1.0,6519000000.0,0.251,6121000000.0,327000000.0,12844000000.0,12706250000.0,3599000000.0,0.0,0.0,0.0,17183000000.0,8960000000.0,8223000000.0,27704239209.0,-72000000.0,-1920000000.0,-1077000000.0,1605000000.0,-380000000.0,248000000.0,-2775000000.0,0.0,2454000000.0,1000000.0,1032000000.0,1032000000.0,1032000000.0,0.0,0.0,0.04,4642000000.0,1877000000.0,2130000000.0,0.388,3.884,26.845,28.583,4235000000.0,0.0,29.44,1.066,1.065,4382000000.0,7088000000.0,25995000000.0,25995000000.0,1335000000.0,0.043,0.145,0.14,0.069,0.0,3307000000.0,1.0,941040734.0,940000000.0,,27.654,18195000000.0,1375000000.0,422000000.0,0.0,19.356,1453000000.0
85,RTX,MRT,2000-03-31,2000-03-31,2000-03-31,2021-08-25,-494000000.0,24201000000.0,23418500000.0,10369000000.0,13832000000.0,1.071,7.438,-782000000.0,657000000.0,657000000.0,18836000000.0,1600000000.0,1.158,2.44,4265000000.0,1019000000.0,3246000000.0,4265000000.0,0.0,848000000.0,0.0,0.012,0.39,2257000000.0,3105000000.0,0.124,3105000000.0,2257000000.0,1966000000.0,1.66,1.56,1.66,7036000000.0,7143000000.0,7036000000.0,33322114423.0,15.0,10.732,1678000000.0,1.774,1.0,6239000000.0,0.249,5752000000.0,291000000.0,13099000000.0,12273750000.0,3641000000.0,0.0,0.0,0.0,17165000000.0,8958000000.0,8207000000.0,29958114423.0,0.0,-3721000000.0,-1025000000.0,1265000000.0,-366000000.0,27000000.0,-4618000000.0,0.0,2460000000.0,2000000.0,1600000000.0,1600000000.0,1600000000.0,-10000000.0,0.0,0.064,4545000000.0,1694000000.0,2080000000.0,0.235,4.258,18.724,19.033,4343000000.0,0.0,31.595,1.195,1.192,4298000000.0,6707000000.0,25075000000.0,25075000000.0,1332000000.0,0.068,0.224,0.184,0.09,0.0,3213000000.0,1.0,948191626.0,946000000.0,,26.506,18449000000.0,1505000000.0,366000000.0,0.0,19.502,1411000000.0
86,RTX,MRT,1999-12-31,1999-12-31,1999-12-31,2021-08-25,-391000000.0,24366000000.0,21846250000.0,10627000000.0,13739000000.0,1.104,7.433,-762000000.0,957000000.0,957000000.0,18185000000.0,1531000000.0,1.153,2.424,4321000000.0,1235000000.0,3086000000.0,4321000000.0,0.0,819000000.0,0.0,0.012,0.38,2116000000.0,2935000000.0,0.122,2935000000.0,2116000000.0,1856000000.0,1.61,1.505,1.61,7117000000.0,6508750000.0,7117000000.0,33525158695.0,16.0,11.423,1548000000.0,1.617,1.0,5942000000.0,0.246,5641000000.0,260000000.0,12874000000.0,11665000000.0,3504000000.0,0.0,0.0,0.0,17249000000.0,9215000000.0,8034000000.0,31118158695.0,407000000.0,-3504000000.0,-822000000.0,1355000000.0,-353000000.0,375000000.0,-4411000000.0,0.0,2310000000.0,-26000000.0,1531000000.0,1531000000.0,1531000000.0,-40000000.0,0.0,0.063,4425000000.0,1517000000.0,1957000000.0,0.236,4.372,20.325,20.186,4460000000.0,0.0,32.5,1.29,1.29,4337000000.0,6463000000.0,24127000000.0,24127000000.0,1292000000.0,0.07,0.235,0.181,0.088,0.0,3133000000.0,1.0,957481806.0,957481806.0,,25.198,18725000000.0,2436000000.0,325000000.0,126000000.0,19.557,1412000000.0
87,RTX,MRT,1999-09-30,1999-09-30,1999-09-30,2021-08-25,-684000000.0,23080000000.0,20196750000.0,10316000000.0,12764000000.0,1.168,7.413,-755000000.0,1115000000.0,1115000000.0,17606000000.0,1762000000.0,1.267,2.25,3522000000.0,678000000.0,2844000000.0,3522000000.0,0.0,775000000.0,0.0,0.012,0.37,2460000000.0,3235000000.0,0.137,3235000000.0,2460000000.0,2228000000.0,1.865,1.755,1.865,7102000000.0,5824000000.0,7102000000.0,30174887531.0,12.0,9.328,1280000000.0,1.336,1.0,5991000000.0,0.254,5338000000.0,232000000.0,12008000000.0,11144500000.0,3504000000.0,0.0,0.0,0.0,15978000000.0,8141000000.0,7837000000.0,28550887531.0,557000000.0,-2693000000.0,-697000000.0,683000000.0,-339000000.0,-169000000.0,-3528000000.0,0.0,2035000000.0,-22000000.0,1762000000.0,1762000000.0,1762000000.0,-58000000.0,0.0,0.075,4150000000.0,1841000000.0,1788000000.0,0.198,4.02,16.204,15.901,4169000000.0,0.0,29.655,1.21,1.204,4170000000.0,6516000000.0,23597000000.0,23597000000.0,1210000000.0,0.087,0.303,0.221,0.104,0.0,2940000000.0,1.0,962768084.0,958000000.0,,24.632,17742000000.0,1295000000.0,466000000.0,0.0,18.52,2175000000.0
88,RTX,MRT,1999-06-30,1999-06-30,1999-06-30,2021-08-25,-695000000.0,22027000000.0,18998750000.0,9989000000.0,12038000000.0,1.219,7.971,-733000000.0,885000000.0,885000000.0,16951000000.0,2020000000.0,1.298,2.01,2509000000.0,399000000.0,2110000000.0,2509000000.0,0.0,750000000.0,0.0,0.01,0.36,2860000000.0,3610000000.0,0.156,3610000000.0,2860000000.0,2643000000.0,2.18,2.035,2.18,7317000000.0,5142750000.0,7317000000.0,34045519264.0,12.0,9.431,1380000000.0,1.503,1.0,6202000000.0,0.268,4839000000.0,217000000.0,11114000000.0,10620000000.0,3490000000.0,0.0,0.0,0.0,14710000000.0,7698000000.0,7012000000.0,32508519264.0,244000000.0,-2820000000.0,-640000000.0,499000000.0,-324000000.0,-307000000.0,-3663000000.0,0.0,2113000000.0,-21000000.0,2020000000.0,2020000000.0,2020000000.0,-80000000.0,0.0,0.087,3985000000.0,2217000000.0,1827000000.0,0.165,4.443,16.093,16.514,4145000000.0,0.0,36.0,1.404,1.427,4142000000.0,6553000000.0,23153000000.0,23153000000.0,1192000000.0,0.106,0.393,0.269,0.124,0.0,2793000000.0,1.0,903014424.0,918000000.0,,25.221,17188000000.0,1256000000.0,623000000.0,0.0,18.723,2291000000.0
89,RTX,MRT,1999-03-31,1999-03-31,1999-03-31,2021-08-25,-702000000.0,17912000000.0,17856500000.0,10058000000.0,7854000000.0,1.285,4.988,-696000000.0,657000000.0,657000000.0,16913000000.0,1303000000.0,1.363,2.981,2194000000.0,641000000.0,1553000000.0,2194000000.0,0.0,732000000.0,0.0,0.011,0.36,2098000000.0,2830000000.0,0.123,2830000000.0,2098000000.0,1893000000.0,1.64,1.35,1.64,4499000000.0,4386250000.0,4499000000.0,32120937856.0,15.0,11.35,1478000000.0,1.639,1.0,6030000000.0,0.263,1404000000.0,205000000.0,10664000000.0,10491500000.0,3302000000.0,1255000000.0,1255000000.0,0.0,13413000000.0,7381000000.0,6032000000.0,30483937856.0,38000000.0,-1045000000.0,-658000000.0,666000000.0,-326000000.0,-234000000.0,-1865000000.0,0.0,2174000000.0,-27000000.0,1303000000.0,1303000000.0,1303000000.0,-97000000.0,0.0,0.057,3942000000.0,2088000000.0,1648000000.0,0.22,6.776,23.395,20.64,3461000000.0,0.0,33.85,1.329,1.331,3418000000.0,5595000000.0,22943000000.0,22943000000.0,1165000000.0,0.073,0.297,0.2,0.091,0.0,2777000000.0,1.0,900559464.0,902000000.0,,25.436,16508000000.0,1198000000.0,590000000.0,0.0,18.302,2677000000.0
90,RTX,MRT,1998-12-31,1998-12-31,1998-12-31,2021-08-25,-624000000.0,17768000000.0,17713500000.0,9828000000.0,7940000000.0,1.288,4.847,-673000000.0,550000000.0,550000000.0,16897000000.0,1255000000.0,1.368,3.058,2173000000.0,603000000.0,1570000000.0,2173000000.0,0.0,730000000.0,0.0,0.013,0.348,2020000000.0,2750000000.0,0.121,2750000000.0,2020000000.0,1823000000.0,1.34,1.265,1.34,4378000000.0,4320500000.0,4378000000.0,26011953664.0,13.0,9.459,1641000000.0,1.817,1.0,5912000000.0,0.259,1417000000.0,197000000.0,10792000000.0,10452500000.0,3191000000.0,1287000000.0,1287000000.0,0.0,13390000000.0,7182000000.0,6208000000.0,24569953664.0,-105000000.0,-1228000000.0,-650000000.0,549000000.0,-316000000.0,-335000000.0,-2071000000.0,0.0,2314000000.0,-4000000.0,1255000000.0,1255000000.0,1255000000.0,-98000000.0,0.0,0.055,3905000000.0,2007000000.0,1860000000.0,0.26,5.612,19.578,20.299,3555000000.0,0.0,27.2,1.077,1.077,3417000000.0,5411000000.0,22809000000.0,22809000000.0,1168000000.0,0.071,0.29,0.193,0.089,0.0,2737000000.0,1.0,903307120.0,903307120.0,,25.251,16351000000.0,2315000000.0,568000000.0,143000000.0,18.101,2646000000.0
91,RTX,MRT,1998-09-30,1998-09-30,1998-09-30,2021-08-25,-529000000.0,18288000000.0,17381500000.0,9702000000.0,8586000000.0,1.134,4.831,-539000000.0,663000000.0,663000000.0,14411000000.0,1212000000.0,1.199,3.178,2105000000.0,500000000.0,1605000000.0,2105000000.0,0.0,619000000.0,0.0,0.018,0.335,1899000000.0,2518000000.0,0.128,2518000000.0,1899000000.0,1717000000.0,1.292,1.212,1.292,4377000000.0,4244250000.0,4377000000.0,18254578496.0,10.0,7.25,1607000000.0,1.774,1.0,5303000000.0,0.269,1731000000.0,182000000.0,9910000000.0,10073750000.0,3110000000.0,0.0,0.0,0.0,13911000000.0,8089000000.0,5822000000.0,17430578496.0,-596000000.0,-1383000000.0,-812000000.0,476000000.0,-307000000.0,-557000000.0,-2073000000.0,0.0,2146000000.0,-23000000.0,1212000000.0,1212000000.0,1212000000.0,-190000000.0,0.0,0.061,3527000000.0,1776000000.0,2026000000.0,0.259,3.982,14.382,14.791,4208000000.0,0.0,19.11,0.884,0.878,4351000000.0,5229000000.0,19714000000.0,19714000000.0,1058000000.0,0.07,0.286,0.189,0.096,0.0,2469000000.0,1.0,912118184.0,906000000.0,,21.759,16557000000.0,1385000000.0,505000000.0,0.0,18.275,1613000000.0
92,RTX,MRT,1998-06-30,1998-06-30,1998-06-30,2021-08-25,-548000000.0,17458000000.0,,9613000000.0,7845000000.0,,4.674,-540000000.0,718000000.0,718000000.0,14692000000.0,1164000000.0,1.251,3.069,1542000000.0,321000000.0,1221000000.0,1542000000.0,0.0,637000000.0,0.0,0.014,0.323,1852000000.0,2489000000.0,0.124,2489000000.0,1852000000.0,1669000000.0,1.228,1.158,1.228,4291000000.0,,4291000000.0,22089836042.0,12.0,8.875,1475000000.0,1.607,1.0,5318000000.0,0.266,0.0,183000000.0,10600000000.0,,3073000000.0,0.0,0.0,0.0,13167000000.0,7682000000.0,5485000000.0,21229836042.0,-643000000.0,-879000000.0,-824000000.0,-126000000.0,-298000000.0,-1179000000.0,-1471000000.0,0.0,2015000000.0,-38000000.0,1164000000.0,1164000000.0,1164000000.0,-168000000.0,0.0,0.058,3558000000.0,1760000000.0,2043000000.0,0.263,4.948,18.239,18.831,4131000000.0,0.0,23.125,1.061,1.061,4259000000.0,4981000000.0,20010000000.0,20010000000.0,1038000000.0,,,,0.093,0.0,2520000000.0,1.0,918046964.0,918000000.0,,21.797,17458000000.0,1279000000.0,505000000.0,0.0,19.017,1931000000.0
93,RTX,MRT,1998-03-31,1998-03-31,1998-03-31,2021-08-25,-498000000.0,17340000000.0,,9599000000.0,7741000000.0,,4.614,-603000000.0,703000000.0,703000000.0,15271000000.0,1108000000.0,1.248,3.093,1563000000.0,308000000.0,1255000000.0,1563000000.0,0.0,677000000.0,0.0,0.013,0.31,1799000000.0,2476000000.0,0.12,2476000000.0,1799000000.0,1612000000.0,0.918,1.062,0.918,4236000000.0,,4236000000.0,22016375942.0,12.0,8.892,1307000000.0,1.424,1.0,5391000000.0,0.261,0.0,187000000.0,10508000000.0,,3307000000.0,0.0,0.0,0.0,13104000000.0,7692000000.0,5412000000.0,21156375942.0,-517000000.0,-726000000.0,-793000000.0,-143000000.0,-288000000.0,-1142000000.0,-1287000000.0,0.0,1910000000.0,-31000000.0,1108000000.0,1108000000.0,1108000000.0,-141000000.0,0.0,0.054,3645000000.0,1746000000.0,1984000000.0,0.338,4.994,19.094,25.139,4129000000.0,0.0,23.078,1.024,1.025,4090000000.0,4725000000.0,20662000000.0,20662000000.0,1075000000.0,,,,0.087,0.0,2570000000.0,1.0,916753372.0,918000000.0,,22.508,17340000000.0,1180000000.0,504000000.0,0.0,18.889,1907000000.0
94,RTX,MRT,1997-12-31,1997-12-31,1997-12-31,2021-08-25,-501000000.0,16440000000.0,16592500000.0,9018000000.0,7422000000.0,1.283,4.443,-658000000.0,655000000.0,655000000.0,15846000000.0,1072000000.0,1.268,3.036,1587000000.0,312000000.0,1275000000.0,1587000000.0,0.0,707000000.0,0.0,0.017,0.31,1774000000.0,2481000000.0,0.117,2481000000.0,1774000000.0,1586000000.0,1.11,1.05,1.11,4073000000.0,4189500000.0,4073000000.0,,,,1245000000.0,1.358,1.0,5442000000.0,0.256,982000000.0,188000000.0,9277000000.0,9733500000.0,3113000000.0,0.0,0.0,0.0,12367000000.0,7113000000.0,5254000000.0,16687203254.0,-343000000.0,-511000000.0,-849000000.0,-105000000.0,-291000000.0,-1197000000.0,-1005000000.0,0.0,1903000000.0,-46000000.0,1072000000.0,1072000000.0,1072000000.0,-110000000.0,0.0,0.05,3680000000.0,1762000000.0,1889000000.0,0.279,4.097,15.566,16.399,4127000000.0,0.0,18.203,0.784,0.784,3742000000.0,4558000000.0,21288000000.0,21288000000.0,1069000000.0,0.065,0.256,0.182,0.083,0.0,2611000000.0,1.0,916753372.0,916753372.0,,23.221,15458000000.0,2061000000.0,514000000.0,133000000.0,16.862,1905000000.0
95,RTX,MRT,1997-09-30,1997-09-30,1997-09-30,2021-08-25,,,,,,,,,,,,,,,,,,,,,,0.015,0.301,,,,,,,,,,,,,,,,,,1.0,,,,,,,,,,,,,,,,,,,,,,,,,,,,,,,,,,,,,,,,20.25,,,,,,,,,,,,,,1.0,,936876000.0,,,,,,,,
96,RTX,MRT,1997-06-30,1997-06-30,1997-06-30,2021-08-25,,,,,,,,,,,,,,,,,,,,,,0.014,0.292,,,,,,,,,,,,,,,,,,1.0,,,,,,,,,,,,,,,,,,,,,,,,,,,,,,,,,,,,,,,,20.75,,,,,,,,,,,,,,1.0,,943008000.0,,,,,,,,
97,RTX,MRT,1997-03-31,1997-03-31,1997-03-31,2021-08-25,,,,,,,,,,,,,,,,,,,,,,0.015,0.284,,,,,,,,,,,,,,,,,,1.0,,,,,,,,,,,,,,,,,,,,,,,,,,,,,,,,,,,,,,,,18.938,,,,,,,,,,,,,,1.0,,949584000.0,,,,,,,,
98,RTX,MRT,1996-12-31,1996-12-31,1996-12-31,2021-08-25,-262000000.0,16745000000.0,,9611000000.0,7134000000.0,,,-770000000.0,1127000000.0,1127000000.0,17415000000.0,906000000.0,1.332,2.889,1785000000.0,348000000.0,1437000000.0,1785000000.0,0.0,841000000.0,0.0,0.017,0.275,1617000000.0,2458000000.0,0.107,2458000000.0,1617000000.0,1400000000.0,0.907,0.87,0.907,4306000000.0,,4306000000.0,,,,1309000000.0,,1.0,5636000000.0,0.245,0.0,217000000.0,10190000000.0,,3342000000.0,0.0,0.0,0.0,12439000000.0,7213000000.0,5226000000.0,,259000000.0,-140000000.0,-459000000.0,-341000000.0,-265000000.0,-1030000000.0,-779000000.0,0.0,2079000000.0,-11000000.0,906000000.0,906000000.0,906000000.0,0.0,0.0,0.039,3918000000.0,1718000000.0,2186000000.0,0.303,,,18.261,4371000000.0,0.0,16.562,,,3717000000.0,3849000000.0,23051000000.0,23051000000.0,1122000000.0,,,,0.07,0.0,2796000000.0,1.0,,,,,16745000000.0,1561000000.0,494000000.0,155000000.0,,2398000000.0
99,RTX,MRT,1995-12-31,1995-12-31,1995-12-31,2021-08-25,,,,,,,,-780000000.0,,,17600000000.0,750000000.0,,,,,,,,844000000.0,,0.022,0.256,1458000000.0,2302000000.0,0.101,2302000000.0,1458000000.0,1214000000.0,0.735,0.718,0.735,,,,,,,1264000000.0,,1.0,5202000000.0,0.228,,244000000.0,,,,,,,,,,,514000000.0,-101000000.0,-221000000.0,-391000000.0,-252000000.0,-874000000.0,-654000000.0,0.0,2044000000.0,-2000000.0,750000000.0,750000000.0,750000000.0,0.0,0.0,0.033,3614000000.0,1588000000.0,,0.348,,,16.136,,0.0,11.86,,,,,22802000000.0,22802000000.0,963000000.0,,,,0.064,0.0,2651000000.0,1.0,,,,,,,464000000.0,,,
