None,ticker,dimension,calendardate,datekey,reportperiod,lastupdated,accoci,assets,assetsavg,assetsc,assetsnc,assetturnover,bvps,capex,cashneq,cashnequsd,cor,consolinc,currentratio,de,debt,debtc,debtnc,debtusd,deferredrev,depamor,deposits,divyield,dps,ebit,ebitda,ebitdamargin,ebitdausd,ebitusd,ebt,eps,epsdil,epsusd,equity,equityavg,equityusd,ev,evebit,evebitda,fcf,fcfps,fxusd,gp,grossmargin,intangibles,intexp,invcap,invcapavg,inventory,investments,investmentsc,investmentsnc,liabilities,liabilitiesc,liabilitiesnc,marketcap,ncf,ncfbus,ncfcommon,ncfdebt,ncfdiv,ncff,ncfi,ncfinv,ncfo,ncfx,netinc,netinccmn,netinccmnusd,netincdis,netincnci,netmargin,opex,opinc,payables,payoutratio,pb,pe,pe1,ppnenet,prefdivis,price,ps,ps1,receivables,retearn,revenue,revenueusd,rnd,roa,roe,roic,ros,sbcomp,sgna,sharefactor,sharesbas,shareswa,shareswadil,sps,tangibles,taxassets,taxexp,taxliabilities,tbvps,workingcapital
0,SBAC,MRY,2020-12-31,2020-12-31,2020-12-31,2021-08-06,-807582000.0,9158018000.0,9235685250.0,472990000.0,8685028000.0,0.226,-43.256,-128566000.0,340231000.0,340231000.0,476528000.0,24047000.0,0.769,-2.898,13426196000.0,260037000.0,13166159000.0,13426196000.0,113117000.0,721970000.0,0.0,0.007,1.86,375052000.0,1097022000.0,0.527,1097022000.0,375052000.0,-17692000.0,0.22,0.21,0.22,-4824382000.0,-4483250500.0,-4824382000.0,44042130665.0,117.0,40.147,997467000.0,8.943,1.0,1606610000.0,0.771,3156150000.0,392744000.0,18473032000.0,18175162250.0,0.0,0.0,0.0,0.0,13982400000.0,614801000.0,13367599000.0,31348773665.0,201688000.0,-271418000.0,-805286000.0,586341000.0,-207689000.0,-469017000.0,-446366000.0,-49499000.0,1126033000.0,-8962000.0,24104000.0,24104000.0,24104000.0,0.0,-57000.0,0.012,972916000.0,633694000.0,109969000.0,8.455,-6.498,1300.563,1282.409,5050886000.0,0.0,282.13,15.049,15.105,108884000.0,-6604028000.0,2083138000.0,2083138000.0,0.0,0.003,-0.005,0.021,0.18,68890000.0,194267000.0,1.0,111114641.0,111532000.0,113465000.0,18.677,6001868000.0,0.0,-41796000.0,0.0,53.813,-141811000.0
1,SBAC,MRY,2019-12-31,2019-12-31,2019-12-31,2021-08-06,-568765000.0,9759941000.0,9385813250.0,334271000.0,9425670000.0,0.215,-32.506,-154236000.0,138552000.0,138552000.0,493031000.0,147284000.0,0.319,-3.662,12860840000.0,769105000.0,12091735000.0,12860840000.0,113507000.0,697078000.0,0.0,0.003,0.74,579825000.0,1276903000.0,0.634,1276903000.0,579825000.0,186596000.0,1.3,1.28,1.3,-3667007000.0,-3467377000.0,-3667007000.0,39229647918.0,68.0,30.722,815809000.0,7.232,1.0,1521614000.0,0.755,3626773000.0,393229000.0,17807163000.0,17177778750.0,0.0,0.0,0.0,0.0,13426948000.0,1048293000.0,12378655000.0,27135716918.0,-37180000.0,-773957000.0,-350780000.0,141000000.0,-83387000.0,-62314000.0,-947158000.0,-13156000.0,970045000.0,2247000.0,146991000.0,146991000.0,146991000.0,0.0,293000.0,0.073,938126000.0,583488000.0,31846000.0,0.569,-7.4,184.608,185.377,5366819000.0,0.0,240.99,13.469,13.494,158438000.0,-5560695000.0,2014645000.0,2014645000.0,0.0,0.016,-0.042,0.034,0.288,73214000.0,192717000.0,1.0,112601008.0,112809000.0,114693000.0,17.859,6133168000.0,0.0,39605000.0,0.0,54.368,-714022000.0
2,SBAC,MRY,2018-12-31,2018-12-31,2018-12-31,2021-08-06,-511905000.0,7213707000.0,7280497500.0,373854000.0,6839853000.0,0.256,-29.387,-149812000.0,175908000.0,175908000.0,468795000.0,47451000.0,0.31,-3.136,9938553000.0,941728000.0,8996825000.0,9938553000.0,108054000.0,672113000.0,0.0,0.0,0.0,430541000.0,1102654000.0,0.591,1102654000.0,430541000.0,51684000.0,0.41,0.41,0.41,-3376823000.0,-3038070500.0,-3376823000.0,27918833540.0,65.0,25.32,700806000.0,6.099,1.0,1396900000.0,0.749,3331465000.0,378857000.0,12438608000.0,12865903250.0,0.0,0.0,0.0,0.0,10590530000.0,1206279000.0,9384251000.0,18345609540.0,74005000.0,-451829000.0,-735701000.0,715218000.0,0.0,-148537000.0,-618347000.0,-6093000.0,850618000.0,-9729000.0,47451000.0,47451000.0,47451000.0,0.0,0.0,0.025,852734000.0,544166000.0,34308000.0,0.0,-5.433,386.622,394.854,2786355000.0,0.0,161.89,9.833,9.971,134820000.0,-5136368000.0,1865695000.0,1865695000.0,0.0,0.007,-0.016,0.033,0.231,42327000.0,142526000.0,1.0,113321450.0,114909000.0,116515000.0,16.236,3882242000.0,0.0,4233000.0,0.0,33.785,-832425000.0
3,SBAC,MRY,2017-12-31,2017-12-31,2017-12-31,2021-08-06,-379460000.0,7320205000.0,7306744500.0,259533000.0,7060672000.0,0.236,-21.685,-147044000.0,101707000.0,101707000.0,446312000.0,103654000.0,0.931,-3.816,9310686000.0,20000000.0,9290686000.0,9310686000.0,97969000.0,643100000.0,0.0,0.0,0.0,443519000.0,1086619000.0,0.629,1086619000.0,443519000.0,116891000.0,0.86,0.86,0.86,-2599114000.0,-2189771750.0,-2599114000.0,27990693878.0,63.0,25.759,671426000.0,5.602,1.0,1281362000.0,0.742,3598131000.0,326628000.0,12652148000.0,11828045500.0,0.0,0.0,0.0,0.0,9919319000.0,278905000.0,9640414000.0,19201771878.0,-81675000.0,-441547000.0,-799584000.0,371108000.0,0.0,-294574000.0,-605107000.0,-166000.0,818470000.0,-464000.0,103654000.0,103654000.0,103654000.0,0.0,0.0,0.06,822861000.0,458501000.0,33334000.0,0.0,-7.388,185.249,189.953,2812346000.0,0.0,163.36,11.114,11.333,108110000.0,-4388288000.0,1727674000.0,1727674000.0,0.0,0.014,-0.047,0.037,0.257,38249000.0,130697000.0,1.0,117542678.0,119860000.0,121022000.0,14.414,3722074000.0,0.0,13237000.0,0.0,31.054,-19372000.0
4,SBAC,MRY,2016-12-31,2016-12-31,2016-12-31,2021-08-06,-370184000.0,7360945000.0,7521158250.0,324571000.0,7036374000.0,0.217,-16.038,-139982000.0,182895000.0,182895000.0,420897000.0,76238000.0,0.372,-4.688,8775583000.0,627157000.0,8148426000.0,8775583000.0,101098000.0,638189000.0,0.0,0.0,0.0,418677000.0,1056866000.0,0.647,1056866000.0,418677000.0,87303000.0,0.61,0.61,0.61,-1995921000.0,-1725780000.0,-1995921000.0,21125331768.0,50.0,19.989,602543000.0,4.842,1.0,1212228000.0,0.742,3656924000.0,331374000.0,11423262000.0,11521859000.0,0.0,0.0,0.0,0.0,9356866000.0,873447000.0,8483419000.0,12811761768.0,39351000.0,-276835000.0,-545689000.0,108263000.0,0.0,-288557000.0,-428235000.0,612000.0,742525000.0,13618000.0,76238000.0,76238000.0,76238000.0,0.0,0.0,0.047,824920000.0,387308000.0,28320000.0,0.0,-6.419,168.05,169.279,2792076000.0,0.0,103.26,7.845,7.869,89471000.0,-3637467000.0,1633125000.0,1633125000.0,0.0,0.01,-0.044,0.036,0.256,32915000.0,143349000.0,1.0,124072843.0,124448000.0,125144000.0,13.123,3704021000.0,0.0,11065000.0,0.0,29.764,-548876000.0
5,SBAC,MRY,2015-12-31,2015-12-31,2015-12-31,2021-08-06,-502045000.0,7312980000.0,7497224750.0,293960000.0,7019020000.0,0.219,-13.351,-208707000.0,143392000.0,143392000.0,444399000.0,-175656000.0,1.075,-5.286,8452070000.0,20000000.0,8432070000.0,8452070000.0,97083000.0,660021000.0,0.0,0.0,0.0,157276000.0,817297000.0,0.499,817297000.0,157276000.0,-166595000.0,-1.37,-1.37,-1.37,-1706144000.0,-1393454750.0,-1706144000.0,21621493019.0,137.0,26.455,514323000.0,4.025,1.0,1194075000.0,0.729,3735413000.0,323871000.0,11612874000.0,11517858000.0,0.0,706000.0,706000.0,0.0,9019124000.0,273371000.0,8745753000.0,13254699019.0,48723000.0,-609530000.0,-450073000.0,174884000.0,0.0,75751000.0,-737065000.0,89728000.0,723030000.0,-12993000.0,-175656000.0,-175656000.0,-175656000.0,0.0,0.0,-0.107,881619000.0,312456000.0,27105000.0,0.0,-7.769,-75.458,-76.693,2782353000.0,0.0,105.07,8.09,8.195,100260000.0,-3168069000.0,1638474000.0,1638474000.0,0.0,-0.023,0.126,0.014,0.096,28747000.0,114951000.0,1.0,126151128.0,127794000.0,127794000.0,12.821,3577567000.0,0.0,9061000.0,0.0,27.995,20589000.0
6,SBAC,MRY,2014-12-31,2014-12-31,2014-12-31,2021-08-06,-182486000.0,7841125000.0,7751510500.0,326888000.0,7514237000.0,0.197,-5.126,-211251000.0,91962000.0,91962000.0,428485000.0,-24295000.0,0.987,-12.866,7860799000.0,32500000.0,7828299000.0,7860799000.0,120047000.0,627072000.0,0.0,0.0,0.0,304052000.0,931124000.0,0.61,931124000.0,304052000.0,-15660000.0,-0.19,-0.19,-0.19,-660800000.0,-100735250.0,-660800000.0,21352314147.0,70.0,22.932,463089000.0,3.592,1.0,1098511000.0,0.719,4189540000.0,319712000.0,11089372000.0,9764561500.0,0.0,5549000.0,5549000.0,0.0,8501925000.0,331050000.0,8170875000.0,14298754147.0,-80512000.0,-1585222000.0,0.0,1061636000.0,0.0,995298000.0,-1764127000.0,20889000.0,674340000.0,13977000.0,-24295000.0,-24295000.0,-24295000.0,0.0,0.0,-0.016,761988000.0,336523000.0,42851000.0,0.0,-21.639,-588.547,-582.947,2762417000.0,0.0,110.76,9.364,9.351,134346000.0,-2542380000.0,1526996000.0,1526996000.0,0.0,-0.003,0.241,0.031,0.199,22671000.0,103317000.0,1.0,129096733.0,128919000.0,128919000.0,11.845,3651585000.0,0.0,8635000.0,0.0,28.325,-4162000.0
7,SBAC,MRY,2013-12-31,2013-12-31,2013-12-31,2021-08-06,-33679000.0,6783188000.0,6575501750.0,343652000.0,6439536000.0,0.198,2.794,-168893000.0,169417000.0,169417000.0,408253000.0,-55909000.0,0.46,18.002,5876607000.0,481886000.0,5394721000.0,5876607000.0,94658000.0,533334000.0,0.0,0.0,0.0,240918000.0,774252000.0,0.593,774252000.0,240918000.0,-57218000.0,-0.44,-0.44,-0.44,356966000.0,484444250.0,356966000.0,16944233666.0,70.0,21.885,328694000.0,2.573,1.0,896613000.0,0.687,3387198000.0,298136000.0,8355507000.0,8369318750.0,0.0,5446000.0,5446000.0,0.0,6426222000.0,747673000.0,5678549000.0,11534368666.0,-110987000.0,-677379000.0,0.0,-1009142000.0,0.0,210837000.0,-817198000.0,0.0,497587000.0,-2213000.0,-55909000.0,-55909000.0,-55909000.0,0.0,0.0,-0.043,666968000.0,229645000.0,24302000.0,0.0,32.312,-206.306,-204.182,2578444000.0,0.0,89.84,8.84,8.797,99203000.0,-2518085000.0,1304866000.0,1304866000.0,0.0,-0.009,-0.115,0.029,0.185,17205000.0,85476000.0,1.0,128387897.0,127769000.0,127769000.0,10.213,3395990000.0,0.0,-1309000.0,0.0,26.579,-404021000.0
8,SBAC,MRY,2012-12-31,2012-12-31,2012-12-31,2021-08-06,2791000.0,6615911000.0,5394872750.0,388857000.0,6227054000.0,0.177,5.429,-113265000.0,260807000.0,260807000.0,279507000.0,-181390000.0,0.45,9.132,5356103000.0,475351000.0,4880752000.0,5356103000.0,76668000.0,408467000.0,0.0,0.0,0.0,91908000.0,500375000.0,0.524,500375000.0,91908000.0,-174443000.0,-1.51,-1.51,-1.51,652991000.0,458323000.0,652991000.0,12815426386.0,139.0,25.612,227649000.0,1.893,1.0,674577000.0,0.707,3134133000.0,266351000.0,7713386000.0,6433060500.0,0.0,5471000.0,5471000.0,0.0,5962920000.0,863688000.0,5099232000.0,8973133386.0,185783000.0,-2252724000.0,283872000.0,1206140000.0,0.0,2110481000.0,-2269120000.0,0.0,340914000.0,1212000.0,-181037000.0,-181037000.0,-181037000.0,-2296000.0,-353000.0,-0.19,527431000.0,147146000.0,27694000.0,0.0,13.742,-49.565,-47.007,2671317000.0,0.0,70.98,9.405,8.948,62743000.0,-2462176000.0,954084000.0,954084000.0,0.0,-0.034,-0.395,0.014,0.096,13968000.0,72148000.0,1.0,126417771.0,120280000.0,120280000.0,7.932,3481778000.0,0.0,6594000.0,0.0,28.947,-474831000.0
9,SBAC,MRY,2011-12-31,2011-12-31,2011-12-31,2021-08-06,485000.0,3606399000.0,3593701000.0,129356000.0,3477043000.0,0.194,-0.101,-126938000.0,69582000.0,69582000.0,202921000.0,-126892000.0,1.02,-319.784,3354485000.0,5000000.0,3349485000.0,3354485000.0,49779000.0,309146000.0,0.0,0.0,0.0,100182000.0,409328000.0,0.586,409328000.0,100182000.0,-124343000.0,-1.14,-1.14,-1.14,-11313000.0,80246250.0,-11313000.0,7833223521.0,78.0,19.137,122120000.0,1.094,1.0,495249000.0,0.709,1639784000.0,224525000.0,5124637000.0,4979063000.0,0.0,5773000.0,5773000.0,0.0,3617712000.0,126881000.0,3490831000.0,4698054521.0,-16938000.0,-379320000.0,-209271000.0,453022000.0,0.0,242047000.0,-507888000.0,0.0,249058000.0,-155000.0,-126456000.0,-126456000.0,-126456000.0,0.0,-436000.0,-0.181,377446000.0,117803000.0,12755000.0,0.0,-415.279,-37.152,-37.684,1583393000.0,0.0,42.96,6.729,6.867,39755000.0,-2281139000.0,698170000.0,698170000.0,0.0,-0.035,-1.576,0.02,0.143,11469000.0,62828000.0,1.0,109358811.0,111595000.0,111595000.0,6.256,1966615000.0,0.0,2113000.0,0.0,17.623,2475000.0
10,SBAC,MRY,2010-12-31,2010-12-31,2010-12-31,2021-08-06,2175000.0,3400175000.0,3382110250.0,146727000.0,3253448000.0,0.185,2.743,-66618000.0,93710000.0,93710000.0,199442000.0,-194421000.0,1.124,9.722,2827450000.0,0.0,2827450000.0,2827450000.0,61138000.0,278727000.0,0.0,0.0,0.0,16322000.0,295049000.0,0.471,295049000.0,16322000.0,-193669000.0,-1.68,-1.68,-1.68,317110000.0,411755250.0,317110000.0,7301814086.0,447.0,24.748,134522000.0,1.164,1.0,427177000.0,0.682,1500012000.0,209991000.0,4503319000.0,4347913500.0,0.0,4016000.0,4016000.0,0.0,3083065000.0,130584000.0,2952481000.0,4706649086.0,-97063000.0,-328045000.0,-91293000.0,-10409000.0,0.0,126821000.0,-425039000.0,0.0,201140000.0,15000.0,-194674000.0,-194674000.0,-194674000.0,0.0,253000.0,-0.311,342798000.0,84379000.0,11847000.0,0.0,14.842,-24.177,-24.369,1534318000.0,0.0,40.94,7.511,7.552,36559000.0,-1929670000.0,626619000.0,626619000.0,0.0,-0.058,-0.473,0.004,0.026,10501000.0,58209000.0,1.0,114964560.0,115591000.0,115591000.0,5.421,1900163000.0,0.0,1005000.0,0.0,16.439,16143000.0
11,SBAC,MRY,2009-12-31,2009-12-31,2009-12-31,2021-08-06,-2803000.0,3313646000.0,3273195000.0,236838000.0,3076808000.0,0.17,5.113,-46135000.0,191602000.0,191602000.0,180543000.0,-141119000.0,1.492,4.53,2489050000.0,28648000.0,2460402000.0,2489050000.0,54013000.0,258537000.0,0.0,0.0,0.0,40371000.0,298908000.0,0.538,298908000.0,40371000.0,-140379000.0,-1.2,-1.2,-1.2,599034000.0,643565000.0,599034000.0,6188955824.0,153.0,20.705,176437000.0,1.506,1.0,374970000.0,0.675,1435591000.0,180750000.0,4016778000.0,3976170750.0,0.0,5352000.0,5352000.0,0.0,2713697000.0,158725000.0,2554972000.0,3992913824.0,82461000.0,-180798000.0,53816000.0,745889000.0,0.0,88978000.0,-229075000.0,-8184000.0,222572000.0,-14000.0,-140871000.0,-140871000.0,-140871000.0,0.0,-248000.0,-0.254,315206000.0,59764000.0,9219000.0,0.0,6.666,-28.344,-28.467,1496938000.0,0.0,34.16,7.188,7.205,30036000.0,-1627602000.0,555513000.0,555513000.0,0.0,-0.043,-0.219,0.01,0.073,8200000.0,52785000.0,1.0,116888578.0,117165000.0,117165000.0,4.741,1878055000.0,0.0,492000.0,0.0,16.029,78113000.0
12,SBAC,MRY,2008-12-31,2008-12-31,2008-12-31,2021-08-06,-1549000.0,3207829000.0,2933922000.0,154315000.0,3053514000.0,0.162,5.92,-36115000.0,117455000.0,117455000.0,168165000.0,-67164000.0,1.703,3.931,2392230000.0,6000000.0,2386230000.0,2392230000.0,45306000.0,211445000.0,0.0,0.0,0.0,72510000.0,283955000.0,0.598,283955000.0,72510000.0,-66127000.0,-0.61,-0.61,-0.61,650510000.0,373413000.0,650510000.0,4253765044.0,59.0,14.98,137581000.0,1.252,1.0,306789000.0,0.646,1425132000.0,138637000.0,3966878000.0,3856371000.0,0.0,162000.0,162000.0,0.0,2557319000.0,90594000.0,2466725000.0,1902742044.0,8584000.0,-584498000.0,-57314000.0,663881000.0,0.0,415437000.0,-580549000.0,41044000.0,173696000.0,0.0,-67164000.0,-67164000.0,-67164000.0,0.0,0.0,-0.141,261087000.0,45702000.0,8963000.0,0.0,2.925,-28.33,-26.754,1502672000.0,0.0,16.32,4.006,3.776,27009000.0,-1435031000.0,474954000.0,474954000.0,0.0,-0.023,-0.18,0.019,0.153,7207000.0,48721000.0,1.0,116589586.0,109882000.0,109882000.0,4.322,1782697000.0,0.0,1037000.0,0.0,16.224,63721000.0
13,SBAC,MRY,2007-12-31,2007-12-31,2007-12-31,2021-08-06,-1280000.0,2384323000.0,2296327000.0,213212000.0,2171111000.0,0.178,3.221,-27640000.0,107873000.0,107873000.0,163353000.0,-91474000.0,2.799,6.067,1905000000.0,0.0,1905000000.0,1905000000.0,38752000.0,169232000.0,0.0,0.0,0.0,15859000.0,185091000.0,0.453,185091000.0,15859000.0,-90606000.0,-0.87,-0.87,-0.87,337391000.0,269923750.0,337391000.0,5400290142.0,341.0,29.176,95294000.0,0.91,1.0,244848000.0,0.6,868999000.0,106465000.0,3236281000.0,3209373500.0,0.0,55142000.0,55142000.0,0.0,2046932000.0,76170000.0,1970762000.0,3571316142.0,24124000.0,-201466000.0,-56225000.0,341452000.0,0.0,203074000.0,-301884000.0,-70700000.0,122934000.0,0.0,-91474000.0,-91474000.0,-91474000.0,0.0,0.0,-0.224,214796000.0,30052000.0,11357000.0,0.0,10.585,-39.042,-38.897,1191969000.0,0.0,33.84,8.749,8.683,41636000.0,-1234307000.0,408201000.0,408201000.0,0.0,-0.04,-0.339,0.005,0.039,6612000.0,45564000.0,1.0,105535347.0,104743000.0,104743000.0,3.897,1515324000.0,0.0,868000.0,0.0,14.467,137042000.0
14,SBAC,MRY,2006-12-31,2006-12-31,2006-12-31,2021-08-06,-666000.0,2046292000.0,1751856250.0,127607000.0,1918685000.0,0.2,3.93,-28704000.0,80551000.0,80551000.0,156586000.0,-133448000.0,2.187,4.302,1555000000.0,0.0,1555000000.0,1555000000.0,25720000.0,133088000.0,0.0,0.0,0.0,-44803000.0,88285000.0,0.251,88285000.0,-44803000.0,-132931000.0,-1.36,-1.36,-1.36,385921000.0,313690750.0,385921000.0,4330840992.0,-97.0,49.055,45026000.0,0.459,1.0,194516000.0,0.554,724872000.0,88128000.0,2737515000.0,2138372750.0,0.0,0.0,0.0,0.0,1660371000.0,58354000.0,1602017000.0,2877762992.0,214000.0,-726237000.0,10491000.0,-444632000.0,0.0,664837000.0,-738353000.0,16588000.0,73730000.0,0.0,-133448000.0,-133448000.0,-133448000.0,0.0,0.0,-0.38,175008000.0,19508000.0,9746000.0,0.0,7.457,-21.565,-20.221,1105942000.0,0.0,27.5,8.196,7.691,40184000.0,-1065224000.0,351102000.0,351102000.0,0.0,-0.076,-0.425,-0.021,-0.128,5410000.0,42277000.0,1.0,104645927.0,98193000.0,98193000.0,3.576,1321420000.0,0.0,517000.0,0.0,13.457,69253000.0
15,SBAC,MRY,2005-12-31,2005-12-31,2005-12-31,2021-08-06,14460000.0,952536000.0,887409500.0,132188000.0,820348000.0,0.293,1.103,-18313000.0,65446000.0,65446000.0,139952000.0,-94709000.0,2.535,10.697,784392000.0,0.0,784392000.0,784392000.0,13531000.0,87218000.0,0.0,0.0,0.0,-25860000.0,61358000.0,0.236,61358000.0,-25860000.0,-92605000.0,-1.28,-1.28,-1.28,81431000.0,-29863500.0,81431000.0,2349403781.0,-91.0,38.29,31454000.0,0.426,1.0,120039000.0,0.462,31491000.0,66745000.0,1587848000.0,1624672500.0,0.0,19777000.0,19777000.0,0.0,871105000.0,52143000.0,818962000.0,1527173781.0,-23693000.0,-61326000.0,231543000.0,-595789000.0,0.0,25823000.0,-99283000.0,-19644000.0,49767000.0,0.0,-94709000.0,-94709000.0,-94709000.0,61000.0,0.0,-0.364,115844000.0,4195000.0,17283000.0,0.0,18.754,-16.125,-13.984,728333000.0,0.0,17.9,5.874,5.083,42717000.0,-924066000.0,259991000.0,259991000.0,0.0,-0.107,3.171,-0.016,-0.099,462000.0,28178000.0,1.0,85316971.0,73823000.0,73823000.0,3.522,921045000.0,0.0,2104000.0,0.0,12.476,80045000.0
16,SBAC,MRY,2004-12-31,2004-12-31,2004-12-31,2021-08-06,0.0,917244000.0,930352750.0,116172000.0,801072000.0,0.249,-1.518,-5718000.0,71644000.0,71644000.0,128681000.0,-147280000.0,2.278,-11.344,927706000.0,3250000.0,924456000.0,927706000.0,12445000.0,90549000.0,0.0,0.0,0.0,-71028000.0,19521000.0,0.084,19521000.0,-71028000.0,-146570000.0,-2.52,-2.52,-2.52,-88671000.0,-33160500.0,-88671000.0,1456144127.0,-21.0,74.594,8498000.0,0.145,1.0,102801000.0,0.444,1365000.0,75542000.0,1720938000.0,1738369500.0,0.0,0.0,0.0,0.0,1005915000.0,51003000.0,954912000.0,595468127.0,61289000.0,-1791000.0,2126000.0,43621000.0,0.0,45747000.0,1326000.0,0.0,14216000.0,0.0,-147280000.0,-147280000.0,-147280000.0,3257000.0,0.0,-0.636,126682000.0,-23881000.0,15204000.0,0.0,-6.715,-4.043,-3.683,745831000.0,0.0,9.28,2.572,2.342,40191000.0,-829357000.0,231482000.0,231482000.0,0.0,-0.158,4.441,-0.041,-0.307,470000.0,28887000.0,1.0,64166824.0,58420000.0,58420000.0,3.962,915879000.0,0.0,710000.0,0.0,15.677,65169000.0
17,SBAC,MRY,2003-12-31,2003-12-31,2003-12-31,2021-08-06,0.0,958252000.0,1085632500.0,70265000.0,887987000.0,0.177,-0.03,177314000.0,18682000.0,18682000.0,106476000.0,-175148000.0,0.925,-612.911,870758000.0,11538000.0,859220000.0,870758000.0,12816000.0,101871000.0,0.0,0.0,0.0,-82641000.0,19230000.0,0.1,19230000.0,-82641000.0,-173419000.0,-3.36,-3.36,-3.36,-1566000.0,86130500.0,-1566000.0,1025436051.0,-12.0,53.325,147506000.0,2.826,1.0,85633000.0,0.446,2408000.0,90778000.0,1731973000.0,1869536500.0,0.0,15200000.0,15200000.0,0.0,959818000.0,75947000.0,883871000.0,203098051.0,-52803000.0,-3126000.0,31000.0,-177546000.0,0.0,-178451000.0,155456000.0,0.0,-29808000.0,0.0,-175148000.0,-175148000.0,-175148000.0,-202000.0,0.0,-0.912,139458000.0,-53825000.0,11352000.0,0.0,-129.692,-1.16,-1.119,830145000.0,0.0,3.76,1.057,1.022,29641000.0,-682077000.0,192109000.0,192109000.0,0.0,-0.161,-2.034,-0.044,-0.43,832000.0,30714000.0,1.0,54015439.0,52204000.0,52204000.0,3.68,955844000.0,0.0,1729000.0,0.0,18.31,-5682000.0
18,SBAC,MRY,2002-12-31,2002-12-31,2002-12-31,2021-08-06,0.0,1303365000.0,1343144000.0,315396000.0,987969000.0,0.16,4.03,-86361000.0,61141000.0,61141000.0,128274000.0,-267087000.0,2.362,5.405,1024282000.0,60083000.0,964199000.0,1024282000.0,14207000.0,95627000.0,0.0,0.0,0.0,-182927000.0,-87300000.0,-0.407,-87300000.0,-182927000.0,-266787000.0,-5.29,-5.29,-5.29,203490000.0,259829250.0,203490000.0,990195535.0,-5.0,-11.342,-68554000.0,-1.358,1.0,86199000.0,0.402,3704000.0,83860000.0,2129263000.0,2162328250.0,0.0,0.0,0.0,0.0,1099875000.0,133539000.0,966336000.0,20917535.0,47237000.0,-29724000.0,0.0,131817000.0,0.0,132146000.0,-102716000.0,5369000.0,17807000.0,0.0,-267087000.0,-267087000.0,-267087000.0,4081000.0,0.0,-1.245,200323000.0,-114124000.0,16810000.0,0.0,0.103,-0.078,-0.078,940961000.0,0.0,0.41,0.098,0.097,46717000.0,-464463000.0,214473000.0,214473000.0,0.0,-0.199,-1.028,-0.085,-0.853,2017000.0,32740000.0,1.0,51018379.0,50491000.0,50491000.0,4.248,1299661000.0,0.0,300000.0,0.0,25.74,181857000.0
19,SBAC,MRY,2001-12-31,2001-12-31,2001-12-31,2021-08-06,0.0,1429011000.0,1393493500.0,92287000.0,1336724000.0,0.162,9.523,-307557000.0,13904000.0,13904000.0,139189000.0,-125792000.0,0.826,2.171,845453000.0,365000.0,845088000.0,845453000.0,19912000.0,66104000.0,0.0,0.0,0.0,-50747000.0,15357000.0,0.068,15357000.0,-50747000.0,-124299000.0,-2.66,-2.66,-2.66,450644000.0,490887250.0,450644000.0,1332064668.0,-26.0,86.74,-278804000.0,-5.892,1.0,86033000.0,0.382,86180000.0,73552000.0,2062679000.0,1840692000.0,0.0,0.0,0.0,0.0,978367000.0,111701000.0,866666000.0,623839668.0,-1076000.0,-239143000.0,0.0,521621000.0,0.0,524871000.0,-554700000.0,0.0,28753000.0,0.0,-125792000.0,-125792000.0,-125792000.0,2201000.0,0.0,-0.559,132606000.0,-46573000.0,56293000.0,0.0,1.384,-4.959,-4.895,1198559000.0,0.0,13.02,2.77,2.736,68129000.0,-214820000.0,225222000.0,225222000.0,0.0,-0.09,-0.256,-0.028,-0.225,3326000.0,42103000.0,1.0,47913953.0,47321000.0,47321000.0,4.759,1342831000.0,0.0,1493000.0,18429000.0,28.377,-19414000.0
20,SBAC,MRY,2000-12-31,2000-12-31,2000-12-31,2021-08-06,0.0,948818000.0,766864567.0,82236000.0,866582000.0,0.219,13.076,-445280000.0,14980000.0,14980000.0,108394000.0,-28915000.0,0.75,0.763,284273000.0,2606000.0,281667000.0,284273000.0,5942000.0,34831000.0,0.0,0.0,0.0,-22803000.0,12028000.0,0.072,12028000.0,-22803000.0,-27682000.0,-0.7,-0.7,-0.7,538160000.0,406550244.0,538160000.0,2017659930.0,-88.0,167.747,-397764000.0,-9.665,1.0,59512000.0,0.354,83387000.0,4879000.0,1025014000.0,834649718.0,0.0,0.0,0.0,0.0,410658000.0,109710000.0,300948000.0,1889301705.0,11849000.0,0.0,465044000.0,-59795000.0,0.0,409613000.0,-445280000.0,0.0,47516000.0,0.0,-28915000.0,-28915000.0,-28915000.0,0.0,0.0,-0.172,62630000.0,-3118000.0,76944000.0,0.0,3.511,-65.34,-58.657,765815000.0,0.0,41.06,11.252,10.064,61288000.0,-89675000.0,167906000.0,167906000.0,0.0,-0.038,-0.071,-0.027,-0.136,313000.0,27799000.0,1.0,46013193.0,41156000.0,41156000.0,4.08,865431000.0,0.0,1233000.0,18445000.0,21.028,-27474000.0
21,SBAC,MRY,1999-12-31,1999-12-31,1999-12-31,2021-08-06,0.0,429823226.0,325336591.0,33611213.0,396212013.0,0.267,2.536,-208870000.0,3130912.0,3130912.0,57938000.0,-34591000.0,0.616,7.847,318267334.0,50176.0,318217158.0,318267334.0,1600981.0,16557000.0,0.0,0.0,0.0,-29570000.0,-13013000.0,-0.15,-13013000.0,-29570000.0,-34814000.0,-1.77,-1.77,-1.77,48582247.0,25945918.0,48582247.0,792193283.0,-27.0,-60.877,-185736000.0,-9.696,1.0,29055000.0,0.334,53616887.0,5244000.0,636786401.0,512473813.0,0.0,0.0,0.0,0.0,381240979.0,54556360.0,326684619.0,538985831.0,-23612000.0,0.0,94401000.0,100548000.0,0.0,162124000.0,-208870000.0,0.0,23134000.0,0.0,-34591000.0,-33858000.0,-33858000.0,0.0,0.0,-0.389,36341000.0,-7286000.0,40655950.0,0.0,11.094,-15.919,-10.593,338891513.0,-733000.0,18.75,6.196,4.129,25533740.0,-60759201.0,86993000.0,86993000.0,0.0,-0.104,-1.305,-0.058,-0.34,311000.0,19784000.0,1.0,28745911.0,19156000.0,19156000.0,4.541,376206339.0,0.0,-223000.0,7950454.0,19.639,-20945147.0
22,SBAC,MRY,1998-12-31,1998-12-31,1998-12-31,2021-08-06,0.0,214573326.0,129685365.0,45835949.0,168737377.0,0.456,-3.061,0.0,26743270.0,26743270.0,43780766.0,-19901095.0,1.214,-9.223,182573133.0,17001000.0,165572133.0,182573133.0,166526.0,5802090.0,0.0,,0.0,-20228857.0,-14426767.0,-0.244,-14426767.0,-20228857.0,-21425401.0,-2.64,-2.64,-2.64,-26095422.0,-15219844.0,-26095422.0,,,,7471322.0,0.876,1.0,15320143.0,0.259,6932486.0,1196544.0,325718061.0,177174730.0,0.0,3784768.0,0.0,3784768.0,240668748.0,37752642.0,202916106.0,,20633852.0,-138123784.0,550129.0,150736185.0,0.0,151286314.0,-138123784.0,0.0,7471322.0,0.0,-19901095.0,-22476095.0,-22476095.0,0.0,0.0,-0.38,24104316.0,-8784173.0,14447384.0,0.0,,,,150946480.0,2575000.0,,,,13111545.0,-26901112.0,59100909.0,59100909.0,0.0,-0.173,1.477,-0.114,-0.342,174810.0,18302226.0,1.0,8877771.0,8526052.0,8526052.0,6.932,207640840.0,0.0,-1524306.0,3370439.0,24.354,8083307.0
23,SBAC,MRY,1997-12-31,1997-12-31,1997-12-31,2021-08-06,0.0,44797404.0,,18141413.0,26655991.0,,-0.538,-17675818.0,6109418.0,6109418.0,36826363.0,267497.0,1.001,-11.312,10184054.0,10184054.0,0.0,10184054.0,956688.0,562653.0,0.0,,0.0,6270429.0,6833082.0,0.124,6833082.0,6270429.0,5863495.0,-0.09,-0.09,-0.09,-4344267.0,,-4344267.0,,,,-9846772.0,-1.219,1.0,18173442.0,0.33,2115938.0,406934.0,28631399.0,,0.0,3561306.0,0.0,3561306.0,49141671.0,18124703.0,31016968.0,,5798482.0,0.0,0.0,-5403084.0,0.0,15645254.0,-17675818.0,0.0,7829046.0,0.0,267497.0,-715836.0,-715836.0,0.0,0.0,-0.013,12546864.0,5626578.0,2182447.0,0.0,,,,17829062.0,983333.0,,,,11049273.0,-4425017.0,54999805.0,54999805.0,0.0,,,,0.114,934419.0,12032915.0,1.0,,8075000.0,8075000.0,6.811,42681466.0,2257462.0,5595998.0,1621714.0,5.286,16710.0
24,SBAC,MRY,1996-12-31,1996-12-31,1996-12-31,2021-08-06,,,,,,,,-144942.0,,,43459722.0,3300352.0,,,,,,,,160050.0,,,0.0,799126.0,959176.0,0.015,959176.0,799126.0,660070.0,,,,,,,,,,1070046.0,,1.0,21346590.0,0.329,,139056.0,,,,,,,,,,,33903.0,0.0,1415.0,13966378.0,-15003936.0,-1036143.0,-144942.0,0.0,1214988.0,0.0,1980211.0,1980211.0,1980211.0,0.0,1320141.0,0.031,17913825.0,3432765.0,,,,,,,0.0,,,,,,64806312.0,64806312.0,0.0,,,,0.012,7011000.0,17753775.0,1.0,,,,,,,-1320141.0,,,
0,SBAC,MRQ,2021-06-30,2021-06-30,2021-06-30,2021-08-06,-738995000.0,9960313000.0,,482226000.0,9478087000.0,,-44.234,-30839000.0,336173000.0,336173000.0,135759000.0,152669000.0,0.77,-3.058,14239794000.0,266516000.0,13973278000.0,14239794000.0,176996000.0,175469000.0,0.0,0.007,0.58,302275000.0,477744000.0,0.83,477744000.0,302275000.0,199919000.0,1.4,1.37,1.4,-4839742000.0,,-4839742000.0,48919667493.0,68.0,33.942,321945000.0,2.943,1.0,439769000.0,0.764,3051616000.0,102356000.0,20186312000.0,,0.0,0.0,0.0,0.0,14800055000.0,626006000.0,14174049000.0,34848135493.0,96625000.0,-77175000.0,16303000.0,-505158000.0,-63481000.0,-155949000.0,-108170000.0,-100000.0,352784000.0,7960000.0,152669000.0,152669000.0,152669000.0,0.0,0.0,0.265,240005000.0,199764000.0,34602000.0,0.414,-7.2,129.415,130.615,5934473000.0,0.0,318.7,15.963,15.972,119213000.0,-6759382000.0,575528000.0,575528000.0,0.0,,,,,21644000.0,53945000.0,1.0,109344636.0,109412000.0,111301000.0,5.26,6908697000.0,0.0,47250000.0,0.0,63.144,-143780000.0
1,SBAC,MRQ,2021-03-31,2021-03-31,2021-03-31,2021-08-06,-808429000.0,9763460000.0,,389927000.0,9373533000.0,,-46.088,-24536000.0,239548000.0,239548000.0,129774000.0,-11745000.0,0.695,-2.935,14311080000.0,255952000.0,14055128000.0,14311080000.0,174351000.0,183881000.0,0.0,0.007,0.58,69232000.0,253113000.0,0.461,253113000.0,69232000.0,-32667000.0,-0.11,-0.11,-0.11,-5045177000.0,,-5045177000.0,43428951942.0,80.0,34.388,260962000.0,2.384,1.0,418965000.0,0.764,2984098000.0,101899000.0,20290130000.0,,0.0,0.0,0.0,0.0,14808637000.0,560764000.0,14247873000.0,30342986942.0,-100623000.0,-1052676000.0,-158085000.0,938170000.0,-63412000.0,701343000.0,-1076584000.0,-13000.0,285498000.0,-10880000.0,-11745000.0,-11745000.0,-11745000.0,0.0,0.0,-0.021,245386000.0,173579000.0,33610000.0,-5.273,-6.014,217.64,223.831,5868541000.0,0.0,277.55,14.348,14.367,124739000.0,-6848313000.0,548739000.0,548739000.0,0.0,,,,,20422000.0,51601000.0,1.0,109324399.0,109469000.0,109469000.0,5.013,6779362000.0,0.0,-20922000.0,0.0,61.93,-170837000.0
2,SBAC,MRQ,2020-12-31,2020-12-31,2020-12-31,2021-08-06,-807582000.0,9158018000.0,,472990000.0,8685028000.0,,-43.58,-33195000.0,340231000.0,340231000.0,127991000.0,106186000.0,0.769,-2.898,13426196000.0,260037000.0,13166159000.0,13426196000.0,113117000.0,180383000.0,0.0,0.007,0.465,238478000.0,418861000.0,0.782,418861000.0,238478000.0,140129000.0,0.95,0.94,0.95,-4824382000.0,,-4824382000.0,44042130665.0,117.0,40.147,209930000.0,1.896,1.0,407916000.0,0.761,3156150000.0,98349000.0,18473032000.0,,0.0,0.0,0.0,0.0,13982400000.0,614801000.0,13367599000.0,31348773665.0,6835000.0,-71519000.0,-476581000.0,355962000.0,-51490000.0,-154767000.0,-92988000.0,3768000.0,243125000.0,11465000.0,105782000.0,105782000.0,105782000.0,0.0,404000.0,0.197,242813000.0,165103000.0,109969000.0,0.489,-6.498,1300.563,1282.409,5050886000.0,0.0,282.13,15.049,15.105,108884000.0,-6604028000.0,535907000.0,535907000.0,0.0,,,,,16975000.0,47411000.0,1.0,111114641.0,110701000.0,118433000.0,4.841,6001868000.0,0.0,34347000.0,0.0,54.217,-141811000.0
3,SBAC,MRQ,2020-09-30,2020-09-30,2020-09-30,2021-08-06,-873612000.0,9034682000.0,,458591000.0,8576091000.0,,-40.135,-28392000.0,333446000.0,333446000.0,121519000.0,22676000.0,0.832,-3.014,13026803000.0,253177000.0,12773626000.0,13026803000.0,155799000.0,180302000.0,0.0,0.006,0.465,111241000.0,291543000.0,0.558,291543000.0,111241000.0,13127000.0,0.2,0.2,0.2,-4486398000.0,,-4486398000.0,48324037130.0,151.0,46.448,262098000.0,2.345,1.0,401421000.0,0.768,3063498000.0,98114000.0,18113293000.0,,0.0,0.0,0.0,0.0,13521080000.0,551248000.0,12969832000.0,35650188130.0,84335000.0,-80864000.0,-162691000.0,-684000.0,-52028000.0,-262129000.0,60592000.0,171759000.0,290490000.0,-4618000.0,22568000.0,22568000.0,22568000.0,0.0,108000.0,0.043,241084000.0,160337000.0,29230000.0,2.325,-7.946,-2488.496,-2274.857,5008039000.0,0.0,318.48,17.298,17.274,95151000.0,-6177879000.0,522940000.0,522940000.0,0.0,,,,,17058000.0,48152000.0,1.0,111938546.0,111783000.0,113703000.0,4.678,5971184000.0,0.0,-9441000.0,0.0,53.418,-92657000.0
4,SBAC,MRQ,2020-06-30,2020-06-30,2020-06-30,2021-08-06,-867877000.0,9390539000.0,,624086000.0,8766453000.0,,-38.528,-27688000.0,249171000.0,249171000.0,111502000.0,23118000.0,1.129,-3.181,12923020000.0,253850000.0,12669170000.0,12923020000.0,130670000.0,178706000.0,0.0,0.006,0.465,120672000.0,299378000.0,0.59,299378000.0,120672000.0,22648000.0,0.2,0.2,0.2,-4304992000.0,,-4304992000.0,45986867335.0,142.0,44.229,286988000.0,2.568,1.0,395724000.0,0.78,3174567000.0,98024000.0,18337162000.0,,0.0,225853000.0,225853000.0,0.0,13695531000.0,552659000.0,13142872000.0,33255286335.0,22023000.0,-29504000.0,-1553000.0,6690000.0,-51970000.0,-8786000.0,-281958000.0,-225014000.0,314676000.0,-1909000.0,22813000.0,22813000.0,22813000.0,0.0,305000.0,0.045,238670000.0,157054000.0,26353000.0,2.325,-7.725,-2185.691,-1986.133,5034136000.0,0.0,297.92,16.258,16.274,110172000.0,-5972657000.0,507226000.0,507226000.0,0.0,,,,,18579000.0,49088000.0,1.0,111624887.0,111738000.0,113634000.0,4.539,6215972000.0,0.0,-165000.0,0.0,55.63,71427000.0
5,SBAC,MRQ,2020-03-31,2020-03-31,2020-03-31,2021-08-06,-846846000.0,9359502000.0,,395058000.0,8964444000.0,,-38.578,-39291000.0,227149000.0,227149000.0,115514000.0,-127933000.0,0.387,-3.168,12958730000.0,754076000.0,12204654000.0,12958730000.0,133548000.0,182579000.0,0.0,0.004,0.465,-95339000.0,87240000.0,0.169,87240000.0,-95339000.0,-193596000.0,-1.14,-1.14,-1.14,-4317230000.0,,-4317230000.0,42939871088.0,123.0,40.601,238451000.0,2.131,1.0,401553000.0,0.777,3294369000.0,98257000.0,17777162000.0,,0.0,0.0,0.0,0.0,13676732000.0,1019552000.0,12657180000.0,30217583088.0,88495000.0,-89531000.0,-164461000.0,224373000.0,-52201000.0,-43335000.0,-132012000.0,-12000.0,277742000.0,-13900000.0,-127058000.0,-127058000.0,-127058000.0,0.0,-875000.0,-0.246,250350000.0,151203000.0,26939000.0,-0.408,-6.999,-4990.517,-3856.714,5118141000.0,0.0,269.97,14.824,14.821,126023000.0,-5943386000.0,517067000.0,517067000.0,0.0,,,,,16278000.0,49617000.0,1.0,111929411.0,111908000.0,111908000.0,4.62,6065133000.0,0.0,-66538000.0,0.0,54.197,-624494000.0
6,SBAC,MRQ,2019-12-31,2019-12-31,2019-12-31,2021-08-06,-568765000.0,9759941000.0,,334271000.0,9425670000.0,,-32.659,-42855000.0,138552000.0,138552000.0,121258000.0,67557000.0,0.319,-3.662,12860840000.0,769105000.0,12091735000.0,12860840000.0,113507000.0,179488000.0,0.0,0.003,0.37,182737000.0,362225000.0,0.705,362225000.0,182737000.0,84143000.0,0.6,0.59,0.6,-3667007000.0,,-3667007000.0,39229647918.0,68.0,30.722,222206000.0,1.979,1.0,392400000.0,0.764,3626773000.0,98594000.0,17807163000.0,,0.0,0.0,0.0,0.0,13426948000.0,1048293000.0,12378655000.0,27135716918.0,-17560000.0,-490256000.0,-196155000.0,466000000.0,-41514000.0,245267000.0,-532092000.0,202000.0,265061000.0,4204000.0,67351000.0,67351000.0,67351000.0,0.0,206000.0,0.131,238481000.0,153919000.0,31846000.0,0.617,-7.4,184.608,185.377,5366819000.0,0.0,240.99,13.469,13.494,158438000.0,-5560695000.0,513658000.0,513658000.0,0.0,,,,,12581000.0,43962000.0,1.0,112601008.0,112281000.0,114300000.0,4.575,6133168000.0,0.0,16792000.0,0.0,54.623,-714022000.0
7,SBAC,MRQ,2019-09-30,2019-09-30,2019-09-30,2021-08-06,-620778000.0,9201138000.0,,329254000.0,8871884000.0,,-31.497,-38596000.0,156280000.0,156280000.0,123509000.0,21766000.0,0.645,-3.584,12250211000.0,254197000.0,11996014000.0,12250211000.0,112382000.0,174988000.0,0.0,0.002,0.37,115906000.0,290894000.0,0.573,290894000.0,115906000.0,18677000.0,0.19,0.19,0.19,-3560374000.0,,-3560374000.0,39310796759.0,69.0,31.305,200282000.0,1.772,1.0,384038000.0,0.757,3261885000.0,97229000.0,17523032000.0,,0.0,0.0,0.0,0.0,12761512000.0,510152000.0,12251360000.0,27275406759.0,31868000.0,-132519000.0,-147974000.0,-80000000.0,-41873000.0,-43118000.0,-159591000.0,16684000.0,238878000.0,-4301000.0,21679000.0,21679000.0,21679000.0,0.0,87000.0,0.043,230191000.0,153847000.0,35130000.0,1.947,-7.661,199.39,202.647,5212988000.0,0.0,241.15,13.742,13.734,151028000.0,-5387091000.0,507547000.0,507547000.0,0.0,,,,,12732000.0,42272000.0,1.0,113105564.0,113037000.0,115184000.0,4.49,5939253000.0,0.0,-3002000.0,0.0,52.543,-180898000.0
8,SBAC,MRQ,2019-06-30,2019-06-30,2019-06-30,2021-08-06,-554920000.0,9269415000.0,,315729000.0,8953686000.0,,-29.498,-36411000.0,124426000.0,124426000.0,124448000.0,31973000.0,0.221,-3.776,12159816000.0,1174842000.0,10984974000.0,12159816000.0,95127000.0,171564000.0,0.0,0.0,0.0,145679000.0,317243000.0,0.634,317243000.0,145679000.0,47581000.0,0.28,0.28,0.28,-3339346000.0,,-3339346000.0,37556513945.0,67.0,30.213,207030000.0,1.829,1.0,375699000.0,0.751,3238031000.0,98098000.0,16638636000.0,,0.0,0.0,0.0,0.0,12608761000.0,1428138000.0,11180623000.0,25463382945.0,-17059000.0,-95895000.0,-76341000.0,-30000000.0,0.0,-106416000.0,-170499000.0,-30546000.0,243441000.0,16415000.0,31973000.0,31973000.0,31973000.0,0.0,0.0,0.064,239247000.0,136452000.0,41270000.0,0.0,-7.625,193.993,197.228,5264181000.0,0.0,224.84,13.095,13.09,143051000.0,-5193942000.0,500147000.0,500147000.0,0.0,,,,,24487000.0,55524000.0,1.0,113251125.0,113205000.0,114940000.0,4.418,6031384000.0,0.0,15608000.0,0.0,53.278,-1112409000.0
9,SBAC,MRQ,2019-03-31,2019-03-31,2019-03-31,2021-08-06,-531761000.0,9312759000.0,,300569000.0,9012190000.0,,-29.304,-36374000.0,141496000.0,141496000.0,123815000.0,25989000.0,0.214,-3.82,12234627000.0,1171218000.0,11063409000.0,12234627000.0,98970000.0,171038000.0,0.0,0.0,0.0,135504000.0,306542000.0,0.621,306542000.0,135504000.0,36196000.0,0.23,0.23,0.23,-3302781000.0,,-3302781000.0,32242200080.0,74.0,28.942,186291000.0,1.653,1.0,369478000.0,0.749,3258952000.0,99308000.0,16742284000.0,,0.0,0.0,0.0,0.0,12615540000.0,1404654000.0,11210886000.0,22479555080.0,-34429000.0,-55287000.0,69690000.0,-215000000.0,0.0,-158047000.0,-84976000.0,504000.0,222665000.0,-14071000.0,25989000.0,25989000.0,25989000.0,0.0,0.0,0.053,230205000.0,139273000.0,34545000.0,0.0,-6.806,536.569,554.611,5313629000.0,0.0,199.66,11.827,11.84,136499000.0,-5131347000.0,493293000.0,493293000.0,0.0,,,,,23414000.0,50959000.0,1.0,112589177.0,112708000.0,114344000.0,4.377,6053807000.0,0.0,10207000.0,0.0,53.712,-1104085000.0
10,SBAC,MRQ,2018-12-31,2018-12-31,2018-12-31,2021-08-06,-511905000.0,7213707000.0,,373854000.0,6839853000.0,,-29.751,-44846000.0,175908000.0,175908000.0,122302000.0,57153000.0,0.31,-3.136,9938553000.0,941728000.0,8996825000.0,9938553000.0,108054000.0,169454000.0,0.0,0.0,0.0,171608000.0,341062000.0,0.705,341062000.0,171608000.0,73031000.0,0.49,0.49,0.49,-3376823000.0,,-3376823000.0,27918833540.0,65.0,25.32,181629000.0,1.6,1.0,361547000.0,0.747,3331465000.0,98577000.0,12438608000.0,,0.0,0.0,0.0,0.0,10590530000.0,1206279000.0,9384251000.0,18345609540.0,14976000.0,-47994000.0,-315840000.0,198954000.0,0.0,-117348000.0,-98030000.0,-2160000.0,226475000.0,3879000.0,57153000.0,57153000.0,57153000.0,0.0,0.0,0.118,211225000.0,150322000.0,34308000.0,0.0,-5.433,386.622,394.854,2786355000.0,0.0,161.89,9.833,9.971,134820000.0,-5136368000.0,483849000.0,483849000.0,0.0,,,,,10187000.0,35625000.0,1.0,113321450.0,113502000.0,119926000.0,4.263,3882242000.0,0.0,15878000.0,0.0,34.204,-832425000.0
11,SBAC,MRQ,2018-09-30,2018-09-30,2018-09-30,2021-08-06,-528517000.0,7213823000.0,,327663000.0,6886160000.0,,-27.445,-36352000.0,160921000.0,160921000.0,116741000.0,16144000.0,1.234,-3.294,9734145000.0,24000000.0,9710145000.0,9734145000.0,96577000.0,167703000.0,0.0,0.0,0.0,110514000.0,278217000.0,0.595,278217000.0,110514000.0,14165000.0,0.14,0.14,0.14,-3145083000.0,,-3145083000.0,27987691174.0,78.0,27.384,162735000.0,1.42,1.0,350480000.0,0.75,3387955000.0,96349000.0,13133580000.0,,0.0,0.0,0.0,0.0,10358906000.0,265512000.0,10093394000.0,18447446174.0,-13039000.0,-118472000.0,-86643000.0,29000000.0,0.0,-57906000.0,-150162000.0,859000.0,199087000.0,-4058000.0,16144000.0,16144000.0,16144000.0,0.0,0.0,0.035,212474000.0,138006000.0,32087000.0,0.0,-5.865,-9034.009,-5354.333,2787714000.0,0.0,160.63,10.109,10.087,107101000.0,-4851501000.0,467221000.0,467221000.0,0.0,,,,,10433000.0,34908000.0,1.0,114844339.0,114597000.0,116114000.0,4.077,3825868000.0,0.0,-1979000.0,0.0,33.385,62151000.0
12,SBAC,MRQ,2018-06-30,2018-06-30,2018-06-30,2021-08-06,-500919000.0,7289378000.0,,326876000.0,6962502000.0,,-26.439,-37518000.0,159493000.0,159493000.0,114414000.0,-57391000.0,1.177,-3.396,9699738000.0,24000000.0,9675738000.0,9699738000.0,94552000.0,169558000.0,0.0,0.0,0.0,18637000.0,188195000.0,0.412,188195000.0,18637000.0,-75640000.0,-0.5,-0.5,-0.5,-3042135000.0,,-3042135000.0,28265470045.0,74.0,27.169,208961000.0,1.816,1.0,341909000.0,0.749,3459866000.0,94277000.0,13091947000.0,,0.0,0.0,0.0,0.0,10331513000.0,277810000.0,10053703000.0,19019506045.0,11543000.0,-167741000.0,-301574000.0,292264000.0,0.0,-7332000.0,-218558000.0,-4106000.0,246479000.0,-9046000.0,-57391000.0,-57391000.0,-57391000.0,0.0,0.0,-0.126,216038000.0,125871000.0,32382000.0,0.0,-6.252,614.028,688.0,2778372000.0,0.0,165.12,10.616,10.604,101156000.0,-4759637000.0,456323000.0,456323000.0,0.0,,,,,11297000.0,35943000.0,1.0,115185962.0,115064000.0,115064000.0,3.966,3829512000.0,0.0,-18249000.0,0.0,33.282,49066000.0
13,SBAC,MRQ,2018-03-31,2018-03-31,2018-03-31,2021-08-06,-379109000.0,7405082000.0,,302780000.0,7102302000.0,,-22.218,-31096000.0,137722000.0,137722000.0,115337000.0,31545000.0,1.207,-3.861,9383686000.0,20000000.0,9363686000.0,9383686000.0,93407000.0,165398000.0,0.0,0.0,0.0,129783000.0,295181000.0,0.644,295181000.0,129783000.0,40127000.0,0.27,0.27,0.27,-2588241000.0,,-2588241000.0,29122503628.0,64.0,26.392,147481000.0,1.266,1.0,342965000.0,0.748,3600640000.0,89656000.0,12799478000.0,,0.0,0.0,0.0,0.0,9993323000.0,250928000.0,9742395000.0,19913524628.0,60525000.0,-117622000.0,-31644000.0,195000000.0,0.0,34049000.0,-151597000.0,-686000.0,178577000.0,-504000.0,31545000.0,31545000.0,31545000.0,0.0,0.0,0.069,212997000.0,129968000.0,29554000.0,0.0,-7.694,204.034,208.439,2803478000.0,0.0,170.92,11.298,11.296,114142000.0,-4395286000.0,458302000.0,458302000.0,0.0,,,,,10410000.0,36049000.0,1.0,116507867.0,116494000.0,118293000.0,3.934,3804442000.0,0.0,8582000.0,0.0,32.658,51852000.0
14,SBAC,MRQ,2017-12-31,2017-12-31,2017-12-31,2021-08-06,-379460000.0,7320205000.0,,259533000.0,7060672000.0,,-22.176,-40734000.0,101707000.0,101707000.0,114529000.0,7660000.0,0.931,-3.816,9310686000.0,20000000.0,9290686000.0,9310686000.0,97969000.0,162643000.0,0.0,0.0,0.0,97797000.0,260440000.0,0.588,260440000.0,97797000.0,10730000.0,0.06,0.07,0.06,-2599114000.0,,-2599114000.0,27990693878.0,63.0,25.759,186264000.0,1.589,1.0,328543000.0,0.742,3598131000.0,87067000.0,12652148000.0,,0.0,0.0,0.0,0.0,9919319000.0,278905000.0,9640414000.0,19201771878.0,-68167000.0,-280540000.0,-276214000.0,346108000.0,0.0,23028000.0,-314192000.0,216000.0,226998000.0,-4001000.0,7660000.0,7660000.0,7660000.0,0.0,0.0,0.017,209462000.0,119081000.0,33334000.0,0.0,-7.388,185.249,189.953,2812346000.0,0.0,163.36,11.114,11.333,108110000.0,-4388288000.0,443072000.0,443072000.0,0.0,,,,,9355000.0,30520000.0,1.0,117542678.0,117205000.0,118907000.0,3.78,3722074000.0,0.0,3070000.0,0.0,31.757,-19372000.0
15,SBAC,MRQ,2017-09-30,2017-09-30,2017-09-30,2021-08-06,-342450000.0,7300470000.0,,324066000.0,6976404000.0,,-18.855,-36875000.0,169879000.0,169879000.0,111468000.0,49161000.0,0.317,-4.233,8958801000.0,773289000.0,8185512000.0,8958801000.0,101168000.0,161906000.0,0.0,0.0,0.0,134621000.0,296527000.0,0.683,296527000.0,134621000.0,52539000.0,0.41,0.41,0.41,-2257798000.0,,-2257798000.0,25821620710.0,59.0,24.037,150398000.0,1.256,1.0,322477000.0,0.743,3550710000.0,82082000.0,11515967000.0,,0.0,0.0,0.0,0.0,9558268000.0,1022715000.0,8535553000.0,17337529710.0,-24731000.0,-78826000.0,-378932000.0,275000000.0,0.0,-93492000.0,-122274000.0,-382000.0,187273000.0,3762000.0,49161000.0,49161000.0,49161000.0,0.0,0.0,0.113,205466000.0,117011000.0,32429000.0,0.0,-7.679,171.228,171.488,2777339000.0,0.0,144.05,10.192,10.14,99925000.0,-4064805000.0,433945000.0,433945000.0,0.0,,,,,9423000.0,32559000.0,1.0,120357721.0,119746000.0,121026000.0,3.624,3749760000.0,0.0,3378000.0,0.0,31.314,-698649000.0
16,SBAC,MRQ,2017-06-30,2017-06-30,2017-06-30,2021-08-06,-378922000.0,7308853000.0,,336464000.0,6972389000.0,,-16.349,-33688000.0,194614000.0,194614000.0,109344000.0,9233000.0,0.322,-4.681,8678705000.0,772517000.0,7906188000.0,8678705000.0,98793000.0,159520000.0,0.0,0.0,0.0,91796000.0,251316000.0,0.588,251316000.0,91796000.0,12623000.0,0.08,0.08,0.08,-1985681000.0,,-1985681000.0,24866806642.0,67.0,24.669,198205000.0,1.632,1.0,317950000.0,0.744,3569045000.0,79173000.0,11177480000.0,,0.0,0.0,0.0,0.0,9294534000.0,1046419000.0,8248115000.0,16363528642.0,31722000.0,-39530000.0,-140019000.0,-135000000.0,0.0,-111838000.0,-84364000.0,0.0,231893000.0,-3969000.0,9233000.0,9233000.0,9233000.0,0.0,0.0,0.022,203360000.0,114590000.0,29155000.0,0.0,-8.241,445.593,435.161,2774398000.0,0.0,134.9,9.749,9.761,88043000.0,-3735062000.0,427294000.0,427294000.0,0.0,,,,,10194000.0,33394000.0,1.0,121301176.0,121455000.0,122437000.0,3.518,3739808000.0,0.0,3390000.0,0.0,30.792,-709955000.0
17,SBAC,MRQ,2017-03-31,2017-03-31,2017-03-31,2021-08-06,-342899000.0,7297450000.0,,301267000.0,6996183000.0,,-15.832,-35747000.0,162896000.0,162896000.0,110970000.0,37598000.0,1.318,-4.808,8666174000.0,20000000.0,8646174000.0,8666174000.0,96039000.0,159031000.0,0.0,0.0,0.0,119303000.0,278334000.0,0.657,278334000.0,119303000.0,40996000.0,0.31,0.31,0.31,-1916494000.0,,-1916494000.0,23154716814.0,58.0,22.365,136559000.0,1.128,1.0,312393000.0,0.738,3605548000.0,78307000.0,11966587000.0,,0.0,0.0,0.0,0.0,9213944000.0,228593000.0,8985351000.0,14562028814.0,-20499000.0,-42651000.0,-4419000.0,-115000000.0,0.0,-112272000.0,-84277000.0,0.0,172306000.0,3744000.0,37598000.0,37598000.0,37598000.0,0.0,0.0,0.089,204574000.0,107819000.0,29628000.0,0.0,-7.598,241.89,245.653,2785944000.0,0.0,120.37,8.79,8.795,87322000.0,-3604288000.0,423363000.0,423363000.0,0.0,,,,,9277000.0,34223000.0,1.0,120977227.0,121049000.0,121734000.0,3.497,3691902000.0,0.0,3398000.0,0.0,30.499,72674000.0
18,SBAC,MRQ,2016-12-31,2016-12-31,2016-12-31,2021-08-06,-370184000.0,7360945000.0,,324571000.0,7036374000.0,,-16.271,-35662000.0,182895000.0,182895000.0,106267000.0,5262000.0,0.372,-4.688,8775583000.0,627157000.0,8148426000.0,8775583000.0,101098000.0,158554000.0,0.0,0.0,0.0,89508000.0,248062000.0,0.596,248062000.0,89508000.0,10547000.0,0.04,0.05,0.04,-1995921000.0,,-1995921000.0,21125331768.0,50.0,19.989,179632000.0,1.464,1.0,310238000.0,0.745,3656924000.0,78961000.0,11423262000.0,,0.0,0.0,0.0,0.0,9356866000.0,873447000.0,8483419000.0,12811761768.0,-534961000.0,-85433000.0,-343340000.0,-294329000.0,0.0,-622091000.0,-128022000.0,612000.0,215294000.0,-142000.0,5262000.0,5262000.0,5262000.0,0.0,0.0,0.013,202805000.0,107433000.0,28320000.0,0.0,-6.419,168.05,169.279,2792076000.0,0.0,103.26,7.845,7.869,89471000.0,-3637467000.0,416505000.0,416505000.0,0.0,,,,,8163000.0,33023000.0,1.0,124072843.0,122669000.0,123293000.0,3.395,3704021000.0,0.0,5285000.0,0.0,30.195,-548876000.0
19,SBAC,MRQ,2016-09-30,2016-09-30,2016-09-30,2021-08-06,-370386000.0,7915722000.0,,858199000.0,7057523000.0,,-13.395,-33659000.0,717698000.0,717698000.0,105468000.0,-15370000.0,1.162,-5.743,9031268000.0,515876000.0,8515392000.0,9031268000.0,94502000.0,160111000.0,0.0,0.0,0.0,70215000.0,230326000.0,0.56,230326000.0,70215000.0,-13796000.0,-0.12,-0.12,-0.12,-1669062000.0,,-1669062000.0,22300261488.0,50.0,20.504,138837000.0,1.114,1.0,305851000.0,0.744,3710817000.0,84011000.0,11779709000.0,,0.0,221000.0,221000.0,0.0,9584784000.0,738766000.0,8846018000.0,13976863488.0,558295000.0,-42698000.0,-52320000.0,372592000.0,0.0,457834000.0,-70786000.0,0.0,172496000.0,-1249000.0,-15370000.0,-15370000.0,-15370000.0,0.0,0.0,-0.037,197641000.0,108210000.0,23904000.0,0.0,-8.374,137.032,138.469,2780112000.0,0.0,112.16,8.609,8.608,86648000.0,-3299422000.0,411319000.0,411319000.0,0.0,,,,,8075000.0,32255000.0,1.0,124615402.0,124604000.0,124604000.0,3.301,4204905000.0,0.0,1574000.0,0.0,33.746,119433000.0
20,SBAC,MRQ,2016-06-30,2016-06-30,2016-06-30,2021-08-06,-364861000.0,7436322000.0,,291257000.0,7145065000.0,,-12.848,-34601000.0,159405000.0,159405000.0,106567000.0,32711000.0,0.362,-5.626,8482803000.0,568924000.0,7913879000.0,8482803000.0,89652000.0,159723000.0,0.0,0.0,0.0,118854000.0,278577000.0,0.687,278577000.0,118854000.0,34712000.0,0.26,0.26,0.26,-1607577000.0,,-1607577000.0,21892937246.0,72.0,23.047,175490000.0,1.403,1.0,298965000.0,0.737,3788754000.0,84142000.0,11166060000.0,,0.0,219000.0,219000.0,0.0,9043899000.0,804906000.0,8238993000.0,13549071246.0,31003000.0,-56872000.0,-100017000.0,15000000.0,0.0,-90977000.0,-97088000.0,0.0,210091000.0,8977000.0,32711000.0,32711000.0,32711000.0,0.0,0.0,0.081,224899000.0,74066000.0,25524000.0,0.0,-8.428,-351.203,-359.8,2805360000.0,0.0,107.94,8.348,8.322,77790000.0,-3231735000.0,405532000.0,405532000.0,0.0,,,,,8892000.0,47664000.0,1.0,125524099.0,125125000.0,125783000.0,3.241,3647568000.0,0.0,2001000.0,0.0,29.151,-513649000.0
21,SBAC,MRQ,2016-03-31,2016-03-31,2016-03-31,2021-08-06,-441352000.0,7371644000.0,,282552000.0,7089092000.0,,-13.003,-36060000.0,128404000.0,128404000.0,102595000.0,53639000.0,1.212,-5.521,8472270000.0,20000000.0,8452270000.0,8472270000.0,87283000.0,159801000.0,0.0,0.0,0.0,140103000.0,299904000.0,0.75,299904000.0,140103000.0,55844000.0,0.43,0.43,0.43,-1630560000.0,,-1630560000.0,20945948461.0,71.0,22.201,108584000.0,0.866,1.0,297174000.0,0.743,3764036000.0,84259000.0,11718405000.0,,0.0,708000.0,708000.0,0.0,9002204000.0,233069000.0,8769135000.0,12547035461.0,-14986000.0,-91832000.0,-50012000.0,15000000.0,0.0,-33323000.0,-132339000.0,0.0,144644000.0,6032000.0,53639000.0,53639000.0,53639000.0,0.0,0.0,0.134,199572000.0,97602000.0,20716000.0,0.0,-7.695,-291.893,-294.618,2802662000.0,0.0,100.17,7.706,7.715,100263000.0,-3164437000.0,399769000.0,399769000.0,0.0,,,,,7785000.0,30406000.0,1.0,125257417.0,125398000.0,126124000.0,3.188,3607608000.0,0.0,2205000.0,0.0,28.769,49483000.0
22,SBAC,MRQ,2015-12-31,2015-12-31,2015-12-31,2021-08-06,-502045000.0,7312980000.0,,293960000.0,7019020000.0,,-13.542,-46396000.0,143392000.0,143392000.0,109439000.0,31017000.0,1.075,-5.286,8452070000.0,20000000.0,8432070000.0,8452070000.0,97083000.0,161461000.0,0.0,0.0,0.0,117347000.0,278808000.0,0.685,278808000.0,117347000.0,32966000.0,0.24,0.24,0.24,-1706144000.0,,-1706144000.0,21621493019.0,137.0,26.455,141897000.0,1.126,1.0,297502000.0,0.731,3735413000.0,84381000.0,11612874000.0,,0.0,706000.0,706000.0,0.0,9019124000.0,273371000.0,8745753000.0,13254699019.0,14895000.0,-200819000.0,-50009000.0,-445015000.0,0.0,-2762000.0,-170334000.0,89728000.0,188293000.0,-302000.0,31017000.0,31017000.0,31017000.0,0.0,0.0,0.076,215374000.0,82128000.0,27105000.0,0.0,-7.769,-75.458,-76.693,2782353000.0,0.0,105.07,8.09,8.195,100260000.0,-3168069000.0,406941000.0,406941000.0,0.0,,,,,6844000.0,28934000.0,1.0,126151128.0,125985000.0,125985000.0,3.23,3577567000.0,0.0,1949000.0,0.0,28.397,20589000.0
23,SBAC,MRQ,2015-09-30,2015-09-30,2015-09-30,2021-08-06,-501492000.0,7396757000.0,,334871000.0,7061886000.0,,-13.35,-43919000.0,120056000.0,120056000.0,111733000.0,-155946000.0,1.162,-5.357,8486850000.0,40000000.0,8446850000.0,8486850000.0,92242000.0,164330000.0,0.0,0.0,0.0,-71694000.0,92636000.0,0.226,92636000.0,-71694000.0,-154020000.0,-1.23,-1.23,-1.23,-1697656000.0,,-1697656000.0,21498929593.0,177.0,27.485,115286000.0,0.907,1.0,299002000.0,0.728,3737105000.0,82326000.0,11738179000.0,,0.0,702000.0,702000.0,0.0,9094413000.0,288267000.0,8806146000.0,13359436593.0,3425000.0,-85629000.0,-250041000.0,230000000.0,0.0,-15271000.0,-130121000.0,0.0,159205000.0,-10388000.0,-155946000.0,-155946000.0,-155946000.0,0.0,0.0,-0.38,255919000.0,43083000.0,32197000.0,0.0,-7.869,-64.763,-64.574,2720874000.0,0.0,104.61,8.165,8.13,99183000.0,-3149082000.0,410735000.0,410735000.0,0.0,,,,,6702000.0,27872000.0,1.0,127707070.0,127170000.0,127170000.0,3.23,3659652000.0,0.0,1926000.0,0.0,28.778,46604000.0
24,SBAC,MRQ,2015-06-30,2015-06-30,2015-06-30,2021-08-06,-330403000.0,7751863000.0,,344482000.0,7407381000.0,,-8.798,-50292000.0,116907000.0,116907000.0,112112000.0,28305000.0,1.097,-7.84,8256400000.0,40000000.0,8216400000.0,8256400000.0,113295000.0,162377000.0,0.0,0.0,0.0,109759000.0,272136000.0,0.663,272136000.0,109759000.0,30529000.0,0.22,0.22,0.22,-1133232000.0,,-1133232000.0,22743152370.0,86.0,24.728,146832000.0,1.14,1.0,298592000.0,0.727,4031524000.0,79230000.0,11545778000.0,,0.0,699000.0,699000.0,0.0,8885095000.0,314054000.0,8571041000.0,14883382370.0,7475000.0,-269803000.0,-150023000.0,287399000.0,0.0,125313000.0,-315056000.0,0.0,197124000.0,94000.0,28305000.0,28305000.0,28305000.0,0.0,0.0,0.069,200429000.0,98163000.0,29809000.0,0.0,-13.134,-222.276,-221.096,2787464000.0,0.0,114.97,9.194,9.148,117645000.0,-2743115000.0,410704000.0,410704000.0,0.0,,,,,8213000.0,28262000.0,1.0,129454487.0,128809000.0,129948000.0,3.188,3720339000.0,0.0,2224000.0,0.0,28.883,30428000.0
25,SBAC,MRQ,2015-03-31,2015-03-31,2015-03-31,2021-08-06,-356936000.0,7527299000.0,,325013000.0,7202286000.0,,-8.022,-68100000.0,103809000.0,103809000.0,111110000.0,-79030000.0,1.135,-8.26,7963579000.0,33750000.0,7929829000.0,7963579000.0,108630000.0,171853000.0,0.0,0.0,0.0,1867000.0,173720000.0,0.424,173720000.0,1867000.0,-76067000.0,-0.61,-0.61,-0.61,-1036787000.0,,-1036787000.0,22895345312.0,101.0,25.988,110308000.0,0.854,1.0,298984000.0,0.729,3925992000.0,77934000.0,11174601000.0,,0.0,4816000.0,4816000.0,0.0,8564086000.0,286476000.0,8277610000.0,15126508312.0,22928000.0,-53279000.0,0.0,102500000.0,0.0,-31529000.0,-121554000.0,0.0,178408000.0,-2397000.0,-79030000.0,-79030000.0,-79030000.0,0.0,0.0,-0.193,209898000.0,89086000.0,33805000.0,0.0,-14.59,-144.432,-144.568,2702188000.0,0.0,117.1,9.504,9.509,120677000.0,-2621410000.0,410094000.0,410094000.0,0.0,,,,,6988000.0,29884000.0,1.0,129175989.0,129235000.0,129235000.0,3.173,3601307000.0,0.0,2963000.0,0.0,27.866,38537000.0
26,SBAC,MRQ,2014-12-31,2014-12-31,2014-12-31,2021-08-06,-182486000.0,7841125000.0,,326888000.0,7514237000.0,,-5.118,-79904000.0,91962000.0,91962000.0,112004000.0,390000.0,0.987,-12.866,7860799000.0,32500000.0,7828299000.0,7860799000.0,120047000.0,162214000.0,0.0,0.0,0.0,81500000.0,243714000.0,0.602,243714000.0,81500000.0,4315000.0,0.0,0.0,0.0,-660800000.0,,-660800000.0,21352314147.0,70.0,22.932,109148000.0,0.845,1.0,292730000.0,0.723,4189540000.0,77185000.0,11089372000.0,,0.0,5549000.0,5549000.0,0.0,8501925000.0,331050000.0,8170875000.0,14298754147.0,-408657000.0,-536474000.0,0.0,-549763000.0,0.0,4935000.0,-600141000.0,2998000.0,189052000.0,-2503000.0,390000.0,390000.0,390000.0,0.0,0.0,0.001,196141000.0,96589000.0,42851000.0,,-21.639,-588.547,-582.947,2762417000.0,0.0,110.76,9.364,9.351,134346000.0,-2542380000.0,404734000.0,404734000.0,0.0,,,,,5440000.0,26610000.0,1.0,129096733.0,129114000.0,129114000.0,3.135,3651585000.0,0.0,3925000.0,0.0,28.282,-4162000.0
27,SBAC,MRQ,2014-09-30,2014-09-30,2014-09-30,2021-08-06,-94145000.0,7808992000.0,,674386000.0,7134606000.0,,-2.306,-59196000.0,496528000.0,496528000.0,111876000.0,-16624000.0,0.501,-27.238,7550088000.0,1078318000.0,6471770000.0,7550088000.0,108054000.0,159411000.0,0.0,0.0,0.0,70764000.0,230175000.0,0.585,230175000.0,70764000.0,-15642000.0,-0.13,-0.13,-0.13,-297617000.0,,-297617000.0,21021845064.0,77.0,24.101,91147000.0,0.706,1.0,281417000.0,0.716,3910755000.0,86406000.0,9605570000.0,,0.0,5541000.0,5541000.0,0.0,8106609000.0,1346227000.0,6760382000.0,14306825064.0,342605000.0,-81274000.0,0.0,659738000.0,0.0,331368000.0,-137336000.0,0.0,150343000.0,-1770000.0,-16624000.0,-16624000.0,-16624000.0,0.0,0.0,-0.042,191933000.0,89484000.0,31325000.0,0.0,-48.071,-326.297,-326.176,2687827000.0,0.0,110.9,9.815,9.818,106540000.0,-2542770000.0,393293000.0,393293000.0,0.0,,,,,6417000.0,26589000.0,1.0,129006538.0,129046000.0,129046000.0,3.048,3898237000.0,0.0,982000.0,0.0,30.208,-671841000.0
28,SBAC,MRQ,2014-06-30,2014-06-30,2014-06-30,2021-08-06,34316000.0,7564583000.0,,314018000.0,7250565000.0,,1.235,-39913000.0,144071000.0,144071000.0,107438000.0,-9467000.0,0.234,46.49,6859091000.0,1080200000.0,5778891000.0,6859091000.0,91020000.0,161005000.0,0.0,0.0,0.0,72367000.0,233372000.0,0.609,233372000.0,72367000.0,-7424000.0,-0.07,-0.07,-0.07,159288000.0,,159288000.0,19688529768.0,66.0,22.638,134817000.0,1.045,1.0,275982000.0,0.72,4041190000.0,79791000.0,8898403000.0,,0.0,5828000.0,5828000.0,0.0,7405295000.0,1340010000.0,6065285000.0,13176905768.0,-215262000.0,-39821000.0,0.0,-23809000.0,0.0,-305167000.0,-85094000.0,0.0,174730000.0,269000.0,-9467000.0,-9467000.0,-9467000.0,0.0,0.0,-0.025,192665000.0,83317000.0,27502000.0,0.0,82.724,-2315.394,-2557.5,2691302000.0,0.0,102.3,9.436,9.446,98486000.0,-2526146000.0,383420000.0,383420000.0,0.0,,,,,6196000.0,25441000.0,1.0,128806508.0,128950000.0,128950000.0,2.973,3523393000.0,0.0,2043000.0,0.0,27.324,-1025992000.0
29,SBAC,MRQ,2014-03-31,2014-03-31,2014-03-31,2021-08-06,-672000.0,7791342000.0,,516128000.0,7275214000.0,,3.082,-32238000.0,358134000.0,358134000.0,97167000.0,1407000.0,0.682,18.666,6869758000.0,503776000.0,6365982000.0,6869758000.0,89915000.0,144442000.0,0.0,0.0,0.0,79424000.0,223866000.0,0.648,223866000.0,79424000.0,3093000.0,0.01,0.01,0.01,396188000.0,,396188000.0,17396151428.0,65.0,21.249,127977000.0,0.995,1.0,248383000.0,0.719,4081286000.0,76331000.0,9464901000.0,,0.0,5054000.0,5054000.0,0.0,7395154000.0,756779000.0,6638375000.0,11688961428.0,200802000.0,-927653000.0,0.0,975470000.0,0.0,964162000.0,-941556000.0,17891000.0,160215000.0,17981000.0,1407000.0,1407000.0,1407000.0,0.0,0.0,0.004,181247000.0,67136000.0,26310000.0,0.0,29.504,-363.881,-363.84,2693015000.0,0.0,90.96,8.74,8.744,90216000.0,-2516678000.0,345550000.0,345550000.0,0.0,,,,,4618000.0,24676000.0,1.0,128506612.0,128560000.0,138356000.0,2.688,3710056000.0,0.0,1686000.0,0.0,28.859,-240651000.0
30,SBAC,MRQ,2013-12-31,2013-12-31,2013-12-31,2021-08-06,-33679000.0,6783188000.0,,343652000.0,6439536000.0,,2.78,-65520000.0,169417000.0,169417000.0,100538000.0,-19162000.0,0.46,18.002,5876607000.0,481886000.0,5394721000.0,5876607000.0,94658000.0,133328000.0,0.0,0.0,0.0,51504000.0,184832000.0,0.551,184832000.0,51504000.0,-21912000.0,-0.15,-0.15,-0.15,356966000.0,,356966000.0,16944233666.0,70.0,21.885,89019000.0,0.693,1.0,234858000.0,0.7,3387198000.0,73416000.0,8355507000.0,,0.0,5446000.0,5446000.0,0.0,6426222000.0,747673000.0,5678549000.0,11534368666.0,-67297000.0,-330324000.0,-10167000.0,212500000.0,0.0,149327000.0,-367730000.0,0.0,154539000.0,-3433000.0,-19162000.0,-19162000.0,-19162000.0,0.0,0.0,-0.057,175414000.0,59444000.0,24302000.0,0.0,32.312,-206.306,-204.182,2578444000.0,0.0,89.84,8.84,8.797,99203000.0,-2518085000.0,335396000.0,335396000.0,0.0,,,,,4195000.0,21711000.0,1.0,128387897.0,128411000.0,128411000.0,2.612,3395990000.0,0.0,-2750000.0,0.0,26.446,-404021000.0
31,SBAC,MRQ,2013-09-30,2013-09-30,2013-09-30,2021-08-06,-12564000.0,6584428000.0,,390434000.0,6193994000.0,,3.507,-33171000.0,238463000.0,238463000.0,103295000.0,21531000.0,1.544,13.683,5648328000.0,11250000.0,5637078000.0,5648328000.0,84919000.0,133281000.0,0.0,0.0,0.0,94367000.0,227648000.0,0.685,227648000.0,94367000.0,21738000.0,0.17,0.16,0.17,448429000.0,,448429000.0,15697119192.0,73.0,21.002,81718000.0,0.639,1.0,228799000.0,0.689,3122339000.0,72629000.0,8619096000.0,,0.0,4873000.0,4873000.0,0.0,6135999000.0,252858000.0,5883141000.0,10281730192.0,-33000.0,-91646000.0,4062000.0,-2499000.0,0.0,8512000.0,-124070000.0,0.0,114889000.0,636000.0,21531000.0,21531000.0,21531000.0,0.0,0.0,0.065,164897000.0,63902000.0,26168000.0,0.0,22.928,-115.223,-113.324,2578639000.0,0.0,80.46,8.139,8.145,99205000.0,-2498923000.0,332094000.0,332094000.0,0.0,,,,,4206000.0,21827000.0,1.0,127786853.0,127885000.0,136912000.0,2.597,3462089000.0,0.0,207000.0,0.0,27.072,137576000.0
32,SBAC,MRQ,2013-06-30,2013-06-30,2013-06-30,2021-08-06,-14173000.0,6484506000.0,,352084000.0,6132422000.0,,3.412,-33779000.0,225820000.0,225820000.0,103725000.0,-35899000.0,1.654,13.882,5641209000.0,10000000.0,5631209000.0,5641209000.0,72739000.0,141089000.0,0.0,0.0,0.0,41237000.0,182326000.0,0.562,182326000.0,41237000.0,-34024000.0,-0.28,-0.28,-0.28,435737000.0,,435737000.0,14672199768.0,106.0,23.004,100152000.0,0.784,1.0,220580000.0,0.68,3088296000.0,75261000.0,8598701000.0,,0.0,5388000.0,5388000.0,0.0,6048769000.0,212898000.0,5835871000.0,9457516768.0,67212000.0,-45867000.0,1780000.0,-1259873000.0,0.0,15197000.0,-80741000.0,0.0,133931000.0,-1175000.0,-35899000.0,-35899000.0,-35899000.0,0.0,0.0,-0.111,169089000.0,51491000.0,24101000.0,0.0,21.705,-57.947,-56.58,2570407000.0,0.0,74.12,8.085,8.092,83437000.0,-2520451000.0,324305000.0,324305000.0,0.0,,,,,4930000.0,21507000.0,1.0,127597366.0,127713000.0,127713000.0,2.539,3396210000.0,0.0,1875000.0,0.0,26.593,139186000.0
33,SBAC,MRQ,2013-03-31,2013-03-31,2013-03-31,2021-08-06,4345000.0,6449885000.0,,269944000.0,6179941000.0,,5.483,-36423000.0,149110000.0,149110000.0,100695000.0,-22376000.0,0.4,8.258,5363793000.0,478454000.0,4885339000.0,5363793000.0,72148000.0,125636000.0,0.0,0.0,0.0,53812000.0,179448000.0,0.573,179448000.0,53812000.0,-23017000.0,-0.18,-0.18,-0.18,696645000.0,,696645000.0,14236021080.0,132.0,25.431,57805000.0,0.455,1.0,212376000.0,0.678,3085459000.0,76829000.0,7903971000.0,,0.0,4166000.0,4166000.0,0.0,5753240000.0,675138000.0,5078102000.0,9140725080.0,-110869000.0,-209542000.0,4325000.0,40730000.0,0.0,37801000.0,-244657000.0,0.0,94228000.0,1759000.0,-22376000.0,-22376000.0,-22376000.0,0.0,0.0,-0.071,149789000.0,62587000.0,22714000.0,0.0,13.121,-50.562,-48.98,2655409000.0,0.0,72.0,8.506,8.513,76341000.0,-2484552000.0,313071000.0,313071000.0,0.0,,,,,3874000.0,20431000.0,1.0,126954515.0,127057000.0,127057000.0,2.464,3364426000.0,0.0,-641000.0,0.0,26.48,-405194000.0
34,SBAC,MRQ,2012-12-31,2012-12-31,2012-12-31,2021-08-06,2791000.0,6615911000.0,,388857000.0,6227054000.0,,5.156,-38804000.0,260807000.0,260807000.0,89426000.0,-52586000.0,0.45,9.132,5356103000.0,475351000.0,4880752000.0,5356103000.0,76668000.0,131357000.0,0.0,0.0,0.0,26638000.0,157995000.0,0.538,157995000.0,26638000.0,-50704000.0,-0.42,-0.42,-0.42,652991000.0,,652991000.0,12815426386.0,139.0,25.612,64587000.0,0.51,1.0,204415000.0,0.696,3134133000.0,77342000.0,7713386000.0,,0.0,5471000.0,5471000.0,0.0,5962920000.0,863688000.0,5099232000.0,8973133386.0,-1207946000.0,-1364035000.0,-20952000.0,-12127000.0,0.0,-8624000.0,-1303927000.0,0.0,103391000.0,1267000.0,-52489000.0,-52489000.0,-52489000.0,53000.0,-97000.0,-0.179,195242000.0,9173000.0,27694000.0,0.0,13.742,-49.565,-47.007,2671317000.0,0.0,70.98,9.405,8.948,62743000.0,-2462176000.0,293841000.0,293841000.0,0.0,,,,,3382000.0,19624000.0,1.0,126417771.0,126643000.0,126643000.0,2.32,3481778000.0,0.0,1785000.0,0.0,27.493,-474831000.0
35,SBAC,MRQ,2012-09-30,2012-09-30,2012-09-30,2021-08-06,1934000.0,6083291000.0,,1556880000.0,4526411000.0,,3.62,-26174000.0,1463741000.0,1463741000.0,71683000.0,-52699000.0,2.26,12.809,5306034000.0,529595000.0,4776439000.0,5306034000.0,58581000.0,101012000.0,0.0,0.0,0.0,17036000.0,118048000.0,0.495,118048000.0,17036000.0,-51416000.0,-0.43,-0.43,-0.43,440534000.0,,440534000.0,11555148204.0,121.0,25.571,62580000.0,0.514,1.0,166923000.0,0.7,2100614000.0,68452000.0,7136220000.0,,0.0,5505000.0,5505000.0,0.0,5642757000.0,688750000.0,4954007000.0,7649409204.0,1354306000.0,62702000.0,7341000.0,628933000.0,0.0,1228873000.0,35661000.0,0.0,88754000.0,49000.0,-52445000.0,-52445000.0,-52445000.0,-969000.0,-254000.0,-0.22,120137000.0,46786000.0,19863000.0,0.0,17.364,-48.528,-46.94,2052069000.0,0.0,62.9,9.063,9.068,54971000.0,-2409687000.0,238606000.0,238606000.0,0.0,,,,,3679000.0,17565000.0,1.0,121612229.0,121689000.0,121689000.0,1.961,3982677000.0,0.0,1029000.0,0.0,32.728,868130000.0
36,SBAC,MRQ,2012-06-30,2012-06-30,2012-06-30,2021-08-06,248000.0,4793660000.0,,303164000.0,4490496000.0,,3.958,-23435000.0,103649000.0,103649000.0,66205000.0,-53454000.0,0.288,8.983,4009388000.0,918006000.0,3091382000.0,4009388000.0,54515000.0,93998000.0,0.0,0.0,0.0,10299000.0,104297000.0,0.455,104297000.0,10299000.0,-51019000.0,-0.44,-0.44,-0.44,480195000.0,,480195000.0,9946001727.0,96.0,22.736,59294000.0,0.489,1.0,162942000.0,0.711,2121389000.0,61318000.0,5527178000.0,,0.0,5016000.0,5016000.0,0.0,4313465000.0,1050832000.0,3262633000.0,6918805727.0,-438815000.0,-900243000.0,7818000.0,390875000.0,0.0,402141000.0,-924964000.0,0.0,82729000.0,-101000.0,-53472000.0,-53472000.0,-53472000.0,-1380000.0,18000.0,-0.233,112388000.0,50554000.0,16833000.0,0.0,14.408,-49.959,-47.149,2066765000.0,0.0,57.05,8.859,8.862,44349000.0,-2357242000.0,229147000.0,229147000.0,0.0,,,,,3850000.0,17744000.0,1.0,121276174.0,121318000.0,121318000.0,1.889,2672271000.0,0.0,2453000.0,0.0,22.027,-747668000.0
37,SBAC,MRQ,2012-03-31,2012-03-31,2012-03-31,2021-08-06,1227000.0,4086629000.0,,604620000.0,3482009000.0,,2.329,-24852000.0,543030000.0,543030000.0,52193000.0,-22651000.0,5.307,14.744,3570226000.0,5000000.0,3565226000.0,3570226000.0,47809000.0,82100000.0,0.0,0.0,0.0,37935000.0,120035000.0,0.624,120035000.0,37935000.0,-21304000.0,-0.2,-0.2,-0.2,259572000.0,,259572000.0,8860528188.0,75.0,20.375,41188000.0,0.37,1.0,140297000.0,0.729,1644434000.0,59239000.0,5355458000.0,,0.0,5749000.0,5749000.0,0.0,3827057000.0,113933000.0,3713124000.0,5575625188.0,478238000.0,-51148000.0,289665000.0,198459000.0,0.0,488091000.0,-75890000.0,0.0,66040000.0,-3000.0,-22631000.0,-22631000.0,-22631000.0,0.0,-20000.0,-0.118,99664000.0,40633000.0,13123000.0,0.0,21.48,-48.553,-48.856,1575262000.0,0.0,50.81,7.713,7.832,40909000.0,-2303770000.0,192490000.0,192490000.0,0.0,,,,,3057000.0,17215000.0,1.0,109734800.0,111431000.0,111431000.0,1.727,2442195000.0,0.0,1327000.0,0.0,21.917,490687000.0
38,SBAC,MRQ,2011-12-31,2011-12-31,2011-12-31,2021-08-06,485000.0,3606399000.0,,129356000.0,3477043000.0,,-0.103,-30232000.0,69582000.0,69582000.0,50263000.0,-29169000.0,1.02,-319.784,3354485000.0,5000000.0,3349485000.0,3354485000.0,49779000.0,79441000.0,0.0,0.0,0.0,30062000.0,109503000.0,0.596,109503000.0,30062000.0,-28752000.0,-0.27,-0.27,-0.27,-11313000.0,,-11313000.0,7833223521.0,78.0,19.137,32399000.0,0.296,1.0,133556000.0,0.727,1639784000.0,58814000.0,5124637000.0,,0.0,5773000.0,5773000.0,0.0,3617712000.0,126881000.0,3490831000.0,4698054521.0,-131989000.0,-169965000.0,7550000.0,-1266000.0,0.0,5974000.0,-200638000.0,0.0,62631000.0,44000.0,-29081000.0,-29081000.0,-29081000.0,0.0,-88000.0,-0.158,99308000.0,34248000.0,12755000.0,0.0,-415.279,-37.152,-37.684,1583393000.0,0.0,42.96,6.729,6.867,39755000.0,-2281139000.0,183819000.0,183819000.0,0.0,,,,,2774000.0,15797000.0,1.0,109358811.0,109453000.0,109453000.0,1.679,1966615000.0,0.0,329000.0,0.0,17.968,2475000.0
39,SBAC,MRQ,2011-09-30,2011-09-30,2011-09-30,2021-08-06,-617000.0,3609138000.0,,260553000.0,3348585000.0,,0.057,-40969000.0,204032000.0,204032000.0,51847000.0,-33437000.0,1.961,571.97,3339201000.0,5000000.0,3334201000.0,3339201000.0,54966000.0,78136000.0,0.0,0.0,0.0,25482000.0,103618000.0,0.59,103618000.0,25482000.0,-32914000.0,-0.3,-0.3,-0.3,6299000.0,,6299000.0,6866557429.0,82.0,17.769,22569000.0,0.205,1.0,123702000.0,0.705,1550003000.0,58396000.0,5061410000.0,,0.0,5286000.0,5286000.0,0.0,3602839000.0,132894000.0,3469945000.0,3843900429.0,-98444000.0,-43311000.0,-73096000.0,-1291000.0,0.0,-75019000.0,-86669000.0,0.0,63538000.0,-294000.0,-33305000.0,-33305000.0,-33305000.0,0.0,-132000.0,-0.19,94657000.0,29045000.0,15973000.0,0.0,610.24,-28.153,-28.496,1560829000.0,0.0,34.48,5.654,5.591,34627000.0,-2252057000.0,175549000.0,175549000.0,0.0,,,,,2773000.0,15415000.0,1.0,111482031.0,110232000.0,110232000.0,1.593,2059135000.0,0.0,391000.0,0.0,18.68,127659000.0
40,SBAC,MRQ,2011-06-30,2011-06-30,2011-06-30,2021-08-06,2424000.0,3693009000.0,,352807000.0,3340202000.0,,1.005,-35600000.0,301705000.0,301705000.0,50107000.0,-29910000.0,2.73,31.704,3324362000.0,5000000.0,3319362000.0,3324362000.0,52533000.0,76691000.0,0.0,0.0,0.0,25024000.0,101715000.0,0.595,101715000.0,25024000.0,-29117000.0,-0.27,-0.27,-0.27,112921000.0,,112921000.0,7208324312.0,93.0,19.407,34101000.0,0.304,1.0,120946000.0,0.707,1551428000.0,54141000.0,5035007000.0,,0.0,2829000.0,2829000.0,0.0,3580088000.0,129231000.0,3450857000.0,4328538312.0,182645000.0,-75747000.0,-73608000.0,297617000.0,0.0,224691000.0,-111833000.0,-1686000.0,69701000.0,86000.0,-29819000.0,-29819000.0,-29819000.0,0.0,-91000.0,-0.174,92708000.0,28238000.0,15511000.0,0.0,38.332,-31.43,-31.562,1553942000.0,0.0,38.19,6.529,6.471,33634000.0,-2143774000.0,171053000.0,171053000.0,0.0,,,,,3141000.0,15721000.0,1.0,113342192.0,112324000.0,112324000.0,1.523,2141581000.0,0.0,702000.0,0.0,19.066,223576000.0
41,SBAC,MRQ,2011-03-31,2011-03-31,2011-03-31,2021-08-06,2359000.0,3466258000.0,,173387000.0,3292871000.0,,1.862,-20137000.0,125213000.0,125213000.0,50704000.0,-34376000.0,1.442,15.268,3004999000.0,0.0,3004999000.0,3004999000.0,59766000.0,74878000.0,0.0,0.0,0.0,19614000.0,94492000.0,0.563,94492000.0,19614000.0,-33560000.0,-0.3,-0.3,-0.3,213078000.0,,213078000.0,7293743578.0,345.0,23.733,33051000.0,0.289,1.0,117045000.0,0.698,1530599000.0,53174000.0,4695198000.0,,0.0,2332000.0,2332000.0,0.0,3253180000.0,120247000.0,3132933000.0,4560003578.0,30850000.0,-90297000.0,-70117000.0,157962000.0,0.0,86401000.0,-108748000.0,1686000.0,53188000.0,9000.0,-34251000.0,-34251000.0,-34251000.0,0.0,-125000.0,-0.204,90773000.0,26272000.0,13033000.0,0.0,21.401,-23.8,-23.904,1538293000.0,0.0,39.68,7.054,7.024,35239000.0,-2038939000.0,167749000.0,167749000.0,0.0,,,,,2781000.0,15895000.0,1.0,114919445.0,114416000.0,114416000.0,1.466,1935659000.0,0.0,691000.0,0.0,16.918,53140000.0
42,SBAC,MRQ,2010-12-31,2010-12-31,2010-12-31,2021-08-06,2175000.0,3400175000.0,,146727000.0,3253448000.0,,2.761,-18688000.0,93710000.0,93710000.0,51811000.0,-38581000.0,1.124,9.722,2827450000.0,0.0,2827450000.0,2827450000.0,61138000.0,72723000.0,0.0,0.0,0.0,13892000.0,86615000.0,0.523,86615000.0,13892000.0,-38966000.0,-0.34,-0.34,-0.34,317110000.0,,317110000.0,7301814086.0,447.0,24.748,39642000.0,0.345,1.0,113686000.0,0.687,1500012000.0,52858000.0,4503319000.0,,0.0,4016000.0,4016000.0,0.0,3083065000.0,130584000.0,2952481000.0,4706649086.0,-132982000.0,-156630000.0,-6698000.0,969409000.0,0.0,-15783000.0,-175548000.0,30146000.0,58330000.0,19000.0,-39161000.0,-39161000.0,-39161000.0,0.0,580000.0,-0.237,93563000.0,20123000.0,11847000.0,0.0,14.842,-24.177,-24.369,1534318000.0,0.0,40.94,7.511,7.552,36559000.0,-1929670000.0,165497000.0,165497000.0,0.0,,,,,2696000.0,14978000.0,1.0,114964560.0,114859000.0,114859000.0,1.441,1900163000.0,0.0,195000.0,0.0,16.543,16143000.0
43,SBAC,MRQ,2010-09-30,2010-09-30,2010-09-30,2021-08-06,1735000.0,3423936000.0,,278175000.0,3145761000.0,,3.236,-20467000.0,227354000.0,227354000.0,50601000.0,-34575000.0,1.793,8.22,2822519000.0,30076000.0,2792443000.0,2822519000.0,57373000.0,69727000.0,0.0,0.0,0.0,18888000.0,88615000.0,0.559,88615000.0,18888000.0,-33769000.0,-0.3,-0.3,-0.3,371313000.0,,371313000.0,7171172957.0,656.0,25.374,24208000.0,0.211,1.0,108041000.0,0.681,1437615000.0,52657000.0,4426333000.0,,0.0,3560000.0,3560000.0,0.0,3052009000.0,155153000.0,2896856000.0,4619765957.0,-30703000.0,-59445000.0,5733000.0,-460000.0,0.0,3074000.0,-78448000.0,1464000.0,44675000.0,-4000.0,-34488000.0,-34488000.0,-34488000.0,0.0,-87000.0,-0.217,84144000.0,23897000.0,15170000.0,0.0,12.442,-23.212,-23.567,1498165000.0,0.0,40.3,7.622,7.63,34238000.0,-1880167000.0,158642000.0,158642000.0,0.0,,,,,2453000.0,14417000.0,1.0,114634391.0,114748000.0,114748000.0,1.383,1986321000.0,0.0,719000.0,0.0,17.31,123022000.0
44,SBAC,MRQ,2010-06-30,2010-06-30,2010-06-30,2021-08-06,1305000.0,3433689000.0,,303099000.0,3130590000.0,,3.434,-15315000.0,256023000.0,256023000.0,49958000.0,-83854000.0,1.933,7.644,2807430000.0,29591000.0,2777839000.0,2807430000.0,56554000.0,68831000.0,0.0,0.0,0.0,-31226000.0,37605000.0,0.243,37605000.0,-31226000.0,-83717000.0,-0.72,-0.72,-0.72,397166000.0,,397166000.0,6335400579.0,-834.0,24.431,45402000.0,0.393,1.0,104557000.0,0.677,1433110000.0,52491000.0,4395169000.0,,0.0,4222000.0,4222000.0,0.0,3035865000.0,156817000.0,2879048000.0,3979423579.0,109665000.0,-81625000.0,-86472000.0,-979358000.0,0.0,147239000.0,-98291000.0,-1327000.0,60717000.0,0.0,-83699000.0,-83699000.0,-83699000.0,0.0,-155000.0,-0.542,83128000.0,21429000.0,10078000.0,0.0,10.02,-18.54,-18.484,1490542000.0,0.0,34.01,6.782,6.704,30867000.0,-1845679000.0,154515000.0,154515000.0,0.0,,,,,2780000.0,14297000.0,1.0,117007456.0,115666000.0,115666000.0,1.336,2000579000.0,0.0,-18000.0,0.0,17.296,146282000.0
45,SBAC,MRQ,2010-03-31,2010-03-31,2010-03-31,2021-08-06,-1805000.0,3270641000.0,,184514000.0,3086127000.0,,4.794,-12148000.0,145374000.0,145374000.0,47072000.0,-37411000.0,1.325,4.824,2501351000.0,29116000.0,2472235000.0,2501351000.0,49200000.0,67446000.0,0.0,0.0,0.0,14768000.0,82214000.0,0.556,82214000.0,14768000.0,-37217000.0,-0.32,-0.32,-0.32,561432000.0,,561432000.0,6543581492.0,176.0,21.852,25270000.0,0.216,1.0,100893000.0,0.682,1420547000.0,51985000.0,4066833000.0,,0.0,3560000.0,3560000.0,0.0,2708334000.0,139238000.0,2569096000.0,4246133492.0,-43043000.0,-30345000.0,-3856000.0,0.0,0.0,-7709000.0,-72752000.0,-30283000.0,37418000.0,0.0,-37326000.0,-37326000.0,-37326000.0,0.0,-85000.0,-0.252,81952000.0,18941000.0,10703000.0,0.0,7.563,-26.488,-26.328,1472668000.0,0.0,36.07,7.47,7.432,25802000.0,-1673606000.0,147965000.0,147965000.0,0.0,,,,,2572000.0,14506000.0,1.0,117719254.0,117118000.0,117118000.0,1.263,1850094000.0,0.0,109000.0,0.0,15.797,45276000.0
46,SBAC,MRQ,2009-12-31,2009-12-31,2009-12-31,2021-08-06,-2803000.0,3313646000.0,,236838000.0,3076808000.0,,5.123,-12547000.0,191602000.0,191602000.0,46844000.0,-43610000.0,1.492,4.53,2489050000.0,28648000.0,2460402000.0,2489050000.0,54013000.0,65687000.0,0.0,0.0,0.0,8499000.0,74186000.0,0.512,74186000.0,8499000.0,-43508000.0,-0.37,-0.37,-0.37,599034000.0,,599034000.0,6188955824.0,153.0,20.705,40224000.0,0.344,1.0,98136000.0,0.677,1435591000.0,52007000.0,4016778000.0,,0.0,5352000.0,5352000.0,0.0,2713697000.0,158725000.0,2554972000.0,3992913824.0,-124526000.0,-126179000.0,2357000.0,-799000.0,0.0,-36506000.0,-140777000.0,-2020000.0,52771000.0,-14000.0,-43510000.0,-43510000.0,-43510000.0,0.0,-100000.0,-0.3,83916000.0,14220000.0,9219000.0,0.0,6.666,-28.344,-28.467,1496938000.0,0.0,34.16,7.188,7.205,30036000.0,-1627602000.0,144980000.0,144980000.0,0.0,,,,,2327000.0,14345000.0,1.0,116888578.0,116925000.0,116925000.0,1.24,1878055000.0,0.0,2000.0,0.0,16.062,78113000.0
47,SBAC,MRQ,2009-09-30,2009-09-30,2009-09-30,2021-08-06,-3777000.0,3351603000.0,,354746000.0,2996857000.0,,5.467,-11979000.0,312377000.0,312377000.0,45288000.0,-50189000.0,3.105,4.254,2508419000.0,0.0,2508419000.0,2508419000.0,49804000.0,64946000.0,0.0,0.0,0.0,365000.0,65311000.0,0.469,65311000.0,365000.0,-50091000.0,-0.43,-0.43,-0.43,637950000.0,,637950000.0,5331905502.0,68.0,15.986,50376000.0,0.432,1.0,94001000.0,0.675,1385200000.0,50456000.0,4048191000.0,,0.0,6332000.0,6332000.0,0.0,2713653000.0,114254000.0,2599399000.0,3153309502.0,111614000.0,-25030000.0,1159000.0,574213000.0,0.0,88839000.0,-39580000.0,-2560000.0,62355000.0,0.0,-50109000.0,-50109000.0,-50109000.0,0.0,-80000.0,-0.36,78150000.0,15851000.0,10142000.0,0.0,4.943,-34.498,-35.566,1469067000.0,0.0,27.03,5.786,5.788,25811000.0,-1582372000.0,139289000.0,139289000.0,0.0,,,,,1922000.0,13204000.0,1.0,116659619.0,116686000.0,116686000.0,1.194,1966403000.0,0.0,18000.0,0.0,16.852,240492000.0
48,SBAC,MRQ,2009-06-30,2009-06-30,2009-06-30,2021-08-06,-1945000.0,3255511000.0,,246923000.0,3008588000.0,,5.869,-14057000.0,210991000.0,210991000.0,43872000.0,-29428000.0,2.546,3.738,2389587000.0,6000000.0,2383587000.0,2389587000.0,48113000.0,64251000.0,0.0,0.0,0.0,13485000.0,77736000.0,0.571,77736000.0,13485000.0,-29131000.0,-0.25,-0.25,-0.25,687127000.0,,687127000.0,5084495750.0,58.0,15.391,44105000.0,0.377,1.0,92323000.0,0.678,1399967000.0,42616000.0,3937169000.0,,0.0,3770000.0,3770000.0,0.0,2568384000.0,96971000.0,2471413000.0,2856778750.0,84445000.0,-25470000.0,48935000.0,201586000.0,0.0,69530000.0,-43247000.0,-3604000.0,58162000.0,0.0,-29360000.0,-29360000.0,-29360000.0,0.0,-68000.0,-0.216,77415000.0,14908000.0,9669000.0,0.0,4.158,-41.436,-41.593,1478308000.0,0.0,24.54,5.448,5.48,23354000.0,-1532263000.0,136195000.0,136195000.0,0.0,,,,,2325000.0,13164000.0,1.0,116413152.0,117079000.0,117079000.0,1.163,1855544000.0,0.0,229000.0,0.0,15.849,149952000.0
49,SBAC,MRQ,2009-03-31,2009-03-31,2009-03-31,2021-08-06,-1799000.0,3172020000.0,,160735000.0,3011285000.0,,5.51,-7552000.0,126352000.0,126352000.0,44538000.0,-17890000.0,1.751,3.879,2354069000.0,6000000.0,2348069000.0,2354069000.0,46185000.0,63653000.0,0.0,0.0,0.0,18023000.0,81676000.0,0.605,81676000.0,18023000.0,-17648000.0,-0.15,-0.15,-0.15,650149000.0,,650149000.0,5193136386.0,64.0,16.803,41732000.0,0.354,1.0,90512000.0,0.67,1405389000.0,35671000.0,3902545000.0,,0.0,164000.0,164000.0,0.0,2521871000.0,91803000.0,2430068000.0,2755931386.0,10928000.0,-4119000.0,1365000.0,-29111000.0,0.0,-32885000.0,-5471000.0,0.0,49284000.0,0.0,-17890000.0,-17890000.0,-17890000.0,0.0,0.0,-0.132,75728000.0,14784000.0,10068000.0,0.0,4.239,-41.866,-40.172,1482953000.0,0.0,23.3,5.511,5.497,25280000.0,-1452921000.0,135050000.0,135050000.0,0.0,,,,,1626000.0,12075000.0,1.0,118280317.0,117984000.0,117984000.0,1.145,1766631000.0,0.0,242000.0,0.0,14.973,68932000.0
50,SBAC,MRQ,2008-12-31,2008-12-31,2008-12-31,2021-08-06,-1549000.0,3207829000.0,,154315000.0,3053514000.0,,5.582,-9438000.0,117455000.0,117455000.0,46561000.0,5953000.0,1.703,3.931,2392230000.0,6000000.0,2386230000.0,2392230000.0,45306000.0,62114000.0,0.0,0.0,0.0,46705000.0,108819000.0,0.809,108819000.0,46705000.0,6298000.0,0.07,0.07,0.07,650510000.0,,650510000.0,4253765044.0,59.0,14.98,30149000.0,0.259,1.0,87868000.0,0.654,1425132000.0,40407000.0,3966878000.0,,0.0,162000.0,162000.0,0.0,2557319000.0,90594000.0,2466725000.0,1902742044.0,-360299000.0,-242083000.0,556000.0,-98382000.0,0.0,-148392000.0,-251494000.0,144000.0,39587000.0,0.0,5953000.0,5953000.0,5953000.0,0.0,0.0,0.044,76297000.0,11571000.0,8963000.0,0.0,2.925,-28.33,-26.754,1502672000.0,0.0,16.32,4.006,3.776,27009000.0,-1435031000.0,134429000.0,134429000.0,0.0,,,,,1580000.0,13262000.0,1.0,116589586.0,116545000.0,116545000.0,1.153,1782697000.0,0.0,345000.0,0.0,15.296,63721000.0
51,SBAC,MRQ,2008-09-30,2008-09-30,2008-09-30,2021-08-06,-1699000.0,3387848000.0,,514446000.0,2873402000.0,,3.607,-9935000.0,476425000.0,476425000.0,42008000.0,-27648000.0,5.102,7.748,2827448000.0,5500000.0,2821948000.0,2827448000.0,44009000.0,52725000.0,0.0,0.0,0.0,9400000.0,62125000.0,0.524,62125000.0,9400000.0,-27224000.0,-0.26,-0.26,-0.26,387290000.0,,387290000.0,4955489191.0,241.0,23.128,44063000.0,0.41,1.0,76648000.0,0.646,1298343000.0,36624000.0,4339701000.0,,0.0,161000.0,161000.0,0.0,3000558000.0,100827000.0,2899731000.0,2743012191.0,231885000.0,-35922000.0,1123000.0,224760000.0,0.0,223839000.0,-45952000.0,0.0,53998000.0,0.0,-27648000.0,-27648000.0,-27648000.0,0.0,0.0,-0.233,65144000.0,11504000.0,10355000.0,0.0,7.083,-23.73,-23.954,1435987000.0,0.0,25.87,6.103,6.181,26961000.0,-1403719000.0,118656000.0,118656000.0,0.0,,,,,1615000.0,12419000.0,1.0,106030622.0,107384000.0,107384000.0,1.105,2089505000.0,0.0,424000.0,0.0,19.458,413619000.0
52,SBAC,MRQ,2008-06-30,2008-06-30,2008-06-30,2021-08-06,-1560000.0,2733109000.0,,292325000.0,2440784000.0,,1.213,-8400000.0,242523000.0,242523000.0,39361000.0,-26243000.0,3.932,20.03,2455000000.0,0.0,2455000000.0,2455000000.0,39723000.0,49253000.0,0.0,0.0,0.0,7183000.0,56436000.0,0.504,56436000.0,7183000.0,-26053000.0,-0.24,-0.24,-0.24,129965000.0,,129965000.0,5695180416.0,328.0,28.298,36966000.0,0.345,1.0,72591000.0,0.648,996591000.0,33236000.0,3874656000.0,,0.0,9254000.0,9254000.0,0.0,2603144000.0,74339000.0,2528805000.0,3912902416.0,80287000.0,-256111000.0,-60694000.0,497503000.0,0.0,299583000.0,-264662000.0,0.0,45366000.0,0.0,-26243000.0,-26243000.0,-26243000.0,0.0,0.0,-0.234,61801000.0,10790000.0,10142000.0,0.0,30.107,-37.097,-36.374,1316767000.0,0.0,36.01,9.016,8.889,30720000.0,-1387296000.0,111952000.0,111952000.0,0.0,,,,,2477000.0,12548000.0,1.0,108661550.0,107131000.0,107131000.0,1.045,1736518000.0,0.0,190000.0,0.0,16.209,217986000.0
53,SBAC,MRQ,2008-03-31,2008-03-31,2008-03-31,2021-08-06,-1420000.0,2406902000.0,,219535000.0,2187367000.0,,3.004,-8342000.0,162722000.0,162722000.0,40235000.0,-19226000.0,3.189,6.386,1945000000.0,0.0,1945000000.0,1945000000.0,37288000.0,47353000.0,0.0,0.0,0.0,9222000.0,56575000.0,0.515,56575000.0,9222000.0,-19148000.0,-0.18,-0.18,-0.18,325887000.0,,325887000.0,5032903556.0,274.0,25.852,26403000.0,0.243,1.0,69682000.0,0.634,876096000.0,28370000.0,3244249000.0,,0.0,11787000.0,11787000.0,0.0,2081015000.0,68835000.0,2012180000.0,3235776556.0,56711000.0,-50382000.0,1701000.0,40000000.0,0.0,40407000.0,-18441000.0,40900000.0,34745000.0,0.0,-19226000.0,-19226000.0,-19226000.0,0.0,0.0,-0.175,57844000.0,11838000.0,10641000.0,0.0,9.929,-34.311,-33.144,1197094000.0,0.0,29.83,7.662,7.662,36952000.0,-1248941000.0,109917000.0,109917000.0,0.0,,,,,1535000.0,10491000.0,1.0,108473904.0,108469000.0,108469000.0,1.013,1530806000.0,0.0,78000.0,0.0,14.113,150700000.0
54,SBAC,MRQ,2007-12-31,2007-12-31,2007-12-31,2021-08-06,-1280000.0,2384323000.0,,213212000.0,2171111000.0,,3.184,-7716000.0,107873000.0,107873000.0,42985000.0,-42474000.0,2.799,6.067,1905000000.0,0.0,1905000000.0,1905000000.0,38752000.0,44340000.0,0.0,0.0,0.0,-5212000.0,39128000.0,0.359,39128000.0,-5212000.0,-42341000.0,-0.4,-0.4,-0.4,337391000.0,,337391000.0,5400290142.0,341.0,29.176,33054000.0,0.312,1.0,65918000.0,0.605,868999000.0,37129000.0,3236281000.0,,0.0,55142000.0,55142000.0,0.0,2046932000.0,76170000.0,1970762000.0,3571316142.0,26911000.0,-51724000.0,1071000.0,-55000.0,0.0,-3900000.0,-9959000.0,51559000.0,40770000.0,0.0,-42474000.0,-42474000.0,-42474000.0,0.0,0.0,-0.39,56213000.0,9705000.0,11357000.0,0.0,10.585,-39.042,-38.897,1191969000.0,0.0,33.84,8.749,8.683,41636000.0,-1234307000.0,108903000.0,108903000.0,0.0,,,,,1428000.0,11873000.0,1.0,105535347.0,105973000.0,105973000.0,1.028,1515324000.0,0.0,133000.0,0.0,14.299,137042000.0
55,SBAC,MRQ,2007-09-30,2007-09-30,2007-09-30,2021-08-06,-1090000.0,2301297000.0,,249352000.0,2051945000.0,,2.64,-6704000.0,76026000.0,76026000.0,43652000.0,-17534000.0,3.962,7.367,1905000000.0,0.0,1905000000.0,1905000000.0,30900000.0,42949000.0,0.0,0.0,0.0,6172000.0,49121000.0,0.476,49121000.0,6172000.0,-16992000.0,-0.17,-0.17,-0.17,275043000.0,,275043000.0,5442987383.0,245.0,29.1,22180000.0,0.213,1.0,59549000.0,0.577,788767000.0,23164000.0,3278561000.0,,0.0,121237000.0,121237000.0,0.0,2026254000.0,62943000.0,1963311000.0,3665282383.0,-54173000.0,-54017000.0,936000.0,-8000.0,0.0,-1981000.0,-81076000.0,-20355000.0,28884000.0,0.0,-17534000.0,-17534000.0,-17534000.0,0.0,0.0,-0.17,54238000.0,5311000.0,8381000.0,0.0,13.326,-50.028,-50.4,1159703000.0,0.0,35.28,9.255,9.281,42692000.0,-1205428000.0,103201000.0,103201000.0,0.0,,,,,1595000.0,11289000.0,1.0,103891224.0,104188000.0,104188000.0,0.991,1512530000.0,0.0,542000.0,0.0,14.517,186409000.0
56,SBAC,MRQ,2007-06-30,2007-06-30,2007-06-30,2021-08-06,-949000.0,2253504000.0,,276985000.0,1976519000.0,,2.277,-7474000.0,127295000.0,127295000.0,39250000.0,-15072000.0,4.731,8.595,1905000000.0,0.0,1905000000.0,1905000000.0,28511000.0,41650000.0,0.0,0.0,0.0,8205000.0,49855000.0,0.497,49855000.0,8205000.0,-14971000.0,-0.15,-0.15,-0.15,234871000.0,,234871000.0,5105336481.0,268.0,28.383,19258000.0,0.187,1.0,61039000.0,0.609,754412000.0,23176000.0,3218254000.0,,0.0,101295000.0,101295000.0,0.0,2018633000.0,58543000.0,1960090000.0,3452940481.0,-121950000.0,-43921000.0,3364000.0,-610000.0,0.0,4360000.0,-153042000.0,-101647000.0,26732000.0,0.0,-15072000.0,-15072000.0,-15072000.0,0.0,0.0,-0.15,53228000.0,7811000.0,7385000.0,0.0,14.701,-43.123,-43.623,1119582000.0,0.0,33.59,8.831,8.862,39144000.0,-1187894000.0,100289000.0,100289000.0,0.0,,,,,2172000.0,11578000.0,1.0,102796680.0,103160000.0,103160000.0,0.972,1499092000.0,0.0,101000.0,0.0,14.532,218442000.0
57,SBAC,MRQ,2007-03-31,2007-03-31,2007-03-31,2021-08-06,-808000.0,2246184000.0,,294728000.0,1951456000.0,,2.199,-5746000.0,252604000.0,252604000.0,37466000.0,-16394000.0,5.299,8.666,1905000000.0,0.0,1905000000.0,1905000000.0,28327000.0,40293000.0,0.0,0.0,0.0,6694000.0,46987000.0,0.49,46987000.0,6694000.0,-16302000.0,-0.16,-0.16,-0.16,232390000.0,,232390000.0,4603625329.0,-108.0,42.083,20802000.0,0.197,1.0,58342000.0,0.609,738566000.0,22996000.0,3104398000.0,,0.0,0.0,0.0,0.0,2013794000.0,55616000.0,1958178000.0,3129176329.0,173336000.0,-51804000.0,-61596000.0,342125000.0,0.0,204595000.0,-57807000.0,-257000.0,26548000.0,0.0,-16394000.0,-16394000.0,-16394000.0,0.0,0.0,-0.171,51117000.0,7225000.0,7676000.0,0.0,13.465,-22.25,-21.259,1114510000.0,0.0,29.55,8.276,8.258,35748000.0,-1172822000.0,95808000.0,95808000.0,0.0,,,,,1417000.0,10824000.0,1.0,105894292.0,105666000.0,105666000.0,0.907,1507618000.0,0.0,92000.0,0.0,14.268,239112000.0
58,SBAC,MRQ,2006-12-31,2006-12-31,2006-12-31,2021-08-06,-666000.0,2046292000.0,,127607000.0,1918685000.0,,3.675,-9393000.0,80551000.0,80551000.0,39993000.0,-24265000.0,2.187,4.302,1555000000.0,0.0,1555000000.0,1555000000.0,25720000.0,39893000.0,0.0,0.0,0.0,1188000.0,41081000.0,0.425,41081000.0,1188000.0,-24312000.0,-0.22,-0.22,-0.22,385921000.0,,385921000.0,4330840992.0,-97.0,49.055,26065000.0,0.248,1.0,56757000.0,0.587,724872000.0,25500000.0,2737515000.0,,0.0,0.0,0.0,0.0,1660371000.0,58354000.0,1602017000.0,2877762992.0,5733000.0,-15903000.0,5770000.0,-1100157000.0,0.0,-4286000.0,-25439000.0,-143000.0,35458000.0,0.0,-24265000.0,-24265000.0,-24265000.0,0.0,0.0,-0.251,50703000.0,6054000.0,9746000.0,0.0,7.457,-21.565,-20.221,1105942000.0,0.0,27.5,8.196,7.691,40184000.0,-1065224000.0,96750000.0,96750000.0,0.0,,,,,1186000.0,10810000.0,1.0,104645927.0,105006000.0,105006000.0,0.921,1321420000.0,0.0,-47000.0,0.0,12.584,69253000.0
59,SBAC,MRQ,2006-09-30,2006-09-30,2006-09-30,2021-08-06,-1552000.0,2002129000.0,,103399000.0,1898730000.0,,3.74,-6765000.0,51922000.0,51922000.0,42154000.0,-24341000.0,1.58,4.161,1505000000.0,0.0,1505000000.0,1505000000.0,18563000.0,39014000.0,0.0,0.0,0.0,2938000.0,41952000.0,0.427,41952000.0,2938000.0,-24147000.0,-0.24,-0.24,-0.24,387965000.0,,387965000.0,3954267345.0,-64.0,73.705,6284000.0,0.061,1.0,56018000.0,0.571,724016000.0,27085000.0,2665741000.0,,0.0,0.0,0.0,0.0,1614164000.0,65450000.0,1548714000.0,2524359345.0,-21181000.0,-30327000.0,1054000.0,-33000.0,0.0,3013000.0,-37243000.0,-151000.0,13049000.0,0.0,-24341000.0,-24341000.0,-24341000.0,0.0,0.0,-0.248,49702000.0,6316000.0,10948000.0,0.0,6.507,-17.842,-16.113,1106702000.0,0.0,24.33,7.725,7.724,44106000.0,-1040959000.0,98172000.0,98172000.0,0.0,,,,,1646000.0,11044000.0,1.0,103755008.0,103733000.0,103733000.0,0.946,1278113000.0,0.0,194000.0,0.0,12.321,37949000.0
60,SBAC,MRQ,2006-06-30,2006-06-30,2006-06-30,2021-08-06,23273000.0,2008882000.0,,137120000.0,1871762000.0,,4.125,-7000000.0,75092000.0,75092000.0,40176000.0,-75638000.0,0.118,3.963,1505000000.0,1100000000.0,405000000.0,1505000000.0,21199000.0,32886000.0,0.0,0.0,0.0,-53512000.0,-20626000.0,-0.236,-20626000.0,-53512000.0,-75441000.0,-0.77,-0.77,-0.77,404786000.0,,404786000.0,3411358190.0,-55.0,95.989,3011000.0,0.031,1.0,47200000.0,0.54,713435000.0,21929000.0,1567673000.0,,0.0,0.0,0.0,0.0,1604096000.0,1157682000.0,446414000.0,2692865190.0,1722000.0,-655758000.0,2297000.0,655558000.0,0.0,656857000.0,-665146000.0,-2388000.0,10011000.0,0.0,-75638000.0,-75638000.0,-75638000.0,0.0,0.0,-0.866,44380000.0,2820000.0,13599000.0,0.0,6.653,-20.465,-17.904,1089634000.0,0.0,26.14,9.14,8.707,44398000.0,-1008909000.0,87376000.0,87376000.0,0.0,,,,,1496000.0,11495000.0,1.0,103017031.0,98138000.0,98138000.0,0.89,1295447000.0,0.0,197000.0,0.0,13.2,-1020562000.0
61,SBAC,MRQ,2006-03-31,2006-03-31,2006-03-31,2021-08-06,15844000.0,950122000.0,,118665000.0,831457000.0,,0.888,-5546000.0,71164000.0,71164000.0,34263000.0,-9205000.0,2.448,11.487,789657000.0,0.0,789657000.0,789657000.0,14434000.0,21295000.0,0.0,0.0,0.0,4582000.0,25877000.0,0.376,25877000.0,4582000.0,-9032000.0,-0.11,-0.11,-0.11,76091000.0,,76091000.0,2726087422.0,-159.0,39.104,9666000.0,0.113,1.0,34541000.0,0.502,37585000.0,13614000.0,1582562000.0,,0.0,0.0,0.0,0.0,874031000.0,48468000.0,825563000.0,2007141422.0,13940000.0,-24249000.0,1370000.0,0.0,0.0,9253000.0,-10525000.0,19270000.0,15212000.0,0.0,-9205000.0,-9205000.0,-9205000.0,0.0,0.0,-0.134,30223000.0,4318000.0,13502000.0,0.0,26.378,-24.417,-21.879,732459000.0,0.0,23.41,7.42,7.416,41342000.0,-933271000.0,68804000.0,68804000.0,0.0,,,,,1082000.0,8928000.0,1.0,85738634.0,85694000.0,85694000.0,0.803,912537000.0,0.0,173000.0,0.0,10.649,70197000.0
62,SBAC,MRQ,2005-12-31,2005-12-31,2005-12-31,2021-08-06,14460000.0,952536000.0,,132188000.0,820348000.0,,0.957,-6045000.0,65446000.0,65446000.0,38974000.0,-32297000.0,2.535,10.697,784392000.0,0.0,784392000.0,784392000.0,13531000.0,22258000.0,0.0,0.0,0.0,-15811000.0,6447000.0,0.089,6447000.0,-15811000.0,-31124000.0,-0.39,-0.39,-0.39,81431000.0,,81431000.0,2349403781.0,-91.0,38.29,7579000.0,0.089,1.0,33445000.0,0.462,31491000.0,15313000.0,1587848000.0,,0.0,19777000.0,19777000.0,0.0,871105000.0,52143000.0,818962000.0,1527173781.0,22457000.0,-22511000.0,156166000.0,-486020000.0,0.0,57149000.0,-48316000.0,-19644000.0,13624000.0,0.0,-32297000.0,-32297000.0,-32297000.0,15000.0,0.0,-0.446,29559000.0,3886000.0,17283000.0,0.0,18.754,-16.125,-13.984,728333000.0,0.0,17.9,5.874,5.083,42717000.0,-924066000.0,72419000.0,72419000.0,0.0,,,,,139000.0,7141000.0,1.0,85316971.0,85112000.0,85112000.0,0.851,921045000.0,0.0,1173000.0,0.0,10.822,80045000.0
63,SBAC,MRQ,2005-09-30,2005-09-30,2005-09-30,2021-08-06,8483000.0,885929000.0,,78969000.0,806960000.0,,-0.627,-5988000.0,25031000.0,25031000.0,35005000.0,-14444000.0,1.452,-19.983,847261000.0,3250000.0,844011000.0,847261000.0,12969000.0,21673000.0,0.0,0.0,0.0,2168000.0,23841000.0,0.361,23841000.0,2168000.0,-14090000.0,-0.19,-0.19,-0.19,-46669000.0,,-46669000.0,1954803905.0,-57.0,36.726,12391000.0,0.166,1.0,31016000.0,0.47,25982000.0,16258000.0,1627793000.0,,0.0,0.0,0.0,0.0,932598000.0,54384000.0,878214000.0,1147917905.0,2355000.0,-22803000.0,-62000.0,11107000.0,0.0,12348000.0,-28372000.0,303000.0,18379000.0,0.0,-14444000.0,-14444000.0,-14444000.0,-3000.0,0.0,-0.219,28413000.0,2603000.0,15097000.0,0.0,-24.597,-11.011,-9.891,724831000.0,0.0,15.43,4.535,4.541,41245000.0,-891769000.0,66021000.0,66021000.0,0.0,,,,,108000.0,6725000.0,1.0,74395198.0,74487000.0,74487000.0,0.886,859947000.0,0.0,354000.0,0.0,11.545,24585000.0
64,SBAC,MRQ,2005-06-30,2005-06-30,2005-06-30,2021-08-06,204000.0,857137000.0,,66039000.0,791098000.0,,-0.71,-3720000.0,23160000.0,23160000.0,34679000.0,-26255000.0,1.405,-18.173,830046000.0,3250000.0,826796000.0,830046000.0,11553000.0,21644000.0,0.0,0.0,0.0,-8096000.0,13548000.0,0.214,13548000.0,-8096000.0,-25924000.0,-0.38,-0.38,-0.38,-49913000.0,,-49913000.0,1748465379.0,-39.0,40.492,-1954000.0,-0.028,1.0,28569000.0,0.452,865000.0,17828000.0,1616157000.0,,0.0,0.0,0.0,0.0,907050000.0,47001000.0,860049000.0,887165379.0,2105000.0,-5806000.0,75439000.0,-66990000.0,0.0,9934000.0,-9595000.0,-69000.0,1766000.0,0.0,-26255000.0,-26255000.0,-26255000.0,-121000.0,0.0,-0.415,28798000.0,-229000.0,13499000.0,0.0,-17.774,-7.571,-7.337,735642000.0,0.0,13.5,3.609,3.862,37968000.0,-877325000.0,63248000.0,63248000.0,0.0,,,,,100000.0,7112000.0,1.0,65715954.0,70330000.0,70330000.0,0.899,856272000.0,0.0,331000.0,0.0,12.175,19038000.0
65,SBAC,MRQ,2005-03-31,2005-03-31,2005-03-31,2021-08-06,0.0,854036000.0,,56611000.0,797425000.0,,-1.598,-2560000.0,21041000.0,21041000.0,31294000.0,-21713000.0,1.196,-9.188,882341000.0,3250000.0,879091000.0,882341000.0,11072000.0,21643000.0,0.0,0.0,0.0,-4121000.0,17522000.0,0.301,17522000.0,-4121000.0,-21467000.0,-0.33,-0.33,-0.33,-104303000.0,,-104303000.0,1453608539.0,-32.0,32.787,13438000.0,0.206,1.0,27010000.0,0.463,1108000.0,17346000.0,1666892000.0,,0.0,0.0,0.0,0.0,958339000.0,47336000.0,911003000.0,597546539.0,-50610000.0,-10206000.0,0.0,-53886000.0,0.0,-53608000.0,-13000000.0,-234000.0,15998000.0,0.0,-21713000.0,-21713000.0,-21713000.0,170000.0,0.0,-0.372,29074000.0,-2064000.0,11260000.0,0.0,-5.729,-5.083,-4.736,742827000.0,0.0,9.14,2.501,2.496,31085000.0,-851070000.0,58304000.0,58304000.0,0.0,,,,,115000.0,7200000.0,1.0,65377083.0,65260000.0,65260000.0,0.893,852928000.0,0.0,246000.0,0.0,13.07,9275000.0
66,SBAC,MRQ,2004-12-31,2004-12-31,2004-12-31,2021-08-06,0.0,917244000.0,,116172000.0,801072000.0,,-1.393,-2210000.0,71644000.0,71644000.0,37385000.0,-41836000.0,2.278,-11.344,927706000.0,3250000.0,924456000.0,927706000.0,12445000.0,22447000.0,0.0,0.0,0.0,-24131000.0,-1684000.0,-0.026,-1684000.0,-24131000.0,-41822000.0,-0.66,-0.66,-0.66,-88671000.0,,-88671000.0,1456144127.0,-21.0,74.594,-2055000.0,-0.032,1.0,28148000.0,0.43,1365000.0,17691000.0,1720938000.0,,0.0,0.0,0.0,0.0,1005915000.0,51003000.0,954912000.0,595468127.0,48631000.0,-911000.0,2126000.0,45092000.0,0.0,47111000.0,1365000.0,0.0,155000.0,0.0,-41836000.0,-41836000.0,-41836000.0,320000.0,0.0,-0.638,35085000.0,-6937000.0,15204000.0,0.0,-6.715,-4.043,-3.683,745831000.0,0.0,9.28,2.572,2.342,40191000.0,-829357000.0,65533000.0,65533000.0,0.0,,,,,114000.0,7235000.0,1.0,64166824.0,63661000.0,63661000.0,1.029,915879000.0,0.0,14000.0,0.0,14.387,65169000.0
67,SBAC,MRQ,2004-09-30,2004-09-30,2004-09-30,2021-08-06,0.0,915485000.0,,64873000.0,850612000.0,,-0.475,-928000.0,27350000.0,27350000.0,32040000.0,-27372000.0,1.204,-34.324,888026000.0,3251000.0,884775000.0,888026000.0,13778000.0,22641000.0,0.0,0.0,0.0,-8846000.0,13795000.0,0.235,13795000.0,-8846000.0,-27138000.0,-0.47,-0.47,-0.47,-27472000.0,,-27472000.0,1263432137.0,-16.0,44.572,-1898000.0,-0.033,1.0,26703000.0,0.455,1626000.0,18292000.0,1720640000.0,,0.0,0.0,0.0,0.0,942957000.0,53895000.0,889062000.0,398766137.0,-832000.0,-479000.0,0.0,1584000.0,0.0,1595000.0,-1457000.0,0.0,-970000.0,0.0,-27372000.0,-27372000.0,-27372000.0,2542000.0,0.0,-0.466,30106000.0,-3403000.0,12805000.0,0.0,-14.515,-2.499,-2.439,798202000.0,0.0,7.0,1.834,1.86,31934000.0,-731811000.0,58743000.0,58743000.0,0.0,,,,,115000.0,7374000.0,1.0,56966591.0,57776000.0,57776000.0,1.017,913859000.0,0.0,234000.0,0.0,15.817,10978000.0
68,SBAC,MRQ,2004-06-30,2004-06-30,2004-06-30,2021-08-06,0.0,934460000.0,,64991000.0,869469000.0,,-0.333,-984000.0,28161000.0,28161000.0,31242000.0,-26647000.0,1.089,-50.273,892827000.0,3254000.0,889573000.0,892827000.0,11811000.0,22646000.0,0.0,0.0,0.0,-7944000.0,14702000.0,0.261,14702000.0,-7944000.0,-26417000.0,-0.47,-0.47,-0.47,-18965000.0,,-18965000.0,1123095535.0,-17.0,28.605,11562000.0,0.203,1.0,25105000.0,0.446,1888000.0,18473000.0,1737578000.0,,0.0,0.0,0.0,0.0,953425000.0,59660000.0,893765000.0,251561535.0,2664000.0,-362000.0,0.0,-13061000.0,0.0,-12966000.0,3084000.0,0.0,12546000.0,0.0,-26647000.0,-26647000.0,-26647000.0,470000.0,0.0,-0.473,31315000.0,-6210000.0,12535000.0,0.0,-13.265,-1.656,-1.601,816545000.0,0.0,4.45,1.22,1.228,29785000.0,-707802000.0,56347000.0,56347000.0,0.0,,,,,126000.0,7096000.0,1.0,56530682.0,56933000.0,56933000.0,0.99,932572000.0,0.0,230000.0,0.0,16.38,5331000.0
69,SBAC,MRQ,2004-03-31,2004-03-31,2004-03-31,2021-08-06,0.0,954222000.0,,62689000.0,891533000.0,,0.044,-1596000.0,29514000.0,29514000.0,28014000.0,-51425000.0,1.272,385.951,901048000.0,2458000.0,898590000.0,901048000.0,10904000.0,22815000.0,0.0,0.0,0.0,-30107000.0,-7292000.0,-0.143,-7292000.0,-30107000.0,-51192000.0,-0.92,-0.92,-0.92,2466000.0,,2466000.0,1069422763.0,-11.0,834.834,889000.0,0.016,1.0,22845000.0,0.449,2155000.0,21085000.0,1774322000.0,,0.0,0.0,0.0,0.0,951756000.0,49279000.0,902477000.0,217346763.0,10826000.0,-39000.0,0.0,10006000.0,0.0,10007000.0,-1666000.0,0.0,2485000.0,0.0,-51425000.0,-51425000.0,-51425000.0,-75000.0,0.0,-1.011,30176000.0,-7331000.0,10965000.0,0.0,88.137,-1.127,-1.069,837005000.0,0.0,3.88,1.11,1.103,28042000.0,-684556000.0,50859000.0,50859000.0,0.0,,,,,115000.0,7181000.0,1.0,56017207.0,55684000.0,55684000.0,0.913,952067000.0,0.0,233000.0,0.0,17.098,13410000.0
70,SBAC,MRQ,2003-12-31,2003-12-31,2003-12-31,2021-08-06,0.0,958252000.0,,70265000.0,887987000.0,,-0.029,1076000.0,18682000.0,18682000.0,32769000.0,-54145000.0,0.925,-612.911,870758000.0,11538000.0,859220000.0,870758000.0,12816000.0,38534000.0,0.0,0.0,0.0,-31393000.0,7141000.0,0.139,7141000.0,-31393000.0,-53784000.0,-1.01,-1.01,-1.01,-1566000.0,,-1566000.0,1025436051.0,-12.0,53.325,-8436000.0,-0.156,1.0,18666000.0,0.363,2408000.0,22391000.0,1731973000.0,,0.0,15200000.0,15200000.0,0.0,959818000.0,75947000.0,883871000.0,203098051.0,-26947000.0,-377000.0,31000.0,-31153000.0,0.0,-31162000.0,13727000.0,0.0,-9512000.0,0.0,-54145000.0,-54145000.0,-54145000.0,-10080000.0,0.0,-1.053,40329000.0,-21663000.0,11352000.0,0.0,-129.692,-1.16,-1.119,830145000.0,0.0,3.76,1.057,1.022,29641000.0,-682077000.0,51435000.0,51435000.0,0.0,,,,,136000.0,7722000.0,1.0,54015439.0,54145000.0,54145000.0,0.95,955844000.0,0.0,361000.0,0.0,17.653,-5682000.0
71,SBAC,MRQ,2003-09-30,2003-09-30,2003-09-30,2021-08-06,0.0,1036687000.0,,100965000.0,935722000.0,,1.745,42818000.0,58302000.0,58302000.0,25132000.0,-19666000.0,1.369,10.337,880640000.0,13042000.0,867598000.0,880640000.0,11867000.0,21000000.0,0.0,0.0,0.0,3711000.0,24711000.0,0.519,24711000.0,3711000.0,-19233000.0,-0.38,-0.38,-0.38,91440000.0,,91440000.0,1010780071.0,-13.0,63.36,16956000.0,0.324,1.0,22462000.0,0.472,2709000.0,22944000.0,1782571000.0,,0.0,0.0,0.0,0.0,945247000.0,73745000.0,871502000.0,161142071.0,13245000.0,-219000.0,0.0,-3982000.0,0.0,-4900000.0,44007000.0,0.0,-25862000.0,0.0,-19666000.0,-19666000.0,-19666000.0,-12689000.0,0.0,-0.413,29784000.0,-7322000.0,13360000.0,0.0,1.762,-0.951,-0.955,878985000.0,0.0,3.15,0.91,0.932,29110000.0,-585466000.0,47594000.0,47594000.0,0.0,,,,,210000.0,7777000.0,1.0,51156213.0,52394000.0,52394000.0,0.908,1033978000.0,0.0,433000.0,0.0,19.735,27220000.0
72,SBAC,MRQ,2003-06-30,2003-06-30,2003-06-30,2021-08-06,0.0,1082967000.0,,126218000.0,956749000.0,,2.008,139553000.0,45050000.0,45050000.0,23578000.0,-67582000.0,1.434,9.549,894688000.0,6558000.0,888130000.0,894688000.0,14169000.0,20632000.0,0.0,0.0,0.0,-43911000.0,-23279000.0,-0.506,-23279000.0,-43911000.0,-67147000.0,-1.32,-1.32,-1.32,102661000.0,,102661000.0,1135215536.0,-12.0,343.277,149940000.0,2.932,1.0,22399000.0,0.487,3019000.0,23236000.0,1841592000.0,,0.0,0.0,0.0,0.0,980306000.0,87994000.0,892312000.0,153904536.0,-25817000.0,-227000.0,0.0,-142384000.0,0.0,-142362000.0,106158000.0,0.0,10387000.0,0.0,-67582000.0,-67582000.0,-67582000.0,22182000.0,0.0,-1.47,38103000.0,-15704000.0,11524000.0,0.0,1.499,-0.848,-0.85,896619000.0,0.0,3.01,0.809,0.809,33493000.0,-565800000.0,45977000.0,45977000.0,0.0,,,,,217000.0,6826000.0,1.0,51131075.0,51133000.0,51133000.0,0.899,1079948000.0,0.0,435000.0,0.0,21.12,38224000.0
73,SBAC,MRQ,2003-03-31,2003-03-31,2003-03-31,2021-08-06,0.0,1264624000.0,,92403000.0,1172221000.0,,2.973,-6133000.0,47857000.0,47857000.0,29419000.0,-33755000.0,0.77,7.321,1029168000.0,60066000.0,969102000.0,1029168000.0,18327000.0,21705000.0,0.0,0.0,0.0,-11048000.0,10657000.0,0.206,10657000.0,-11048000.0,-33255000.0,-0.66,-0.66,-0.66,151987000.0,,151987000.0,1030626842.0,-15.0,50.213,-10954000.0,-0.214,1.0,22277000.0,0.431,3874000.0,22207000.0,2122010000.0,,0.0,0.0,0.0,0.0,1112637000.0,120051000.0,992586000.0,67485842.0,-13284000.0,-2303000.0,0.0,-27000.0,0.0,-27000.0,-8436000.0,0.0,-4821000.0,0.0,-33755000.0,-33755000.0,-33755000.0,455000.0,0.0,-0.653,31343000.0,-9066000.0,13877000.0,0.0,0.444,-0.43,-0.43,1121934000.0,0.0,1.32,0.325,0.325,39534000.0,-521740000.0,51696000.0,51696000.0,0.0,,,,,269000.0,8210000.0,1.0,51125638.0,51130000.0,51130000.0,1.011,1260750000.0,0.0,500000.0,18429000.0,24.658,-27648000.0
74,SBAC,MRQ,2002-12-31,2002-12-31,2002-12-31,2021-08-06,0.0,1303365000.0,,315396000.0,987969000.0,,3.985,-21440000.0,61141000.0,61141000.0,19393000.0,-48425000.0,2.362,5.405,1024282000.0,60083000.0,964199000.0,1024282000.0,14207000.0,31454000.0,0.0,0.0,0.0,-27590000.0,3864000.0,0.121,3864000.0,-27590000.0,-49702000.0,-0.94,-0.94,-0.94,203490000.0,,203490000.0,990195535.0,-5.0,-11.342,16549000.0,0.324,1.0,12446000.0,0.391,3704000.0,22112000.0,2129263000.0,,0.0,0.0,0.0,0.0,1099875000.0,133539000.0,966336000.0,20917535.0,18792000.0,-10157000.0,0.0,5770000.0,0.0,7031000.0,-26228000.0,5369000.0,37989000.0,0.0,-48425000.0,-48425000.0,-48425000.0,1329000.0,0.0,-1.521,37579000.0,-25133000.0,16810000.0,0.0,0.103,-0.078,-0.078,940961000.0,0.0,0.41,0.098,0.097,46717000.0,-464463000.0,31839000.0,31839000.0,0.0,,,,,157000.0,6345000.0,1.0,51018379.0,51064000.0,51064000.0,0.624,1299661000.0,0.0,-1277000.0,0.0,25.452,181857000.0
75,SBAC,MRQ,2002-09-30,2002-09-30,2002-09-30,2021-08-06,0.0,1323978000.0,,111734000.0,1212244000.0,,4.248,-11567000.0,42349000.0,42349000.0,36910000.0,-31673000.0,1.413,5.141,1011627000.0,2603000.0,1009024000.0,1011627000.0,3209000.0,22193000.0,0.0,0.0,0.0,-10128000.0,12065000.0,0.198,12065000.0,-10128000.0,-31132000.0,-0.62,-0.62,-0.62,215579000.0,,215579000.0,983052811.0,-6.0,-10.86,-25118000.0,-0.495,1.0,23882000.0,0.393,4660000.0,21004000.0,2209528000.0,,0.0,0.0,0.0,0.0,1108399000.0,79068000.0,1029331000.0,55000811.0,11035000.0,-1940000.0,0.0,38672000.0,0.0,37593000.0,-13007000.0,0.0,-13551000.0,0.0,-31673000.0,-31673000.0,-31673000.0,1153000.0,0.0,-0.521,32072000.0,-8190000.0,19863000.0,0.0,0.255,-0.205,-0.2,1154392000.0,0.0,1.09,0.229,0.231,62018000.0,-457652000.0,60792000.0,60792000.0,0.0,,,,,748000.0,8654000.0,1.0,50459460.0,50745000.0,50745000.0,1.198,1319318000.0,0.0,541000.0,18475000.0,25.999,32666000.0
76,SBAC,MRQ,2002-06-30,2002-06-30,2002-06-30,2021-08-06,0.0,1322686000.0,,101558000.0,1221128000.0,,4.891,-23773000.0,31814000.0,31814000.0,38058000.0,-43083000.0,1.054,4.367,959866000.0,124000.0,959742000.0,959866000.0,4355000.0,15927000.0,0.0,0.0,0.0,-21988000.0,-6061000.0,-0.095,-6061000.0,-21988000.0,-42604000.0,-0.85,-0.85,-0.85,246457000.0,,246457000.0,978664920.0,-5.0,-8.361,2988000.0,0.059,1.0,25547000.0,0.402,4925000.0,20616000.0,2149461000.0,,0.0,0.0,0.0,0.0,1076229000.0,96352000.0,979877000.0,71029920.0,-962000.0,-1113000.0,-75000.0,-10409000.0,0.0,-10337000.0,-17386000.0,0.0,26761000.0,0.0,-43083000.0,-43083000.0,-43083000.0,833000.0,0.0,-0.677,45566000.0,-20019000.0,28228000.0,0.0,0.288,-0.248,-0.241,1168891000.0,0.0,1.41,0.293,0.294,58553000.0,-425979000.0,63605000.0,63605000.0,0.0,,,,,460000.0,8713000.0,1.0,50375830.0,50392000.0,50392000.0,1.262,1317761000.0,0.0,479000.0,18475000.0,26.15,5206000.0
77,SBAC,MRQ,2002-03-31,2002-03-31,2002-03-31,2021-08-06,0.0,1422547000.0,,106700000.0,1315847000.0,,7.627,-29581000.0,39776000.0,39776000.0,35920000.0,-163821000.0,1.39,2.806,947411000.0,188000.0,947223000.0,947411000.0,4173000.0,26053000.0,0.0,0.0,0.0,-143874000.0,-117821000.0,-1.843,-117821000.0,-143874000.0,-163242000.0,-3.34,-3.34,-3.34,373791000.0,,373791000.0,994805347.0,-6.0,-9.611,-62973000.0,-1.285,1.0,28024000.0,0.438,92374000.0,19368000.0,2161061000.0,,0.0,0.0,0.0,0.0,1048756000.0,76747000.0,972009000.0,163256347.0,18372000.0,-16514000.0,75000.0,97784000.0,0.0,97859000.0,-46095000.0,0.0,-33392000.0,0.0,-163821000.0,-163821000.0,-163821000.0,0.0,0.0,-2.562,89544000.0,-61520000.0,38442000.0,0.0,0.437,-0.612,-0.597,1179356000.0,0.0,3.29,0.691,0.683,60259000.0,-298049000.0,63944000.0,63944000.0,0.0,,,,,652000.0,9374000.0,1.0,49621990.0,49010000.0,49010000.0,1.305,1330173000.0,0.0,579000.0,18475000.0,27.141,29953000.0
78,SBAC,MRQ,2001-12-31,2001-12-31,2001-12-31,2021-08-06,0.0,1429011000.0,,92287000.0,1336724000.0,,9.434,107613000.0,13904000.0,13904000.0,35610000.0,-30357000.0,0.826,2.171,845453000.0,365000.0,845088000.0,845453000.0,19912000.0,12584000.0,0.0,0.0,0.0,8712000.0,21296000.0,0.414,21296000.0,8712000.0,-30104000.0,-0.64,-0.64,-0.64,450644000.0,,450644000.0,1332064668.0,-26.0,86.74,121525000.0,2.544,1.0,15868000.0,0.308,86180000.0,38816000.0,2062679000.0,,0.0,0.0,0.0,0.0,978367000.0,111701000.0,866666000.0,623839668.0,-56543000.0,-239143000.0,0.0,68678000.0,0.0,69075000.0,-139530000.0,0.0,13912000.0,0.0,-30357000.0,-30357000.0,-30357000.0,2201000.0,0.0,-0.59,23278000.0,-7410000.0,56293000.0,0.0,1.384,-4.959,-4.895,1198559000.0,0.0,13.02,2.77,2.736,68129000.0,-214820000.0,51478000.0,51478000.0,0.0,,,,,793000.0,10694000.0,1.0,47913953.0,47768000.0,47768000.0,1.078,1342831000.0,0.0,253000.0,18429000.0,28.112,-19414000.0
79,SBAC,MRQ,2001-09-30,2001-09-30,2001-09-30,2021-08-06,0.0,1381107000.0,,150817000.0,1230290000.0,,9.874,-87852000.0,70447000.0,70447000.0,37109000.0,-49118000.0,1.343,1.938,778672000.0,289000.0,778383000.0,778672000.0,3837000.0,20145000.0,0.0,0.0,0.0,-34611000.0,-14466000.0,-0.229,-14466000.0,-34611000.0,-48710000.0,-1.03,-1.03,-1.03,470019000.0,,470019000.0,1255538817.0,-19.0,-1184.471,-80271000.0,-1.686,1.0,25924000.0,0.411,115987000.0,14099000.0,1861016000.0,,0.0,0.0,0.0,0.0,911088000.0,112329000.0,798759000.0,633732817.0,-80428000.0,0.0,0.0,-536000.0,0.0,-157000.0,-87852000.0,0.0,7581000.0,0.0,-49118000.0,-49118000.0,-49118000.0,0.0,0.0,-0.779,54553000.0,-28629000.0,65632000.0,0.0,1.348,-6.286,-6.297,1104060000.0,0.0,13.35,2.788,2.795,69047000.0,-185110000.0,63033000.0,63033000.0,0.0,,,,,854000.0,10009000.0,1.0,47470623.0,47600000.0,47600000.0,1.324,1265120000.0,0.0,408000.0,18895000.0,26.578,38488000.0
80,SBAC,MRQ,2001-06-30,2001-06-30,2001-06-30,2021-08-06,0.0,1414182000.0,,230546000.0,1183636000.0,,10.922,-169012000.0,150875000.0,150875000.0,34324000.0,-23321000.0,2.136,1.749,772681000.0,713000.0,771968000.0,772681000.0,5084000.0,18368000.0,0.0,0.0,0.0,-10889000.0,7479000.0,0.129,7479000.0,-10889000.0,-22843000.0,-0.5,-0.5,-0.5,514485000.0,,514485000.0,1628258192.0,-46.0,88.884,-145092000.0,-3.08,1.0,23431000.0,0.406,116870000.0,11954000.0,1811179000.0,,0.0,0.0,0.0,0.0,899697000.0,107939000.0,791758000.0,1163263192.0,-99490000.0,0.0,-1433000.0,44561000.0,0.0,45602000.0,-169012000.0,0.0,23920000.0,0.0,-23321000.0,-23321000.0,-23321000.0,0.0,0.0,-0.404,29127000.0,-5696000.0,54746000.0,0.0,2.261,-20.195,-20.122,1056166000.0,0.0,24.75,5.548,5.56,71581000.0,-135992000.0,57755000.0,57755000.0,0.0,,,,,891000.0,10759000.0,1.0,47000533.0,47105000.0,47105000.0,1.226,1297312000.0,0.0,478000.0,18465000.0,27.541,122607000.0
81,SBAC,MRQ,2001-03-31,2001-03-31,2001-03-31,2021-08-06,0.0,1349674000.0,,323279000.0,1026395000.0,,11.29,-158306000.0,250365000.0,250365000.0,32146000.0,-22996000.0,3.827,1.554,715360000.0,50000.0,715310000.0,715360000.0,4801000.0,15007000.0,0.0,0.0,0.0,-13959000.0,1048000.0,0.02,1048000.0,-13959000.0,-22642000.0,-0.49,-0.49,-0.49,528401000.0,,528401000.0,855826806.0,-28.0,66.664,-174966000.0,-3.739,1.0,20810000.0,0.393,102309000.0,8683000.0,1627894000.0,,0.0,0.0,0.0,0.0,821273000.0,84466000.0,736807000.0,727468581.0,235385000.0,0.0,1433000.0,408918000.0,0.0,410351000.0,-158306000.0,0.0,-16660000.0,0.0,-22996000.0,-22996000.0,-22996000.0,0.0,0.0,-0.434,25648000.0,-4838000.0,46842000.0,0.0,1.377,-17.243,-17.0,910471000.0,0.0,15.81,3.82,3.885,67313000.0,-112671000.0,52956000.0,52956000.0,0.0,,,,,788000.0,10641000.0,1.0,46013193.0,46801000.0,46801000.0,1.132,1247365000.0,0.0,354000.0,20501000.0,26.653,238813000.0
82,SBAC,MRQ,2000-12-31,2000-12-31,2000-12-31,2021-08-06,0.0,948818000.0,,82236000.0,866582000.0,,11.55,-162167000.0,14980000.0,14980000.0,35016000.0,-5379000.0,0.75,0.763,284273000.0,2606000.0,281667000.0,284273000.0,5942000.0,10552000.0,0.0,0.0,0.0,-5673000.0,4879000.0,0.091,4879000.0,-5673000.0,-5058000.0,-0.1,-0.1,-0.1,538160000.0,,538160000.0,2017659930.0,-88.0,167.747,-136375000.0,-2.927,1.0,18563000.0,0.346,83387000.0,-615000.0,1025014000.0,,0.0,0.0,0.0,0.0,410658000.0,109710000.0,300948000.0,1889301705.0,-109860000.0,0.0,-2720000.0,24871000.0,0.0,26515000.0,-162167000.0,0.0,25792000.0,0.0,-5379000.0,-5379000.0,-5379000.0,0.0,0.0,-0.1,18857000.0,-294000.0,76944000.0,0.0,3.511,-65.34,-58.657,765815000.0,0.0,41.06,11.252,10.064,61288000.0,-89675000.0,53579000.0,53579000.0,0.0,,,,,102000.0,8305000.0,1.0,46013193.0,46592000.0,46592000.0,1.15,865431000.0,0.0,321000.0,18445000.0,18.575,-27474000.0
83,SBAC,MRQ,2000-09-30,2000-09-30,2000-09-30,2021-08-06,0.0,875642456.0,,183965242.0,691677214.0,,12.216,-119960000.0,124840149.0,124840149.0,28835000.0,-5905000.0,2.203,0.653,253198374.0,50176.0,253148198.0,253198374.0,4548086.0,9516000.0,0.0,0.0,0.0,-4603000.0,4913000.0,0.108,4913000.0,-4603000.0,-5570000.0,-0.14,-0.14,-0.14,529818588.0,,529818588.0,2120362688.0,-87.0,393.128,-112711000.0,-2.599,1.0,16560000.0,0.365,51586510.0,967000.0,868918718.0,,0.0,0.0,0.0,0.0,345823868.0,83495453.0,262328415.0,1875154512.0,97641000.0,0.0,235435000.0,-25141000.0,0.0,210352000.0,-119960000.0,0.0,7249000.0,0.0,-5905000.0,-5905000.0,-5905000.0,0.0,0.0,-0.13,16554000.0,6000.0,60403496.0,0.0,3.539,-56.736,-47.124,617323296.0,0.0,41.94,13.059,12.668,50352907.0,-84295573.0,45395000.0,45395000.0,0.0,,,,,8000.0,7037000.0,1.0,44710408.0,43370000.0,43370000.0,1.047,824055946.0,0.0,335000.0,8612278.0,19.001,100469789.0
84,SBAC,MRQ,2000-06-30,2000-06-30,2000-06-30,2021-08-06,0.0,640493584.0,,75860538.0,564633046.0,,7.226,-102562000.0,27199049.0,27199049.0,25109000.0,-7908000.0,0.981,1.259,272407225.0,1300176.0,271107049.0,272407225.0,3008498.0,7933000.0,0.0,0.0,0.0,-5935000.0,1998000.0,0.052,1998000.0,-5935000.0,-7555000.0,-0.2,-0.2,-0.2,283506419.0,,283506419.0,2190484890.0,-82.0,-1092.239,-85313000.0,-2.174,1.0,13394000.0,0.348,34657298.0,1620000.0,773693224.0,,0.0,0.0,0.0,0.0,356987165.0,77351238.0,279635927.0,2035452144.0,-84499000.0,0.0,884000.0,-12000.0,0.0,814000.0,-102562000.0,0.0,17249000.0,0.0,-7908000.0,-7908000.0,-7908000.0,0.0,0.0,-0.205,14270000.0,-876000.0,58574780.0,0.0,7.18,-57.939,-50.427,507035210.0,0.0,51.94,16.575,16.594,40743974.0,-78390245.0,38503000.0,38503000.0,0.0,,,,,0.0,6338000.0,1.0,39188528.0,39234000.0,39234000.0,0.981,605836286.0,0.0,353000.0,7943821.0,15.442,-1490700.0
85,SBAC,MRQ,2000-03-31,2000-03-31,2000-03-31,2021-08-06,0.0,602504229.0,,149027278.0,453476951.0,,7.764,-60591000.0,111697155.0,111697155.0,19435000.0,-9723000.0,2.833,1.193,266729901.0,50176.0,266679725.0,266729901.0,3745626.0,6830000.0,0.0,0.0,0.0,-6592000.0,238000.0,0.008,238000.0,-6592000.0,-9499000.0,-0.27,-0.27,-0.27,274715969.0,,274715969.0,2029767626.0,-74.0,-276.573,-63365000.0,-1.791,1.0,10994000.0,0.361,33956359.0,2907000.0,670972930.0,,0.0,0.0,0.0,0.0,327788260.0,52607686.0,275180574.0,1714631204.0,108567000.0,0.0,231445000.0,-59513000.0,0.0,171932000.0,-60591000.0,0.0,-2774000.0,0.0,-9723000.0,-9723000.0,-9723000.0,0.0,0.0,-0.32,12948000.0,-1954000.0,36367114.0,0.0,6.241,-49.683,-29.932,397249448.0,0.0,44.0,16.534,15.012,32519897.0,-70482618.0,30429000.0,30429000.0,0.0,,,,,203000.0,6118000.0,1.0,38968891.0,35382000.0,35382000.0,0.86,568547870.0,0.0,224000.0,7943821.0,16.069,96419592.0
86,SBAC,MRQ,1999-12-31,1999-12-31,1999-12-31,2021-08-06,0.0,429823226.0,,33611213.0,396212013.0,,2.536,-60896852.0,3130912.0,3130912.0,19501799.0,-9514007.0,0.616,7.847,318267334.0,50176.0,318217158.0,318267334.0,1600981.0,5574288.0,0.0,0.0,0.0,-7329721.0,-1755433.0,-0.06,-1755433.0,-7329721.0,-9334004.0,-0.28,-0.28,-0.28,48582247.0,,48582247.0,792193283.0,-27.0,-60.877,-49225556.0,-2.57,1.0,9758635.0,0.334,53616887.0,2004283.0,636786401.0,,0.0,0.0,0.0,0.0,381240979.0,54556360.0,326684619.0,538985831.0,426576.0,0.0,520485.0,42561543.0,0.0,49652132.0,-60896852.0,0.0,11671296.0,0.0,-9514007.0,-9514410.0,-9514410.0,0.0,0.0,-0.325,11365052.0,-1606417.0,40655950.0,0.0,11.094,-15.919,-10.593,338891513.0,403.0,18.75,6.196,4.129,25533740.0,-60759201.0,29260434.0,29260434.0,0.0,,,,,124354.0,5790764.0,1.0,28745911.0,19156000.0,19156000.0,1.527,376206339.0,0.0,180003.0,7950454.0,19.639,-20945147.0
87,SBAC,MRQ,1999-09-30,1999-09-30,1999-09-30,2021-08-06,0.0,347183540.0,,32344807.0,314838733.0,,1.644,-56421651.0,2704694.0,2704694.0,16688385.0,-7985681.0,0.795,6.423,255912146.0,50176.0,255861970.0,255912146.0,1293806.0,4313319.0,0.0,0.0,0.0,-6799385.0,-2486066.0,-0.101,-2486066.0,-6799385.0,-7812783.0,-0.28,-0.28,-0.28,46771523.0,,46771523.0,522999441.0,-18.0,-33.565,-53096427.0,-1.866,1.0,7922608.0,0.322,16154409.0,1013398.0,543570375.0,,0.0,0.0,0.0,0.0,300412017.0,40666208.0,259745809.0,312239887.0,-2332642.0,0.0,11136721.0,39987457.0,0.0,50763785.0,-56421651.0,0.0,3325224.0,0.0,-7985681.0,-7985681.0,-7985681.0,0.0,0.0,-0.324,9334016.0,-1411408.0,28841840.0,0.0,6.676,-9.67,-3.831,284508667.0,0.0,10.88,4.159,4.123,23121062.0,-51244702.0,24610993.0,24610993.0,0.0,,,,,49996.0,5020697.0,1.0,28698519.0,28450537.0,28450537.0,0.865,331029131.0,0.0,172898.0,3173745.0,11.635,-8321401.0
88,SBAC,MRQ,1999-06-30,1999-06-30,1999-06-30,2021-08-06,0.0,292498215.0,,31144696.0,261353519.0,,3.814,-54681836.0,0.0,0.0,12786583.0,-8734089.0,0.906,5.713,210759554.0,50176.0,210709378.0,210759554.0,965627.0,3538092.0,0.0,0.0,0.0,-6873580.0,-3335488.0,-0.172,-3335488.0,-6873580.0,-8524409.0,-0.64,-0.64,-0.64,43570486.0,,43570486.0,297209812.0,-10.0,-16.982,-42084886.0,-3.684,1.0,6618689.0,0.341,16396060.0,1650829.0,452500012.0,,0.0,0.0,0.0,0.0,248927729.0,34361697.0,214566032.0,86764972.0,2759806.0,0.0,82743794.0,-5000000.0,0.0,44844692.0,-54681836.0,0.0,12596950.0,0.0,-8734089.0,-7288186.0,-7288186.0,0.0,0.0,-0.376,8393590.0,-1774901.0,24152560.0,0.0,1.991,-2.879,-3.009,232529244.0,-1445903.0,9.688,1.361,1.736,19967823.0,-43259022.0,19405272.0,19405272.0,0.0,,,,,112088.0,4855498.0,1.0,8955922.0,11423533.0,11423533.0,1.699,276102155.0,0.0,209680.0,3390859.0,24.17,-3217001.0
89,SBAC,MRQ,1999-03-31,1999-03-31,1999-03-31,2021-08-06,0.0,231841383.0,,24407228.0,207434155.0,,-3.924,-36869661.0,0.0,0.0,9000701.0,-8357222.0,1.323,-7.598,210444840.0,0.0,210444840.0,210444840.0,126333.0,3131301.0,0.0,,0.0,-8327314.0,-5196013.0,-0.379,-5196013.0,-8327314.0,-9142804.0,-1.01,-1.01,-1.01,-35140582.0,,-35140582.0,,,,-41329131.0,-4.615,1.0,4715600.0,0.344,6797787.0,815490.0,417038463.0,,0.0,3839930.0,0.0,3839930.0,266981965.0,18449973.0,248531992.0,,-24465740.0,0.0,0.0,22999000.0,0.0,16863391.0,-36869661.0,0.0,-4459470.0,0.0,-8357222.0,-9069722.0,-9069722.0,0.0,0.0,-0.661,7208874.0,-2493274.0,12115877.0,0.0,,,,184824539.0,712500.0,,,,14523795.0,-35970834.0,13716301.0,13716301.0,0.0,,,,,24562.0,4077573.0,1.0,8955922.0,8955922.0,8955922.0,1.532,225043596.0,0.0,-785582.0,3370439.0,25.128,5957255.0
90,SBAC,MRQ,1998-12-31,1998-12-31,1998-12-31,2021-08-06,0.0,214573326.0,,45835949.0,168737377.0,,-2.938,103560718.0,26743270.0,26743270.0,12726936.0,-7234420.0,1.214,-9.223,182573133.0,17001000.0,165572133.0,182573133.0,166526.0,2998154.0,0.0,,0.0,-7562182.0,-4564028.0,-0.263,-4564028.0,-7562182.0,-8758726.0,-0.91,-0.91,-0.91,-26095422.0,,-26095422.0,,,,94610068.0,10.651,1.0,4617976.0,0.266,6932486.0,1196544.0,325718061.0,,0.0,3784768.0,0.0,3784768.0,240668748.0,37752642.0,202916106.0,,-25754230.0,-138123784.0,429825.0,10682739.0,0.0,17759486.0,-34563066.0,0.0,-8950650.0,0.0,-7234420.0,-7946920.0,-7946920.0,0.0,0.0,-0.458,8172662.0,-3554686.0,14447384.0,0.0,,,,150946480.0,712500.0,,,,13111545.0,-26901112.0,17344912.0,17344912.0,0.0,,,,,30435.0,5174508.0,1.0,8877771.0,8882494.0,8882494.0,1.953,207640840.0,0.0,-1524306.0,3370439.0,23.376,8083307.0
91,SBAC,MRQ,1998-09-30,1998-09-30,1998-09-30,2021-08-06,0.0,198567276.0,,66312896.0,132254380.0,,-2.112,-42107899.0,52497500.0,52497500.0,9963600.0,-5119988.0,2.859,-11.588,160795990.0,1000.0,160794990.0,160795990.0,1331685.0,1326467.0,0.0,,0.0,-5732217.0,-4405750.0,-0.331,-4405750.0,-5732217.0,-5732217.0,-0.66,-0.66,-0.66,-18753138.0,,-18753138.0,,,,-31444258.0,-3.542,1.0,3329731.0,0.25,2747764.0,0.0,280923267.0,,0.0,3727506.0,0.0,3727506.0,217320414.0,23194735.0,194125679.0,,-32119616.0,0.0,263.0,0.0,0.0,-675358.0,-42107899.0,0.0,10663641.0,0.0,-5119988.0,-5832488.0,-5832488.0,0.0,0.0,-0.439,5652254.0,-2322523.0,17251507.0,0.0,,,,118072019.0,712500.0,,,,10220187.0,-18954192.0,13293331.0,13293331.0,0.0,,,,,144375.0,4325787.0,1.0,8877771.0,8877738.0,8877738.0,1.497,195819512.0,635748.0,-612229.0,0.0,22.057,43118161.0
92,SBAC,MRQ,1998-06-30,1998-06-30,1998-06-30,2021-08-06,0.0,191130858.0,,99877779.0,91253079.0,,-1.564,-50382598.0,84617116.0,84617116.0,10593974.0,-6088574.0,6.581,-15.792,156246960.0,1000.0,156245960.0,156246960.0,1286871.0,970224.0,0.0,,0.0,-5562929.0,-4592705.0,-0.333,-4592705.0,-5562929.0,-5562929.0,-0.82,-0.82,-0.82,-12920913.0,,-12920913.0,,,,-38567247.0,-4.669,1.0,3178903.0,0.231,2689746.0,0.0,244893477.0,,0.0,3676019.0,0.0,3676019.0,204051771.0,15177479.0,188874292.0,,-38992852.0,0.0,120041.0,44987.0,0.0,-425605.0,-50382598.0,0.0,11815351.0,0.0,-6088574.0,-6801074.0,-6801074.0,0.0,0.0,-0.494,5830107.0,-2651204.0,979910.0,0.0,,,,77230604.0,712500.0,,,,12474445.0,-13121704.0,13772877.0,13772877.0,0.0,,,,,-48125.0,4859883.0,1.0,8877771.0,8260155.0,8260155.0,1.667,188441112.0,575000.0,525645.0,551481.0,22.813,84700300.0
93,SBAC,MRQ,1998-03-31,1998-03-31,1998-03-31,2021-08-06,,,,,,,,-11070221.0,,,10496256.0,-1458113.0,,,,,,,,507245.0,,,0.0,-1038954.0,-531709.0,-0.036,-531709.0,-1038954.0,-1371529.0,,,,,,,,,,-17127241.0,,1.0,4193533.0,0.285,,332575.0,,,,,,,,,,,117500550.0,0.0,0.0,140008459.0,0.0,134627791.0,-11070221.0,0.0,-6057020.0,0.0,-1458113.0,-1895613.0,-1895613.0,0.0,0.0,-0.129,4449293.0,-255760.0,,,,,,,437500.0,,,,,,14689789.0,14689789.0,0.0,,,,,48125.0,3942048.0,1.0,,,,,,,86584.0,,,
94,SBAC,MRQ,1997-12-31,1997-12-31,1997-12-31,2021-08-06,0.0,44797404.0,,18141413.0,26655991.0,,-0.538,-10458432.0,6109418.0,6109418.0,10661293.0,765461.0,1.001,-11.312,10184054.0,10184054.0,0.0,10184054.0,956688.0,332727.0,0.0,,0.0,1829498.0,2162225.0,0.131,2162225.0,1829498.0,1499691.0,,,,-4344267.0,,-4344267.0,,,,-6408117.0,-0.794,1.0,5782356.0,0.352,2115938.0,329807.0,28631399.0,,0.0,3561306.0,0.0,3561306.0,49141671.0,18124703.0,31016968.0,,3916149.0,0.0,0.0,-481734.0,0.0,10324266.0,-10458432.0,0.0,4050315.0,0.0,765461.0,465461.0,465461.0,0.0,0.0,0.028,4106782.0,1675574.0,2182447.0,,,,,17829062.0,300000.0,,,,11049273.0,-4425017.0,16443649.0,16443649.0,0.0,,,,,0.0,3822759.0,1.0,,8075000.0,,2.036,42681466.0,2257462.0,734230.0,1621714.0,5.286,16710.0
95,SBAC,MRQ,1997-09-30,1997-09-30,1997-09-30,2021-08-06,,,,,,,,-4326891.0,,,8999969.0,2293138.0,,,,,,,,135978.0,,,0.0,2551891.0,2687869.0,0.192,2687869.0,2551891.0,2510537.0,,,,,,,,,,-9211267.0,,1.0,5014004.0,0.358,,41354.0,,,,,,,,,,,-10107195.0,0.0,0.0,0.0,0.0,-895928.0,-4326891.0,0.0,-4884376.0,0.0,2293138.0,1993138.0,1993138.0,0.0,0.0,0.142,2677113.0,2336891.0,,,,,,,300000.0,,,,,,14013973.0,14013973.0,0.0,,,,,0.0,2541135.0,1.0,,,,,,,217399.0,,,
96,SBAC,MRQ,1997-06-30,1997-06-30,1997-06-30,2021-08-06,,,,,,,,,,,7799876.0,260022.0,,,,,,,,,,,0.0,477421.0,,,,477421.0,477421.0,,,,,,,,,,,,1.0,2727752.0,0.259,,0.0,,,,,,,,,,,,,,,,,,,,,260022.0,-39978.0,-39978.0,0.0,0.0,-0.004,2466535.0,261217.0,,,,,,,300000.0,,,,,,10527628.0,10527628.0,0.0,,,,,,2413315.0,1.0,,,,,,,217399.0,,,
0,SBAC,MRT,2021-06-30,2021-06-30,2021-06-30,2021-08-06,-738995000.0,9960313000.0,9479118250.0,482226000.0,9478087000.0,0.23,-44.234,-116962000.0,336173000.0,336173000.0,515043000.0,269786000.0,0.77,-3.058,14239794000.0,266516000.0,13973278000.0,14239794000.0,176996000.0,720035000.0,0.0,0.007,2.09,721226000.0,1441261000.0,0.66,1441261000.0,721226000.0,320508000.0,2.44,2.4,2.44,-4839742000.0,-4798924750.0,-4839742000.0,48919667493.0,68.0,33.942,1054935000.0,9.642,1.0,1668071000.0,0.764,3051616000.0,400718000.0,20186312000.0,19265691750.0,0.0,0.0,0.0,0.0,14800055000.0,626006000.0,14174049000.0,34848135493.0,87172000.0,-1282234000.0,-781054000.0,788290000.0,-230411000.0,128498000.0,-1217150000.0,175414000.0,1171897000.0,3927000.0,269274000.0,269274000.0,269274000.0,0.0,512000.0,0.123,969288000.0,698783000.0,34602000.0,0.857,-7.2,129.415,130.615,5934473000.0,0.0,318.7,15.963,15.972,119213000.0,-6759382000.0,2183114000.0,2183114000.0,0.0,0.028,-0.056,0.037,0.33,76099000.0,201109000.0,1.0,109344636.0,109412000.0,111301000.0,19.953,6908697000.0,0.0,51234000.0,0.0,63.144,-143780000.0
1,SBAC,MRT,2021-03-31,2021-03-31,2021-03-31,2021-08-06,-808429000.0,9763460000.0,9336674750.0,389927000.0,9373533000.0,0.227,-46.088,-113811000.0,239548000.0,239548000.0,490786000.0,140235000.0,0.695,-2.935,14311080000.0,255952000.0,14055128000.0,14311080000.0,174351000.0,723272000.0,0.0,0.007,1.975,539623000.0,1262895000.0,0.597,1262895000.0,539623000.0,143237000.0,1.24,1.23,1.24,-5045177000.0,-4665237250.0,-5045177000.0,43428951942.0,80.0,34.388,1019978000.0,9.318,1.0,1624026000.0,0.768,2984098000.0,396386000.0,20290130000.0,18803404250.0,0.0,0.0,0.0,0.0,14808637000.0,560764000.0,14247873000.0,30342986942.0,12570000.0,-1234563000.0,-798910000.0,1300138000.0,-218900000.0,275661000.0,-1390938000.0,-49500000.0,1133789000.0,-5942000.0,139418000.0,139418000.0,139418000.0,0.0,817000.0,0.066,967953000.0,656073000.0,33610000.0,1.593,-6.014,217.64,223.831,5868541000.0,0.0,277.55,14.348,14.367,124739000.0,-6848313000.0,2114812000.0,2114812000.0,0.0,0.015,-0.03,0.029,0.255,73034000.0,196252000.0,1.0,109324399.0,109469000.0,109469000.0,19.319,6779362000.0,0.0,3819000.0,0.0,61.93,-170837000.0
2,SBAC,MRT,2020-12-31,2020-12-31,2020-12-31,2021-08-06,-807582000.0,9158018000.0,9235685250.0,472990000.0,8685028000.0,0.226,-43.256,-128566000.0,340231000.0,340231000.0,476528000.0,24047000.0,0.769,-2.898,13426196000.0,260037000.0,13166159000.0,13426196000.0,113117000.0,721970000.0,0.0,0.007,1.86,375052000.0,1097022000.0,0.527,1097022000.0,375052000.0,-17692000.0,0.22,0.21,0.22,-4824382000.0,-4483250500.0,-4824382000.0,44042130665.0,117.0,40.147,997467000.0,8.943,1.0,1606610000.0,0.771,3156150000.0,392744000.0,18473032000.0,18175162250.0,0.0,0.0,0.0,0.0,13982400000.0,614801000.0,13367599000.0,31348773665.0,201688000.0,-271418000.0,-805286000.0,586341000.0,-207689000.0,-469017000.0,-446366000.0,-49499000.0,1126033000.0,-8962000.0,24104000.0,24104000.0,24104000.0,0.0,-57000.0,0.012,972916000.0,633694000.0,109969000.0,8.455,-6.498,1300.563,1282.409,5050886000.0,0.0,282.13,15.049,15.105,108884000.0,-6604028000.0,2083138000.0,2083138000.0,0.0,0.003,-0.005,0.021,0.18,68890000.0,194267000.0,1.0,111114641.0,111532000.0,113465000.0,18.677,6001868000.0,0.0,-41796000.0,0.0,53.813,-141811000.0
3,SBAC,MRT,2020-09-30,2020-09-30,2020-09-30,2021-08-06,-873612000.0,9034682000.0,9386166000.0,458591000.0,8576091000.0,0.22,-40.135,-138226000.0,333446000.0,333446000.0,469793000.0,-14582000.0,0.832,-3.014,13026803000.0,253177000.0,12773626000.0,13026803000.0,155799000.0,721075000.0,0.0,0.006,1.765,319311000.0,1040386000.0,0.505,1040386000.0,319311000.0,-73678000.0,-0.14,-0.15,-0.14,-4486398000.0,-4193906750.0,-4486398000.0,48324037130.0,151.0,46.448,1009743000.0,9.033,1.0,1591098000.0,0.772,3063498000.0,392989000.0,18113293000.0,18008695000.0,0.0,0.0,0.0,0.0,13521080000.0,551248000.0,12969832000.0,35650188130.0,177293000.0,-690155000.0,-524860000.0,696379000.0,-197713000.0,-68983000.0,-885470000.0,-53065000.0,1147969000.0,-16223000.0,-14326000.0,-14326000.0,-14326000.0,0.0,-256000.0,-0.007,968585000.0,622513000.0,29230000.0,-12.607,-7.946,-2488.496,-2274.857,5008039000.0,0.0,318.48,17.298,17.274,95151000.0,-6177879000.0,2060891000.0,2060891000.0,0.0,-0.002,0.003,0.018,0.155,64496000.0,190819000.0,1.0,111938546.0,111783000.0,113703000.0,18.437,5971184000.0,0.0,-59352000.0,0.0,53.418,-92657000.0
4,SBAC,MRT,2020-06-30,2020-06-30,2020-06-30,2021-08-06,-867877000.0,9390539000.0,9427780000.0,624086000.0,8766453000.0,0.217,-38.528,-148430000.0,249171000.0,249171000.0,471783000.0,-15492000.0,1.129,-3.181,12923020000.0,253850000.0,12669170000.0,12923020000.0,130670000.0,715761000.0,0.0,0.006,1.67,323976000.0,1039737000.0,0.508,1039737000.0,323976000.0,-68128000.0,-0.15,-0.16,-0.15,-4304992000.0,-3962400750.0,-4304992000.0,45986867335.0,142.0,44.229,947927000.0,8.483,1.0,1573715000.0,0.769,3174567000.0,392104000.0,18337162000.0,17861129750.0,0.0,225853000.0,225853000.0,0.0,13695531000.0,552659000.0,13142872000.0,33255286335.0,124826000.0,-741810000.0,-510143000.0,617063000.0,-187558000.0,150028000.0,-1105653000.0,-208140000.0,1096357000.0,-15906000.0,-15215000.0,-15215000.0,-15215000.0,0.0,-277000.0,-0.007,957692000.0,616023000.0,26353000.0,-11.133,-7.725,-2185.691,-1986.133,5034136000.0,0.0,297.92,16.258,16.274,110172000.0,-5972657000.0,2045498000.0,2045498000.0,0.0,-0.002,0.004,0.018,0.158,60170000.0,184939000.0,1.0,111624887.0,111738000.0,113634000.0,18.306,6215972000.0,0.0,-52913000.0,0.0,55.63,71427000.0
5,SBAC,MRT,2020-03-31,2020-03-31,2020-03-31,2021-08-06,-846846000.0,9359502000.0,9397499000.0,395058000.0,8964444000.0,0.217,-38.578,-157153000.0,227149000.0,227149000.0,484729000.0,-6637000.0,0.387,-3.168,12958730000.0,754076000.0,12204654000.0,12958730000.0,133548000.0,708619000.0,0.0,0.004,1.205,348983000.0,1057602000.0,0.519,1057602000.0,348983000.0,-43195000.0,-0.07,-0.08,-0.07,-4317230000.0,-3720989250.0,-4317230000.0,42939871088.0,123.0,40.601,867969000.0,7.756,1.0,1553690000.0,0.762,3294369000.0,392178000.0,17777162000.0,17436498250.0,0.0,0.0,0.0,0.0,13676732000.0,1019552000.0,12657180000.0,30217583088.0,85744000.0,-808201000.0,-584931000.0,580373000.0,-135588000.0,52398000.0,-994194000.0,-13672000.0,1025122000.0,2418000.0,-6055000.0,-6055000.0,-6055000.0,0.0,-582000.0,-0.003,958269000.0,595421000.0,26939000.0,-17.214,-6.999,-4990.517,-3856.714,5118141000.0,0.0,269.97,14.824,14.821,126023000.0,-5943386000.0,2038419000.0,2038419000.0,0.0,-0.001,0.002,0.02,0.171,66078000.0,191375000.0,1.0,111929411.0,111908000.0,111908000.0,18.215,6065133000.0,0.0,-37140000.0,0.0,54.197,-624494000.0
6,SBAC,MRT,2019-12-31,2019-12-31,2019-12-31,2021-08-06,-568765000.0,9759941000.0,9385813250.0,334271000.0,9425670000.0,0.215,-32.506,-154236000.0,138552000.0,138552000.0,493031000.0,147284000.0,0.319,-3.662,12860840000.0,769105000.0,12091735000.0,12860840000.0,113507000.0,697078000.0,0.0,0.003,0.74,579825000.0,1276903000.0,0.634,1276903000.0,579825000.0,186596000.0,1.3,1.28,1.3,-3667007000.0,-3467377000.0,-3667007000.0,39229647918.0,68.0,30.722,815809000.0,7.232,1.0,1521614000.0,0.755,3626773000.0,393229000.0,17807163000.0,17177778750.0,0.0,0.0,0.0,0.0,13426948000.0,1048293000.0,12378655000.0,27135716918.0,-37180000.0,-773957000.0,-350780000.0,141000000.0,-83387000.0,-62314000.0,-947158000.0,-13156000.0,970045000.0,2247000.0,146991000.0,146991000.0,146991000.0,0.0,293000.0,0.073,938126000.0,583488000.0,31846000.0,0.569,-7.4,184.608,185.377,5366819000.0,0.0,240.99,13.469,13.494,158438000.0,-5560695000.0,2014645000.0,2014645000.0,0.0,0.016,-0.042,0.034,0.288,73214000.0,192717000.0,1.0,112601008.0,112809000.0,114693000.0,17.859,6133168000.0,0.0,39605000.0,0.0,54.368,-714022000.0
7,SBAC,MRT,2019-09-30,2019-09-30,2019-09-30,2021-08-06,-620778000.0,9201138000.0,8749254750.0,329254000.0,8871884000.0,0.227,-31.497,-156227000.0,156280000.0,156280000.0,494074000.0,136881000.0,0.645,-3.584,12250211000.0,254197000.0,11996014000.0,12250211000.0,112382000.0,687044000.0,0.0,0.002,0.37,568697000.0,1255741000.0,0.633,1255741000.0,568697000.0,175485000.0,1.19,1.19,1.19,-3560374000.0,-3394831000.0,-3560374000.0,39310796759.0,69.0,31.305,775232000.0,6.858,1.0,1490762000.0,0.751,3261885000.0,393212000.0,17523032000.0,15835640000.0,0.0,0.0,0.0,0.0,12761512000.0,510152000.0,12251360000.0,27275406759.0,-4644000.0,-331695000.0,-470465000.0,-126046000.0,-41873000.0,-424929000.0,-513096000.0,-15518000.0,931459000.0,1922000.0,136794000.0,136794000.0,136794000.0,0.0,87000.0,0.069,910868000.0,579894000.0,35130000.0,0.311,-7.661,199.39,202.647,5212988000.0,0.0,241.15,13.742,13.734,151028000.0,-5387091000.0,1984836000.0,1984836000.0,0.0,0.016,-0.04,0.036,0.287,70820000.0,184380000.0,1.0,113105564.0,113037000.0,115184000.0,17.559,5939253000.0,0.0,38691000.0,0.0,52.543,-180898000.0
8,SBAC,MRT,2019-06-30,2019-06-30,2019-06-30,2021-08-06,-554920000.0,9269415000.0,8252426000.0,315729000.0,8953686000.0,0.236,-29.498,-153983000.0,124426000.0,124426000.0,487306000.0,131259000.0,0.221,-3.776,12159816000.0,1174842000.0,10984974000.0,12159816000.0,95127000.0,679759000.0,0.0,0.0,0.0,563305000.0,1243064000.0,0.639,1243064000.0,563305000.0,170973000.0,1.14,1.14,1.14,-3339346000.0,-3291008250.0,-3339346000.0,37556513945.0,67.0,30.213,737685000.0,6.516,1.0,1457204000.0,0.749,3238031000.0,392332000.0,16638636000.0,14738277000.0,0.0,0.0,0.0,0.0,12608761000.0,1428138000.0,11180623000.0,25463382945.0,-49551000.0,-317648000.0,-409134000.0,-17046000.0,0.0,-439717000.0,-503667000.0,-31343000.0,891668000.0,2165000.0,131259000.0,131259000.0,131259000.0,0.0,0.0,0.068,893151000.0,564053000.0,41270000.0,0.0,-7.625,193.993,197.228,5264181000.0,0.0,224.84,13.095,13.09,143051000.0,-5193942000.0,1944510000.0,1944510000.0,0.0,0.016,-0.04,0.038,0.29,68521000.0,177016000.0,1.0,113251125.0,113205000.0,114940000.0,17.177,6031384000.0,0.0,39714000.0,0.0,53.278,-1112409000.0
9,SBAC,MRT,2019-03-31,2019-03-31,2019-03-31,2021-08-06,-531761000.0,9312759000.0,7757416750.0,300569000.0,9012190000.0,0.245,-29.304,-155090000.0,141496000.0,141496000.0,477272000.0,41895000.0,0.214,-3.82,12234627000.0,1171218000.0,11063409000.0,12234627000.0,98970000.0,677753000.0,0.0,0.0,0.0,436263000.0,1114016000.0,0.586,1114016000.0,436263000.0,47752000.0,0.36,0.36,0.36,-3302781000.0,-3216705500.0,-3302781000.0,32242200080.0,74.0,28.942,739616000.0,6.562,1.0,1423414000.0,0.749,3258952000.0,388511000.0,16742284000.0,13851604750.0,0.0,0.0,0.0,0.0,12615540000.0,1404654000.0,11210886000.0,22479555080.0,-20949000.0,-389494000.0,-634367000.0,305218000.0,0.0,-340633000.0,-551726000.0,-4903000.0,894706000.0,-23296000.0,41895000.0,41895000.0,41895000.0,0.0,0.0,0.022,869942000.0,553472000.0,34545000.0,0.0,-6.806,536.569,554.611,5313629000.0,0.0,199.66,11.827,11.84,136499000.0,-5131347000.0,1900686000.0,1900686000.0,0.0,0.005,-0.013,0.031,0.23,55331000.0,157435000.0,1.0,112589177.0,112708000.0,114344000.0,16.864,6053807000.0,0.0,5857000.0,0.0,53.712,-1104085000.0
10,SBAC,MRT,2018-12-31,2018-12-31,2018-12-31,2021-08-06,-511905000.0,7213707000.0,7280497500.0,373854000.0,6839853000.0,0.256,-29.387,-149812000.0,175908000.0,175908000.0,468795000.0,47451000.0,0.31,-3.136,9938553000.0,941728000.0,8996825000.0,9938553000.0,108054000.0,672113000.0,0.0,0.0,0.0,430541000.0,1102654000.0,0.591,1102654000.0,430541000.0,51684000.0,0.41,0.41,0.41,-3376823000.0,-3038070500.0,-3376823000.0,27918833540.0,65.0,25.32,700806000.0,6.099,1.0,1396900000.0,0.749,3331465000.0,378857000.0,12438608000.0,12865903250.0,0.0,0.0,0.0,0.0,10590530000.0,1206279000.0,9384251000.0,18345609540.0,74005000.0,-451829000.0,-735701000.0,715218000.0,0.0,-148537000.0,-618347000.0,-6093000.0,850618000.0,-9729000.0,47451000.0,47451000.0,47451000.0,0.0,0.0,0.025,852734000.0,544166000.0,34308000.0,0.0,-5.433,386.622,394.854,2786355000.0,0.0,161.89,9.833,9.971,134820000.0,-5136368000.0,1865695000.0,1865695000.0,0.0,0.007,-0.016,0.033,0.231,42327000.0,142526000.0,1.0,113321450.0,114909000.0,116515000.0,16.236,3882242000.0,0.0,4233000.0,0.0,33.785,-832425000.0
11,SBAC,MRT,2018-09-30,2018-09-30,2018-09-30,2021-08-06,-528517000.0,7213823000.0,7307122000.0,327663000.0,6886160000.0,0.25,-27.445,-145700000.0,160921000.0,160921000.0,461021000.0,-2042000.0,1.234,-3.294,9734145000.0,24000000.0,9710145000.0,9734145000.0,96577000.0,665302000.0,0.0,0.0,0.0,356731000.0,1022033000.0,0.56,1022033000.0,356731000.0,-10618000.0,-0.03,-0.02,-0.03,-3145083000.0,-2843643250.0,-3145083000.0,27987691174.0,78.0,27.384,705441000.0,6.156,1.0,1363897000.0,0.747,3387955000.0,367349000.0,13133580000.0,12919288250.0,0.0,0.0,0.0,0.0,10358906000.0,265512000.0,10093394000.0,18447446174.0,-9138000.0,-684375000.0,-696075000.0,862372000.0,0.0,-8161000.0,-834509000.0,-3717000.0,851141000.0,-17609000.0,-2042000.0,-2042000.0,-2042000.0,0.0,0.0,-0.001,850971000.0,512926000.0,32087000.0,0.0,-5.865,-9034.009,-5354.333,2787714000.0,0.0,160.63,10.109,10.087,107101000.0,-4851501000.0,1824918000.0,1824918000.0,0.0,0.0,0.001,0.028,0.195,41495000.0,137420000.0,1.0,114844339.0,114597000.0,116114000.0,15.925,3825868000.0,0.0,-8576000.0,0.0,33.385,62151000.0
12,SBAC,MRT,2018-06-30,2018-06-30,2018-06-30,2021-08-06,-500919000.0,7289378000.0,7328783750.0,326876000.0,6962502000.0,0.244,-26.439,-146223000.0,159493000.0,159493000.0,455748000.0,30975000.0,1.177,-3.396,9699738000.0,24000000.0,9675738000.0,9699738000.0,94552000.0,659505000.0,0.0,0.0,0.0,380838000.0,1040343000.0,0.581,1040343000.0,380838000.0,27756000.0,0.24,0.25,0.24,-3042135000.0,-2621822000.0,-3042135000.0,28265470045.0,74.0,27.169,693104000.0,6.024,1.0,1335894000.0,0.746,3459866000.0,353082000.0,13091947000.0,12514885000.0,0.0,0.0,0.0,0.0,10331513000.0,277810000.0,10053703000.0,19019506045.0,-20830000.0,-644729000.0,-988364000.0,1108372000.0,0.0,-43747000.0,-806621000.0,-4958000.0,839327000.0,-9789000.0,30975000.0,30975000.0,30975000.0,0.0,0.0,0.017,843963000.0,491931000.0,32382000.0,0.0,-6.252,614.028,688.0,2778372000.0,0.0,165.12,10.616,10.604,101156000.0,-4759637000.0,1791642000.0,1791642000.0,0.0,0.004,-0.012,0.03,0.213,40485000.0,135071000.0,1.0,115185962.0,115064000.0,115064000.0,15.571,3829512000.0,0.0,-3219000.0,0.0,33.282,49066000.0
13,SBAC,MRT,2018-03-31,2018-03-31,2018-03-31,2021-08-06,-379109000.0,7405082000.0,7333652500.0,302780000.0,7102302000.0,0.24,-22.218,-142393000.0,137722000.0,137722000.0,450678000.0,97599000.0,1.207,-3.861,9383686000.0,20000000.0,9363686000.0,9383686000.0,93407000.0,649467000.0,0.0,0.0,0.0,453997000.0,1103464000.0,0.626,1103464000.0,453997000.0,116019000.0,0.82,0.83,0.82,-2588241000.0,-2357708500.0,-2588241000.0,29122503628.0,64.0,26.392,682348000.0,5.857,1.0,1311935000.0,0.744,3600640000.0,337978000.0,12799478000.0,12036268250.0,0.0,0.0,0.0,0.0,9993323000.0,250928000.0,9742395000.0,19913524628.0,-651000.0,-516518000.0,-826809000.0,681108000.0,0.0,-148253000.0,-672427000.0,-852000.0,824741000.0,-4712000.0,97599000.0,97599000.0,97599000.0,0.0,0.0,0.055,831285000.0,480650000.0,29554000.0,0.0,-7.694,204.034,208.439,2803478000.0,0.0,170.92,11.298,11.296,114142000.0,-4395286000.0,1762613000.0,1762613000.0,0.0,0.013,-0.041,0.038,0.258,39382000.0,132522000.0,1.0,116507867.0,116494000.0,118293000.0,15.131,3804442000.0,0.0,18420000.0,0.0,32.658,51852000.0
14,SBAC,MRT,2017-12-31,2017-12-31,2017-12-31,2021-08-06,-379460000.0,7320205000.0,7306744500.0,259533000.0,7060672000.0,0.236,-21.685,-147044000.0,101707000.0,101707000.0,446312000.0,103654000.0,0.931,-3.816,9310686000.0,20000000.0,9290686000.0,9310686000.0,97969000.0,643100000.0,0.0,0.0,0.0,443519000.0,1086619000.0,0.629,1086619000.0,443519000.0,116891000.0,0.86,0.86,0.86,-2599114000.0,-2189771750.0,-2599114000.0,27990693878.0,63.0,25.759,671426000.0,5.602,1.0,1281362000.0,0.742,3598131000.0,326628000.0,12652148000.0,11828045500.0,0.0,0.0,0.0,0.0,9919319000.0,278905000.0,9640414000.0,19201771878.0,-81675000.0,-441547000.0,-799584000.0,371108000.0,0.0,-294574000.0,-605107000.0,-166000.0,818470000.0,-464000.0,103654000.0,103654000.0,103654000.0,0.0,0.0,0.06,822861000.0,458501000.0,33334000.0,0.0,-7.388,185.249,189.953,2812346000.0,0.0,163.36,11.114,11.333,108110000.0,-4388288000.0,1727674000.0,1727674000.0,0.0,0.014,-0.047,0.037,0.257,38249000.0,130697000.0,1.0,117542678.0,119860000.0,121022000.0,14.414,3722074000.0,0.0,13237000.0,0.0,31.054,-19372000.0
15,SBAC,MRT,2017-09-30,2017-09-30,2017-09-30,2021-08-06,-342450000.0,7300470000.0,7316929500.0,324066000.0,6976404000.0,0.232,-18.855,-141972000.0,169879000.0,169879000.0,438049000.0,101254000.0,0.317,-4.233,8958801000.0,773289000.0,8185512000.0,8958801000.0,101168000.0,639011000.0,0.0,0.0,0.0,435228000.0,1074239000.0,0.631,1074239000.0,435228000.0,116705000.0,0.84,0.85,0.84,-2257798000.0,-2038973500.0,-2257798000.0,25821620710.0,59.0,24.037,664794000.0,5.552,1.0,1263058000.0,0.742,3550710000.0,318523000.0,11515967000.0,11520824000.0,0.0,0.0,0.0,0.0,9558268000.0,1022715000.0,8535553000.0,17337529710.0,-548469000.0,-246440000.0,-866710000.0,-269329000.0,0.0,-939693000.0,-418937000.0,230000.0,806766000.0,3395000.0,101254000.0,101254000.0,101254000.0,0.0,0.0,0.06,816205000.0,446853000.0,32429000.0,0.0,-7.679,171.228,171.488,2777339000.0,0.0,144.05,10.192,10.14,99925000.0,-4064805000.0,1701107000.0,1701107000.0,0.0,0.014,-0.05,0.038,0.256,37057000.0,133199000.0,1.0,120357721.0,119746000.0,121026000.0,14.206,3749760000.0,0.0,15451000.0,0.0,31.314,-698649000.0
16,SBAC,MRT,2017-06-30,2017-06-30,2017-06-30,2021-08-06,-378922000.0,7308853000.0,7470742500.0,336464000.0,6972389000.0,0.225,-16.349,-138756000.0,194614000.0,194614000.0,432049000.0,36723000.0,0.322,-4.681,8678705000.0,772517000.0,7906188000.0,8678705000.0,98793000.0,637216000.0,0.0,0.0,0.0,370822000.0,1008038000.0,0.601,1008038000.0,370822000.0,50370000.0,0.31,0.32,0.31,-1985681000.0,-1891789500.0,-1985681000.0,24866806642.0,67.0,24.669,653233000.0,5.378,1.0,1246432000.0,0.743,3569045000.0,320452000.0,11177480000.0,11586759500.0,0.0,0.0,0.0,0.0,9294534000.0,1046419000.0,8248115000.0,16363528642.0,34557000.0,-210312000.0,-540098000.0,-171737000.0,0.0,-388367000.0,-367449000.0,612000.0,791989000.0,-1616000.0,36723000.0,36723000.0,36723000.0,0.0,0.0,0.022,808380000.0,438052000.0,29155000.0,0.0,-8.241,445.593,435.161,2774398000.0,0.0,134.9,9.749,9.761,88043000.0,-3735062000.0,1678481000.0,1678481000.0,0.0,0.005,-0.019,0.032,0.221,35709000.0,132895000.0,1.0,121301176.0,121455000.0,122437000.0,13.82,3739808000.0,0.0,13647000.0,0.0,30.792,-709955000.0
17,SBAC,MRT,2017-03-31,2017-03-31,2017-03-31,2021-08-06,-342899000.0,7297450000.0,7502609750.0,301267000.0,6996183000.0,0.221,-15.832,-139669000.0,162896000.0,162896000.0,429272000.0,60201000.0,1.318,-4.808,8666174000.0,20000000.0,8646174000.0,8666174000.0,96039000.0,637419000.0,0.0,0.0,0.0,397880000.0,1035299000.0,0.625,1035299000.0,397880000.0,72459000.0,0.49,0.5,0.49,-1916494000.0,-1797263500.0,-1916494000.0,23154716814.0,58.0,22.365,630518000.0,5.209,1.0,1227447000.0,0.741,3605548000.0,325421000.0,11966587000.0,11583904500.0,0.0,0.0,0.0,0.0,9213944000.0,228593000.0,8985351000.0,14562028814.0,33838000.0,-227654000.0,-500096000.0,-21737000.0,0.0,-367506000.0,-380173000.0,612000.0,770187000.0,11330000.0,60201000.0,60201000.0,60201000.0,0.0,0.0,0.036,829919000.0,397528000.0,29628000.0,0.0,-7.598,241.89,245.653,2785944000.0,0.0,120.37,8.79,8.795,87322000.0,-3604288000.0,1656719000.0,1656719000.0,0.0,0.008,-0.033,0.034,0.24,34407000.0,147165000.0,1.0,120977227.0,121049000.0,121734000.0,13.686,3691902000.0,0.0,12258000.0,0.0,30.499,72674000.0
18,SBAC,MRT,2016-12-31,2016-12-31,2016-12-31,2021-08-06,-370184000.0,7360945000.0,7521158250.0,324571000.0,7036374000.0,0.217,-16.038,-139982000.0,182895000.0,182895000.0,420897000.0,76238000.0,0.372,-4.688,8775583000.0,627157000.0,8148426000.0,8775583000.0,101098000.0,638189000.0,0.0,0.0,0.0,418677000.0,1056866000.0,0.647,1056866000.0,418677000.0,87303000.0,0.61,0.61,0.61,-1995921000.0,-1725780000.0,-1995921000.0,21125331768.0,50.0,19.989,602543000.0,4.842,1.0,1212228000.0,0.742,3656924000.0,331374000.0,11423262000.0,11521859000.0,0.0,0.0,0.0,0.0,9356866000.0,873447000.0,8483419000.0,12811761768.0,39351000.0,-276835000.0,-545689000.0,108263000.0,0.0,-288557000.0,-428235000.0,612000.0,742525000.0,13618000.0,76238000.0,76238000.0,76238000.0,0.0,0.0,0.047,824920000.0,387308000.0,28320000.0,0.0,-6.419,168.05,169.279,2792076000.0,0.0,103.26,7.845,7.869,89471000.0,-3637467000.0,1633125000.0,1633125000.0,0.0,0.01,-0.044,0.036,0.256,32915000.0,143349000.0,1.0,124072843.0,124448000.0,125144000.0,13.123,3704021000.0,0.0,11065000.0,0.0,29.764,-548876000.0
19,SBAC,MRT,2016-09-30,2016-09-30,2016-09-30,2021-08-06,-370386000.0,7915722000.0,7509167000.0,858199000.0,7057523000.0,0.216,-13.395,-150716000.0,717698000.0,717698000.0,424069000.0,101997000.0,1.162,-5.743,9031268000.0,515876000.0,8515392000.0,9031268000.0,94502000.0,641096000.0,0.0,0.0,0.0,446519000.0,1087615000.0,0.67,1087615000.0,446519000.0,109726000.0,0.81,0.81,0.81,-1669062000.0,-1653335750.0,-1669062000.0,22300261488.0,50.0,20.504,564808000.0,4.533,1.0,1199492000.0,0.739,3710817000.0,336793000.0,11779709000.0,11569262000.0,0.0,221000.0,221000.0,0.0,9584784000.0,738766000.0,8846018000.0,13976863488.0,589207000.0,-392221000.0,-252358000.0,-42423000.0,0.0,330772000.0,-470547000.0,89728000.0,715524000.0,13458000.0,101997000.0,101997000.0,101997000.0,0.0,0.0,0.063,837486000.0,362006000.0,23904000.0,0.0,-8.374,137.032,138.469,2780112000.0,0.0,112.16,8.609,8.608,86648000.0,-3299422000.0,1623561000.0,1623561000.0,0.0,0.014,-0.062,0.039,0.275,31596000.0,139259000.0,1.0,124615402.0,124604000.0,124604000.0,13.03,4204905000.0,0.0,7729000.0,0.0,33.746,119433000.0
20,SBAC,MRT,2016-06-30,2016-06-30,2016-06-30,2021-08-06,-364861000.0,7436322000.0,7379425750.0,291257000.0,7145065000.0,0.22,-12.848,-160976000.0,159405000.0,159405000.0,430334000.0,-38579000.0,0.362,-5.626,8482803000.0,568924000.0,7913879000.0,8482803000.0,89652000.0,645315000.0,0.0,0.0,0.0,304610000.0,949925000.0,0.585,949925000.0,304610000.0,-30498000.0,-0.3,-0.3,-0.3,-1607577000.0,-1660484250.0,-1607577000.0,21892937246.0,72.0,23.047,541257000.0,4.326,1.0,1192643000.0,0.735,3788754000.0,335108000.0,11166060000.0,11558879500.0,0.0,219000.0,219000.0,0.0,9043899000.0,804906000.0,8238993000.0,13549071246.0,34337000.0,-435152000.0,-450079000.0,-185015000.0,0.0,-142333000.0,-529882000.0,89728000.0,702233000.0,4319000.0,-38579000.0,-38579000.0,-38579000.0,0.0,0.0,-0.024,895764000.0,296879000.0,25524000.0,0.0,-8.428,-351.203,-359.8,2805360000.0,0.0,107.94,8.348,8.322,77790000.0,-3231735000.0,1622977000.0,1622977000.0,0.0,-0.005,0.023,0.026,0.188,30223000.0,134876000.0,1.0,125524099.0,125125000.0,125783000.0,12.971,3647568000.0,0.0,8081000.0,0.0,29.151,-513649000.0
21,SBAC,MRT,2016-03-31,2016-03-31,2016-03-31,2021-08-06,-441352000.0,7371644000.0,7458311000.0,282552000.0,7089092000.0,0.218,-13.003,-176667000.0,128404000.0,128404000.0,435879000.0,-42985000.0,1.212,-5.521,8472270000.0,20000000.0,8452270000.0,8472270000.0,87283000.0,647969000.0,0.0,0.0,0.0,295515000.0,943484000.0,0.579,943484000.0,295515000.0,-34681000.0,-0.34,-0.34,-0.34,-1630560000.0,-1541898000.0,-1630560000.0,20945948461.0,71.0,22.201,512599000.0,4.088,1.0,1192270000.0,0.732,3764036000.0,330196000.0,11718405000.0,11653809000.0,0.0,708000.0,708000.0,0.0,9002204000.0,233069000.0,8769135000.0,12547035461.0,10809000.0,-648083000.0,-500085000.0,87384000.0,0.0,73957000.0,-747850000.0,89728000.0,689266000.0,-4564000.0,-42985000.0,-42985000.0,-42985000.0,0.0,0.0,-0.026,871294000.0,320976000.0,20716000.0,0.0,-7.695,-291.893,-294.618,2802662000.0,0.0,100.17,7.706,7.715,100263000.0,-3164437000.0,1628149000.0,1628149000.0,0.0,-0.006,0.028,0.025,0.182,29544000.0,115474000.0,1.0,125257417.0,125398000.0,126124000.0,12.984,3607608000.0,0.0,8304000.0,0.0,28.769,49483000.0
22,SBAC,MRT,2015-12-31,2015-12-31,2015-12-31,2021-08-06,-502045000.0,7312980000.0,7497224750.0,293960000.0,7019020000.0,0.219,-13.351,-208707000.0,143392000.0,143392000.0,444399000.0,-175656000.0,1.075,-5.286,8452070000.0,20000000.0,8432070000.0,8452070000.0,97083000.0,660021000.0,0.0,0.0,0.0,157276000.0,817297000.0,0.499,817297000.0,157276000.0,-166595000.0,-1.37,-1.37,-1.37,-1706144000.0,-1393454750.0,-1706144000.0,21621493019.0,137.0,26.455,514323000.0,4.025,1.0,1194075000.0,0.729,3735413000.0,323871000.0,11612874000.0,11517858000.0,0.0,706000.0,706000.0,0.0,9019124000.0,273371000.0,8745753000.0,13254699019.0,48723000.0,-609530000.0,-450073000.0,174884000.0,0.0,75751000.0,-737065000.0,89728000.0,723030000.0,-12993000.0,-175656000.0,-175656000.0,-175656000.0,0.0,0.0,-0.107,881619000.0,312456000.0,27105000.0,0.0,-7.769,-75.458,-76.693,2782353000.0,0.0,105.07,8.09,8.195,100260000.0,-3168069000.0,1638474000.0,1638474000.0,0.0,-0.023,0.126,0.014,0.096,28747000.0,114951000.0,1.0,126151128.0,127794000.0,127794000.0,12.821,3577567000.0,0.0,9061000.0,0.0,27.995,20589000.0
23,SBAC,MRT,2015-09-30,2015-09-30,2015-09-30,2021-08-06,-501492000.0,7396757000.0,7629261000.0,334871000.0,7061886000.0,0.214,-13.35,-242215000.0,120056000.0,120056000.0,446959000.0,-206281000.0,1.162,-5.357,8486850000.0,40000000.0,8446850000.0,8486850000.0,92242000.0,660774000.0,0.0,0.0,0.0,121432000.0,782206000.0,0.478,782206000.0,121432000.0,-195243000.0,-1.62,-1.62,-1.62,-1697656000.0,-1132118750.0,-1697656000.0,21498929593.0,177.0,27.485,481574000.0,3.787,1.0,1189308000.0,0.727,3737105000.0,316675000.0,11738179000.0,11386982500.0,0.0,702000.0,702000.0,0.0,9094413000.0,288267000.0,8806146000.0,13359436593.0,-374829000.0,-945185000.0,-400064000.0,70136000.0,0.0,83448000.0,-1166872000.0,2998000.0,723789000.0,-15194000.0,-206281000.0,-206281000.0,-206281000.0,0.0,0.0,-0.126,862387000.0,326921000.0,32197000.0,0.0,-7.869,-64.763,-64.574,2720874000.0,0.0,104.61,8.165,8.13,99183000.0,-3149082000.0,1636267000.0,1636267000.0,0.0,-0.027,0.182,0.011,0.074,27343000.0,112628000.0,1.0,127707070.0,127170000.0,127170000.0,12.867,3659652000.0,0.0,11038000.0,0.0,28.778,46604000.0
24,SBAC,MRT,2015-06-30,2015-06-30,2015-06-30,2021-08-06,-330403000.0,7751863000.0,7732319750.0,344482000.0,7407381000.0,0.209,-8.798,-257492000.0,116907000.0,116907000.0,447102000.0,-66959000.0,1.097,-7.84,8256400000.0,40000000.0,8216400000.0,8256400000.0,113295000.0,655855000.0,0.0,0.0,0.0,263890000.0,919745000.0,0.568,919745000.0,263890000.0,-56865000.0,-0.52,-0.52,-0.52,-1133232000.0,-782109000.0,-1133232000.0,22743152370.0,86.0,24.728,457435000.0,3.551,1.0,1171723000.0,0.724,4031524000.0,320755000.0,11545778000.0,10853830250.0,0.0,699000.0,699000.0,0.0,8885095000.0,314054000.0,8571041000.0,14883382370.0,-35649000.0,-940830000.0,-150023000.0,499874000.0,0.0,430087000.0,-1174087000.0,2998000.0,714927000.0,-6576000.0,-66959000.0,-66959000.0,-66959000.0,0.0,0.0,-0.041,798401000.0,373322000.0,29809000.0,0.0,-13.134,-222.276,-221.096,2787464000.0,0.0,114.97,9.194,9.148,117645000.0,-2743115000.0,1618825000.0,1618825000.0,0.0,-0.009,0.086,0.024,0.163,27058000.0,111345000.0,1.0,129454487.0,128809000.0,129948000.0,12.568,3720339000.0,0.0,10094000.0,0.0,28.883,30428000.0
25,SBAC,MRT,2015-03-31,2015-03-31,2015-03-31,2021-08-06,-356936000.0,7527299000.0,7685499750.0,325013000.0,7202286000.0,0.207,-8.022,-247113000.0,103809000.0,103809000.0,442428000.0,-104731000.0,1.135,-8.26,7963579000.0,33750000.0,7929829000.0,7963579000.0,108630000.0,654483000.0,0.0,0.0,0.0,226498000.0,880981000.0,0.554,880981000.0,226498000.0,-94818000.0,-0.81,-0.81,-0.81,-1036787000.0,-458979000.0,-1036787000.0,22895345312.0,101.0,25.988,445420000.0,3.447,1.0,1149113000.0,0.722,3925992000.0,321316000.0,11174601000.0,10191986500.0,0.0,4816000.0,4816000.0,0.0,8564086000.0,286476000.0,8277610000.0,15126508312.0,-258386000.0,-710848000.0,0.0,188666000.0,0.0,-393000.0,-944125000.0,2998000.0,692533000.0,-6401000.0,-104731000.0,-104731000.0,-104731000.0,0.0,0.0,-0.066,790637000.0,358476000.0,33805000.0,0.0,-14.59,-144.432,-144.568,2702188000.0,0.0,117.1,9.504,9.509,120677000.0,-2621410000.0,1591541000.0,1591541000.0,0.0,-0.014,0.228,0.022,0.142,25041000.0,108524000.0,1.0,129175989.0,129235000.0,129235000.0,12.315,3601307000.0,0.0,9913000.0,0.0,27.866,38537000.0
26,SBAC,MRT,2014-12-31,2014-12-31,2014-12-31,2021-08-06,-182486000.0,7841125000.0,7751510500.0,326888000.0,7514237000.0,0.197,-5.126,-211251000.0,91962000.0,91962000.0,428485000.0,-24295000.0,0.987,-12.866,7860799000.0,32500000.0,7828299000.0,7860799000.0,120047000.0,627072000.0,0.0,0.0,0.0,304052000.0,931124000.0,0.61,931124000.0,304052000.0,-15660000.0,-0.19,-0.19,-0.19,-660800000.0,-100735250.0,-660800000.0,21352314147.0,70.0,22.932,463089000.0,3.592,1.0,1098511000.0,0.719,4189540000.0,319712000.0,11089372000.0,9764561500.0,0.0,5549000.0,5549000.0,0.0,8501925000.0,331050000.0,8170875000.0,14298754147.0,-80512000.0,-1585222000.0,0.0,1061636000.0,0.0,995298000.0,-1764127000.0,20889000.0,674340000.0,13977000.0,-24295000.0,-24295000.0,-24295000.0,0.0,0.0,-0.016,761988000.0,336523000.0,42851000.0,0.0,-21.639,-588.547,-582.947,2762417000.0,0.0,110.76,9.364,9.351,134346000.0,-2542380000.0,1526996000.0,1526996000.0,0.0,-0.003,0.241,0.031,0.199,22671000.0,103317000.0,1.0,129096733.0,128919000.0,128919000.0,11.845,3651585000.0,0.0,8635000.0,0.0,28.325,-4162000.0
27,SBAC,MRT,2014-09-30,2014-09-30,2014-09-30,2021-08-06,-94145000.0,7808992000.0,7487026250.0,674386000.0,7134606000.0,0.195,-2.306,-196867000.0,496528000.0,496528000.0,417019000.0,-43846000.0,0.501,-27.238,7550088000.0,1078318000.0,6471770000.0,7550088000.0,108054000.0,598186000.0,0.0,0.0,0.0,274059000.0,872245000.0,0.598,872245000.0,274059000.0,-41885000.0,-0.34,-0.34,-0.34,-297617000.0,153706250.0,-297617000.0,21021845064.0,77.0,24.101,442960000.0,3.433,1.0,1040640000.0,0.714,3910755000.0,315944000.0,9605570000.0,9081095250.0,0.0,5541000.0,5541000.0,0.0,8106609000.0,1346227000.0,6760382000.0,14306825064.0,260848000.0,-1379072000.0,-10167000.0,1823899000.0,0.0,1139690000.0,-1531716000.0,17891000.0,639827000.0,13047000.0,-43846000.0,-43846000.0,-43846000.0,0.0,0.0,-0.03,741259000.0,299381000.0,31325000.0,0.0,-48.071,-326.297,-326.176,2687827000.0,0.0,110.9,9.815,9.818,106540000.0,-2542770000.0,1457659000.0,1457659000.0,0.0,-0.006,-0.285,0.03,0.188,21426000.0,98417000.0,1.0,129006538.0,129046000.0,129046000.0,11.296,3898237000.0,0.0,1961000.0,0.0,30.208,-671841000.0
28,SBAC,MRT,2014-06-30,2014-06-30,2014-06-30,2021-08-06,34316000.0,7564583000.0,7180885250.0,314018000.0,7250565000.0,0.194,1.235,-170842000.0,144071000.0,144071000.0,408438000.0,-5691000.0,0.234,46.49,6859091000.0,1080200000.0,5778891000.0,6859091000.0,91020000.0,572056000.0,0.0,0.0,0.0,297662000.0,869718000.0,0.623,869718000.0,297662000.0,-4505000.0,-0.04,-0.05,-0.04,159288000.0,340217750.0,159288000.0,19688529768.0,66.0,22.638,433531000.0,3.362,1.0,988022000.0,0.708,4041190000.0,302167000.0,8898403000.0,8834476750.0,0.0,5828000.0,5828000.0,0.0,7405295000.0,1340010000.0,6065285000.0,13176905768.0,-81790000.0,-1389444000.0,-6105000.0,1161662000.0,0.0,816834000.0,-1518450000.0,17891000.0,604373000.0,15453000.0,-5691000.0,-5691000.0,-5691000.0,0.0,0.0,-0.004,714223000.0,273799000.0,27502000.0,0.0,82.724,-2315.394,-2557.5,2691302000.0,0.0,102.3,9.436,9.446,98486000.0,-2526146000.0,1396460000.0,1396460000.0,0.0,-0.001,-0.017,0.034,0.213,19215000.0,93655000.0,1.0,128806508.0,128950000.0,128950000.0,10.829,3523393000.0,0.0,1186000.0,0.0,27.324,-1025992000.0
29,SBAC,MRT,2014-03-31,2014-03-31,2014-03-31,2021-08-06,-672000.0,7791342000.0,6910866000.0,516128000.0,7275214000.0,0.194,3.082,-164708000.0,358134000.0,358134000.0,404725000.0,-32123000.0,0.682,18.666,6869758000.0,503776000.0,6365982000.0,6869758000.0,89915000.0,552140000.0,0.0,0.0,0.0,266532000.0,818672000.0,0.612,818672000.0,266532000.0,-31105000.0,-0.25,-0.26,-0.25,396188000.0,409330000.0,396188000.0,17396151428.0,65.0,21.249,398866000.0,3.103,1.0,932620000.0,0.697,4081286000.0,297637000.0,9464901000.0,8759551250.0,0.0,5054000.0,5054000.0,0.0,7395154000.0,756779000.0,6638375000.0,11688961428.0,200684000.0,-1395490000.0,-4325000.0,-74402000.0,0.0,1137198000.0,-1514097000.0,17891000.0,563574000.0,14009000.0,-32123000.0,-32123000.0,-32123000.0,0.0,0.0,-0.024,690647000.0,241973000.0,26310000.0,0.0,29.504,-363.881,-363.84,2693015000.0,0.0,90.96,8.74,8.744,90216000.0,-2516678000.0,1337345000.0,1337345000.0,0.0,-0.005,-0.078,0.03,0.199,17949000.0,89721000.0,1.0,128506612.0,128560000.0,138356000.0,10.402,3710056000.0,0.0,1018000.0,0.0,28.859,-240651000.0
30,SBAC,MRT,2013-12-31,2013-12-31,2013-12-31,2021-08-06,-33679000.0,6783188000.0,6575501750.0,343652000.0,6439536000.0,0.198,2.794,-168893000.0,169417000.0,169417000.0,408253000.0,-55909000.0,0.46,18.002,5876607000.0,481886000.0,5394721000.0,5876607000.0,94658000.0,533334000.0,0.0,0.0,0.0,240918000.0,774252000.0,0.593,774252000.0,240918000.0,-57218000.0,-0.44,-0.44,-0.44,356966000.0,484444250.0,356966000.0,16944233666.0,70.0,21.885,328694000.0,2.573,1.0,896613000.0,0.687,3387198000.0,298136000.0,8355507000.0,8369318750.0,0.0,5446000.0,5446000.0,0.0,6426222000.0,747673000.0,5678549000.0,11534368666.0,-110987000.0,-677379000.0,0.0,-1009142000.0,0.0,210837000.0,-817198000.0,0.0,497587000.0,-2213000.0,-55909000.0,-55909000.0,-55909000.0,0.0,0.0,-0.043,666968000.0,229645000.0,24302000.0,0.0,32.312,-206.306,-204.182,2578444000.0,0.0,89.84,8.84,8.797,99203000.0,-2518085000.0,1304866000.0,1304866000.0,0.0,-0.009,-0.115,0.029,0.185,17205000.0,85476000.0,1.0,128387897.0,127769000.0,127769000.0,10.213,3395990000.0,0.0,-1309000.0,0.0,26.579,-404021000.0
31,SBAC,MRT,2013-09-30,2013-09-30,2013-09-30,2021-08-06,-12564000.0,6584428000.0,6533682500.0,390434000.0,6193994000.0,0.193,3.507,-142177000.0,238463000.0,238463000.0,397141000.0,-89330000.0,1.544,13.683,5648328000.0,11250000.0,5637078000.0,5648328000.0,84919000.0,531363000.0,0.0,0.0,0.0,216054000.0,747417000.0,0.592,747417000.0,216054000.0,-86007000.0,-0.71,-0.72,-0.71,448429000.0,558450500.0,448429000.0,15697119192.0,73.0,21.002,304262000.0,2.379,1.0,866170000.0,0.686,3122339000.0,302061000.0,8619096000.0,8208788500.0,0.0,4873000.0,4873000.0,0.0,6135999000.0,252858000.0,5883141000.0,10281730192.0,-1251636000.0,-1711090000.0,-10785000.0,-1233769000.0,0.0,52886000.0,-1753395000.0,0.0,446439000.0,2487000.0,-89233000.0,-89233000.0,-89233000.0,53000.0,-97000.0,-0.071,679017000.0,187153000.0,26168000.0,0.0,22.928,-115.223,-113.324,2578639000.0,0.0,80.46,8.139,8.145,99205000.0,-2498923000.0,1263311000.0,1263311000.0,0.0,-0.014,-0.16,0.026,0.171,16392000.0,83389000.0,1.0,127786853.0,127885000.0,136912000.0,9.878,3462089000.0,0.0,3226000.0,0.0,27.072,137576000.0
32,SBAC,MRT,2013-06-30,2013-06-30,2013-06-30,2021-08-06,-14173000.0,6484506000.0,6408398250.0,352084000.0,6132422000.0,0.183,3.412,-135180000.0,225820000.0,225820000.0,365529000.0,-163560000.0,1.654,13.882,5641209000.0,10000000.0,5631209000.0,5641209000.0,72739000.0,499094000.0,0.0,0.0,0.0,138723000.0,637817000.0,0.545,637817000.0,138723000.0,-159161000.0,-1.31,-1.31,-1.31,435737000.0,556476750.0,435737000.0,14672199768.0,106.0,23.004,285124000.0,2.233,1.0,804294000.0,0.688,3088296000.0,297884000.0,8598701000.0,7838069500.0,0.0,5388000.0,5388000.0,0.0,6048769000.0,212898000.0,5835871000.0,9457516768.0,102703000.0,-1556742000.0,-7506000.0,-602337000.0,0.0,1273247000.0,-1593664000.0,0.0,420304000.0,1900000.0,-163209000.0,-163209000.0,-163209000.0,-916000.0,-351000.0,-0.14,634257000.0,170037000.0,24101000.0,0.0,21.705,-57.947,-56.58,2570407000.0,0.0,74.12,8.085,8.092,83437000.0,-2520451000.0,1169823000.0,1169823000.0,0.0,-0.025,-0.293,0.018,0.119,15865000.0,79127000.0,1.0,127597366.0,127713000.0,127713000.0,9.16,3396210000.0,0.0,4048000.0,0.0,26.593,139186000.0
33,SBAC,MRT,2013-03-31,2013-03-31,2013-03-31,2021-08-06,4345000.0,6449885000.0,5985686750.0,269944000.0,6179941000.0,0.18,5.483,-124836000.0,149110000.0,149110000.0,328009000.0,-181115000.0,0.4,8.258,5363793000.0,478454000.0,4885339000.0,5363793000.0,72148000.0,452003000.0,0.0,0.0,0.0,107785000.0,559788000.0,0.521,559788000.0,107785000.0,-176156000.0,-1.47,-1.47,-1.47,696645000.0,567591250.0,696645000.0,14236021080.0,132.0,25.431,244266000.0,1.922,1.0,746656000.0,0.695,3085459000.0,283941000.0,7903971000.0,7070188750.0,0.0,4166000.0,4166000.0,0.0,5753240000.0,675138000.0,5078102000.0,9140725080.0,-403324000.0,-2411118000.0,-1468000.0,1048411000.0,0.0,1660191000.0,-2437887000.0,0.0,369102000.0,2974000.0,-180782000.0,-180782000.0,-180782000.0,-2296000.0,-333000.0,-0.168,577556000.0,169100000.0,22714000.0,0.0,13.121,-50.562,-48.98,2655409000.0,0.0,72.0,8.506,8.513,76341000.0,-2484552000.0,1074665000.0,1074665000.0,0.0,-0.03,-0.319,0.015,0.1,14785000.0,75364000.0,1.0,126954515.0,127057000.0,127057000.0,8.458,3364426000.0,0.0,4626000.0,0.0,26.48,-405194000.0
34,SBAC,MRT,2012-12-31,2012-12-31,2012-12-31,2021-08-06,2791000.0,6615911000.0,5394872750.0,388857000.0,6227054000.0,0.177,5.429,-113265000.0,260807000.0,260807000.0,279507000.0,-181390000.0,0.45,9.132,5356103000.0,475351000.0,4880752000.0,5356103000.0,76668000.0,408467000.0,0.0,0.0,0.0,91908000.0,500375000.0,0.524,500375000.0,91908000.0,-174443000.0,-1.51,-1.51,-1.51,652991000.0,458323000.0,652991000.0,12815426386.0,139.0,25.612,227649000.0,1.893,1.0,674577000.0,0.707,3134133000.0,266351000.0,7713386000.0,6433060500.0,0.0,5471000.0,5471000.0,0.0,5962920000.0,863688000.0,5099232000.0,8973133386.0,185783000.0,-2252724000.0,283872000.0,1206140000.0,0.0,2110481000.0,-2269120000.0,0.0,340914000.0,1212000.0,-181037000.0,-181037000.0,-181037000.0,-2296000.0,-353000.0,-0.19,527431000.0,147146000.0,27694000.0,0.0,13.742,-49.565,-47.007,2671317000.0,0.0,70.98,9.405,8.948,62743000.0,-2462176000.0,954084000.0,954084000.0,0.0,-0.034,-0.395,0.014,0.096,13968000.0,72148000.0,1.0,126417771.0,120280000.0,120280000.0,7.932,3481778000.0,0.0,6594000.0,0.0,28.947,-474831000.0
35,SBAC,MRT,2012-09-30,2012-09-30,2012-09-30,2021-08-06,1934000.0,6083291000.0,4642494750.0,1556880000.0,4526411000.0,0.182,3.62,-104693000.0,1463741000.0,1463741000.0,240344000.0,-157973000.0,2.26,12.809,5306034000.0,529595000.0,4776439000.0,5306034000.0,58581000.0,356551000.0,0.0,0.0,0.0,95332000.0,451883000.0,0.535,451883000.0,95332000.0,-152491000.0,-1.34,-1.34,-1.34,440534000.0,292247000.0,440534000.0,11555148204.0,121.0,25.571,195461000.0,1.606,1.0,603718000.0,0.715,2100614000.0,247823000.0,7136220000.0,5785873250.0,0.0,5505000.0,5505000.0,0.0,5642757000.0,688750000.0,4954007000.0,7649409204.0,1261740000.0,-1058654000.0,312374000.0,1217001000.0,0.0,2125079000.0,-1165831000.0,0.0,300154000.0,-11000.0,-157629000.0,-157629000.0,-157629000.0,-2349000.0,-344000.0,-0.187,431497000.0,172221000.0,19863000.0,0.0,17.364,-48.528,-46.94,2052069000.0,0.0,62.9,9.063,9.068,54971000.0,-2409687000.0,844062000.0,844062000.0,0.0,-0.034,-0.539,0.016,0.113,13360000.0,68321000.0,1.0,121612229.0,121689000.0,121689000.0,6.936,3982677000.0,0.0,5138000.0,0.0,32.728,868130000.0
36,SBAC,MRT,2012-06-30,2012-06-30,2012-06-30,2021-08-06,248000.0,4793660000.0,4023956500.0,303164000.0,4490496000.0,0.194,3.958,-119488000.0,103649000.0,103649000.0,220508000.0,-138711000.0,0.288,8.983,4009388000.0,918006000.0,3091382000.0,4009388000.0,54515000.0,333675000.0,0.0,0.0,0.0,103778000.0,437453000.0,0.56,437453000.0,103778000.0,-133989000.0,-1.21,-1.21,-1.21,480195000.0,183688250.0,480195000.0,9946001727.0,96.0,22.736,155450000.0,1.281,1.0,560497000.0,0.718,2121389000.0,237767000.0,5527178000.0,5267170750.0,0.0,5016000.0,5016000.0,0.0,4313465000.0,1050832000.0,3262633000.0,6918805727.0,-191010000.0,-1164667000.0,231937000.0,586777000.0,0.0,821187000.0,-1288161000.0,0.0,274938000.0,-354000.0,-138489000.0,-138489000.0,-138489000.0,-1380000.0,-222000.0,-0.177,406017000.0,154480000.0,16833000.0,0.0,14.408,-49.959,-47.149,2066765000.0,0.0,57.05,8.859,8.862,44349000.0,-2357242000.0,781005000.0,781005000.0,0.0,-0.034,-0.754,0.02,0.133,12454000.0,66171000.0,1.0,121276174.0,121318000.0,121318000.0,6.438,2672271000.0,0.0,4500000.0,0.0,22.027,-747668000.0
37,SBAC,MRT,2012-03-31,2012-03-31,2012-03-31,2021-08-06,1227000.0,4086629000.0,3748793750.0,604620000.0,3482009000.0,0.193,2.329,-131653000.0,543030000.0,543030000.0,204410000.0,-115167000.0,5.307,14.744,3570226000.0,5000000.0,3565226000.0,3570226000.0,47809000.0,316368000.0,0.0,0.0,0.0,118503000.0,434871000.0,0.602,434871000.0,118503000.0,-112087000.0,-1.04,-1.04,-1.04,259572000.0,91869750.0,259572000.0,8860528188.0,75.0,20.375,130257000.0,1.169,1.0,518501000.0,0.717,1644434000.0,230590000.0,5355458000.0,5144128000.0,0.0,5749000.0,5749000.0,0.0,3827057000.0,113933000.0,3713124000.0,5575625188.0,430450000.0,-340171000.0,150511000.0,493519000.0,0.0,643737000.0,-475030000.0,-1686000.0,261910000.0,-167000.0,-114836000.0,-114836000.0,-114836000.0,0.0,-331000.0,-0.159,386337000.0,132164000.0,13123000.0,0.0,21.48,-48.553,-48.856,1575262000.0,0.0,50.81,7.713,7.832,40909000.0,-2303770000.0,722911000.0,722911000.0,0.0,-0.031,-1.25,0.023,0.164,11745000.0,64148000.0,1.0,109734800.0,111431000.0,111431000.0,6.488,2442195000.0,0.0,2749000.0,0.0,21.917,490687000.0
38,SBAC,MRT,2011-12-31,2011-12-31,2011-12-31,2021-08-06,485000.0,3606399000.0,3593701000.0,129356000.0,3477043000.0,0.194,-0.101,-126938000.0,69582000.0,69582000.0,202921000.0,-126892000.0,1.02,-319.784,3354485000.0,5000000.0,3349485000.0,3354485000.0,49779000.0,309146000.0,0.0,0.0,0.0,100182000.0,409328000.0,0.586,409328000.0,100182000.0,-124343000.0,-1.14,-1.14,-1.14,-11313000.0,80246250.0,-11313000.0,7833223521.0,78.0,19.137,122120000.0,1.094,1.0,495249000.0,0.709,1639784000.0,224525000.0,5124637000.0,4979063000.0,0.0,5773000.0,5773000.0,0.0,3617712000.0,126881000.0,3490831000.0,4698054521.0,-16938000.0,-379320000.0,-209271000.0,453022000.0,0.0,242047000.0,-507888000.0,0.0,249058000.0,-155000.0,-126456000.0,-126456000.0,-126456000.0,0.0,-436000.0,-0.181,377446000.0,117803000.0,12755000.0,0.0,-415.279,-37.152,-37.684,1583393000.0,0.0,42.96,6.729,6.867,39755000.0,-2281139000.0,698170000.0,698170000.0,0.0,-0.035,-1.576,0.02,0.143,11469000.0,62828000.0,1.0,109358811.0,111595000.0,111595000.0,6.256,1966615000.0,0.0,2113000.0,0.0,17.623,2475000.0
39,SBAC,MRT,2011-09-30,2011-09-30,2011-09-30,2021-08-06,-617000.0,3609138000.0,3542145000.0,260553000.0,3348585000.0,0.192,0.057,-115394000.0,204032000.0,204032000.0,204469000.0,-136304000.0,1.961,571.97,3339201000.0,5000000.0,3334201000.0,3339201000.0,54966000.0,302428000.0,0.0,0.0,0.0,84012000.0,386440000.0,0.568,386440000.0,84012000.0,-134557000.0,-1.21,-1.21,-1.21,6299000.0,162352000.0,6299000.0,6866557429.0,82.0,17.769,129363000.0,1.174,1.0,475379000.0,0.699,1550003000.0,218569000.0,5061410000.0,4823733500.0,0.0,5286000.0,5286000.0,0.0,3602839000.0,132894000.0,3469945000.0,3843900429.0,-17931000.0,-365985000.0,-223519000.0,1423697000.0,0.0,220290000.0,-482798000.0,30146000.0,244757000.0,-180000.0,-136536000.0,-136536000.0,-136536000.0,0.0,232000.0,-0.201,371701000.0,103678000.0,15973000.0,0.0,610.24,-28.153,-28.496,1560829000.0,0.0,34.48,5.654,5.591,34627000.0,-2252057000.0,679848000.0,679848000.0,0.0,-0.039,-0.841,0.017,0.124,11391000.0,62009000.0,1.0,111482031.0,110232000.0,110232000.0,6.167,2059135000.0,0.0,1979000.0,0.0,18.68,127659000.0
40,SBAC,MRT,2011-06-30,2011-06-30,2011-06-30,2021-08-06,2424000.0,3693009000.0,3495844500.0,352807000.0,3340202000.0,0.19,1.005,-94892000.0,301705000.0,301705000.0,203223000.0,-137442000.0,2.73,31.704,3324362000.0,5000000.0,3319362000.0,3324362000.0,52533000.0,294019000.0,0.0,0.0,0.0,77418000.0,371437000.0,0.56,371437000.0,77418000.0,-135412000.0,-1.21,-1.21,-1.21,112921000.0,253605500.0,112921000.0,7208324312.0,93.0,19.407,131002000.0,1.166,1.0,459718000.0,0.693,1551428000.0,212830000.0,5035007000.0,4664964250.0,0.0,2829000.0,2829000.0,0.0,3580088000.0,129231000.0,3450857000.0,4328538312.0,49810000.0,-382119000.0,-144690000.0,1424528000.0,0.0,298383000.0,-474577000.0,31610000.0,225894000.0,110000.0,-137719000.0,-137719000.0,-137719000.0,0.0,277000.0,-0.208,361188000.0,98530000.0,15511000.0,0.0,38.332,-31.43,-31.562,1553942000.0,0.0,38.19,6.529,6.471,33634000.0,-2143774000.0,662941000.0,662941000.0,0.0,-0.039,-0.543,0.017,0.117,11071000.0,61011000.0,1.0,113342192.0,112324000.0,112324000.0,5.902,2141581000.0,0.0,2307000.0,0.0,19.066,223576000.0
41,SBAC,MRT,2011-03-31,2011-03-31,2011-03-31,2021-08-06,2359000.0,3466258000.0,3431014500.0,173387000.0,3292871000.0,0.188,1.862,-74607000.0,125213000.0,125213000.0,203074000.0,-191386000.0,1.442,15.268,3004999000.0,0.0,3004999000.0,3004999000.0,59766000.0,286159000.0,0.0,0.0,0.0,21168000.0,307327000.0,0.475,307327000.0,21168000.0,-190012000.0,-1.66,-1.66,-1.66,213078000.0,324666750.0,213078000.0,7293743578.0,345.0,23.733,142303000.0,1.244,1.0,443329000.0,0.686,1530599000.0,211180000.0,4695198000.0,4505004750.0,0.0,2332000.0,2332000.0,0.0,3253180000.0,120247000.0,3132933000.0,4560003578.0,-23170000.0,-387997000.0,-157554000.0,147553000.0,0.0,220931000.0,-461035000.0,31969000.0,216910000.0,24000.0,-191599000.0,-191599000.0,-191599000.0,0.0,213000.0,-0.296,351608000.0,91721000.0,13033000.0,0.0,21.401,-23.8,-23.904,1538293000.0,0.0,39.68,7.054,7.024,35239000.0,-2038939000.0,646403000.0,646403000.0,0.0,-0.056,-0.59,0.005,0.033,10710000.0,59587000.0,1.0,114919445.0,114416000.0,114416000.0,5.65,1935659000.0,0.0,1587000.0,0.0,16.918,53140000.0
42,SBAC,MRT,2010-12-31,2010-12-31,2010-12-31,2021-08-06,2175000.0,3400175000.0,3382110250.0,146727000.0,3253448000.0,0.185,2.743,-66618000.0,93710000.0,93710000.0,199442000.0,-194421000.0,1.124,9.722,2827450000.0,0.0,2827450000.0,2827450000.0,61138000.0,278727000.0,0.0,0.0,0.0,16322000.0,295049000.0,0.471,295049000.0,16322000.0,-193669000.0,-1.68,-1.68,-1.68,317110000.0,411755250.0,317110000.0,7301814086.0,447.0,24.748,134522000.0,1.164,1.0,427177000.0,0.682,1500012000.0,209991000.0,4503319000.0,4347913500.0,0.0,4016000.0,4016000.0,0.0,3083065000.0,130584000.0,2952481000.0,4706649086.0,-97063000.0,-328045000.0,-91293000.0,-10409000.0,0.0,126821000.0,-425039000.0,0.0,201140000.0,15000.0,-194674000.0,-194674000.0,-194674000.0,0.0,253000.0,-0.311,342798000.0,84379000.0,11847000.0,0.0,14.842,-24.177,-24.369,1534318000.0,0.0,40.94,7.511,7.552,36559000.0,-1929670000.0,626619000.0,626619000.0,0.0,-0.058,-0.473,0.004,0.026,10501000.0,58209000.0,1.0,114964560.0,115591000.0,115591000.0,5.421,1900163000.0,0.0,1005000.0,0.0,16.439,16143000.0
43,SBAC,MRT,2010-09-30,2010-09-30,2010-09-30,2021-08-06,1735000.0,3423936000.0,3360478000.0,278175000.0,3145761000.0,0.18,3.236,-60477000.0,227354000.0,227354000.0,194475000.0,-199450000.0,1.793,8.22,2822519000.0,30076000.0,2792443000.0,2822519000.0,57373000.0,271691000.0,0.0,0.0,0.0,10929000.0,282620000.0,0.466,282620000.0,10929000.0,-198211000.0,-1.71,-1.71,-1.71,371313000.0,482236250.0,371313000.0,7171172957.0,656.0,25.374,135104000.0,1.177,1.0,411627000.0,0.679,1437615000.0,209140000.0,4426333000.0,4226278250.0,0.0,3560000.0,3560000.0,0.0,3052009000.0,155153000.0,2896856000.0,4619765957.0,-88607000.0,-297594000.0,-82238000.0,-980617000.0,0.0,106098000.0,-390268000.0,-32166000.0,195581000.0,-18000.0,-199023000.0,-199023000.0,-199023000.0,0.0,-427000.0,-0.328,333140000.0,78487000.0,15170000.0,0.0,12.442,-23.212,-23.567,1498165000.0,0.0,40.3,7.622,7.63,34238000.0,-1880167000.0,606102000.0,606102000.0,0.0,-0.059,-0.413,0.003,0.018,10132000.0,57565000.0,1.0,114634391.0,114748000.0,114748000.0,5.282,1986321000.0,0.0,812000.0,0.0,17.31,123022000.0
44,SBAC,MRT,2010-06-30,2010-06-30,2010-06-30,2021-08-06,1305000.0,3433689000.0,3342394750.0,303099000.0,3130590000.0,0.176,3.434,-51989000.0,256023000.0,256023000.0,189162000.0,-215064000.0,1.933,7.644,2807430000.0,29591000.0,2777839000.0,2807430000.0,56554000.0,266910000.0,0.0,0.0,0.0,-7594000.0,259316000.0,0.442,259316000.0,-7594000.0,-214533000.0,-1.84,-1.84,-1.84,397166000.0,548895500.0,397166000.0,6335400579.0,-834.0,24.431,161272000.0,1.394,1.0,397587000.0,0.678,1433110000.0,206939000.0,4395169000.0,4131742750.0,0.0,4222000.0,4222000.0,0.0,3035865000.0,156817000.0,2879048000.0,3979423579.0,53710000.0,-263179000.0,-86812000.0,-405944000.0,0.0,191863000.0,-351400000.0,-36190000.0,213261000.0,-14000.0,-214644000.0,-214644000.0,-214644000.0,0.0,-420000.0,-0.366,327146000.0,70441000.0,10078000.0,0.0,10.02,-18.54,-18.484,1490542000.0,0.0,34.01,6.782,6.704,30867000.0,-1845679000.0,586749000.0,586749000.0,0.0,-0.064,-0.391,-0.002,-0.013,9601000.0,56352000.0,1.0,117007456.0,115666000.0,115666000.0,5.073,2000579000.0,0.0,111000.0,0.0,17.296,146282000.0
45,SBAC,MRT,2010-03-31,2010-03-31,2010-03-31,2021-08-06,-1805000.0,3270641000.0,3297850250.0,184514000.0,3086127000.0,0.172,4.794,-50731000.0,145374000.0,145374000.0,183076000.0,-160638000.0,1.325,4.824,2501351000.0,29116000.0,2472235000.0,2501351000.0,49200000.0,262330000.0,0.0,0.0,0.0,37117000.0,299447000.0,0.527,299447000.0,37117000.0,-159947000.0,-1.37,-1.37,-1.37,561432000.0,621385750.0,561432000.0,6543581492.0,176.0,21.852,159975000.0,1.366,1.0,385353000.0,0.678,1420547000.0,197064000.0,4066833000.0,4017242750.0,0.0,3560000.0,3560000.0,0.0,2708334000.0,139238000.0,2569096000.0,4246133492.0,28490000.0,-207024000.0,48595000.0,775000000.0,0.0,114154000.0,-296356000.0,-38467000.0,210706000.0,-14000.0,-160305000.0,-160305000.0,-160305000.0,0.0,-333000.0,-0.282,321433000.0,63920000.0,10703000.0,0.0,7.563,-26.488,-26.328,1472668000.0,0.0,36.07,7.47,7.432,25802000.0,-1673606000.0,568429000.0,568429000.0,0.0,-0.049,-0.258,0.009,0.065,9146000.0,55219000.0,1.0,117719254.0,117118000.0,117118000.0,4.853,1850094000.0,0.0,358000.0,0.0,15.797,45276000.0
46,SBAC,MRT,2009-12-31,2009-12-31,2009-12-31,2021-08-06,-2803000.0,3313646000.0,3273195000.0,236838000.0,3076808000.0,0.17,5.113,-46135000.0,191602000.0,191602000.0,180543000.0,-141119000.0,1.492,4.53,2489050000.0,28648000.0,2460402000.0,2489050000.0,54013000.0,258537000.0,0.0,0.0,0.0,40371000.0,298908000.0,0.538,298908000.0,40371000.0,-140379000.0,-1.2,-1.2,-1.2,599034000.0,643565000.0,599034000.0,6188955824.0,153.0,20.705,176437000.0,1.506,1.0,374970000.0,0.675,1435591000.0,180750000.0,4016778000.0,3976170750.0,0.0,5352000.0,5352000.0,0.0,2713697000.0,158725000.0,2554972000.0,3992913824.0,82461000.0,-180798000.0,53816000.0,745889000.0,0.0,88978000.0,-229075000.0,-8184000.0,222572000.0,-14000.0,-140871000.0,-140871000.0,-140871000.0,0.0,-248000.0,-0.254,315206000.0,59764000.0,9219000.0,0.0,6.666,-28.344,-28.467,1496938000.0,0.0,34.16,7.188,7.205,30036000.0,-1627602000.0,555513000.0,555513000.0,0.0,-0.043,-0.219,0.01,0.073,8200000.0,52785000.0,1.0,116888578.0,117165000.0,117165000.0,4.741,1878055000.0,0.0,492000.0,0.0,16.029,78113000.0
47,SBAC,MRT,2009-09-30,2009-09-30,2009-09-30,2021-08-06,-3777000.0,3351603000.0,3246740750.0,354746000.0,2996857000.0,0.168,5.467,-43026000.0,312377000.0,312377000.0,180259000.0,-91554000.0,3.105,4.254,2508419000.0,0.0,2508419000.0,2508419000.0,49804000.0,254964000.0,0.0,0.0,0.0,78578000.0,333542000.0,0.612,333542000.0,78578000.0,-90572000.0,-0.76,-0.76,-0.76,637950000.0,656434000.0,637950000.0,5331905502.0,68.0,15.986,166362000.0,1.426,1.0,364704000.0,0.669,1385200000.0,169150000.0,4048191000.0,3963695750.0,0.0,6332000.0,6332000.0,0.0,2713653000.0,114254000.0,2599399000.0,3153309502.0,-153312000.0,-296702000.0,52015000.0,648306000.0,0.0,-22908000.0,-339792000.0,-6020000.0,209388000.0,0.0,-91406000.0,-91406000.0,-91406000.0,0.0,-148000.0,-0.168,307590000.0,57114000.0,10142000.0,0.0,4.943,-34.498,-35.566,1469067000.0,0.0,27.03,5.786,5.788,25811000.0,-1582372000.0,544963000.0,544963000.0,0.0,-0.028,-0.139,0.02,0.144,7453000.0,51705000.0,1.0,116659619.0,116686000.0,116686000.0,4.67,1966403000.0,0.0,834000.0,0.0,16.852,240492000.0
48,SBAC,MRT,2009-06-30,2009-06-30,2009-06-30,2021-08-06,-1945000.0,3255511000.0,3255802000.0,246923000.0,3008588000.0,0.161,5.869,-40982000.0,210991000.0,210991000.0,176979000.0,-69013000.0,2.546,3.738,2389587000.0,6000000.0,2383587000.0,2389587000.0,48113000.0,242743000.0,0.0,0.0,0.0,87613000.0,330356000.0,0.63,330356000.0,87613000.0,-67705000.0,-0.59,-0.59,-0.59,687127000.0,593769000.0,687127000.0,5084495750.0,58.0,15.391,160049000.0,1.367,1.0,347351000.0,0.662,1399967000.0,155318000.0,3937169000.0,4036573250.0,0.0,3770000.0,3770000.0,0.0,2568384000.0,96971000.0,2471413000.0,2856778750.0,-33041000.0,-307594000.0,51979000.0,298853000.0,0.0,112092000.0,-346164000.0,-3460000.0,201031000.0,0.0,-68945000.0,-68945000.0,-68945000.0,0.0,-68000.0,-0.131,294584000.0,52767000.0,9669000.0,0.0,4.158,-41.436,-41.593,1478308000.0,0.0,24.54,5.448,5.48,23354000.0,-1532263000.0,524330000.0,524330000.0,0.0,-0.021,-0.116,0.022,0.167,7146000.0,50920000.0,1.0,116413152.0,117079000.0,117079000.0,4.478,1855544000.0,0.0,1240000.0,0.0,15.849,149952000.0
49,SBAC,MRT,2009-03-31,2009-03-31,2009-03-31,2021-08-06,-1799000.0,3172020000.0,3125201500.0,160735000.0,3011285000.0,0.16,5.51,-35325000.0,126352000.0,126352000.0,172468000.0,-65828000.0,1.751,3.879,2354069000.0,6000000.0,2348069000.0,2354069000.0,46185000.0,227745000.0,0.0,0.0,0.0,81311000.0,309056000.0,0.618,309056000.0,81311000.0,-64627000.0,-0.58,-0.58,-0.58,650149000.0,454478500.0,650149000.0,5193136386.0,64.0,16.803,152910000.0,1.296,1.0,327619000.0,0.655,1405389000.0,145938000.0,3902545000.0,4020945000.0,0.0,164000.0,164000.0,0.0,2521871000.0,91803000.0,2430068000.0,2755931386.0,-37199000.0,-538235000.0,-57650000.0,594770000.0,0.0,342145000.0,-567579000.0,144000.0,188235000.0,0.0,-65828000.0,-65828000.0,-65828000.0,0.0,0.0,-0.132,278970000.0,48649000.0,10068000.0,0.0,4.239,-41.866,-40.172,1482953000.0,0.0,23.3,5.511,5.497,25280000.0,-1452921000.0,500087000.0,500087000.0,0.0,-0.021,-0.145,0.02,0.163,7298000.0,50304000.0,1.0,118280317.0,117984000.0,117984000.0,4.239,1766631000.0,0.0,1201000.0,0.0,14.973,68932000.0
50,SBAC,MRT,2008-12-31,2008-12-31,2008-12-31,2021-08-06,-1549000.0,3207829000.0,2933922000.0,154315000.0,3053514000.0,0.162,5.92,-36115000.0,117455000.0,117455000.0,168165000.0,-67164000.0,1.703,3.931,2392230000.0,6000000.0,2386230000.0,2392230000.0,45306000.0,211445000.0,0.0,0.0,0.0,72510000.0,283955000.0,0.598,283955000.0,72510000.0,-66127000.0,-0.61,-0.61,-0.61,650510000.0,373413000.0,650510000.0,4253765044.0,59.0,14.98,137581000.0,1.252,1.0,306789000.0,0.646,1425132000.0,138637000.0,3966878000.0,3856371000.0,0.0,162000.0,162000.0,0.0,2557319000.0,90594000.0,2466725000.0,1902742044.0,8584000.0,-584498000.0,-57314000.0,663881000.0,0.0,415437000.0,-580549000.0,41044000.0,173696000.0,0.0,-67164000.0,-67164000.0,-67164000.0,0.0,0.0,-0.141,261087000.0,45702000.0,8963000.0,0.0,2.925,-28.33,-26.754,1502672000.0,0.0,16.32,4.006,3.776,27009000.0,-1435031000.0,474954000.0,474954000.0,0.0,-0.023,-0.18,0.019,0.153,7207000.0,48721000.0,1.0,116589586.0,109882000.0,109882000.0,4.322,1782697000.0,0.0,1037000.0,0.0,16.224,63721000.0
51,SBAC,MRT,2008-09-30,2008-09-30,2008-09-30,2021-08-06,-1699000.0,3387848000.0,2728045500.0,514446000.0,2873402000.0,0.165,3.607,-34393000.0,476425000.0,476425000.0,164589000.0,-115591000.0,5.102,7.748,2827448000.0,5500000.0,2821948000.0,2827448000.0,44009000.0,193671000.0,0.0,0.0,0.0,20593000.0,214264000.0,0.477,214264000.0,20593000.0,-114766000.0,-1.08,-1.08,-1.08,387290000.0,295133250.0,387290000.0,4955489191.0,241.0,23.128,140486000.0,1.308,1.0,284839000.0,0.634,1298343000.0,135359000.0,4339701000.0,3673721750.0,0.0,161000.0,161000.0,0.0,3000558000.0,100827000.0,2899731000.0,2743012191.0,395794000.0,-394139000.0,-56799000.0,762208000.0,0.0,559929000.0,-339014000.0,92459000.0,174879000.0,0.0,-115591000.0,-115591000.0,-115591000.0,0.0,0.0,-0.257,241002000.0,43837000.0,10355000.0,0.0,7.083,-23.73,-23.954,1435987000.0,0.0,25.87,6.103,6.181,26961000.0,-1403719000.0,449428000.0,449428000.0,0.0,-0.042,-0.392,0.006,0.046,7055000.0,47331000.0,1.0,106030622.0,107384000.0,107384000.0,4.185,2089505000.0,0.0,825000.0,0.0,19.458,413619000.0
52,SBAC,MRT,2008-06-30,2008-06-30,2008-06-30,2021-08-06,-1560000.0,2733109000.0,2456407750.0,292325000.0,2440784000.0,0.177,1.213,-31162000.0,242523000.0,242523000.0,166233000.0,-105477000.0,3.932,20.03,2455000000.0,0.0,2455000000.0,2455000000.0,39723000.0,183895000.0,0.0,0.0,0.0,17365000.0,201260000.0,0.464,201260000.0,17365000.0,-104534000.0,-0.99,-0.99,-0.99,129965000.0,267071500.0,129965000.0,5695180416.0,328.0,28.298,118603000.0,1.107,1.0,267740000.0,0.617,996591000.0,121899000.0,3874656000.0,3408436750.0,0.0,9254000.0,9254000.0,0.0,2603144000.0,74339000.0,2528805000.0,3912902416.0,109736000.0,-412234000.0,-56986000.0,537440000.0,0.0,334109000.0,-374138000.0,72104000.0,149765000.0,0.0,-105477000.0,-105477000.0,-105477000.0,0.0,0.0,-0.243,230096000.0,37644000.0,10142000.0,0.0,30.107,-37.097,-36.374,1316767000.0,0.0,36.01,9.016,8.889,30720000.0,-1387296000.0,433973000.0,433973000.0,0.0,-0.043,-0.395,0.005,0.04,7035000.0,46201000.0,1.0,108661550.0,107131000.0,107131000.0,4.051,1736518000.0,0.0,943000.0,0.0,16.209,217986000.0
53,SBAC,MRT,2008-03-31,2008-03-31,2008-03-31,2021-08-06,-1420000.0,2406902000.0,2336506500.0,219535000.0,2187367000.0,0.181,3.004,-30236000.0,162722000.0,162722000.0,166122000.0,-94306000.0,3.189,6.386,1945000000.0,0.0,1945000000.0,1945000000.0,37288000.0,176292000.0,0.0,0.0,0.0,18387000.0,194679000.0,0.461,194679000.0,18387000.0,-93452000.0,-0.9,-0.9,-0.9,325887000.0,293298000.0,325887000.0,5032903556.0,274.0,25.852,100895000.0,0.93,1.0,256188000.0,0.607,876096000.0,111839000.0,3244249000.0,3244336250.0,0.0,11787000.0,11787000.0,0.0,2081015000.0,68835000.0,2012180000.0,3235776556.0,-92501000.0,-200044000.0,7072000.0,39327000.0,0.0,38886000.0,-262518000.0,-29543000.0,131131000.0,0.0,-94306000.0,-94306000.0,-94306000.0,0.0,0.0,-0.223,221523000.0,34665000.0,10641000.0,0.0,9.929,-34.311,-33.144,1197094000.0,0.0,29.83,7.662,7.662,36952000.0,-1248941000.0,422310000.0,422310000.0,0.0,-0.04,-0.322,0.006,0.044,6730000.0,45231000.0,1.0,108473904.0,108469000.0,108469000.0,3.893,1530806000.0,0.0,854000.0,0.0,14.113,150700000.0
54,SBAC,MRT,2007-12-31,2007-12-31,2007-12-31,2021-08-06,-1280000.0,2384323000.0,2296327000.0,213212000.0,2171111000.0,0.178,3.221,-27640000.0,107873000.0,107873000.0,163353000.0,-91474000.0,2.799,6.067,1905000000.0,0.0,1905000000.0,1905000000.0,38752000.0,169232000.0,0.0,0.0,0.0,15859000.0,185091000.0,0.453,185091000.0,15859000.0,-90606000.0,-0.87,-0.87,-0.87,337391000.0,269923750.0,337391000.0,5400290142.0,341.0,29.176,95294000.0,0.91,1.0,244848000.0,0.6,868999000.0,106465000.0,3236281000.0,3209373500.0,0.0,55142000.0,55142000.0,0.0,2046932000.0,76170000.0,1970762000.0,3571316142.0,24124000.0,-201466000.0,-56225000.0,341452000.0,0.0,203074000.0,-301884000.0,-70700000.0,122934000.0,0.0,-91474000.0,-91474000.0,-91474000.0,0.0,0.0,-0.224,214796000.0,30052000.0,11357000.0,0.0,10.585,-39.042,-38.897,1191969000.0,0.0,33.84,8.749,8.683,41636000.0,-1234307000.0,408201000.0,408201000.0,0.0,-0.04,-0.339,0.005,0.039,6612000.0,45564000.0,1.0,105535347.0,104743000.0,104743000.0,3.897,1515324000.0,0.0,868000.0,0.0,14.467,137042000.0
55,SBAC,MRT,2007-09-30,2007-09-30,2007-09-30,2021-08-06,-1090000.0,2301297000.0,2211819250.0,249352000.0,2051945000.0,0.179,2.64,-29317000.0,76026000.0,76026000.0,160361000.0,-73265000.0,3.962,7.367,1905000000.0,0.0,1905000000.0,1905000000.0,30900000.0,164785000.0,0.0,0.0,0.0,22259000.0,187044000.0,0.472,187044000.0,22259000.0,-72577000.0,-0.7,-0.7,-0.7,275043000.0,282056250.0,275043000.0,5442987383.0,245.0,29.1,88305000.0,0.848,1.0,235687000.0,0.595,788767000.0,94836000.0,3278561000.0,3084682000.0,0.0,121237000.0,121237000.0,0.0,2026254000.0,62943000.0,1963311000.0,3665282383.0,2946000.0,-165645000.0,-51526000.0,-758650000.0,0.0,202688000.0,-317364000.0,-122402000.0,117622000.0,0.0,-73265000.0,-73265000.0,-73265000.0,0.0,0.0,-0.185,209286000.0,26401000.0,8381000.0,0.0,13.326,-50.028,-50.4,1159703000.0,0.0,35.28,9.255,9.281,42692000.0,-1205428000.0,396048000.0,396048000.0,0.0,-0.033,-0.26,0.007,0.056,6370000.0,44501000.0,1.0,103891224.0,104188000.0,104188000.0,3.801,1512530000.0,0.0,688000.0,0.0,14.517,186409000.0
56,SBAC,MRT,2007-06-30,2007-06-30,2007-06-30,2021-08-06,-949000.0,2253504000.0,2137027250.0,276985000.0,1976519000.0,0.183,2.277,-29378000.0,127295000.0,127295000.0,158863000.0,-80072000.0,4.731,8.595,1905000000.0,0.0,1905000000.0,1905000000.0,28511000.0,160850000.0,0.0,0.0,0.0,19025000.0,179875000.0,0.46,179875000.0,19025000.0,-79732000.0,-0.77,-0.77,-0.77,234871000.0,310286750.0,234871000.0,5105336481.0,268.0,28.383,72409000.0,0.702,1.0,232156000.0,0.594,754412000.0,98757000.0,3218254000.0,2931477000.0,0.0,101295000.0,101295000.0,0.0,2018633000.0,58543000.0,1960090000.0,3452940481.0,35938000.0,-141955000.0,-51408000.0,-758675000.0,0.0,207682000.0,-273531000.0,-102198000.0,101787000.0,0.0,-80072000.0,-80072000.0,-80072000.0,0.0,0.0,-0.205,204750000.0,27406000.0,7385000.0,0.0,14.701,-43.123,-43.623,1119582000.0,0.0,33.59,8.831,8.862,39144000.0,-1187894000.0,391019000.0,391019000.0,0.0,-0.037,-0.258,0.006,0.049,6421000.0,44256000.0,1.0,102796680.0,103160000.0,103160000.0,3.79,1499092000.0,0.0,340000.0,0.0,14.532,218442000.0
57,SBAC,MRT,2007-03-31,2007-03-31,2007-03-31,2021-08-06,-808000.0,2246184000.0,2075871750.0,294728000.0,1951456000.0,0.182,2.199,-28904000.0,252604000.0,252604000.0,159789000.0,-140638000.0,5.299,8.666,1905000000.0,0.0,1905000000.0,1905000000.0,28327000.0,152086000.0,0.0,0.0,0.0,-42692000.0,109394000.0,0.289,109394000.0,-42692000.0,-140202000.0,-1.39,-1.39,-1.39,232390000.0,352765500.0,232390000.0,4603625329.0,-108.0,42.083,56162000.0,0.532,1.0,218317000.0,0.577,738566000.0,97510000.0,3104398000.0,2518831750.0,0.0,0.0,0.0,0.0,2013794000.0,55616000.0,1958178000.0,3129176329.0,159610000.0,-753792000.0,-52475000.0,-102507000.0,0.0,860179000.0,-785635000.0,-2939000.0,85066000.0,0.0,-140638000.0,-140638000.0,-140638000.0,0.0,0.0,-0.372,195902000.0,22415000.0,7676000.0,0.0,13.465,-22.25,-21.259,1114510000.0,0.0,29.55,8.276,8.258,35748000.0,-1172822000.0,378106000.0,378106000.0,0.0,-0.068,-0.399,-0.017,-0.113,5745000.0,44173000.0,1.0,105894292.0,105666000.0,105666000.0,3.578,1507618000.0,0.0,436000.0,0.0,14.268,239112000.0
58,SBAC,MRT,2006-12-31,2006-12-31,2006-12-31,2021-08-06,-666000.0,2046292000.0,1751856250.0,127607000.0,1918685000.0,0.2,3.93,-28704000.0,80551000.0,80551000.0,156586000.0,-133448000.0,2.187,4.302,1555000000.0,0.0,1555000000.0,1555000000.0,25720000.0,133088000.0,0.0,0.0,0.0,-44803000.0,88285000.0,0.251,88285000.0,-44803000.0,-132931000.0,-1.36,-1.36,-1.36,385921000.0,313690750.0,385921000.0,4330840992.0,-97.0,49.055,45026000.0,0.459,1.0,194516000.0,0.554,724872000.0,88128000.0,2737515000.0,2138372750.0,0.0,0.0,0.0,0.0,1660371000.0,58354000.0,1602017000.0,2877762992.0,214000.0,-726237000.0,10491000.0,-444632000.0,0.0,664837000.0,-738353000.0,16588000.0,73730000.0,0.0,-133448000.0,-133448000.0,-133448000.0,0.0,0.0,-0.38,175008000.0,19508000.0,9746000.0,0.0,7.457,-21.565,-20.221,1105942000.0,0.0,27.5,8.196,7.691,40184000.0,-1065224000.0,351102000.0,351102000.0,0.0,-0.076,-0.425,-0.021,-0.128,5410000.0,42277000.0,1.0,104645927.0,98193000.0,98193000.0,3.576,1321420000.0,0.0,517000.0,0.0,13.457,69253000.0
59,SBAC,MRT,2006-09-30,2006-09-30,2006-09-30,2021-08-06,-1552000.0,2002129000.0,1478417250.0,103399000.0,1898730000.0,0.221,3.74,-25356000.0,51922000.0,51922000.0,155567000.0,-141481000.0,1.58,4.161,1505000000.0,0.0,1505000000.0,1505000000.0,18563000.0,115453000.0,0.0,0.0,0.0,-61803000.0,53650000.0,0.164,53650000.0,-61803000.0,-139744000.0,-1.51,-1.51,-1.51,387965000.0,237568250.0,387965000.0,3954267345.0,-64.0,73.705,26540000.0,0.256,1.0,171204000.0,0.524,724016000.0,77941000.0,2665741000.0,1850956000.0,0.0,0.0,0.0,0.0,1614164000.0,65450000.0,1548714000.0,2524359345.0,16938000.0,-732845000.0,160887000.0,169505000.0,0.0,726272000.0,-761230000.0,-2913000.0,51896000.0,0.0,-141481000.0,-141481000.0,-141481000.0,15000.0,0.0,-0.433,153864000.0,17340000.0,10948000.0,0.0,6.507,-17.842,-16.113,1106702000.0,0.0,24.33,7.725,7.724,44106000.0,-1040959000.0,326771000.0,326771000.0,0.0,-0.096,-0.596,-0.033,-0.189,4363000.0,38608000.0,1.0,103755008.0,103733000.0,103733000.0,3.15,1278113000.0,0.0,1737000.0,0.0,12.321,37949000.0
60,SBAC,MRT,2006-06-30,2006-06-30,2006-06-30,2021-08-06,23273000.0,2008882000.0,1199367250.0,137120000.0,1871762000.0,0.246,4.125,-24579000.0,75092000.0,75092000.0,148418000.0,-131584000.0,0.118,3.963,1505000000.0,1100000000.0,405000000.0,1505000000.0,21199000.0,98112000.0,0.0,0.0,0.0,-62573000.0,35539000.0,0.121,35539000.0,-62573000.0,-129687000.0,-1.46,-1.46,-1.46,404786000.0,128909750.0,404786000.0,3411358190.0,-55.0,95.989,32647000.0,0.333,1.0,146202000.0,0.496,713435000.0,67114000.0,1567673000.0,1591469000.0,0.0,0.0,0.0,0.0,1604096000.0,1157682000.0,446414000.0,2692865190.0,40474000.0,-725321000.0,159771000.0,180645000.0,0.0,735607000.0,-752359000.0,-2459000.0,57226000.0,0.0,-131584000.0,-131584000.0,-131584000.0,12000.0,0.0,-0.447,132575000.0,13627000.0,13599000.0,0.0,6.653,-20.465,-17.904,1089634000.0,0.0,26.14,9.14,8.707,44398000.0,-1008909000.0,294620000.0,294620000.0,0.0,-0.11,-1.021,-0.039,-0.212,2825000.0,34289000.0,1.0,103017031.0,98138000.0,98138000.0,3.002,1295447000.0,0.0,1897000.0,0.0,13.2,-1020562000.0
61,SBAC,MRT,2006-03-31,2006-03-31,2006-03-31,2021-08-06,15844000.0,950122000.0,911431000.0,118665000.0,831457000.0,0.297,0.888,-21299000.0,71164000.0,71164000.0,142921000.0,-82201000.0,2.448,11.487,789657000.0,0.0,789657000.0,789657000.0,14434000.0,86870000.0,0.0,0.0,0.0,-17157000.0,69713000.0,0.258,69713000.0,-17157000.0,-80170000.0,-1.07,-1.07,-1.07,76091000.0,15235000.0,76091000.0,2726087422.0,-159.0,39.104,27682000.0,0.323,1.0,127571000.0,0.472,37585000.0,63013000.0,1582562000.0,1603590000.0,0.0,0.0,0.0,0.0,874031000.0,48468000.0,825563000.0,2007141422.0,40857000.0,-75369000.0,232913000.0,-541903000.0,0.0,88684000.0,-96808000.0,-140000.0,48981000.0,0.0,-82201000.0,-82201000.0,-82201000.0,-109000.0,0.0,-0.304,116993000.0,10578000.0,13502000.0,0.0,26.378,-24.417,-21.879,732459000.0,0.0,23.41,7.42,7.416,41342000.0,-933271000.0,270492000.0,270492000.0,0.0,-0.09,-5.396,-0.011,-0.063,1429000.0,29906000.0,1.0,85738634.0,85694000.0,85694000.0,3.156,912537000.0,0.0,2031000.0,0.0,10.649,70197000.0
62,SBAC,MRT,2005-12-31,2005-12-31,2005-12-31,2021-08-06,14460000.0,952536000.0,887409500.0,132188000.0,820348000.0,0.293,1.103,-18313000.0,65446000.0,65446000.0,139952000.0,-94709000.0,2.535,10.697,784392000.0,0.0,784392000.0,784392000.0,13531000.0,87218000.0,0.0,0.0,0.0,-25860000.0,61358000.0,0.236,61358000.0,-25860000.0,-92605000.0,-1.28,-1.28,-1.28,81431000.0,-29863500.0,81431000.0,2349403781.0,-91.0,38.29,31454000.0,0.426,1.0,120039000.0,0.462,31491000.0,66745000.0,1587848000.0,1624672500.0,0.0,19777000.0,19777000.0,0.0,871105000.0,52143000.0,818962000.0,1527173781.0,-23693000.0,-61326000.0,231543000.0,-595789000.0,0.0,25823000.0,-99283000.0,-19644000.0,49767000.0,0.0,-94709000.0,-94709000.0,-94709000.0,61000.0,0.0,-0.364,115844000.0,4195000.0,17283000.0,0.0,18.754,-16.125,-13.984,728333000.0,0.0,17.9,5.874,5.083,42717000.0,-924066000.0,259991000.0,259991000.0,0.0,-0.107,3.171,-0.016,-0.099,462000.0,28178000.0,1.0,85316971.0,73823000.0,73823000.0,3.522,921045000.0,0.0,2104000.0,0.0,12.476,80045000.0
63,SBAC,MRT,2005-09-30,2005-09-30,2005-09-30,2021-08-06,8483000.0,885929000.0,878586500.0,78969000.0,806960000.0,0.288,-0.627,-14478000.0,25031000.0,25031000.0,138363000.0,-104248000.0,1.452,-19.983,847261000.0,3250000.0,844011000.0,847261000.0,12969000.0,87407000.0,0.0,0.0,0.0,-34180000.0,53227000.0,0.21,53227000.0,-34180000.0,-103303000.0,-1.56,-1.56,-1.56,-46669000.0,-72389000.0,-46669000.0,1954803905.0,-57.0,36.726,21820000.0,0.293,1.0,114743000.0,0.453,25982000.0,69123000.0,1627793000.0,1657945000.0,0.0,0.0,0.0,0.0,932598000.0,54384000.0,878214000.0,1147917905.0,2481000.0,-39726000.0,77503000.0,-64677000.0,0.0,15785000.0,-49602000.0,0.0,36298000.0,0.0,-104248000.0,-104248000.0,-104248000.0,366000.0,0.0,-0.412,121370000.0,-6627000.0,15097000.0,0.0,-24.597,-11.011,-9.891,724831000.0,0.0,15.43,4.535,4.541,41245000.0,-891769000.0,253106000.0,253106000.0,0.0,-0.119,1.44,-0.021,-0.135,437000.0,28272000.0,1.0,74395198.0,74487000.0,74487000.0,3.398,859947000.0,0.0,945000.0,0.0,11.545,24585000.0
64,SBAC,MRT,2005-06-30,2005-06-30,2005-06-30,2021-08-06,204000.0,857137000.0,885975500.0,66039000.0,791098000.0,0.277,-0.71,-9418000.0,23160000.0,23160000.0,135398000.0,-117176000.0,1.405,-18.173,830046000.0,3250000.0,826796000.0,830046000.0,11553000.0,88375000.0,0.0,0.0,0.0,-45194000.0,43181000.0,0.176,43181000.0,-45194000.0,-116351000.0,-1.84,-1.84,-1.84,-49913000.0,-67589750.0,-49913000.0,1748465379.0,-39.0,40.492,7531000.0,0.107,1.0,110430000.0,0.449,865000.0,71157000.0,1616157000.0,1681156750.0,0.0,0.0,0.0,0.0,907050000.0,47001000.0,860049000.0,887165379.0,-706000.0,-17402000.0,77565000.0,-74200000.0,0.0,5032000.0,-22687000.0,-303000.0,16949000.0,0.0,-117176000.0,-117176000.0,-117176000.0,2911000.0,0.0,-0.477,123063000.0,-12633000.0,13499000.0,0.0,-17.774,-7.571,-7.337,735642000.0,0.0,13.5,3.609,3.862,37968000.0,-877325000.0,245828000.0,245828000.0,0.0,-0.132,1.734,-0.027,-0.184,444000.0,28921000.0,1.0,65715954.0,70330000.0,70330000.0,3.495,856272000.0,0.0,825000.0,0.0,12.175,19038000.0
65,SBAC,MRT,2005-03-31,2005-03-31,2005-03-31,2021-08-06,0.0,854036000.0,905306250.0,56611000.0,797425000.0,0.264,-1.598,-6682000.0,21041000.0,21041000.0,131961000.0,-117568000.0,1.196,-9.188,882341000.0,3250000.0,879091000.0,882341000.0,11072000.0,89377000.0,0.0,0.0,0.0,-45042000.0,44335000.0,0.186,44335000.0,-45042000.0,-116844000.0,-1.93,-1.93,-1.93,-104303000.0,-59852750.0,-104303000.0,1453608539.0,-32.0,32.787,21047000.0,0.323,1.0,106966000.0,0.448,1108000.0,71802000.0,1666892000.0,1711512000.0,0.0,0.0,0.0,0.0,958339000.0,47336000.0,911003000.0,597546539.0,-147000.0,-11958000.0,2126000.0,-20271000.0,0.0,-17868000.0,-10008000.0,-234000.0,27729000.0,0.0,-117568000.0,-117568000.0,-117568000.0,3502000.0,0.0,-0.492,125580000.0,-18614000.0,11260000.0,0.0,-5.729,-5.083,-4.736,742827000.0,0.0,9.14,2.501,2.496,31085000.0,-851070000.0,238927000.0,238927000.0,0.0,-0.13,1.964,-0.026,-0.189,470000.0,28905000.0,1.0,65377083.0,65260000.0,65260000.0,3.661,852928000.0,0.0,724000.0,0.0,13.07,9275000.0
66,SBAC,MRT,2004-12-31,2004-12-31,2004-12-31,2021-08-06,0.0,917244000.0,930352750.0,116172000.0,801072000.0,0.249,-1.518,-5718000.0,71644000.0,71644000.0,128681000.0,-147280000.0,2.278,-11.344,927706000.0,3250000.0,924456000.0,927706000.0,12445000.0,90549000.0,0.0,0.0,0.0,-71028000.0,19521000.0,0.084,19521000.0,-71028000.0,-146570000.0,-2.52,-2.52,-2.52,-88671000.0,-33160500.0,-88671000.0,1456144127.0,-21.0,74.594,8498000.0,0.145,1.0,102801000.0,0.444,1365000.0,75542000.0,1720938000.0,1738369500.0,0.0,0.0,0.0,0.0,1005915000.0,51003000.0,954912000.0,595468127.0,61289000.0,-1791000.0,2126000.0,43621000.0,0.0,45747000.0,1326000.0,0.0,14216000.0,0.0,-147280000.0,-147280000.0,-147280000.0,3257000.0,0.0,-0.636,126682000.0,-23881000.0,15204000.0,0.0,-6.715,-4.043,-3.683,745831000.0,0.0,9.28,2.572,2.342,40191000.0,-829357000.0,231482000.0,231482000.0,0.0,-0.158,4.441,-0.041,-0.307,470000.0,28887000.0,1.0,64166824.0,58420000.0,58420000.0,3.962,915879000.0,0.0,710000.0,0.0,15.677,65169000.0
67,SBAC,MRT,2004-09-30,2004-09-30,2004-09-30,2021-08-06,0.0,915485000.0,940604750.0,64873000.0,850612000.0,0.231,-0.475,-2432000.0,27350000.0,27350000.0,124065000.0,-159589000.0,1.204,-34.324,888026000.0,3251000.0,884775000.0,888026000.0,13778000.0,106636000.0,0.0,0.0,0.0,-78290000.0,28346000.0,0.13,28346000.0,-78290000.0,-158531000.0,-2.87,-2.87,-2.87,-27472000.0,-11384250.0,-27472000.0,1263432137.0,-16.0,44.572,2117000.0,0.037,1.0,93319000.0,0.429,1626000.0,80241000.0,1720640000.0,1741128250.0,0.0,0.0,0.0,0.0,942957000.0,53895000.0,889062000.0,398766137.0,-14289000.0,-1257000.0,31000.0,-32624000.0,0.0,-32526000.0,13688000.0,0.0,4549000.0,0.0,-159589000.0,-159589000.0,-159589000.0,-7143000.0,0.0,-0.734,131926000.0,-38607000.0,12805000.0,0.0,-14.515,-2.499,-2.439,798202000.0,0.0,7.0,1.834,1.86,31934000.0,-731811000.0,217384000.0,217384000.0,0.0,-0.17,14.018,-0.045,-0.36,492000.0,29373000.0,1.0,56966591.0,57776000.0,57776000.0,3.763,913859000.0,0.0,1058000.0,0.0,15.817,10978000.0
68,SBAC,MRT,2004-06-30,2004-06-30,2004-06-30,2021-08-06,0.0,934460000.0,970905250.0,64991000.0,869469000.0,0.212,-0.333,41314000.0,28161000.0,28161000.0,117157000.0,-151883000.0,1.089,-50.273,892827000.0,3254000.0,889573000.0,892827000.0,11811000.0,104995000.0,0.0,0.0,0.0,-65733000.0,39262000.0,0.19,39262000.0,-65733000.0,-150626000.0,-2.78,-2.78,-2.78,-18965000.0,18343750.0,-18965000.0,1123095535.0,-17.0,28.605,20971000.0,0.368,1.0,89078000.0,0.432,1888000.0,84893000.0,1737578000.0,1756611000.0,0.0,0.0,0.0,0.0,953425000.0,59660000.0,893765000.0,251561535.0,-212000.0,-997000.0,31000.0,-38190000.0,0.0,-39021000.0,59152000.0,0.0,-20343000.0,0.0,-151883000.0,-151883000.0,-151883000.0,-22374000.0,0.0,-0.736,131604000.0,-42526000.0,12535000.0,0.0,-13.265,-1.656,-1.601,816545000.0,0.0,4.45,1.22,1.228,29785000.0,-707802000.0,206235000.0,206235000.0,0.0,-0.156,-8.28,-0.037,-0.319,587000.0,29776000.0,1.0,56530682.0,56933000.0,56933000.0,3.622,932572000.0,0.0,1257000.0,0.0,16.38,5331000.0
69,SBAC,MRT,2004-03-31,2004-03-31,2004-03-31,2021-08-06,0.0,954222000.0,1008032000.0,62689000.0,891533000.0,0.194,0.044,181851000.0,29514000.0,29514000.0,109493000.0,-192818000.0,1.272,385.951,901048000.0,2458000.0,898590000.0,901048000.0,10904000.0,102981000.0,0.0,0.0,0.0,-101700000.0,1281000.0,0.007,1281000.0,-101700000.0,-191356000.0,-3.63,-3.63,-3.63,2466000.0,48750250.0,2466000.0,1069422763.0,-11.0,834.834,159349000.0,2.862,1.0,86372000.0,0.441,2155000.0,89656000.0,1774322000.0,1782614500.0,0.0,0.0,0.0,0.0,951756000.0,49279000.0,902477000.0,217346763.0,-28693000.0,-862000.0,31000.0,-167513000.0,0.0,-168417000.0,162226000.0,0.0,-22502000.0,0.0,-192818000.0,-192818000.0,-192818000.0,-662000.0,0.0,-0.984,138392000.0,-52020000.0,10965000.0,0.0,88.137,-1.127,-1.069,837005000.0,0.0,3.88,1.11,1.103,28042000.0,-684556000.0,195865000.0,195865000.0,0.0,-0.191,-3.955,-0.057,-0.519,678000.0,29506000.0,1.0,56017207.0,55684000.0,55684000.0,3.517,952067000.0,0.0,1462000.0,0.0,17.098,13410000.0
70,SBAC,MRT,2003-12-31,2003-12-31,2003-12-31,2021-08-06,0.0,958252000.0,1085632500.0,70265000.0,887987000.0,0.177,-0.03,177314000.0,18682000.0,18682000.0,106476000.0,-175148000.0,0.925,-612.911,870758000.0,11538000.0,859220000.0,870758000.0,12816000.0,101871000.0,0.0,0.0,0.0,-82641000.0,19230000.0,0.1,19230000.0,-82641000.0,-173419000.0,-3.36,-3.36,-3.36,-1566000.0,86130500.0,-1566000.0,1025436051.0,-12.0,53.325,147506000.0,2.826,1.0,85633000.0,0.446,2408000.0,90778000.0,1731973000.0,1869536500.0,0.0,15200000.0,15200000.0,0.0,959818000.0,75947000.0,883871000.0,203098051.0,-52803000.0,-3126000.0,31000.0,-177546000.0,0.0,-178451000.0,155456000.0,0.0,-29808000.0,0.0,-175148000.0,-175148000.0,-175148000.0,-202000.0,0.0,-0.912,139458000.0,-53825000.0,11352000.0,0.0,-129.692,-1.16,-1.119,830145000.0,0.0,3.76,1.057,1.022,29641000.0,-682077000.0,192109000.0,192109000.0,0.0,-0.161,-2.034,-0.044,-0.43,832000.0,30714000.0,1.0,54015439.0,52204000.0,52204000.0,3.68,955844000.0,0.0,1729000.0,0.0,18.31,-5682000.0
71,SBAC,MRT,2003-09-30,2003-09-30,2003-09-30,2021-08-06,0.0,1036687000.0,1171910750.0,100965000.0,935722000.0,0.151,1.745,154798000.0,58302000.0,58302000.0,97522000.0,-169428000.0,1.369,10.337,880640000.0,13042000.0,867598000.0,880640000.0,11867000.0,94791000.0,0.0,0.0,0.0,-78838000.0,15953000.0,0.09,15953000.0,-78838000.0,-169337000.0,-3.3,-3.3,-3.3,91440000.0,137394500.0,91440000.0,1010780071.0,-13.0,63.36,172491000.0,3.292,1.0,79584000.0,0.449,2709000.0,90499000.0,1782571000.0,1968859000.0,0.0,0.0,0.0,0.0,945247000.0,73745000.0,871502000.0,161142071.0,-7064000.0,-12906000.0,0.0,-140623000.0,0.0,-140258000.0,115501000.0,5369000.0,17693000.0,0.0,-169428000.0,-169428000.0,-169428000.0,11277000.0,0.0,-0.957,136809000.0,-57225000.0,13360000.0,0.0,1.762,-0.951,-0.955,878985000.0,0.0,3.15,0.91,0.932,29110000.0,-585466000.0,177106000.0,177106000.0,0.0,-0.145,-1.233,-0.04,-0.445,853000.0,29158000.0,1.0,51156213.0,52394000.0,52394000.0,3.38,1033978000.0,0.0,91000.0,0.0,19.735,27220000.0
72,SBAC,MRT,2003-06-30,2003-06-30,2003-06-30,2021-08-06,0.0,1082967000.0,1243733500.0,126218000.0,956749000.0,0.153,2.008,100413000.0,45050000.0,45050000.0,109300000.0,-181435000.0,1.434,9.549,894688000.0,6558000.0,888130000.0,894688000.0,14169000.0,95984000.0,0.0,0.0,0.0,-92677000.0,3307000.0,0.017,3307000.0,-92677000.0,-181236000.0,-3.54,-3.54,-3.54,102661000.0,168429250.0,102661000.0,1135215536.0,-12.0,343.277,130417000.0,2.551,1.0,81004000.0,0.426,3019000.0,88559000.0,1841592000.0,2075598250.0,0.0,0.0,0.0,0.0,980306000.0,87994000.0,892312000.0,153904536.0,-9274000.0,-14627000.0,0.0,-97969000.0,0.0,-97765000.0,58487000.0,5369000.0,30004000.0,0.0,-181435000.0,-181435000.0,-181435000.0,25119000.0,0.0,-0.953,139097000.0,-58093000.0,11524000.0,0.0,1.499,-0.848,-0.85,896619000.0,0.0,3.01,0.809,0.809,33493000.0,-565800000.0,190304000.0,190304000.0,0.0,-0.146,-1.077,-0.045,-0.487,1391000.0,30035000.0,1.0,51131075.0,51133000.0,51133000.0,3.722,1079948000.0,0.0,199000.0,0.0,21.12,38224000.0
73,SBAC,MRT,2003-03-31,2003-03-31,2003-03-31,2021-08-06,0.0,1264624000.0,1303663250.0,92403000.0,1172221000.0,0.159,2.973,-62913000.0,47857000.0,47857000.0,123780000.0,-156936000.0,0.77,7.321,1029168000.0,60066000.0,969102000.0,1029168000.0,18327000.0,91279000.0,0.0,0.0,0.0,-70754000.0,20525000.0,0.099,20525000.0,-70754000.0,-156693000.0,-3.07,-3.07,-3.07,151987000.0,204378250.0,151987000.0,1030626842.0,-15.0,50.213,-16535000.0,-0.323,1.0,84152000.0,0.405,3874000.0,85939000.0,2122010000.0,2152565500.0,0.0,0.0,0.0,0.0,1112637000.0,120051000.0,992586000.0,67485842.0,15581000.0,-15513000.0,-75000.0,34006000.0,0.0,34260000.0,-65057000.0,5369000.0,46378000.0,0.0,-156936000.0,-156936000.0,-156936000.0,3770000.0,0.0,-0.755,146560000.0,-62408000.0,13877000.0,0.0,0.444,-0.43,-0.43,1121934000.0,0.0,1.32,0.325,0.325,39534000.0,-521740000.0,207932000.0,207932000.0,0.0,-0.12,-0.768,-0.033,-0.34,1634000.0,31922000.0,1.0,51125638.0,51130000.0,51130000.0,4.067,1260750000.0,0.0,243000.0,18429000.0,24.658,-27648000.0
74,SBAC,MRT,2002-12-31,2002-12-31,2002-12-31,2021-08-06,0.0,1303365000.0,1343144000.0,315396000.0,987969000.0,0.16,4.03,-86361000.0,61141000.0,61141000.0,128274000.0,-267087000.0,2.362,5.405,1024282000.0,60083000.0,964199000.0,1024282000.0,14207000.0,95627000.0,0.0,0.0,0.0,-182927000.0,-87300000.0,-0.407,-87300000.0,-182927000.0,-266787000.0,-5.29,-5.29,-5.29,203490000.0,259829250.0,203490000.0,990195535.0,-5.0,-11.342,-68554000.0,-1.358,1.0,86199000.0,0.402,3704000.0,83860000.0,2129263000.0,2162328250.0,0.0,0.0,0.0,0.0,1099875000.0,133539000.0,966336000.0,20917535.0,47237000.0,-29724000.0,0.0,131817000.0,0.0,132146000.0,-102716000.0,5369000.0,17807000.0,0.0,-267087000.0,-267087000.0,-267087000.0,4081000.0,0.0,-1.245,200323000.0,-114124000.0,16810000.0,0.0,0.103,-0.078,-0.078,940961000.0,0.0,0.41,0.098,0.097,46717000.0,-464463000.0,214473000.0,214473000.0,0.0,-0.199,-1.028,-0.085,-0.853,2017000.0,32740000.0,1.0,51018379.0,50491000.0,50491000.0,4.248,1299661000.0,0.0,300000.0,0.0,25.74,181857000.0
75,SBAC,MRT,2002-09-30,2002-09-30,2002-09-30,2021-08-06,0.0,1323978000.0,1374555500.0,111734000.0,1212244000.0,0.174,4.248,42692000.0,42349000.0,42349000.0,146498000.0,-268934000.0,1.413,5.141,1011627000.0,2603000.0,1009024000.0,1011627000.0,3209000.0,76757000.0,0.0,0.0,0.0,-167278000.0,-90521000.0,-0.377,-90521000.0,-167278000.0,-267082000.0,-5.45,-5.45,-5.45,215579000.0,321617750.0,215579000.0,983052811.0,-6.0,-10.86,36422000.0,0.718,1.0,93321000.0,0.389,4660000.0,99804000.0,2209528000.0,2145682250.0,0.0,0.0,0.0,0.0,1108399000.0,79068000.0,1029331000.0,55000811.0,-28098000.0,-258710000.0,0.0,194725000.0,0.0,194190000.0,-216018000.0,0.0,-6270000.0,0.0,-268934000.0,-268934000.0,-268934000.0,4187000.0,0.0,-1.121,190460000.0,-97139000.0,19863000.0,0.0,0.255,-0.205,-0.2,1154392000.0,0.0,1.09,0.229,0.231,62018000.0,-457652000.0,239819000.0,239819000.0,0.0,-0.196,-0.836,-0.078,-0.698,2653000.0,37435000.0,1.0,50459460.0,50745000.0,50745000.0,4.726,1319318000.0,0.0,1852000.0,18475000.0,25.999,32666000.0
76,SBAC,MRT,2002-06-30,2002-06-30,2002-06-30,2021-08-06,0.0,1322686000.0,1388837750.0,101558000.0,1221128000.0,0.174,4.891,-33593000.0,31814000.0,31814000.0,146697000.0,-286379000.0,1.054,4.367,959866000.0,124000.0,959742000.0,959866000.0,4355000.0,74709000.0,0.0,0.0,0.0,-191761000.0,-117052000.0,-0.484,-117052000.0,-191761000.0,-284660000.0,-5.86,-5.86,-5.86,246457000.0,385227750.0,246457000.0,978664920.0,-5.0,-8.361,-18731000.0,-0.372,1.0,95363000.0,0.394,4925000.0,92899000.0,2149461000.0,2058554250.0,0.0,0.0,0.0,0.0,1076229000.0,96352000.0,979877000.0,71029920.0,-119561000.0,-256770000.0,0.0,155517000.0,0.0,156440000.0,-290863000.0,0.0,14862000.0,0.0,-286379000.0,-286379000.0,-286379000.0,3034000.0,0.0,-1.183,212941000.0,-117578000.0,28228000.0,0.0,0.288,-0.248,-0.241,1168891000.0,0.0,1.41,0.293,0.294,58553000.0,-425979000.0,242060000.0,242060000.0,0.0,-0.206,-0.743,-0.093,-0.792,2759000.0,38790000.0,1.0,50375830.0,50392000.0,50392000.0,4.804,1317761000.0,0.0,1719000.0,18475000.0,26.15,5206000.0
77,SBAC,MRT,2002-03-31,2002-03-31,2002-03-31,2021-08-06,0.0,1422547000.0,1411711750.0,106700000.0,1315847000.0,0.167,7.627,-178832000.0,39776000.0,39776000.0,142963000.0,-266617000.0,1.39,2.806,947411000.0,188000.0,947223000.0,947411000.0,4173000.0,77150000.0,0.0,0.0,0.0,-180662000.0,-103512000.0,-0.438,-103512000.0,-180662000.0,-264899000.0,-5.51,-5.51,-5.51,373791000.0,452234750.0,373791000.0,994805347.0,-6.0,-9.611,-166811000.0,-3.404,1.0,93247000.0,0.395,92374000.0,84237000.0,2161061000.0,1973983750.0,0.0,0.0,0.0,0.0,1048756000.0,76747000.0,972009000.0,163256347.0,-218089000.0,-255657000.0,-1358000.0,210487000.0,0.0,212379000.0,-442489000.0,0.0,12021000.0,0.0,-266617000.0,-266617000.0,-266617000.0,2201000.0,0.0,-1.129,196502000.0,-103255000.0,38442000.0,0.0,0.437,-0.612,-0.597,1179356000.0,0.0,3.29,0.691,0.683,60259000.0,-298049000.0,236210000.0,236210000.0,0.0,-0.189,-0.59,-0.092,-0.765,3190000.0,40836000.0,1.0,49621990.0,49010000.0,49010000.0,4.82,1330173000.0,0.0,1718000.0,18475000.0,27.141,29953000.0
78,SBAC,MRT,2001-12-31,2001-12-31,2001-12-31,2021-08-06,0.0,1429011000.0,1393493500.0,92287000.0,1336724000.0,0.162,9.523,-307557000.0,13904000.0,13904000.0,139189000.0,-125792000.0,0.826,2.171,845453000.0,365000.0,845088000.0,845453000.0,19912000.0,66104000.0,0.0,0.0,0.0,-50747000.0,15357000.0,0.068,15357000.0,-50747000.0,-124299000.0,-2.66,-2.66,-2.66,450644000.0,490887250.0,450644000.0,1332064668.0,-26.0,86.74,-278804000.0,-5.892,1.0,86033000.0,0.382,86180000.0,73552000.0,2062679000.0,1840692000.0,0.0,0.0,0.0,0.0,978367000.0,111701000.0,866666000.0,623839668.0,-1076000.0,-239143000.0,0.0,521621000.0,0.0,524871000.0,-554700000.0,0.0,28753000.0,0.0,-125792000.0,-125792000.0,-125792000.0,2201000.0,0.0,-0.559,132606000.0,-46573000.0,56293000.0,0.0,1.384,-4.959,-4.895,1198559000.0,0.0,13.02,2.77,2.736,68129000.0,-214820000.0,225222000.0,225222000.0,0.0,-0.09,-0.256,-0.028,-0.225,3326000.0,42103000.0,1.0,47913953.0,47321000.0,47321000.0,4.759,1342831000.0,0.0,1493000.0,18429000.0,28.377,-19414000.0
79,SBAC,MRT,2001-09-30,2001-09-30,2001-09-30,2021-08-06,0.0,1381107000.0,1273445250.0,150817000.0,1230290000.0,0.179,9.874,-577337000.0,70447000.0,70447000.0,138595000.0,-100814000.0,1.343,1.938,778672000.0,289000.0,778383000.0,778672000.0,3837000.0,64072000.0,0.0,0.0,0.0,-65132000.0,-1060000.0,-0.005,-1060000.0,-65132000.0,-99253000.0,-2.12,-2.12,-2.12,470019000.0,512766250.0,470019000.0,1255538817.0,-19.0,-1184.471,-536704000.0,-11.275,1.0,88728000.0,0.39,115987000.0,34121000.0,1861016000.0,1581275750.0,0.0,0.0,0.0,0.0,911088000.0,112329000.0,798759000.0,633732817.0,-54393000.0,0.0,-2720000.0,477814000.0,0.0,482311000.0,-577337000.0,0.0,40633000.0,0.0,-100814000.0,-100814000.0,-100814000.0,0.0,0.0,-0.443,128185000.0,-39457000.0,65632000.0,0.0,1.348,-6.286,-6.297,1104060000.0,0.0,13.35,2.788,2.795,69047000.0,-185110000.0,227323000.0,227323000.0,0.0,-0.079,-0.197,-0.041,-0.287,2635000.0,39714000.0,1.0,47470623.0,47600000.0,47600000.0,4.776,1265120000.0,0.0,1561000.0,18895000.0,26.578,38488000.0
80,SBAC,MRT,2001-06-30,2001-06-30,2001-06-30,2021-08-06,0.0,1414182000.0,1147079114.0,230546000.0,1183636000.0,0.183,10.922,-609445000.0,150875000.0,150875000.0,130321000.0,-57601000.0,2.136,1.749,772681000.0,713000.0,771968000.0,772681000.0,5084000.0,53443000.0,0.0,0.0,0.0,-35124000.0,18319000.0,0.087,18319000.0,-35124000.0,-56113000.0,-1.23,-1.23,-1.23,514485000.0,527716147.0,514485000.0,1628258192.0,-46.0,88.884,-569144000.0,-12.082,1.0,79364000.0,0.378,116870000.0,20989000.0,1811179000.0,1333251430.0,0.0,0.0,0.0,0.0,899697000.0,107939000.0,791758000.0,1163263192.0,123676000.0,0.0,232715000.0,453209000.0,0.0,692820000.0,-609445000.0,0.0,40301000.0,0.0,-57601000.0,-57601000.0,-57601000.0,0.0,0.0,-0.275,90186000.0,-10822000.0,54746000.0,0.0,2.261,-20.195,-20.122,1056166000.0,0.0,24.75,5.548,5.56,71581000.0,-135992000.0,209685000.0,209685000.0,0.0,-0.05,-0.109,-0.026,-0.168,1789000.0,36742000.0,1.0,47000533.0,47105000.0,47105000.0,4.451,1297312000.0,0.0,1488000.0,18465000.0,27.541,122607000.0
81,SBAC,MRT,2001-03-31,2001-03-31,2001-03-31,2021-08-06,0.0,1349674000.0,953657010.0,323279000.0,1026395000.0,0.2,11.29,-542995000.0,250365000.0,250365000.0,121106000.0,-42188000.0,3.827,1.554,715360000.0,50000.0,715310000.0,715360000.0,4801000.0,43008000.0,0.0,0.0,0.0,-30170000.0,12838000.0,0.067,12838000.0,-30170000.0,-40825000.0,-0.93,-0.93,-0.93,528401000.0,469971502.0,528401000.0,855826806.0,-28.0,66.664,-509365000.0,-10.884,1.0,69327000.0,0.364,102309000.0,10655000.0,1627894000.0,1073879986.0,0.0,0.0,0.0,0.0,821273000.0,84466000.0,736807000.0,727468581.0,138667000.0,0.0,235032000.0,408636000.0,0.0,648032000.0,-542995000.0,0.0,33630000.0,0.0,-42188000.0,-42188000.0,-42188000.0,0.0,0.0,-0.222,75329000.0,-6002000.0,46842000.0,0.0,1.377,-17.243,-17.0,910471000.0,0.0,15.81,3.82,3.885,67313000.0,-112671000.0,190433000.0,190433000.0,0.0,-0.044,-0.09,-0.028,-0.158,898000.0,32321000.0,1.0,46013193.0,46801000.0,46801000.0,4.069,1247365000.0,0.0,1363000.0,20501000.0,26.653,238813000.0
82,SBAC,MRT,2000-12-31,2000-12-31,2000-12-31,2021-08-06,0.0,948818000.0,766864567.0,82236000.0,866582000.0,0.219,13.076,-445280000.0,14980000.0,14980000.0,108394000.0,-28915000.0,0.75,0.763,284273000.0,2606000.0,281667000.0,284273000.0,5942000.0,34831000.0,0.0,0.0,0.0,-22803000.0,12028000.0,0.072,12028000.0,-22803000.0,-27682000.0,-0.7,-0.7,-0.7,538160000.0,406550244.0,538160000.0,2017659930.0,-88.0,167.747,-397764000.0,-9.665,1.0,59512000.0,0.354,83387000.0,4879000.0,1025014000.0,834649718.0,0.0,0.0,0.0,0.0,410658000.0,109710000.0,300948000.0,1889301705.0,11849000.0,0.0,465044000.0,-59795000.0,0.0,409613000.0,-445280000.0,0.0,47516000.0,0.0,-28915000.0,-28915000.0,-28915000.0,0.0,0.0,-0.172,62630000.0,-3118000.0,76944000.0,0.0,3.511,-65.34,-58.657,765815000.0,0.0,41.06,11.252,10.064,61288000.0,-89675000.0,167906000.0,167906000.0,0.0,-0.038,-0.071,-0.027,-0.136,313000.0,27799000.0,1.0,46013193.0,41156000.0,41156000.0,4.08,865431000.0,0.0,1233000.0,18445000.0,21.028,-27474000.0
83,SBAC,MRT,2000-09-30,2000-09-30,2000-09-30,2021-08-06,0.0,875642456.0,637115874.0,183965242.0,691677214.0,0.225,12.216,-344009852.0,124840149.0,124840149.0,92880799.0,-33050007.0,2.203,0.653,253198374.0,50176.0,253148198.0,253198374.0,4548086.0,29853288.0,0.0,0.0,0.0,-24459721.0,5393567.0,0.038,5393567.0,-24459721.0,-31958004.0,-0.89,-0.89,-0.89,529818588.0,284155806.0,529818588.0,2120362688.0,-87.0,393.128,-310614556.0,-7.162,1.0,50706635.0,0.353,51586510.0,7498283.0,868918718.0,737592818.0,0.0,0.0,0.0,0.0,345823868.0,83495453.0,262328415.0,1875154512.0,122135576.0,0.0,468284485.0,-42104457.0,0.0,432750132.0,-344009852.0,0.0,33395296.0,0.0,-33050007.0,-33050410.0,-33050410.0,0.0,0.0,-0.23,55137052.0,-4430417.0,60403496.0,0.0,3.539,-56.736,-47.124,617323296.0,403.0,41.94,13.059,12.668,50352907.0,-84295573.0,143587434.0,143587434.0,0.0,-0.052,-0.116,-0.033,-0.17,335354.0,25283764.0,1.0,44710408.0,43370000.0,43370000.0,3.311,824055946.0,0.0,1092003.0,8612278.0,19.001,100469789.0
84,SBAC,MRT,2000-06-30,2000-06-30,2000-06-30,2021-08-06,0.0,640493584.0,505001145.0,75860538.0,564633046.0,0.243,7.226,-280471503.0,27199049.0,27199049.0,80734184.0,-35130688.0,0.981,1.259,272407225.0,1300176.0,271107049.0,272407225.0,3008498.0,24650607.0,0.0,0.0,0.0,-26656106.0,-2005499.0,-0.016,-2005499.0,-26656106.0,-34200787.0,-1.03,-1.03,-1.03,283506419.0,163394040.0,283506419.0,2190484890.0,-82.0,-1092.239,-250999983.0,-6.398,1.0,42069243.0,0.343,34657298.0,7544681.0,773693224.0,656255732.0,0.0,0.0,0.0,0.0,356987165.0,77351238.0,279635927.0,2035452144.0,22161934.0,0.0,243986206.0,23024000.0,0.0,273161917.0,-280471503.0,0.0,29471520.0,0.0,-35130688.0,-35131091.0,-35131091.0,0.0,0.0,-0.286,47917068.0,-5847825.0,58574780.0,0.0,7.18,-57.939,-50.427,507035210.0,403.0,51.94,16.575,16.594,40743974.0,-78390245.0,122803427.0,122803427.0,0.0,-0.07,-0.215,-0.041,-0.217,377350.0,23267461.0,1.0,39188528.0,39234000.0,39234000.0,3.13,605836286.0,0.0,929901.0,7943821.0,15.442,-1490700.0
85,SBAC,MRT,2000-03-31,2000-03-31,2000-03-31,2021-08-06,0.0,602504229.0,418002302.0,149027278.0,453476951.0,0.248,7.764,-232591339.0,111697155.0,111697155.0,68411767.0,-35956777.0,2.833,1.193,266729901.0,50176.0,266679725.0,266729901.0,3745626.0,20255699.0,0.0,0.0,0.0,-27594686.0,-7338987.0,-0.071,-7338987.0,-27594686.0,-35170196.0,-1.47,-1.47,-1.47,274715969.0,103410056.0,274715969.0,2029767626.0,-74.0,-276.573,-207771869.0,-5.872,1.0,35293932.0,0.34,33956359.0,7575510.0,670972930.0,575957430.0,0.0,0.0,0.0,0.0,327788260.0,52607686.0,275180574.0,1714631204.0,109420740.0,0.0,325846000.0,18036000.0,0.0,317192609.0,-232591339.0,0.0,24819470.0,0.0,-35956777.0,-34511277.0,-34511277.0,0.0,0.0,-0.333,42040658.0,-6746726.0,36367114.0,0.0,6.241,-49.683,-29.932,397249448.0,-1445500.0,44.0,16.534,15.012,32519897.0,-70482618.0,103705699.0,103705699.0,0.0,-0.083,-0.334,-0.048,-0.266,489438.0,21784959.0,1.0,38968891.0,35382000.0,35382000.0,2.931,568547870.0,0.0,786581.0,7943821.0,16.069,96419592.0
86,SBAC,MRT,1999-12-31,1999-12-31,1999-12-31,2021-08-06,0.0,429823226.0,325336591.0,33611213.0,396212013.0,0.267,2.536,-208870000.0,3130912.0,3130912.0,57938000.0,-34591000.0,0.616,7.847,318267334.0,50176.0,318217158.0,318267334.0,1600981.0,16557000.0,0.0,0.0,0.0,-29570000.0,-13013000.0,-0.15,-13013000.0,-29570000.0,-34814000.0,-1.77,-1.77,-1.77,48582247.0,25945918.0,48582247.0,792193283.0,-27.0,-60.877,-185736000.0,-9.696,1.0,29055000.0,0.334,53616887.0,5244000.0,636786401.0,512473813.0,0.0,0.0,0.0,0.0,381240979.0,54556360.0,326684619.0,538985831.0,-23612000.0,0.0,94401000.0,100548000.0,0.0,162124000.0,-208870000.0,0.0,23134000.0,0.0,-34591000.0,-33858000.0,-33858000.0,0.0,0.0,-0.389,36341000.0,-7286000.0,40655950.0,0.0,11.094,-15.919,-10.593,338891513.0,-733000.0,18.75,6.196,4.129,25533740.0,-60759201.0,86993000.0,86993000.0,0.0,-0.104,-1.305,-0.058,-0.34,311000.0,19784000.0,1.0,28745911.0,19156000.0,19156000.0,4.541,376206339.0,0.0,-223000.0,7950454.0,19.639,-20945147.0
87,SBAC,MRT,1999-09-30,1999-09-30,1999-09-30,2021-08-06,0.0,347183540.0,271524116.0,32344807.0,314838733.0,0.277,1.644,-44412430.0,2704694.0,2704694.0,51202605.0,-32311412.0,0.795,6.423,255912146.0,50176.0,255861970.0,255912146.0,1293806.0,13980866.0,0.0,0.0,0.0,-29562461.0,-15581595.0,-0.208,-15581595.0,-29562461.0,-34238722.0,-2.84,-2.84,-2.84,46771523.0,7276501.0,46771523.0,522999441.0,-18.0,-33.565,-41900376.0,-1.473,1.0,23874873.0,0.318,16154409.0,4676261.0,543570375.0,434706728.0,0.0,0.0,0.0,0.0,300412017.0,40666208.0,259745809.0,312239887.0,-49792806.0,-138123784.0,94310340.0,68669196.0,0.0,130231354.0,-182536214.0,0.0,2512054.0,0.0,-32311412.0,-32290509.0,-32290509.0,0.0,0.0,-0.43,33109142.0,-9234269.0,28841840.0,0.0,6.676,-9.67,-3.831,284508667.0,-20903.0,10.88,4.159,4.123,23121062.0,-51244702.0,75077478.0,75077478.0,0.0,-0.119,-4.438,-0.068,-0.394,217081.0,19128276.0,1.0,28698519.0,28450537.0,28450537.0,2.639,331029131.0,0.0,-1927310.0,3173745.0,11.635,-8321401.0
88,SBAC,MRT,1999-06-30,1999-06-30,1999-06-30,2021-08-06,0.0,292498215.0,234370050.0,31144696.0,261353519.0,0.272,3.814,-30098678.0,0.0,0.0,44477820.0,-29445719.0,0.906,5.713,210759554.0,50176.0,210709378.0,210759554.0,965627.0,10994014.0,0.0,0.0,0.0,-28495293.0,-17501279.0,-0.274,-17501279.0,-28495293.0,-32158156.0,-3.22,-3.22,-3.22,43570486.0,-9104664.0,43570486.0,297209812.0,-10.0,-16.982,-20248207.0,-1.772,1.0,19281996.0,0.302,16396060.0,3662863.0,452500012.0,369044951.0,0.0,0.0,0.0,0.0,248927729.0,34361697.0,214566032.0,86764972.0,-79579780.0,-138123784.0,83173882.0,28681739.0,0.0,78792211.0,-168222462.0,0.0,9850471.0,0.0,-29445719.0,-30137316.0,-30137316.0,0.0,0.0,-0.473,29427380.0,-10145384.0,24152560.0,0.0,1.991,-2.879,-3.009,232529244.0,691597.0,9.688,1.361,1.736,19967823.0,-43259022.0,63759816.0,63759816.0,0.0,-0.129,3.31,-0.077,-0.447,311460.0,18433366.0,1.0,8955922.0,11423533.0,11423533.0,5.581,276102155.0,0.0,-2712437.0,3390859.0,24.17,-3217001.0
89,SBAC,MRT,1999-03-31,1999-03-31,1999-03-31,2021-08-06,0.0,231841383.0,209028211.0,24407228.0,207434155.0,0.278,-3.924,-25799440.0,0.0,0.0,42285211.0,-26800204.0,1.323,-7.598,210444840.0,0.0,210444840.0,210444840.0,126333.0,8426146.0,0.0,,0.0,-27184642.0,-18758496.0,-0.323,-18758496.0,-27184642.0,-29196676.0,-3.4,-3.4,-3.4,-35140582.0,-23227514.0,-35140582.0,,,,-16730568.0,-1.868,1.0,15842210.0,0.273,6797787.0,2012034.0,417038463.0,317143317.0,0.0,3839930.0,0.0,3839930.0,266981965.0,18449973.0,248531992.0,,-121332438.0,-138123784.0,550129.0,33726726.0,0.0,33521914.0,-163923224.0,0.0,9068872.0,0.0,-26800204.0,-29650204.0,-29650204.0,0.0,0.0,-0.51,26863897.0,-11021687.0,12115877.0,0.0,,,,184824539.0,2850000.0,,,,14523795.0,-35970834.0,58127421.0,58127421.0,0.0,-0.142,1.277,-0.086,-0.468,151247.0,18437751.0,1.0,8955922.0,8955922.0,8955922.0,6.49,225043596.0,0.0,-2396472.0,3370439.0,25.128,5957255.0
90,SBAC,MRT,1998-12-31,1998-12-31,1998-12-31,2021-08-06,0.0,214573326.0,129685365.0,45835949.0,168737377.0,0.456,-3.061,0.0,26743270.0,26743270.0,43780766.0,-19901095.0,1.214,-9.223,182573133.0,17001000.0,165572133.0,182573133.0,166526.0,5802090.0,0.0,,0.0,-20228857.0,-14426767.0,-0.244,-14426767.0,-20228857.0,-21425401.0,-2.64,-2.64,-2.64,-26095422.0,-15219844.0,-26095422.0,,,,7471322.0,0.876,1.0,15320143.0,0.259,6932486.0,1196544.0,325718061.0,177174730.0,0.0,3784768.0,0.0,3784768.0,240668748.0,37752642.0,202916106.0,,20633852.0,-138123784.0,550129.0,150736185.0,0.0,151286314.0,-138123784.0,0.0,7471322.0,0.0,-19901095.0,-22476095.0,-22476095.0,0.0,0.0,-0.38,24104316.0,-8784173.0,14447384.0,0.0,,,,150946480.0,2575000.0,,,,13111545.0,-26901112.0,59100909.0,59100909.0,0.0,-0.173,1.477,-0.114,-0.342,174810.0,18302226.0,1.0,8877771.0,8526052.0,8526052.0,6.932,207640840.0,0.0,-1524306.0,3370439.0,24.354,8083307.0
91,SBAC,MRT,1998-09-30,1998-09-30,1998-09-30,2021-08-06,0.0,198567276.0,,66312896.0,132254380.0,,-2.112,-114019150.0,52497500.0,52497500.0,41715123.0,-11901214.0,2.859,-11.588,160795990.0,1000.0,160794990.0,160795990.0,1331685.0,3136663.0,0.0,,0.0,-10504602.0,-7367939.0,-0.127,-7367939.0,-10504602.0,-11166984.0,,,,-18753138.0,,-18753138.0,,,,-93546863.0,-10.537,1.0,16484523.0,0.283,2747764.0,662382.0,280923267.0,,0.0,3727506.0,0.0,3727506.0,217320414.0,23194735.0,194125679.0,,50304231.0,0.0,120304.0,139571712.0,0.0,143851094.0,-114019150.0,0.0,20472287.0,0.0,-11901214.0,-14063714.0,-14063714.0,0.0,0.0,-0.242,20038436.0,-3553913.0,17251507.0,,,,,118072019.0,2162500.0,,,,10220187.0,-18954192.0,58199646.0,58199646.0,0.0,,,,-0.18,144375.0,16950477.0,1.0,8877771.0,8877738.0,,6.556,195819512.0,635748.0,734230.0,0.0,22.057,43118161.0
92,SBAC,MRT,1998-06-30,1998-06-30,1998-06-30,2021-08-06,0.0,191130858.0,,99877779.0,91253079.0,,-1.564,-76238142.0,84617116.0,84617116.0,40751492.0,-4488088.0,6.581,-15.792,156246960.0,1000.0,156245960.0,156246960.0,1286871.0,1946174.0,0.0,,0.0,-2220494.0,-274320.0,-0.005,-274320.0,-2220494.0,-2924230.0,,,,-12920913.0,,-12920913.0,,,,-71313872.0,-8.633,1.0,18168796.0,0.308,2689746.0,703736.0,244893477.0,,0.0,3676019.0,0.0,3676019.0,204051771.0,15177479.0,188874292.0,,72316652.0,0.0,120041.0,139571712.0,0.0,143630524.0,-76238142.0,0.0,4924270.0,0.0,-4488088.0,-6238088.0,-6238088.0,0.0,0.0,-0.106,17063295.0,1105501.0,979910.0,,,,,77230604.0,1750000.0,,,,12474445.0,-13121704.0,58920288.0,58920288.0,0.0,,,,-0.038,0.0,15165825.0,1.0,8877771.0,8260155.0,,7.133,188441112.0,575000.0,1563858.0,551481.0,22.813,84700300.0
93,SBAC,MRT,1998-03-31,1998-03-31,1998-03-31,2021-08-06,,,,,,,,,,,37957394.0,1860508.0,,,,,,,,,,,0.0,3819856.0,,,,3819856.0,3116120.0,,,,,,,,,,,,1.0,17717645.0,0.318,,703736.0,,,,,,,,,,,,,,,,,,,,,1860508.0,523008.0,523008.0,0.0,0.0,0.009,13699723.0,4017922.0,,,,,,,1337500.0,,,,,,55675039.0,55675039.0,0.0,,,,0.069,,12719257.0,1.0,,,,,,,1255612.0,,,
94,SBAC,MRT,1997-12-31,1997-12-31,1997-12-31,2021-08-06,0.0,44797404.0,,18141413.0,26655991.0,,-0.538,-17675818.0,6109418.0,6109418.0,36826363.0,267497.0,1.001,-11.312,10184054.0,10184054.0,0.0,10184054.0,956688.0,562653.0,0.0,,0.0,6270429.0,6833082.0,0.124,6833082.0,6270429.0,5863495.0,-0.09,-0.09,-0.09,-4344267.0,,-4344267.0,,,,-9846772.0,-1.219,1.0,18173442.0,0.33,2115938.0,406934.0,28631399.0,,0.0,3561306.0,0.0,3561306.0,49141671.0,18124703.0,31016968.0,,5798482.0,0.0,0.0,-5403084.0,0.0,15645254.0,-17675818.0,0.0,7829046.0,0.0,267497.0,-715836.0,-715836.0,0.0,0.0,-0.013,12546864.0,5626578.0,2182447.0,0.0,,,,17829062.0,983333.0,,,,11049273.0,-4425017.0,54999805.0,54999805.0,0.0,,,,0.114,934419.0,12032915.0,1.0,,8075000.0,8075000.0,6.811,42681466.0,2257462.0,5595998.0,1621714.0,5.286,16710.0
95,SBAC,MRT,1997-09-30,1997-09-30,1997-09-30,2021-08-06,,,,,,,,,,,,,,,,,,,,,,,0.0,,,,,,,,,,,,,,,,,,1.0,,,,,,,,,,,,,,,,,,,,,,,,,,,,,,,,,,,,,,,,,,,,,,,,,,,,,,1.0,,,,,,,,,,
96,SBAC,MRT,1997-06-30,1997-06-30,1997-06-30,2021-08-06,,,,,,,,,,,,,,,,,,,,,,,0.0,,,,,,,,,,,,,,,,,,1.0,,,,,,,,,,,,,,,,,,,,,,,,,,,,,,,,,,,,,,,,,,,,,,,,,,,,,,1.0,,,,,,,,,,
97,SBAC,MRT,1996-12-31,1996-12-31,1996-12-31,2021-08-06,,,,,,,,-144942.0,,,43459722.0,3300352.0,,,,,,,,160050.0,,,0.0,799126.0,959176.0,0.015,959176.0,799126.0,660070.0,,,,,,,,,,1070046.0,,1.0,21346590.0,0.329,,139056.0,,,,,,,,,,,33903.0,0.0,1415.0,13966378.0,-15003936.0,-1036143.0,-144942.0,0.0,1214988.0,0.0,1980211.0,1980211.0,1980211.0,0.0,1320141.0,0.031,17913825.0,3432765.0,,,,,,,0.0,,,,,,64806312.0,64806312.0,0.0,,,,0.012,7011000.0,17753775.0,1.0,,,,,,,-1320141.0,,,
