None,ticker,dimension,calendardate,datekey,reportperiod,lastupdated,accoci,assets,assetsavg,assetsc,assetsnc,assetturnover,bvps,capex,cashneq,cashnequsd,cor,consolinc,currentratio,de,debt,debtc,debtnc,debtusd,deferredrev,depamor,deposits,divyield,dps,ebit,ebitda,ebitdamargin,ebitdausd,ebitusd,ebt,eps,epsdil,epsusd,equity,equityavg,equityusd,ev,evebit,evebitda,fcf,fcfps,fxusd,gp,grossmargin,intangibles,intexp,invcap,invcapavg,inventory,investments,investmentsc,investmentsnc,liabilities,liabilitiesc,liabilitiesnc,marketcap,ncf,ncfbus,ncfcommon,ncfdebt,ncfdiv,ncff,ncfi,ncfinv,ncfo,ncfx,netinc,netinccmn,netinccmnusd,netincdis,netincnci,netmargin,opex,opinc,payables,payoutratio,pb,pe,pe1,ppnenet,prefdivis,price,ps,ps1,receivables,retearn,revenue,revenueusd,rnd,roa,roe,roic,ros,sbcomp,sgna,sharefactor,sharesbas,shareswa,shareswadil,sps,tangibles,taxassets,taxexp,taxliabilities,tbvps,workingcapital
0,FSL.B,MRY,2005-12-31,2005-12-31,2005-12-31,2020-10-19,-30000000.0,7170000000.0,6794000000.0,2970000000.0,4200000000.0,0.86,10.98,-454000000.0,212000000.0,212000000.0,3377000000.0,563000000.0,2.608,0.612,1237000000.0,7000000.0,1230000000.0,1237000000.0,0.0,691000000.0,0.0,0.0,0.0,607000000.0,1298000000.0,0.222,1298000000.0,607000000.0,613000000.0,1.39,1.33,1.39,4447000000.0,4235000000.0,4447000000.0,11283633592.0,19.0,8.693,818000000.0,2.02,1.0,2466000000.0,0.422,253000000.0,-6000000.0,6803000000.0,6514250000.0,647000000.0,2825000000.0,1209000000.0,1616000000.0,2723000000.0,1139000000.0,1584000000.0,10329633592.0,-170000000.0,-28000000.0,3000000.0,0.0,0.0,-21000000.0,-1403000000.0,-841000000.0,1272000000.0,-18000000.0,563000000.0,563000000.0,563000000.0,0.0,0.0,0.096,1866000000.0,600000000.0,469000000.0,0.0,2.323,18.347,18.108,2035000000.0,0.0,25.17,1.768,1.745,535000000.0,628000000.0,5843000000.0,5843000000.0,1195000000.0,0.083,0.133,0.093,0.104,43000000.0,652000000.0,1.0,410394660.0,405000000.0,423000000.0,14.427,6917000000.0,0.0,50000000.0,0.0,17.079,1831000000.0
1,FSL.B,MRY,2004-12-31,2004-12-31,2004-12-31,2020-10-19,59000000.0,6719000000.0,5593000000.0,4012000000.0,2707000000.0,1.022,20.185,-484000000.0,382000000.0,382000000.0,3617000000.0,211000000.0,3.432,0.707,1271000000.0,2000000.0,1269000000.0,1271000000.0,0.0,788000000.0,0.0,0.0,0.0,294000000.0,1082000000.0,0.189,1082000000.0,294000000.0,263000000.0,1.08,1.06,1.08,3936000000.0,3701500000.0,3936000000.0,6425000000.0,22.0,5.938,788000000.0,4.041,1.0,2098000000.0,0.367,222000000.0,31000000.0,6217000000.0,4384000000.0,742000000.0,2023000000.0,1992000000.0,31000000.0,2783000000.0,1169000000.0,1614000000.0,7344000000.0,295000000.0,59000000.0,1616000000.0,1617000000.0,0.0,1508000000.0,-2498000000.0,-1992000000.0,1272000000.0,13000000.0,211000000.0,211000000.0,211000000.0,0.0,0.0,0.037,1832000000.0,266000000.0,474000000.0,0.0,1.866,34.806,17.0,2207000000.0,0.0,18.36,1.285,0.626,448000000.0,73000000.0,5715000000.0,5715000000.0,1099000000.0,0.038,0.057,0.067,0.051,11000000.0,637000000.0,1.0,400000000.0,195000000.0,200000000.0,29.308,6497000000.0,0.0,52000000.0,0.0,33.318,2843000000.0
2,FSL.B,MRY,2003-12-31,2003-12-31,2003-12-31,2020-10-19,134000000.0,4449000000.0,,1688000000.0,2761000000.0,,,-214000000.0,87000000.0,87000000.0,3455000000.0,-366000000.0,2.284,0.251,29000000.0,27000000.0,2000000.0,29000000.0,0.0,924000000.0,0.0,,0.0,-205000000.0,719000000.0,0.148,719000000.0,-205000000.0,-319000000.0,,,,3556000000.0,,3556000000.0,,,,344000000.0,,1.0,1409000000.0,0.29,0.0,114000000.0,3652000000.0,,693000000.0,126000000.0,0.0,126000000.0,893000000.0,739000000.0,154000000.0,,43000000.0,117000000.0,0.0,-122000000.0,0.0,-373000000.0,-144000000.0,0.0,558000000.0,2000000.0,-366000000.0,-366000000.0,-366000000.0,0.0,0.0,-0.075,1713000000.0,-304000000.0,344000000.0,,,,,2331000000.0,0.0,,,,350000000.0,0.0,4864000000.0,4864000000.0,1071000000.0,,,,-0.042,0.0,609000000.0,1.0,,,,,4449000000.0,20000000.0,47000000.0,48000000.0,,949000000.0
3,FSL.B,MRY,2002-12-31,2002-12-31,2002-12-31,2020-10-19,,,,,,,,-175000000.0,,,3763000000.0,-1767000000.0,,,,,,,,1094000000.0,,,0.0,-1518000000.0,-424000000.0,-0.085,-424000000.0,-1518000000.0,-1681000000.0,,,,,,,,,,-211000000.0,,1.0,1238000000.0,0.248,,163000000.0,,,,,,,,,,,-78000000.0,-13000000.0,0.0,-143000000.0,0.0,145000000.0,-188000000.0,0.0,-36000000.0,1000000.0,-1767000000.0,-1767000000.0,-1767000000.0,0.0,0.0,-0.353,2753000000.0,-1515000000.0,,,,,,,0.0,,,,,,5001000000.0,5001000000.0,993000000.0,,,,-0.304,0.0,604000000.0,1.0,,,,,,,86000000.0,,,
0,FSL.B,MRQ,2006-09-30,2006-09-29,2006-09-29,2020-10-19,14000000.0,7771000000.0,,4792000000.0,2979000000.0,,12.814,-191000000.0,301000000.0,301000000.0,873000000.0,257000000.0,3.563,0.483,877000000.0,45000000.0,832000000.0,877000000.0,0.0,158000000.0,0.0,0.0,0.0,260000000.0,418000000.0,0.258,418000000.0,260000000.0,267000000.0,0.63,0.61,0.63,5241000000.0,,5241000000.0,16298574437.0,18.0,10.495,160000000.0,0.391,1.0,746000000.0,0.461,253000000.0,-7000000.0,6749000000.0,,756000000.0,2675000000.0,2664000000.0,11000000.0,2530000000.0,1345000000.0,1185000000.0,15419574437.0,-58000000.0,0.0,79000000.0,-370000000.0,0.0,-290000000.0,-121000000.0,208000000.0,351000000.0,2000000.0,257000000.0,257000000.0,257000000.0,0.0,0.0,0.159,481000000.0,265000000.0,577000000.0,0.0,2.942,16.742,16.819,2227000000.0,0.0,38.01,2.478,2.498,711000000.0,1233000000.0,1619000000.0,1619000000.0,298000000.0,,,,,33000000.0,181000000.0,1.0,405671519.0,409000000.0,424000000.0,3.958,7518000000.0,0.0,10000000.0,0.0,18.381,3447000000.0
1,FSL.B,MRQ,2006-06-30,2006-06-30,2006-06-30,2020-10-19,-13000000.0,7604000000.0,,3128000000.0,4476000000.0,,11.933,-226000000.0,359000000.0,359000000.0,864000000.0,260000000.0,1.991,0.569,1238000000.0,407000000.0,831000000.0,1238000000.0,0.0,158000000.0,0.0,0.0,0.0,249000000.0,407000000.0,0.255,407000000.0,249000000.0,257000000.0,0.64,0.61,0.64,4845000000.0,,4845000000.0,12938423674.0,16.0,8.754,202000000.0,0.498,1.0,735000000.0,0.46,253000000.0,-8000000.0,6659000000.0,,693000000.0,2864000000.0,1128000000.0,1736000000.0,2759000000.0,1571000000.0,1188000000.0,11929423674.0,132000000.0,0.0,-73000000.0,-2000000.0,0.0,-73000000.0,-226000000.0,4000000.0,428000000.0,3000000.0,260000000.0,260000000.0,260000000.0,0.0,0.0,0.163,484000000.0,251000000.0,593000000.0,0.0,2.462,14.408,14.483,2159000000.0,0.0,29.4,1.971,1.972,605000000.0,1044000000.0,1599000000.0,1599000000.0,299000000.0,,,,,33000000.0,185000000.0,1.0,405762710.0,406000000.0,424000000.0,3.938,7351000000.0,0.0,-3000000.0,0.0,18.106,1557000000.0
2,FSL.B,MRQ,2006-03-31,2006-03-31,2006-03-31,2020-10-19,-30000000.0,7290000000.0,,2964000000.0,4326000000.0,,11.319,-144000000.0,227000000.0,227000000.0,835000000.0,212000000.0,2.722,0.579,1236000000.0,6000000.0,1230000000.0,1236000000.0,0.0,160000000.0,0.0,0.0,0.0,213000000.0,373000000.0,0.244,373000000.0,213000000.0,225000000.0,0.52,0.5,0.52,4618000000.0,,4618000000.0,12432977261.0,17.0,8.983,146000000.0,0.358,1.0,691000000.0,0.453,253000000.0,-12000000.0,6957000000.0,,682000000.0,2878000000.0,1152000000.0,1726000000.0,2672000000.0,1089000000.0,1583000000.0,11407977261.0,15000000.0,-4000000.0,-64000000.0,0.0,0.0,-67000000.0,-210000000.0,-61000000.0,290000000.0,2000000.0,212000000.0,212000000.0,212000000.0,0.0,0.0,0.139,484000000.0,207000000.0,572000000.0,0.0,2.47,16.533,16.432,2042000000.0,0.0,27.77,1.925,1.912,545000000.0,822000000.0,1526000000.0,1526000000.0,297000000.0,,,,,30000000.0,187000000.0,1.0,410802206.0,408000000.0,425000000.0,3.74,7037000000.0,0.0,13000000.0,0.0,17.248,1875000000.0
3,FSL.B,MRQ,2005-12-31,2005-12-31,2005-12-31,2020-10-19,-30000000.0,7170000000.0,,2970000000.0,4200000000.0,,10.9,-121000000.0,212000000.0,212000000.0,833000000.0,192000000.0,2.608,0.612,1237000000.0,7000000.0,1230000000.0,1237000000.0,0.0,163000000.0,0.0,0.0,0.0,192000000.0,355000000.0,0.24,355000000.0,192000000.0,205000000.0,0.47,0.45,0.47,4447000000.0,,4447000000.0,11283633592.0,19.0,8.693,338000000.0,0.828,1.0,646000000.0,0.437,253000000.0,-13000000.0,6803000000.0,,647000000.0,2825000000.0,1209000000.0,1616000000.0,2723000000.0,1139000000.0,1584000000.0,10329633592.0,-87000000.0,-26000000.0,-91000000.0,0.0,0.0,-113000000.0,-430000000.0,-246000000.0,459000000.0,-3000000.0,192000000.0,192000000.0,192000000.0,0.0,0.0,0.13,448000000.0,198000000.0,469000000.0,0.0,2.323,18.347,18.108,2035000000.0,0.0,25.17,1.768,1.745,535000000.0,628000000.0,1479000000.0,1479000000.0,391000000.0,,,,,15000000.0,58000000.0,1.0,410394660.0,408000000.0,429000000.0,3.625,6917000000.0,0.0,13000000.0,0.0,16.953,1831000000.0
4,FSL.B,MRQ,2005-09-30,2005-09-30,2005-09-30,2020-10-19,-12000000.0,6879000000.0,,3043000000.0,3836000000.0,,10.659,-111000000.0,299000000.0,299000000.0,828000000.0,164000000.0,3.001,0.582,1253000000.0,2000000.0,1251000000.0,1253000000.0,0.0,166000000.0,0.0,0.0,0.0,177000000.0,343000000.0,0.237,343000000.0,177000000.0,178000000.0,0.4,0.38,0.4,4349000000.0,,4349000000.0,10561101594.0,25.0,9.256,276000000.0,0.676,1.0,622000000.0,0.429,242000000.0,-1000000.0,6577000000.0,,637000000.0,2599000000.0,1186000000.0,1413000000.0,2530000000.0,1014000000.0,1516000000.0,9552101594.0,37000000.0,14000000.0,56000000.0,0.0,0.0,56000000.0,-405000000.0,-294000000.0,387000000.0,-1000000.0,164000000.0,164000000.0,164000000.0,0.0,0.0,0.113,470000000.0,152000000.0,429000000.0,0.0,2.196,25.405,60.462,2006000000.0,0.0,23.58,1.649,1.661,687000000.0,444000000.0,1450000000.0,1450000000.0,310000000.0,,,,,15000000.0,160000000.0,1.0,405093367.0,408000000.0,428000000.0,3.554,6637000000.0,23000000.0,14000000.0,28000000.0,16.267,2029000000.0
5,FSL.B,MRQ,2005-06-30,2005-07-01,2005-07-01,2020-10-19,0.0,6594000000.0,,4109000000.0,2485000000.0,,10.268,-108000000.0,262000000.0,262000000.0,868000000.0,122000000.0,4.476,0.594,1271000000.0,2000000.0,1269000000.0,1271000000.0,0.0,178000000.0,0.0,0.0,0.0,135000000.0,313000000.0,0.213,313000000.0,135000000.0,136000000.0,0.3,0.29,0.3,4138000000.0,,4138000000.0,9377794633.0,29.0,8.748,193000000.0,0.479,1.0,604000000.0,0.41,235000000.0,-1000000.0,6450000000.0,,671000000.0,2307000000.0,2293000000.0,14000000.0,2456000000.0,918000000.0,1538000000.0,8445794633.0,-56000000.0,7000000.0,28000000.0,0.0,0.0,26000000.0,-377000000.0,-262000000.0,301000000.0,-6000000.0,122000000.0,122000000.0,122000000.0,0.0,0.0,0.083,467000000.0,137000000.0,411000000.0,0.0,2.041,31.397,150.143,2051000000.0,0.0,21.02,1.463,1.468,657000000.0,280000000.0,1472000000.0,1472000000.0,300000000.0,,,,,12000000.0,162000000.0,1.0,401798032.0,403000000.0,420000000.0,3.653,6359000000.0,24000000.0,14000000.0,27000000.0,15.779,3191000000.0
6,FSL.B,MRQ,2005-03-31,2005-04-01,2005-04-01,2020-10-19,27000000.0,6533000000.0,,3994000000.0,2539000000.0,,9.99,-114000000.0,318000000.0,318000000.0,867000000.0,85000000.0,3.986,0.631,1250000000.0,2000000.0,1248000000.0,1250000000.0,0.0,184000000.0,0.0,0.0,0.0,99000000.0,283000000.0,0.196,283000000.0,99000000.0,94000000.0,0.21,0.2,0.21,4006000000.0,,4006000000.0,5719796924.0,24.0,5.658,11000000.0,0.027,1.0,575000000.0,0.399,236000000.0,5000000.0,6227000000.0,,742000000.0,2053000000.0,2031000000.0,22000000.0,2527000000.0,1002000000.0,1525000000.0,6841796924.0,-64000000.0,-23000000.0,10000000.0,0.0,0.0,10000000.0,-191000000.0,-39000000.0,125000000.0,-8000000.0,85000000.0,85000000.0,85000000.0,0.0,0.0,0.059,466000000.0,109000000.0,491000000.0,0.0,1.708,36.009,-1706.0,2132000000.0,0.0,17.06,1.188,1.187,654000000.0,158000000.0,1442000000.0,1442000000.0,292000000.0,,,,,8000000.0,159000000.0,1.0,401043196.0,401000000.0,416000000.0,3.596,6297000000.0,25000000.0,9000000.0,27000000.0,15.703,2992000000.0
7,FSL.B,MRQ,2004-12-31,2004-12-31,2004-12-31,2020-10-19,59000000.0,6719000000.0,,4012000000.0,2707000000.0,,20.185,-149000000.0,382000000.0,382000000.0,956000000.0,5000000.0,3.432,0.707,1271000000.0,2000000.0,1269000000.0,1271000000.0,0.0,191000000.0,0.0,0.0,0.0,11000000.0,202000000.0,0.141,202000000.0,11000000.0,6000000.0,-0.52,-0.51,-0.52,3936000000.0,,3936000000.0,6425000000.0,22.0,5.938,208000000.0,1.067,1.0,472000000.0,0.331,222000000.0,5000000.0,6217000000.0,,742000000.0,2023000000.0,1992000000.0,31000000.0,2783000000.0,1169000000.0,1614000000.0,7344000000.0,-1791000000.0,0.0,0.0,-2000000.0,0.0,-2000000.0,-2161000000.0,-1992000000.0,357000000.0,15000000.0,5000000.0,5000000.0,5000000.0,0.0,0.0,0.004,457000000.0,15000000.0,474000000.0,0.0,1.866,34.806,17.0,2207000000.0,0.0,18.36,1.285,0.626,448000000.0,73000000.0,1428000000.0,1428000000.0,378000000.0,,,,,5000000.0,42000000.0,1.0,400000000.0,195000000.0,200000000.0,7.323,6497000000.0,0.0,1000000.0,0.0,33.318,2843000000.0
8,FSL.B,MRQ,2004-09-30,2004-10-02,2004-10-02,2020-10-19,-2000000.0,6286000000.0,,3748000000.0,2538000000.0,,10.057,-126000000.0,2173000000.0,2173000000.0,872000000.0,57000000.0,3.593,0.628,1254000000.0,4000000.0,1250000000.0,1254000000.0,0.0,198000000.0,0.0,,0.0,76000000.0,274000000.0,0.192,274000000.0,76000000.0,71000000.0,0.15,0.15,0.15,3862000000.0,,3862000000.0,,,,210000000.0,0.547,1.0,558000000.0,0.39,0.0,5000000.0,4324000000.0,,713000000.0,34000000.0,0.0,34000000.0,2424000000.0,1043000000.0,1381000000.0,,1460000000.0,0.0,1616000000.0,1212000000.0,0.0,1273000000.0,-149000000.0,0.0,336000000.0,0.0,57000000.0,57000000.0,57000000.0,0.0,0.0,0.04,477000000.0,81000000.0,566000000.0,0.0,,,,2193000000.0,0.0,,,,581000000.0,68000000.0,1430000000.0,1430000000.0,229000000.0,,,,,6000000.0,230000000.0,1.0,400000000.0,384000000.0,390000000.0,3.724,6286000000.0,22000000.0,14000000.0,12000000.0,16.37,2705000000.0
9,FSL.B,MRQ,2004-06-30,2004-07-03,2004-07-03,2020-10-19,-4000000.0,4829000000.0,,2297000000.0,2532000000.0,,11.95,-120000000.0,713000000.0,713000000.0,900000000.0,43000000.0,1.677,0.454,438000000.0,438000000.0,0.0,438000000.0,0.0,198000000.0,0.0,,0.0,54000000.0,252000000.0,0.172,252000000.0,54000000.0,54000000.0,0.15,0.15,0.15,3322000000.0,,3322000000.0,,,,330000000.0,1.187,1.0,561000000.0,0.384,0.0,0.0,3184000000.0,,679000000.0,38000000.0,0.0,38000000.0,1507000000.0,1370000000.0,137000000.0,,663000000.0,-6000000.0,0.0,428000000.0,0.0,347000000.0,-132000000.0,0.0,450000000.0,-2000000.0,43000000.0,43000000.0,43000000.0,0.0,0.0,0.029,506000000.0,55000000.0,605000000.0,0.0,,,,2234000000.0,0.0,,,,539000000.0,11000000.0,1461000000.0,1461000000.0,242000000.0,,,,,0.0,225000000.0,1.0,400000000.0,278000000.0,278000000.0,5.255,4829000000.0,50000000.0,11000000.0,30000000.0,17.371,927000000.0
10,FSL.B,MRQ,2004-03-31,2004-04-03,2004-04-03,2020-10-19,254000000.0,4538000000.0,,1493000000.0,3045000000.0,,,-89000000.0,50000000.0,50000000.0,889000000.0,106000000.0,2.176,0.231,9000000.0,9000000.0,0.0,9000000.0,0.0,201000000.0,0.0,,0.0,153000000.0,354000000.0,0.254,354000000.0,153000000.0,132000000.0,0.38,0.38,0.38,3686000000.0,,3686000000.0,,,,40000000.0,,1.0,507000000.0,0.363,0.0,21000000.0,3811000000.0,,674000000.0,492000000.0,0.0,492000000.0,852000000.0,686000000.0,166000000.0,,-37000000.0,65000000.0,0.0,-21000000.0,0.0,-110000000.0,-56000000.0,0.0,129000000.0,0.0,106000000.0,106000000.0,106000000.0,0.0,0.0,0.076,392000000.0,115000000.0,428000000.0,0.0,,,,2281000000.0,0.0,,,,426000000.0,,1396000000.0,1396000000.0,250000000.0,,,,,0.0,140000000.0,1.0,,,,,4538000000.0,20000000.0,26000000.0,63000000.0,,807000000.0
11,FSL.B,MRQ,2003-12-31,2003-12-31,2003-12-31,2020-10-19,134000000.0,4449000000.0,,1688000000.0,2761000000.0,,,-58000000.0,87000000.0,87000000.0,922000000.0,98000000.0,2.284,0.251,29000000.0,27000000.0,2000000.0,29000000.0,0.0,260000000.0,0.0,,0.0,105000000.0,365000000.0,0.266,365000000.0,105000000.0,85000000.0,,,,3556000000.0,,3556000000.0,,,,344000000.0,,1.0,451000000.0,0.328,0.0,20000000.0,3652000000.0,,693000000.0,126000000.0,0.0,126000000.0,893000000.0,739000000.0,154000000.0,,10000000.0,98000000.0,0.0,-35000000.0,0.0,-384000000.0,-7000000.0,0.0,402000000.0,-1000000.0,98000000.0,98000000.0,98000000.0,0.0,0.0,0.071,433000000.0,18000000.0,344000000.0,,,,,2331000000.0,0.0,,,,350000000.0,0.0,1373000000.0,1373000000.0,308000000.0,,,,,0.0,145000000.0,1.0,,,,,4449000000.0,20000000.0,-13000000.0,48000000.0,,949000000.0
12,FSL.B,MRQ,2003-09-30,2003-09-27,2003-09-27,2020-10-19,,,,,,,,-32000000.0,,,854000000.0,-106000000.0,,,,,,,,213000000.0,,,0.0,-58000000.0,155000000.0,0.127,155000000.0,-58000000.0,-92000000.0,,,,,,,,,,68000000.0,,1.0,371000000.0,0.303,,34000000.0,,,,,,,,,,,-2000000.0,23000000.0,0.0,-79000000.0,0.0,-105000000.0,-9000000.0,0.0,100000000.0,12000000.0,-106000000.0,-106000000.0,-106000000.0,0.0,0.0,-0.087,447000000.0,-76000000.0,,,,,,,0.0,,,,,,1225000000.0,1225000000.0,244000000.0,,,,,0.0,185000000.0,1.0,,,,,,,14000000.0,,,
13,FSL.B,MRQ,2003-06-30,2003-06-28,2003-06-28,2020-10-19,,,,,,,,-94000000.0,,,826000000.0,-174000000.0,,,,,,,,220000000.0,,,0.0,-127000000.0,93000000.0,0.083,93000000.0,-127000000.0,-152000000.0,,,,,,,,,,-86000000.0,,1.0,289000000.0,0.259,,25000000.0,,,,,,,,,,,-3000000.0,0.0,0.0,16000000.0,0.0,89000000.0,-94000000.0,0.0,8000000.0,-6000000.0,-174000000.0,-174000000.0,-174000000.0,0.0,0.0,-0.156,415000000.0,-126000000.0,,,,,,,0.0,,,,,,1115000000.0,1115000000.0,259000000.0,,,,,0.0,169000000.0,1.0,,,,,,,22000000.0,,,
14,FSL.B,MRQ,2003-03-31,2003-03-29,2003-03-29,2020-10-19,,,,,,,,-30000000.0,,,853000000.0,-184000000.0,,,,,,,,231000000.0,,,0.0,-125000000.0,106000000.0,0.092,106000000.0,-125000000.0,-160000000.0,,,,,,,,,,18000000.0,,1.0,298000000.0,0.259,,35000000.0,,,,,,,,,,,38000000.0,-4000000.0,0.0,-24000000.0,0.0,27000000.0,-34000000.0,0.0,48000000.0,-3000000.0,-184000000.0,-184000000.0,-184000000.0,0.0,0.0,-0.16,418000000.0,-120000000.0,,,,,,,0.0,,,,,,1151000000.0,1151000000.0,260000000.0,,,,,0.0,110000000.0,1.0,,,,,,,24000000.0,,,
0,FSL.B,MRT,2006-09-30,2006-09-29,2006-09-29,2020-10-19,14000000.0,7771000000.0,7458750000.0,4792000000.0,2979000000.0,0.834,12.814,-682000000.0,301000000.0,301000000.0,3405000000.0,921000000.0,3.563,0.483,877000000.0,45000000.0,832000000.0,877000000.0,0.0,639000000.0,0.0,0.0,0.0,914000000.0,1553000000.0,0.25,1553000000.0,914000000.0,954000000.0,2.26,2.17,2.26,5241000000.0,4787750000.0,5241000000.0,16298574437.0,18.0,10.495,846000000.0,2.068,1.0,2818000000.0,0.453,253000000.0,-40000000.0,6749000000.0,6792000000.0,756000000.0,2675000000.0,2664000000.0,11000000.0,2530000000.0,1345000000.0,1185000000.0,15419574437.0,2000000.0,-30000000.0,-149000000.0,-372000000.0,0.0,-543000000.0,-987000000.0,-95000000.0,1528000000.0,4000000.0,921000000.0,921000000.0,921000000.0,0.0,0.0,0.148,1897000000.0,921000000.0,577000000.0,0.0,2.942,16.742,16.819,2227000000.0,0.0,38.01,2.478,2.498,711000000.0,1233000000.0,6223000000.0,6223000000.0,1285000000.0,0.123,0.192,0.135,0.147,111000000.0,611000000.0,1.0,405671519.0,409000000.0,424000000.0,15.215,7518000000.0,0.0,33000000.0,0.0,18.381,3447000000.0
1,FSL.B,MRT,2006-06-30,2006-06-30,2006-06-30,2020-10-19,-13000000.0,7604000000.0,7235750000.0,3128000000.0,4476000000.0,0.837,11.933,-602000000.0,359000000.0,359000000.0,3360000000.0,828000000.0,1.991,0.569,1238000000.0,407000000.0,831000000.0,1238000000.0,0.0,647000000.0,0.0,0.0,0.0,831000000.0,1478000000.0,0.244,1478000000.0,831000000.0,865000000.0,2.03,1.94,2.03,4845000000.0,4564750000.0,4845000000.0,12938423674.0,16.0,8.754,962000000.0,2.369,1.0,2694000000.0,0.445,253000000.0,-34000000.0,6659000000.0,6749000000.0,693000000.0,2864000000.0,1128000000.0,1736000000.0,2759000000.0,1571000000.0,1188000000.0,11929423674.0,97000000.0,-16000000.0,-172000000.0,-2000000.0,0.0,-197000000.0,-1271000000.0,-597000000.0,1564000000.0,1000000.0,828000000.0,828000000.0,828000000.0,0.0,0.0,0.137,1886000000.0,808000000.0,593000000.0,0.0,2.462,14.408,14.483,2159000000.0,0.0,29.4,1.971,1.972,605000000.0,1044000000.0,6054000000.0,6054000000.0,1297000000.0,0.114,0.181,0.123,0.137,93000000.0,590000000.0,1.0,405762710.0,406000000.0,424000000.0,14.911,7351000000.0,0.0,37000000.0,0.0,18.106,1557000000.0
2,FSL.B,MRT,2006-03-31,2006-03-31,2006-03-31,2020-10-19,-30000000.0,7290000000.0,6983250000.0,2964000000.0,4326000000.0,0.849,11.319,-484000000.0,227000000.0,227000000.0,3364000000.0,690000000.0,2.722,0.579,1236000000.0,6000000.0,1230000000.0,1236000000.0,0.0,667000000.0,0.0,0.0,0.0,717000000.0,1384000000.0,0.234,1384000000.0,717000000.0,744000000.0,1.69,1.62,1.69,4618000000.0,4388000000.0,4618000000.0,12432977261.0,17.0,8.983,953000000.0,2.336,1.0,2563000000.0,0.432,253000000.0,-27000000.0,6957000000.0,6696750000.0,682000000.0,2878000000.0,1152000000.0,1726000000.0,2672000000.0,1089000000.0,1583000000.0,11407977261.0,-91000000.0,-9000000.0,-71000000.0,0.0,0.0,-98000000.0,-1422000000.0,-863000000.0,1437000000.0,-8000000.0,690000000.0,690000000.0,690000000.0,0.0,0.0,0.116,1869000000.0,694000000.0,572000000.0,0.0,2.47,16.533,16.432,2042000000.0,0.0,27.77,1.925,1.912,545000000.0,822000000.0,5927000000.0,5927000000.0,1298000000.0,0.099,0.157,0.107,0.121,72000000.0,567000000.0,1.0,410802206.0,408000000.0,425000000.0,14.527,7037000000.0,0.0,54000000.0,0.0,17.248,1875000000.0
3,FSL.B,MRT,2005-12-31,2005-12-31,2005-12-31,2020-10-19,-30000000.0,7170000000.0,6794000000.0,2970000000.0,4200000000.0,0.86,10.98,-454000000.0,212000000.0,212000000.0,3377000000.0,563000000.0,2.608,0.612,1237000000.0,7000000.0,1230000000.0,1237000000.0,0.0,691000000.0,0.0,0.0,0.0,607000000.0,1298000000.0,0.222,1298000000.0,607000000.0,613000000.0,1.39,1.33,1.39,4447000000.0,4235000000.0,4447000000.0,11283633592.0,19.0,8.693,818000000.0,2.02,1.0,2466000000.0,0.422,253000000.0,-6000000.0,6803000000.0,6514250000.0,647000000.0,2825000000.0,1209000000.0,1616000000.0,2723000000.0,1139000000.0,1584000000.0,10329633592.0,-170000000.0,-28000000.0,3000000.0,0.0,0.0,-21000000.0,-1403000000.0,-841000000.0,1272000000.0,-18000000.0,563000000.0,563000000.0,563000000.0,0.0,0.0,0.096,1866000000.0,600000000.0,469000000.0,0.0,2.323,18.347,18.108,2035000000.0,0.0,25.17,1.768,1.745,535000000.0,628000000.0,5843000000.0,5843000000.0,1195000000.0,0.083,0.133,0.093,0.104,43000000.0,652000000.0,1.0,410394660.0,405000000.0,423000000.0,14.427,6917000000.0,0.0,50000000.0,0.0,17.079,1831000000.0
4,FSL.B,MRT,2005-09-30,2005-09-30,2005-09-30,2020-10-19,-12000000.0,6879000000.0,6681250000.0,3043000000.0,3836000000.0,0.867,10.659,-482000000.0,299000000.0,299000000.0,3519000000.0,376000000.0,3.001,0.582,1253000000.0,2000000.0,1251000000.0,1253000000.0,0.0,719000000.0,0.0,0.0,0.0,422000000.0,1141000000.0,0.197,1141000000.0,422000000.0,414000000.0,0.39,0.36,0.39,4349000000.0,4107250000.0,4349000000.0,10561101594.0,25.0,9.256,688000000.0,1.686,1.0,2273000000.0,0.392,242000000.0,8000000.0,6577000000.0,6367750000.0,637000000.0,2599000000.0,1186000000.0,1413000000.0,2530000000.0,1014000000.0,1516000000.0,9552101594.0,-1874000000.0,-2000000.0,94000000.0,-2000000.0,0.0,90000000.0,-3134000000.0,-2587000000.0,1170000000.0,0.0,376000000.0,376000000.0,376000000.0,0.0,0.0,0.065,1860000000.0,413000000.0,429000000.0,0.0,2.196,25.405,60.462,2006000000.0,0.0,23.58,1.649,1.661,687000000.0,444000000.0,5792000000.0,5792000000.0,1280000000.0,0.056,0.092,0.066,0.073,40000000.0,523000000.0,1.0,405093367.0,408000000.0,428000000.0,14.196,6637000000.0,23000000.0,38000000.0,28000000.0,16.267,2029000000.0
5,FSL.B,MRT,2005-06-30,2005-07-01,2005-07-01,2020-10-19,0.0,6594000000.0,6533000000.0,4109000000.0,2485000000.0,0.884,10.268,-497000000.0,262000000.0,262000000.0,3563000000.0,269000000.0,4.476,0.594,1271000000.0,2000000.0,1269000000.0,1271000000.0,0.0,751000000.0,0.0,0.0,0.0,321000000.0,1072000000.0,0.186,1072000000.0,321000000.0,307000000.0,0.14,0.13,0.14,4138000000.0,3985500000.0,4138000000.0,9377794633.0,29.0,8.748,622000000.0,1.543,1.0,2209000000.0,0.383,235000000.0,14000000.0,6450000000.0,5804500000.0,671000000.0,2307000000.0,2293000000.0,14000000.0,2456000000.0,918000000.0,1538000000.0,8445794633.0,-451000000.0,-16000000.0,1654000000.0,1210000000.0,0.0,1307000000.0,-2878000000.0,-2293000000.0,1119000000.0,1000000.0,269000000.0,269000000.0,269000000.0,0.0,0.0,0.047,1867000000.0,342000000.0,411000000.0,0.0,2.041,31.397,150.143,2051000000.0,0.0,21.02,1.463,1.468,657000000.0,280000000.0,5772000000.0,5772000000.0,1199000000.0,0.041,0.067,0.055,0.056,31000000.0,593000000.0,1.0,401798032.0,403000000.0,420000000.0,14.323,6359000000.0,24000000.0,38000000.0,27000000.0,15.779,3191000000.0
6,FSL.B,MRT,2005-03-31,2005-04-01,2005-04-01,2020-10-19,27000000.0,6533000000.0,6091750000.0,3994000000.0,2539000000.0,0.946,9.99,-509000000.0,318000000.0,318000000.0,3595000000.0,190000000.0,3.986,0.631,1250000000.0,2000000.0,1248000000.0,1250000000.0,0.0,771000000.0,0.0,0.0,0.0,240000000.0,1011000000.0,0.175,1011000000.0,240000000.0,225000000.0,-0.01,-0.01,-0.01,4006000000.0,3781500000.0,4006000000.0,5719796924.0,24.0,5.658,759000000.0,1.893,1.0,2166000000.0,0.376,236000000.0,15000000.0,6227000000.0,4988000000.0,742000000.0,2053000000.0,2031000000.0,22000000.0,2527000000.0,1002000000.0,1525000000.0,6841796924.0,268000000.0,-29000000.0,1626000000.0,1638000000.0,0.0,1628000000.0,-2633000000.0,-2031000000.0,1268000000.0,5000000.0,190000000.0,190000000.0,190000000.0,0.0,0.0,0.033,1906000000.0,260000000.0,491000000.0,0.0,1.708,36.009,-1706.0,2132000000.0,0.0,17.06,1.188,1.187,654000000.0,158000000.0,5761000000.0,5761000000.0,1141000000.0,0.031,0.05,0.048,0.042,19000000.0,656000000.0,1.0,401043196.0,401000000.0,416000000.0,14.367,6297000000.0,25000000.0,35000000.0,27000000.0,15.703,2992000000.0
7,FSL.B,MRT,2004-12-31,2004-12-31,2004-12-31,2020-10-19,59000000.0,6719000000.0,5593000000.0,4012000000.0,2707000000.0,1.022,20.185,-484000000.0,382000000.0,382000000.0,3617000000.0,211000000.0,3.432,0.707,1271000000.0,2000000.0,1269000000.0,1271000000.0,0.0,788000000.0,0.0,0.0,0.0,294000000.0,1082000000.0,0.189,1082000000.0,294000000.0,263000000.0,1.08,1.06,1.08,3936000000.0,3701500000.0,3936000000.0,6425000000.0,22.0,5.938,788000000.0,4.041,1.0,2098000000.0,0.367,222000000.0,31000000.0,6217000000.0,4384000000.0,742000000.0,2023000000.0,1992000000.0,31000000.0,2783000000.0,1169000000.0,1614000000.0,7344000000.0,295000000.0,59000000.0,1616000000.0,1617000000.0,0.0,1508000000.0,-2498000000.0,-1992000000.0,1272000000.0,13000000.0,211000000.0,211000000.0,211000000.0,0.0,0.0,0.037,1832000000.0,266000000.0,474000000.0,0.0,1.866,34.806,17.0,2207000000.0,0.0,18.36,1.285,0.626,448000000.0,73000000.0,5715000000.0,5715000000.0,1099000000.0,0.038,0.057,0.067,0.051,11000000.0,637000000.0,1.0,400000000.0,195000000.0,200000000.0,29.308,6497000000.0,0.0,52000000.0,0.0,33.318,2843000000.0
8,FSL.B,MRT,2004-09-30,2004-10-02,2004-10-02,2020-10-19,-2000000.0,6286000000.0,5025500000.0,3748000000.0,2538000000.0,1.126,10.057,-393000000.0,2173000000.0,2173000000.0,3583000000.0,304000000.0,3.593,0.628,1254000000.0,4000000.0,1250000000.0,1254000000.0,0.0,857000000.0,0.0,,0.0,388000000.0,1245000000.0,0.22,1245000000.0,388000000.0,342000000.0,,,,3862000000.0,3606500000.0,3862000000.0,,,,924000000.0,2.406,1.0,2077000000.0,0.367,0.0,46000000.0,4324000000.0,3742750000.0,713000000.0,34000000.0,0.0,34000000.0,2424000000.0,1043000000.0,1381000000.0,,2096000000.0,157000000.0,1616000000.0,1584000000.0,0.0,1126000000.0,-344000000.0,0.0,1317000000.0,-3000000.0,304000000.0,304000000.0,304000000.0,0.0,0.0,0.054,1808000000.0,269000000.0,566000000.0,,,,,2193000000.0,0.0,,,,581000000.0,68000000.0,5660000000.0,5660000000.0,1029000000.0,0.06,0.084,0.104,0.069,6000000.0,740000000.0,1.0,400000000.0,384000000.0,,14.74,6286000000.0,22000000.0,38000000.0,12000000.0,16.37,2705000000.0
9,FSL.B,MRT,2004-06-30,2004-07-03,2004-07-03,2020-10-19,-4000000.0,4829000000.0,,2297000000.0,2532000000.0,,11.95,-299000000.0,713000000.0,713000000.0,3565000000.0,141000000.0,1.677,0.454,438000000.0,438000000.0,0.0,438000000.0,0.0,872000000.0,0.0,,0.0,254000000.0,1126000000.0,0.206,1126000000.0,254000000.0,179000000.0,,,,3322000000.0,,3322000000.0,,,,782000000.0,2.813,1.0,1890000000.0,0.346,0.0,75000000.0,3184000000.0,,679000000.0,38000000.0,0.0,38000000.0,1507000000.0,1370000000.0,137000000.0,,634000000.0,180000000.0,0.0,293000000.0,0.0,-252000000.0,-204000000.0,0.0,1081000000.0,9000000.0,141000000.0,141000000.0,141000000.0,0.0,0.0,0.026,1778000000.0,112000000.0,605000000.0,,,,,2234000000.0,0.0,,,,539000000.0,11000000.0,5455000000.0,5455000000.0,1044000000.0,,,,0.047,0.0,695000000.0,1.0,400000000.0,278000000.0,,19.622,4829000000.0,50000000.0,38000000.0,30000000.0,17.371,927000000.0
10,FSL.B,MRT,2004-03-31,2004-04-03,2004-04-03,2020-10-19,254000000.0,4538000000.0,,1493000000.0,3045000000.0,,,-273000000.0,50000000.0,50000000.0,3491000000.0,-76000000.0,2.176,0.231,9000000.0,9000000.0,0.0,9000000.0,0.0,894000000.0,0.0,,0.0,73000000.0,967000000.0,0.189,967000000.0,73000000.0,-27000000.0,,,,3686000000.0,,3686000000.0,,,,366000000.0,,1.0,1618000000.0,0.317,0.0,100000000.0,3811000000.0,,674000000.0,492000000.0,0.0,492000000.0,852000000.0,686000000.0,166000000.0,,-32000000.0,186000000.0,0.0,-119000000.0,0.0,-510000000.0,-166000000.0,0.0,639000000.0,5000000.0,-76000000.0,-76000000.0,-76000000.0,0.0,0.0,-0.015,1687000000.0,-69000000.0,428000000.0,,,,,2281000000.0,0.0,,,,426000000.0,,5109000000.0,5109000000.0,1061000000.0,,,,0.014,0.0,639000000.0,1.0,,,,,4538000000.0,20000000.0,49000000.0,63000000.0,,807000000.0
11,FSL.B,MRT,2003-12-31,2003-12-31,2003-12-31,2020-10-19,134000000.0,4449000000.0,,1688000000.0,2761000000.0,,,-214000000.0,87000000.0,87000000.0,3455000000.0,-366000000.0,2.284,0.251,29000000.0,27000000.0,2000000.0,29000000.0,0.0,924000000.0,0.0,,0.0,-205000000.0,719000000.0,0.148,719000000.0,-205000000.0,-319000000.0,,,,3556000000.0,,3556000000.0,,,,344000000.0,,1.0,1409000000.0,0.29,0.0,114000000.0,3652000000.0,,693000000.0,126000000.0,0.0,126000000.0,893000000.0,739000000.0,154000000.0,,43000000.0,117000000.0,0.0,-122000000.0,0.0,-373000000.0,-144000000.0,0.0,558000000.0,2000000.0,-366000000.0,-366000000.0,-366000000.0,0.0,0.0,-0.075,1713000000.0,-304000000.0,344000000.0,,,,,2331000000.0,0.0,,,,350000000.0,0.0,4864000000.0,4864000000.0,1071000000.0,,,,-0.042,0.0,609000000.0,1.0,,,,,4449000000.0,20000000.0,47000000.0,48000000.0,,949000000.0
12,FSL.B,MRT,2003-09-30,2003-09-27,2003-09-27,2020-10-19,,,,,,,,,,,,,,,,,,,,,,,0.0,,,,,,,,,,,,,,,,,,1.0,,,,,,,,,,,,,,,,,,,,,,,,,,,,,,,,,,,,,,,,,,,,,,,,,,,,,,1.0,,,,,,,,,,
13,FSL.B,MRT,2003-06-30,2003-06-28,2003-06-28,2020-10-19,,,,,,,,,,,,,,,,,,,,,,,0.0,,,,,,,,,,,,,,,,,,1.0,,,,,,,,,,,,,,,,,,,,,,,,,,,,,,,,,,,,,,,,,,,,,,,,,,,,,,1.0,,,,,,,,,,
14,FSL.B,MRT,2003-03-31,2003-03-29,2003-03-29,2020-10-19,,,,,,,,,,,,,,,,,,,,,,,0.0,,,,,,,,,,,,,,,,,,1.0,,,,,,,,,,,,,,,,,,,,,,,,,,,,,,,,,,,,,,,,,,,,,,,,,,,,,,1.0,,,,,,,,,,
15,FSL.B,MRT,2002-12-31,2002-12-31,2002-12-31,2020-10-19,,,,,,,,-175000000.0,,,3763000000.0,-1767000000.0,,,,,,,,1094000000.0,,,0.0,-1518000000.0,-424000000.0,-0.085,-424000000.0,-1518000000.0,-1681000000.0,,,,,,,,,,-211000000.0,,1.0,1238000000.0,0.248,,163000000.0,,,,,,,,,,,-78000000.0,-13000000.0,0.0,-143000000.0,0.0,145000000.0,-188000000.0,0.0,-36000000.0,1000000.0,-1767000000.0,-1767000000.0,-1767000000.0,0.0,0.0,-0.353,2753000000.0,-1515000000.0,,,,,,,0.0,,,,,,5001000000.0,5001000000.0,993000000.0,,,,-0.304,0.0,604000000.0,1.0,,,,,,,86000000.0,,,
