None,ticker,dimension,calendardate,datekey,reportperiod,lastupdated,accoci,assets,assetsavg,assetsc,assetsnc,assetturnover,bvps,capex,cashneq,cashnequsd,cor,consolinc,currentratio,de,debt,debtc,debtnc,debtusd,deferredrev,depamor,deposits,divyield,dps,ebit,ebitda,ebitdamargin,ebitdausd,ebitusd,ebt,eps,epsdil,epsusd,equity,equityavg,equityusd,ev,evebit,evebitda,fcf,fcfps,fxusd,gp,grossmargin,intangibles,intexp,invcap,invcapavg,inventory,investments,investmentsc,investmentsnc,liabilities,liabilitiesc,liabilitiesnc,marketcap,ncf,ncfbus,ncfcommon,ncfdebt,ncfdiv,ncff,ncfi,ncfinv,ncfo,ncfx,netinc,netinccmn,netinccmnusd,netincdis,netincnci,netmargin,opex,opinc,payables,payoutratio,pb,pe,pe1,ppnenet,prefdivis,price,ps,ps1,receivables,retearn,revenue,revenueusd,rnd,roa,roe,roic,ros,sbcomp,sgna,sharefactor,sharesbas,shareswa,shareswadil,sps,tangibles,taxassets,taxexp,taxliabilities,tbvps,workingcapital
0,TWX,MRY,2017-12-31,2017-12-31,2017-12-31,2021-08-25,-1437000000.0,69209000000.0,67324250000.0,15219000000.0,53990000000.0,0.464,36.537,-656000000.0,2621000000.0,2621000000.0,17647000000.0,5244000000.0,1.081,1.439,23744000000.0,5450000000.0,18294000000.0,23744000000.0,1179000000.0,694000000.0,0.0,0.018,1.612,6953000000.0,7647000000.0,0.245,7647000000.0,6953000000.0,5948000000.0,6.73,6.64,6.73,28375000000.0,26763500000.0,28375000000.0,91651899881.0,13.0,11.985,4423000000.0,5.695,1.0,13624000000.0,0.436,35367000000.0,1005000000.0,40888000000.0,42809750000.0,10676000000.0,3924000000.0,0.0,3924000000.0,40833000000.0,14077000000.0,26756000000.0,71217899881.0,1082000000.0,-706000000.0,206000000.0,-770000000.0,-1265000000.0,-3001000000.0,-996000000.0,366000000.0,5079000000.0,0.0,5247000000.0,5247000000.0,5247000000.0,0.0,-3000000.0,0.168,5704000000.0,7920000000.0,7916000000.0,0.24,2.51,13.573,13.591,2707000000.0,0.0,91.47,2.277,2.272,9401000000.0,-68208000000.0,31271000000.0,31271000000.0,0.0,0.078,0.196,0.162,0.222,227000000.0,5438000000.0,1.0,778592980.0,776600000,790700000.0,40.267,33842000000.0,0.0,701000000.0,1584000000.0,43.577,1142000000.0
1,TWX,MRY,2016-12-31,2016-12-31,2016-12-31,2021-08-25,-1510000000.0,65966000000.0,64777750000.0,13485000000.0,52481000000.0,0.453,31.167,-432000000.0,1539000000.0,1539000000.0,16376000000.0,3925000000.0,1.39,1.711,24339000000.0,1947000000.0,22392000000.0,24339000000.0,1050000000.0,669000000.0,0.0,0.017,1.61,6368000000.0,7037000000.0,0.24,7037000000.0,6368000000.0,5207000000.0,5.01,4.96,5.01,24335000000.0,24086000000.0,24335000000.0,96600137103.0,15.0,13.727,4234000000.0,5.423,1.0,12942000000.0,0.441,35540000000.0,1161000000.0,43523000000.0,43630000000.0,9978000000.0,3337000000.0,0.0,3337000000.0,41629000000.0,9703000000.0,31926000000.0,74437137103.0,-616000000.0,-1228000000.0,-2150000000.0,512000000.0,-1269000000.0,-3922000000.0,-1360000000.0,300000000.0,4666000000.0,0.0,3926000000.0,3926000000.0,3926000000.0,0.0,-1000000.0,0.134,5395000000.0,7547000000.0,7192000000.0,0.321,3.059,18.96,19.267,2510000000.0,0.0,96.53,2.539,2.571,8699000000.0,-73455000000.0,29318000000.0,29318000000.0,0.0,0.061,0.163,0.146,0.217,277000000.0,5123000000.0,1.0,771129567.0,780800000,792300000.0,37.549,30426000000.0,0.0,1281000000.0,2678000000.0,38.968,3782000000.0
2,TWX,MRY,2015-12-31,2015-12-31,2015-12-31,2021-08-25,-1446000000.0,63848000000.0,63035500000.0,12513000000.0,51335000000.0,0.446,28.984,-423000000.0,2155000000.0,2155000000.0,16154000000.0,3832000000.0,1.564,1.703,23792000000.0,198000000.0,23594000000.0,23792000000.0,968000000.0,681000000.0,0.0,0.022,1.4,6647000000.0,7328000000.0,0.261,7328000000.0,6647000000.0,5484000000.0,4.69,4.62,4.69,23619000000.0,23872500000.0,23619000000.0,72855374122.0,11.0,9.942,3420000000.0,4.197,1.0,11964000000.0,0.425,35667000000.0,1163000000.0,41816000000.0,39654750000.0,9353000000.0,2617000000.0,0.0,2617000000.0,40229000000.0,8002000000.0,32227000000.0,51702374122.0,-463000000.0,-672000000.0,-3467000000.0,1413000000.0,-1150000000.0,-3313000000.0,-993000000.0,102000000.0,3843000000.0,0.0,3833000000.0,3833000000.0,3833000000.0,0.0,-1000000.0,0.136,5099000000.0,6865000000.0,7188000000.0,0.299,2.189,13.489,13.789,2596000000.0,0.0,64.67,1.839,1.874,7411000000.0,-77381000000.0,28118000000.0,28118000000.0,0.0,0.061,0.161,0.168,0.236,182000000.0,4824000000.0,1.0,799480039.0,814900000,829500000.0,34.505,28181000000.0,0.0,1651000000.0,2454000000.0,34.582,4511000000.0
3,TWX,MRY,2014-12-31,2014-12-31,2014-12-31,2021-08-25,-1164000000.0,63146000000.0,64732500000.0,13180000000.0,49966000000.0,0.423,28.352,-474000000.0,2618000000.0,2618000000.0,15875000000.0,3827000000.0,1.432,1.58,22381000000.0,1118000000.0,21263000000.0,22381000000.0,894000000.0,733000000.0,0.0,0.019,1.587,5781000000.0,6514000000.0,0.238,6514000000.0,5781000000.0,4612000000.0,4.42,4.34,4.42,24476000000.0,26414250000.0,24476000000.0,90970495133.0,16.0,13.965,3191000000.0,3.696,1.0,11484000000.0,0.42,35738000000.0,1169000000.0,37967000000.0,37977750000.0,8541000000.0,2326000000.0,0.0,2326000000.0,38670000000.0,9204000000.0,29466000000.0,71623495133.0,802000000.0,1714000000.0,-5166000000.0,2326000000.0,-1109000000.0,-3979000000.0,1332000000.0,143000000.0,3665000000.0,-129000000.0,3827000000.0,3827000000.0,3827000000.0,0.0,0.0,0.14,5509000000.0,5975000000.0,7507000000.0,0.359,2.926,18.715,19.326,2655000000.0,0.0,85.42,2.618,2.695,7720000000.0,-81214000000.0,27359000000.0,27359000000.0,0.0,0.059,0.145,0.152,0.211,219000000.0,5190000000.0,1.0,838486246.0,863300000,882600000.0,31.691,27408000000.0,184000000.0,785000000.0,2204000000.0,31.748,3976000000.0
4,TWX,MRY,2013-12-31,2013-12-31,2013-12-31,2021-08-25,-852000000.0,67999000000.0,66930250000.0,12531000000.0,55468000000.0,0.395,32.504,-568000000.0,1816000000.0,1816000000.0,14935000000.0,3691000000.0,1.494,1.274,20127000000.0,66000000.0,20061000000.0,20127000000.0,893000000.0,759000000.0,0.0,0.016,1.15,6494000000.0,7253000000.0,0.274,7253000000.0,6494000000.0,5305000000.0,3.99,3.92,3.99,29904000000.0,29901500000.0,29904000000.0,80673249493.0,12.0,11.123,3146000000.0,3.42,1.0,11526000000.0,0.436,35782000000.0,1189000000.0,42140000000.0,37429250000.0,8664000000.0,2009000000.0,0.0,2009000000.0,38095000000.0,8388000000.0,29707000000.0,63077249493.0,-944000000.0,-495000000.0,-3034000000.0,257000000.0,-1074000000.0,-3783000000.0,-910000000.0,176000000.0,3714000000.0,0.0,3691000000.0,3691000000.0,3691000000.0,0.0,0.0,0.139,5258000000.0,6268000000.0,6754000000.0,0.288,2.109,17.089,17.474,3291000000.0,0.0,69.72,2.384,2.424,7305000000.0,-85041000000.0,26461000000.0,26461000000.0,0.0,0.055,0.123,0.174,0.245,238000000.0,4934000000.0,1.0,904722454.0,920000000,942600000.0,28.762,32217000000.0,369000000.0,1614000000.0,2287000000.0,35.018,4143000000.0
5,TWX,MRY,2012-12-31,2012-12-31,2012-12-31,2021-08-25,-989000000.0,68089000000.0,67068250000.0,13264000000.0,54825000000.0,0.378,31.22,-609000000.0,2841000000.0,2841000000.0,14575000000.0,2922000000.0,1.354,1.285,19871000000.0,749000000.0,19122000000.0,19871000000.0,1534000000.0,765000000.0,0.0,0.022,1.04,5546000000.0,6311000000.0,0.249,6311000000.0,5546000000.0,4295000000.0,3.05,3.0,3.05,29796000000.0,29759250000.0,29796000000.0,61976195995.0,11.0,9.82,2833000000.0,2.968,1.0,10750000000.0,0.424,40196000000.0,1251000000.0,35124000000.0,35058750000.0,8711000000.0,1966000000.0,0.0,1966000000.0,38292000000.0,9799000000.0,28493000000.0,45288195995.0,-621000000.0,-660000000.0,-2165000000.0,342000000.0,-1011000000.0,-2831000000.0,-1246000000.0,49000000.0,3442000000.0,0.0,2925000000.0,2925000000.0,2925000000.0,0.0,-3000000.0,0.115,5252000000.0,5498000000.0,8039000000.0,0.341,1.52,15.483,15.682,3942000000.0,0.0,47.83,1.788,1.803,7385000000.0,-88732000000.0,25325000000.0,25325000000.0,0.0,0.044,0.098,0.158,0.219,195000000.0,4813000000.0,1.0,946857537.0,954400000,976300000.0,26.535,27893000000.0,474000000.0,1370000000.0,2127000000.0,29.226,3465000000.0
6,TWX,MRY,2011-12-31,2011-12-31,2011-12-31,2021-08-25,-852000000.0,67801000000.0,66765250000.0,13432000000.0,54369000000.0,0.434,28.634,-772000000.0,3476000000.0,3476000000.0,16311000000.0,2882000000.0,1.505,1.263,19524000000.0,23000000.0,19501000000.0,19524000000.0,1633000000.0,922000000.0,0.0,0.026,0.94,5573000000.0,6495000000.0,0.224,6495000000.0,5573000000.0,4363000000.0,2.74,2.71,2.74,29957000000.0,31269000000.0,29957000000.0,51459932870.0,9.0,7.923,2660000000.0,2.543,1.0,12663000000.0,0.437,40066000000.0,1210000000.0,34861000000.0,33309000000.0,8484000000.0,1820000000.0,0.0,1820000000.0,37847000000.0,8922000000.0,28925000000.0,36171932870.0,-187000000.0,-365000000.0,-4407000000.0,2945000000.0,-997000000.0,-2533000000.0,-1086000000.0,51000000.0,3432000000.0,0.0,2886000000.0,2886000000.0,2886000000.0,0.0,-4000000.0,0.1,6858000000.0,5805000000.0,7815000000.0,0.343,1.207,12.534,13.19,3963000000.0,0.0,36.14,1.248,1.305,6922000000.0,-91671000000.0,28974000000.0,28974000000.0,0.0,0.043,0.092,0.167,0.192,225000000.0,6439000000.0,1.0,1000883588.0,1046200000,1064500000.0,27.695,27735000000.0,663000000.0,1477000000.0,2541000000.0,26.51,4510000000.0
7,TWX,MRY,2010-12-31,2010-12-31,2010-12-31,2021-08-25,-632000000.0,66707000000.0,65755750000.0,13321000000.0,53386000000.0,0.409,29.192,-631000000.0,3663000000.0,3663000000.0,15023000000.0,2571000000.0,1.509,1.025,16549000000.0,26000000.0,16523000000.0,16549000000.0,1287000000.0,938000000.0,0.0,0.026,0.85,5104000000.0,6042000000.0,0.225,6042000000.0,5104000000.0,3926000000.0,2.27,2.25,2.27,32940000000.0,33091250000.0,32940000000.0,48234083879.0,9.0,7.983,2659000000.0,2.356,1.0,11865000000.0,0.441,40313000000.0,1178000000.0,30454000000.0,29718250000.0,7905000000.0,1796000000.0,0.0,1796000000.0,33762000000.0,8826000000.0,24936000000.0,35686083879.0,-1070000000.0,-934000000.0,-1895000000.0,319000000.0,-971000000.0,-2924000000.0,-1436000000.0,129000000.0,3290000000.0,0.0,2578000000.0,2578000000.0,2578000000.0,0.0,-7000000.0,0.096,6437000000.0,5428000000.0,7809000000.0,0.374,1.083,13.843,14.172,3874000000.0,0.0,32.17,1.327,1.35,6596000000.0,-94557000000.0,26888000000.0,26888000000.0,0.0,0.039,0.078,0.172,0.19,199000000.0,6126000000.0,1.0,1109296981.0,1128400000,1145300000.0,23.828,26394000000.0,581000000.0,1348000000.0,1950000000.0,23.391,4495000000.0
8,TWX,MRY,2009-12-31,2009-12-31,2009-12-31,2021-08-25,-580000000.0,66059000000.0,69768500000.0,13692000000.0,52367000000.0,0.364,28.206,-547000000.0,4733000000.0,4733000000.0,14235000000.0,2512000000.0,1.445,0.978,16208000000.0,862000000.0,15346000000.0,16208000000.0,1050000000.0,948000000.0,0.0,0.026,0.75,4796000000.0,5744000000.0,0.226,5744000000.0,4796000000.0,3630000000.0,2.08,2.07,2.08,33396000000.0,35377250000.0,33396000000.0,44397221492.0,9.0,7.729,4163000000.0,3.516,1.0,11153000000.0,0.439,40049000000.0,1166000000.0,28012000000.0,27252250000.0,7523000000.0,2347000000.0,805000000.0,1542000000.0,32662000000.0,9473000000.0,23189000000.0,34023221492.0,3651000000.0,8508000000.0,-1102000000.0,-6485000000.0,-897000000.0,-13795000000.0,7425000000.0,227000000.0,4710000000.0,5311000000.0,2477000000.0,2477000000.0,2477000000.0,-428000000.0,35000000.0,0.098,6683000000.0,4470000000.0,7807000000.0,0.361,1.019,13.736,14.01,3922000000.0,0.0,29.14,1.34,1.359,5070000000.0,-97135000000.0,25388000000.0,25388000000.0,0.0,0.036,0.07,0.176,0.189,175000000.0,6073000000.0,1.0,1167577951.0,1184000000,1195100000.0,21.443,26010000000.0,670000000.0,1153000000.0,1607000000.0,21.968,4219000000.0
9,TWX,MRY,2008-12-31,2008-12-31,2008-12-31,2021-08-25,-1676000000.0,114059000000.0,130157750000.0,16622000000.0,97437000000.0,0.203,35.411,-682000000.0,1099000000.0,1099000000.0,14911000000.0,-14649000000.0,1.176,1.617,21896000000.0,2041000000.0,19855000000.0,21896000000.0,1138000000.0,1014000000.0,0.0,0.025,0.75,-11345000000.0,-10331000000.0,-0.391,-10331000000.0,-11345000000.0,-12705000000.0,-11.22,-11.22,-11.22,42288000000.0,55077500000.0,42288000000.0,69726608705.0,-6.0,-6.749,9878000000.0,8.272,1.0,11523000000.0,0.436,41190000000.0,1360000000.0,79527000000.0,67623500000.0,7181000000.0,1027000000.0,0.0,1027000000.0,68389000000.0,14139000000.0,54250000000.0,36089608705.0,-51000000.0,-729000000.0,-198000000.0,-1796000000.0,-901000000.0,1088000000.0,-6499000000.0,125000000.0,10560000000.0,-5200000000.0,-13398000000.0,-13398000000.0,-13398000000.0,0.0,-1251000000.0,-0.507,14567000000.0,-3044000000.0,7779000000.0,-0.067,0.853,-2.694,-2.69,4105000000.0,0.0,30.18,1.365,1.363,5171000000.0,-99780000000.0,26434000000.0,26434000000.0,0.0,-0.103,-0.243,-0.168,-0.429,192000000.0,6678000000.0,1.0,1195812084.0,1194200000,1194200000.0,22.135,72869000000.0,565000000.0,693000000.0,1161000000.0,61.019,2483000000.0
10,TWX,MRY,2007-12-31,2007-12-31,2007-12-31,2021-08-25,149000000.0,133830000000.0,131275750000.0,12451000000.0,121379000000.0,0.2,47.222,-716000000.0,1516000000.0,1516000000.0,15393000000.0,4627000000.0,1.021,1.286,37130000000.0,126000000.0,37004000000.0,37130000000.0,1700000000.0,932000000.0,0.0,0.014,0.705,6658000000.0,7590000000.0,0.29,7590000000.0,6658000000.0,5246000000.0,3.54,3.5,3.54,58536000000.0,58986250000.0,58536000000.0,94929978590.0,14.0,12.507,7757000000.0,6.258,1.0,10818000000.0,0.413,94136000000.0,1412000000.0,63115000000.0,61696250000.0,7409000000.0,1963000000.0,0.0,1963000000.0,75294000000.0,12193000000.0,63101000000.0,59676978590.0,46000000.0,-551000000.0,-5710000000.0,3014000000.0,-871000000.0,-4488000000.0,-4018000000.0,565000000.0,8473000000.0,79000000.0,4387000000.0,4387000000.0,4387000000.0,0.0,240000000.0,0.167,6651000000.0,4167000000.0,5270000000.0,0.199,1.019,13.603,13.992,18048000000.0,0.0,49.53,2.277,2.342,7296000000.0,-86366000000.0,26211000000.0,26211000000.0,0.0,0.033,0.074,0.108,0.254,195000000.0,6203000000.0,1.0,1204865306.0,1239600000,1254000000.0,21.145,39694000000.0,700000000.0,859000000.0,13951000000.0,32.022,258000000.0
11,TWX,MRY,2006-12-31,2006-12-31,2006-12-31,2021-08-25,-136000000.0,132719000000.0,125663500000.0,11901000000.0,120818000000.0,0.348,43.315,-4141000000.0,1549000000.0,1549000000.0,24876000000.0,6552000000.0,0.931,1.198,34997000000.0,64000000.0,34933000000.0,34997000000.0,1962000000.0,3550000000.0,0.0,0.01,0.63,9534000000.0,13084000000.0,0.299,13084000000.0,9534000000.0,7860000000.0,4.71,4.65,4.71,60389000000.0,60979500000.0,60389000000.0,118645635214.0,12.0,9.068,4457000000.0,3.197,1.0,18814000000.0,0.431,92315000000.0,1674000000.0,61072000000.0,51919750000.0,7301000000.0,3426000000.0,0.0,3426000000.0,72330000000.0,12780000000.0,59550000000.0,86522635214.0,-2671000000.0,-12936000000.0,-12962000000.0,14595000000.0,-876000000.0,1203000000.0,-12472000000.0,4601000000.0,8598000000.0,0.0,6552000000.0,6552000000.0,6552000000.0,-1454000000.0,0.0,0.15,11511000000.0,7303000000.0,4621000000.0,0.134,1.433,13.206,13.873,16718000000.0,0.0,65.34,1.98,2.085,6064000000.0,-92466000000.0,43690000000.0,43690000000.0,0.0,0.052,0.107,0.184,0.218,263000000.0,10397000000.0,1.0,1324190928.0,1394167000,1408267000.0,31.338,40404000000.0,1050000000.0,1308000000.0,14164000000.0,28.981,-879000000.0
12,TWX,MRY,2005-12-31,2005-12-31,2005-12-31,2021-08-25,-64000000.0,122744000000.0,123272250000.0,14050000000.0,108694000000.0,0.339,42.019,-3246000000.0,4220000000.0,4220000000.0,24092000000.0,2671000000.0,1.121,0.885,20330000000.0,92000000.0,20238000000.0,20330000000.0,2144000000.0,3106000000.0,0.0,0.006,0.3,4956000000.0,8062000000.0,0.193,8062000000.0,4956000000.0,3692000000.0,1.71,1.71,1.71,65105000000.0,63605500000.0,65105000000.0,93591914371.0,19.0,11.609,1631000000.0,1.053,1.0,17743000000.0,0.424,80982000000.0,1264000000.0,45344000000.0,40462250000.0,6638000000.0,3495000000.0,0.0,3495000000.0,57639000000.0,12528000000.0,45111000000.0,81315914371.0,-1919000000.0,-599000000.0,-1834000000.0,-2107000000.0,-466000000.0,-4300000000.0,-2496000000.0,1430000000.0,4877000000.0,0.0,2671000000.0,2671000000.0,2671000000.0,-163000000.0,0.0,0.064,13830000000.0,3913000000.0,4532000000.0,0.175,1.249,30.444,30.596,12896000000.0,0.0,52.32,1.944,1.938,6523000000.0,-98142000000.0,41835000000.0,41835000000.0,0.0,0.022,0.042,0.122,0.118,356000000.0,10273000000.0,1.0,1554203256.0,1549400000,1570000000.0,27.001,41762000000.0,0.0,1021000000.0,12146000000.0,26.954,1522000000.0
13,TWX,MRY,2004-12-31,2004-12-31,2004-12-31,2021-08-25,106000000.0,123149000000.0,121309500000.0,14458000000.0,108691000000.0,0.338,39.945,-3024000000.0,6289000000.0,6289000000.0,23856000000.0,3108000000.0,0.985,1.028,22375000000.0,1672000000.0,20703000000.0,22375000000.0,2402000000.0,3071000000.0,0.0,0.0,0.0,6091000000.0,9162000000.0,0.224,9162000000.0,6091000000.0,4558000000.0,2.04,1.98,2.04,60719000000.0,58808000000.0,60719000000.0,105936265586.0,17.0,11.563,3530000000.0,2.322,1.0,17137000000.0,0.418,83257000000.0,1533000000.0,41305000000.0,41487500000.0,6152000000.0,4677000000.0,0.0,4677000000.0,62430000000.0,14673000000.0,47757000000.0,89088265586.0,3099000000.0,-877000000.0,353000000.0,-3393000000.0,0.0,-2952000000.0,-503000000.0,3398000000.0,6554000000.0,0.0,3108000000.0,3108000000.0,3108000000.0,-234000000.0,0.0,0.076,11635000000.0,5502000000.0,4829000000.0,0.0,1.467,28.664,28.603,13070000000.0,0.0,58.35,2.173,2.164,5512000000.0,-95685000000.0,40993000000.0,40993000000.0,0.0,0.026,0.053,0.147,0.149,574000000.0,10445000000.0,1.0,1526791184.0,1520067000,1564900000.0,26.968,39892000000.0,0.0,1450000000.0,14870000000.0,26.244,-215000000.0
14,TWX,MRY,2003-12-31,2003-12-31,2003-12-31,2021-08-25,-415000000.0,121780000000.0,120347000000.0,12268000000.0,109512000000.0,0.328,37.425,-2887000000.0,3040000000.0,3040000000.0,23373000000.0,2657000000.0,0.753,1.166,25745000000.0,2287000000.0,23458000000.0,25745000000.0,2686000000.0,3127000000.0,0.0,0.0,0.0,5772000000.0,8899000000.0,0.225,8899000000.0,5772000000.0,4038000000.0,1.77,1.71,1.77,56213000000.0,55515750000.0,56213000000.0,105491209587.0,18.0,11.854,3707000000.0,2.468,1.0,16123000000.0,0.408,83344000000.0,1734000000.0,44846000000.0,44967000000.0,5855000000.0,3770000000.0,0.0,3770000000.0,65567000000.0,16295000000.0,49272000000.0,81346209587.0,1310000000.0,434000000.0,372000000.0,-4909000000.0,0.0,-5361000000.0,77000000.0,2530000000.0,6594000000.0,0.0,2657000000.0,2657000000.0,2657000000.0,495000000.0,0.0,0.067,10839000000.0,5284000000.0,4606000000.0,0.0,1.447,30.616,30.492,12559000000.0,0.0,53.97,2.06,2.052,4908000000.0,-98997000000.0,39496000000.0,39496000000.0,0.0,0.022,0.048,0.128,0.146,0.0,9730000000.0,1.0,1507248649.0,1502000000,1541233000.0,26.296,38436000000.0,0.0,1381000000.0,12655000000.0,25.59,-4027000000.0
15,TWX,MRY,2002-12-31,2002-12-31,2002-12-31,2021-08-25,-428000000.0,115518000000.0,149222750000.0,10835000000.0,104683000000.0,0.248,35.568,-3229000000.0,1730000000.0,1730000000.0,22291000000.0,-97217000000.0,0.805,1.187,27509000000.0,155000000.0,27354000000.0,27509000000.0,2998000000.0,2763000000.0,0.0,0.0,0.0,-95280000000.0,-92517000000.0,-2.496,-92517000000.0,-95280000000.0,-96904000000.0,-65.46,-65.46,-65.46,52817000000.0,86606000000.0,52817000000.0,84542923512.0,-1.0,-0.914,3528000000.0,2.376,1.0,14769000000.0,0.399,77530000000.0,1624000000.0,50303000000.0,48837000000.0,5115000000.0,5094000000.0,0.0,5094000000.0,62701000000.0,13464000000.0,49237000000.0,58558923512.0,959000000.0,-7556000000.0,195000000.0,4490000000.0,0.0,4439000000.0,-10237000000.0,548000000.0,6757000000.0,0.0,-97217000000.0,-97217000000.0,-97217000000.0,1012000000.0,0.0,-2.623,52183000000.0,-37414000000.0,4533000000.0,0.0,1.109,-0.602,-0.6,11534000000.0,0.0,39.3,1.58,1.575,4846000000.0,-101934000000.0,37060000000.0,37060000000.0,0.0,-0.651,-1.123,-1.951,-2.571,0.0,8794000000.0,1.0,1490048944.0,1484967000,1484967000.0,24.957,37988000000.0,0.0,313000000.0,9803000000.0,25.582,-2629000000.0
16,TWX,MRY,2001-12-31,2001-12-31,2001-12-31,2021-08-25,49000000.0,208504000000.0,210130250000.0,10251000000.0,198253000000.0,0.159,102.974,-3621000000.0,719000000.0,719000000.0,18789000000.0,-4934000000.0,0.79,0.371,22840000000.0,48000000.0,22792000000.0,22840000000.0,2499000000.0,8019000000.0,0.0,0.0,0.0,-3473000000.0,4546000000.0,0.136,4546000000.0,-3473000000.0,-4789000000.0,-3.33,-3.33,-3.33,152027000000.0,154725250000.0,152027000000.0,161338958687.0,-46.0,35.49,1660000000.0,1.124,1.0,14718000000.0,0.439,172417000000.0,1316000000.0,45232000000.0,68687750000.0,5281000000.0,6886000000.0,0.0,6886000000.0,56477000000.0,12976000000.0,43501000000.0,142094958687.0,-1891000000.0,-2960000000.0,-2105000000.0,792000000.0,0.0,-1915000000.0,-5257000000.0,1324000000.0,5281000000.0,0.0,-4934000000.0,-4934000000.0,-4934000000.0,713000000.0,0.0,-0.147,14066000000.0,652000000.0,5034000000.0,0.0,0.935,-28.799,-28.919,12669000000.0,0.0,96.3,4.241,4.243,6054000000.0,-3238000000.0,33507000000.0,33507000000.0,0.0,-0.023,-0.032,-0.051,-0.104,0.0,7486000000.0,1.0,1475544742.0,1476367000,1476367000.0,22.696,36087000000.0,0.0,145000000.0,11231000000.0,24.443,-2725000000.0
17,TWX,MRY,2000-12-31,2000-12-31,2000-12-31,2021-08-25,61000000.0,10778000000.0,10798250000.0,4627000000.0,6151000000.0,0.704,8.687,-778000000.0,2610000000.0,2610000000.0,3866000000.0,1121000000.0,1.986,0.602,1413000000.0,2000000.0,1411000000.0,1413000000.0,1286000000.0,443000000.0,0.0,0.0,0.0,1558000000.0,2001000000.0,0.263,2001000000.0,1558000000.0,1833000000.0,1.44,1.29,1.44,6727000000.0,6468000000.0,6727000000.0,80816151031.0,52.0,40.388,1173000000.0,1.515,1.0,3739000000.0,0.492,816000000.0,-275000000.0,6435000000.0,6898500000.0,47000000.0,4710000000.0,886000000.0,3824000000.0,4051000000.0,2330000000.0,1721000000.0,81209151031.0,56000000.0,-2065000000.0,318000000.0,103000000.0,0.0,421000000.0,-2316000000.0,527000000.0,1951000000.0,0.0,1121000000.0,1121000000.0,1121000000.0,0.0,0.0,0.147,1973000000.0,1766000000.0,107000000.0,0.0,12.072,72.443,72.5,1041000000.0,0.0,104.4,10.678,10.63,613000000.0,1696000000.0,7605000000.0,7605000000.0,0.0,0.104,0.173,0.226,0.205,0.0,1864000000.0,1.0,777865431.0,774333000,865000000.0,9.821,9962000000.0,0.0,712000000.0,0.0,12.865,2297000000.0
18,TWX,MRY,1999-12-31,1999-12-31,1999-12-31,2021-08-25,1467000000.0,10396000000.0,6900500000.0,3875000000.0,6521000000.0,0.83,8.637,-612000000.0,2554000000.0,2554000000.0,3324000000.0,1027000000.0,1.78,0.642,1581000000.0,0.0,1581000000.0,1581000000.0,924000000.0,316000000.0,0.0,0.0,0.0,1634000000.0,1950000000.0,0.341,1950000000.0,1634000000.0,1634000000.0,1.41,1.2,1.41,6331000000.0,4018000000.0,6331000000.0,168639734893.0,103.0,86.482,1028000000.0,1.402,1.0,2400000000.0,0.419,561000000.0,0.0,6685000000.0,3200500000.0,0.0,5444000000.0,542000000.0,4902000000.0,4065000000.0,2177000000.0,1888000000.0,169628734893.0,1022000000.0,-773000000.0,494000000.0,1264000000.0,0.0,1729000000.0,-2347000000.0,-934000000.0,1640000000.0,0.0,1027000000.0,1027000000.0,1027000000.0,0.0,0.0,0.179,1581000000.0,819000000.0,68000000.0,0.0,26.793,165.169,161.447,895000000.0,0.0,227.64,29.635,29.151,496000000.0,575000000.0,5724000000.0,5724000000.0,0.0,0.149,0.256,0.511,0.285,0.0,1390000000.0,1.0,745162251.0,733000000,866333000.0,7.809,9835000000.0,0.0,607000000.0,0.0,13.417,1698000000.0
19,TWX,MRY,1998-12-31,1998-12-31,1998-12-31,2021-08-25,128000000.0,3146000000.0,2747344000.0,1782000000.0,1364000000.0,1.41,2.222,-341000000.0,1452000000.0,1452000000.0,2538000000.0,115000000.0,1.795,1.168,400000000.0,0.0,400000000.0,400000000.0,362000000.0,242000000.0,0.0,0.006,0.75,145000000.0,387000000.0,0.1,387000000.0,145000000.0,145000000.0,0.18,0.15,0.18,1451000000.0,1027638250.0,1451000000.0,70180342234.0,484.0,181.345,213000000.0,0.326,1.0,1335000000.0,0.345,450000000.0,0.0,651000000.0,646124000.0,0.0,485000000.0,0.0,485000000.0,1695000000.0,993000000.0,702000000.0,71058342234.0,952000000.0,-73000000.0,742000000.0,17000000.0,0.0,817000000.0,-419000000.0,27000000.0,554000000.0,0.0,115000000.0,115000000.0,115000000.0,0.0,0.0,0.03,1231000000.0,104000000.0,91000000.0,4.167,48.972,617.899,646.25,424000000.0,0.0,116.325,18.347,19.613,225000000.0,-195000000.0,3873000000.0,3873000000.0,0.0,0.042,0.112,0.224,0.037,17000000.0,1034000000.0,1.0,610860453.0,653000000,790000000.0,5.931,2696000000.0,0.0,30000000.0,0.0,4.129,789000000.0
20,TWX,MRY,1997-12-31,1997-06-30,1997-06-30,2021-08-25,17000000.0,833000000.0,,323000000.0,510000000.0,,0.251,-287000000.0,174000000.0,174000000.0,1162000000.0,-485000000.0,0.584,4.95,50000000.0,0.0,50000000.0,50000000.0,252000000.0,93000000.0,0.0,0.0,0.0,-475000000.0,-382000000.0,-0.174,-382000000.0,-475000000.0,-475000000.0,-0.87,-0.87,-0.87,140000000.0,,140000000.0,,,,-156000000.0,-0.279,1.0,1035000000.0,0.471,132000000.0,0.0,24000000.0,,0.0,81000000.0,0.0,81000000.0,693000000.0,553000000.0,140000000.0,,14000000.0,30000000.0,251000000.0,-1000000.0,0.0,250000000.0,-367000000.0,-99000000.0,131000000.0,0.0,-485000000.0,-485000000.0,-485000000.0,0.0,0.0,-0.221,1520000000.0,-485000000.0,68000000.0,0.0,,,-11.989,233000000.0,0.0,10.431,,2.652,91000000.0,-507000000.0,2197000000.0,2197000000.0,0.0,,,,-0.216,2000000.0,828000000.0,1.0,,558667000,558667000.0,3.933,701000000.0,0.0,10000000.0,0.0,1.255,-230000000.0
21,TWX,MRY,1996-12-31,1996-06-30,1996-06-30,2021-08-25,,,,,,,,-91000000.0,,,654000000.0,30000000.0,,,,,,,,35000000.0,,0.0,0.0,62000000.0,97000000.0,0.089,97000000.0,62000000.0,62000000.0,0.068,0.052,0.068,,,,,,,-135000000.0,-0.296,1.0,440000000.0,0.402,,0.0,,,,,,,,,,,72000000.0,0.0,217000000.0,1000000.0,0.0,218000000.0,-102000000.0,-12000000.0,-44000000.0,0.0,30000000.0,30000000.0,30000000.0,0.0,0.0,0.027,375000000.0,65000000.0,,0.0,,,122.013,,0.0,8.297,,3.458,,,1094000000.0,1094000000.0,0.0,,,,0.057,0.0,293000000.0,1.0,,456000000,573333000.0,2.399,,,32000000.0,,,
0,TWX,MRQ,2018-03-31,2018-03-31,2018-03-31,2021-08-25,-1353000000.0,68997000000.0,,15138000000.0,53859000000.0,,38.167,-147000000.0,1691000000.0,1691000000.0,4717000000.0,1642000000.0,1.169,1.315,22253000000.0,3922000000.0,18331000000.0,22253000000.0,1470000000.0,171000000.0,0.0,0.017,0.403,1718000000.0,1889000000.0,0.236,1889000000.0,1718000000.0,1511000000.0,2.1,2.07,2.1,29805000000.0,,29805000000.0,94881366503.0,15.0,13.145,1169000000.0,1.497,1.0,3279000000.0,0.41,35350000000.0,207000000.0,41264000000.0,,10552000000.0,3980000000.0,0.0,3980000000.0,39191000000.0,12945000000.0,26246000000.0,73758366503.0,-930000000.0,-165000000.0,20000000.0,-1542000000.0,-317000000.0,-1938000000.0,-308000000.0,4000000.0,1316000000.0,0.0,1643000000.0,1643000000.0,1643000000.0,0.0,-1000000.0,0.205,1468000000.0,1811000000.0,8021000000.0,0.192,2.475,13.494,13.492,2753000000.0,0.0,94.58,2.339,2.342,10279000000.0,-66726000000.0,7996000000.0,7996000000.0,0.0,,,,,47000000.0,1402000000.0,1.0,779851623.0,780900000,792000000.0,10.239,33647000000.0,0.0,-132000000.0,1812000000.0,43.087,2193000000.0
1,TWX,MRQ,2017-12-31,2017-12-31,2017-12-31,2021-08-25,-1437000000.0,69209000000.0,,15219000000.0,53990000000.0,,36.425,-294000000.0,2621000000.0,2621000000.0,5181000000.0,1388000000.0,1.081,1.439,23744000000.0,5450000000.0,18294000000.0,23744000000.0,1179000000.0,191000000.0,0.0,0.018,0.403,861000000.0,1052000000.0,0.122,1052000000.0,861000000.0,618000000.0,1.78,1.76,1.78,28375000000.0,,28375000000.0,91651899881.0,13.0,11.985,838000000.0,1.076,1.0,3430000000.0,0.398,35367000000.0,243000000.0,40888000000.0,,10676000000.0,3924000000.0,0.0,3924000000.0,40833000000.0,14077000000.0,26756000000.0,71217899881.0,0.0,-196000000.0,39000000.0,658000000.0,-317000000.0,-668000000.0,-464000000.0,26000000.0,1132000000.0,0.0,1389000000.0,1389000000.0,1389000000.0,0.0,-1000000.0,0.161,1523000000.0,1907000000.0,7916000000.0,0.226,2.51,13.573,13.591,2707000000.0,0.0,91.47,2.277,2.272,9401000000.0,-68208000000.0,8611000000.0,8611000000.0,0.0,,,,,49000000.0,1358000000.0,1.0,778592980.0,779000000,791900000.0,11.054,33842000000.0,0.0,-771000000.0,1584000000.0,43.443,1142000000.0
2,TWX,MRQ,2017-09-30,2017-09-30,2017-09-30,2021-08-25,-1389000000.0,68343000000.0,,14608000000.0,53735000000.0,,35.048,-160000000.0,2621000000.0,2621000000.0,3928000000.0,1371000000.0,1.483,1.506,23055000000.0,1157000000.0,21898000000.0,23055000000.0,1205000000.0,169000000.0,0.0,0.016,0.403,2176000000.0,2345000000.0,0.309,2345000000.0,2176000000.0,1922000000.0,1.76,1.73,1.76,27267000000.0,,27267000000.0,100978752610.0,15.0,13.58,1334000000.0,1.715,1.0,3667000000.0,0.483,35437000000.0,254000000.0,43489000000.0,,10565000000.0,3732000000.0,0.0,3732000000.0,41075000000.0,9851000000.0,31224000000.0,79685752610.0,916000000.0,-150000000.0,67000000.0,-21000000.0,-316000000.0,-272000000.0,-306000000.0,4000000.0,1494000000.0,0.0,1372000000.0,1372000000.0,1372000000.0,0.0,-1000000.0,0.181,1422000000.0,2245000000.0,7969000000.0,0.229,2.922,19.197,19.114,2555000000.0,0.0,102.45,2.608,2.609,8997000000.0,-69597000000.0,7595000000.0,7595000000.0,0.0,,,,,55000000.0,1378000000.0,1.0,777801392.0,778000000,791700000.0,9.762,32906000000.0,0.0,550000000.0,2490000000.0,42.296,4757000000.0
3,TWX,MRQ,2017-06-30,2017-06-30,2017-06-30,2021-08-25,-1507000000.0,66096000000.0,,13404000000.0,52692000000.0,,33.497,-104000000.0,1705000000.0,1705000000.0,4205000000.0,1062000000.0,1.516,1.543,22998000000.0,1155000000.0,21843000000.0,22998000000.0,1155000000.0,169000000.0,0.0,0.016,0.403,1763000000.0,1932000000.0,0.264,1932000000.0,1763000000.0,1514000000.0,1.37,1.34,1.37,25987000000.0,,25987000000.0,99631720777.0,15.0,13.763,888000000.0,1.145,1.0,3125000000.0,0.426,35454000000.0,249000000.0,43096000000.0,,9777000000.0,3642000000.0,0.0,3642000000.0,40107000000.0,8839000000.0,31268000000.0,77871720777.0,255000000.0,-192000000.0,44000000.0,-260000000.0,-316000000.0,-537000000.0,-200000000.0,96000000.0,992000000.0,0.0,1062000000.0,1062000000.0,1062000000.0,0.0,0.0,0.145,1433000000.0,1692000000.0,7031000000.0,0.294,2.997,18.34,18.29,2464000000.0,0.0,100.41,2.585,2.586,8655000000.0,-70969000000.0,7330000000.0,7330000000.0,0.0,,,,,66000000.0,1427000000.0,1.0,775537504.0,775800000,790000000.0,9.448,30642000000.0,0.0,452000000.0,2596000000.0,39.497,4565000000.0
4,TWX,MRQ,2017-03-31,2017-03-31,2017-03-31,2021-08-25,-1527000000.0,65649000000.0,,12908000000.0,52741000000.0,,32.866,-98000000.0,1450000000.0,1450000000.0,4332000000.0,1423000000.0,1.581,1.582,23210000000.0,808000000.0,22402000000.0,23210000000.0,1081000000.0,165000000.0,0.0,0.016,0.403,2153000000.0,2318000000.0,0.3,2318000000.0,2153000000.0,1894000000.0,1.84,1.8,1.84,25425000000.0,,25425000000.0,98460202597.0,15.0,13.69,1363000000.0,1.762,1.0,3403000000.0,0.44,35481000000.0,259000000.0,43766000000.0,,9906000000.0,3412000000.0,0.0,3412000000.0,40222000000.0,8162000000.0,32060000000.0,75660202597.0,-89000000.0,-168000000.0,56000000.0,-1147000000.0,-316000000.0,-1524000000.0,-26000000.0,240000000.0,1461000000.0,0.0,1424000000.0,1424000000.0,1424000000.0,0.0,-1000000.0,0.184,1323000000.0,2080000000.0,6766000000.0,0.219,2.976,18.293,18.332,2462000000.0,0.0,97.71,2.544,2.541,8540000000.0,-72031000000.0,7735000000.0,7735000000.0,0.0,,,,,57000000.0,1272000000.0,1.0,774334281.0,773600000,789300000.0,9.999,30168000000.0,0.0,470000000.0,2620000000.0,38.997,4746000000.0
5,TWX,MRQ,2016-12-31,2016-12-31,2016-12-31,2021-08-25,-1510000000.0,65966000000.0,,13485000000.0,52481000000.0,,31.53,-162000000.0,1539000000.0,1539000000.0,4658000000.0,293000000.0,1.39,1.711,24339000000.0,1947000000.0,22392000000.0,24339000000.0,1050000000.0,167000000.0,0.0,0.017,0.403,674000000.0,841000000.0,0.107,841000000.0,674000000.0,387000000.0,0.39,0.39,0.39,24335000000.0,,24335000000.0,96600137103.0,15.0,13.727,970000000.0,1.257,1.0,3233000000.0,0.41,35540000000.0,287000000.0,43523000000.0,,9978000000.0,3337000000.0,0.0,3337000000.0,41629000000.0,9703000000.0,31926000000.0,74437137103.0,-769000000.0,-253000000.0,-158000000.0,-115000000.0,-315000000.0,-1540000000.0,-361000000.0,54000000.0,1132000000.0,0.0,293000000.0,293000000.0,293000000.0,35000000.0,0.0,0.037,1542000000.0,1691000000.0,7192000000.0,1.033,3.059,18.96,19.267,2510000000.0,0.0,96.53,2.539,2.571,8699000000.0,-73455000000.0,7891000000.0,7891000000.0,0.0,,,,,76000000.0,1435000000.0,1.0,771129567.0,771800000,783900000.0,10.224,30426000000.0,0.0,94000000.0,2678000000.0,39.422,3782000000.0
6,TWX,MRQ,2016-09-30,2016-09-30,2016-09-30,2021-08-25,-1614000000.0,65764000000.0,,13264000000.0,52500000000.0,,31.278,-108000000.0,2308000000.0,2308000000.0,3873000000.0,1467000000.0,1.759,1.709,24471000000.0,52000000.0,24419000000.0,24471000000.0,1016000000.0,166000000.0,0.0,0.02,0.403,1982000000.0,2148000000.0,0.3,2148000000.0,1982000000.0,1684000000.0,1.89,1.86,1.89,24278000000.0,,24278000000.0,83896020090.0,12.0,10.753,1460000000.0,1.881,1.0,3294000000.0,0.46,35508000000.0,298000000.0,44880000000.0,,10111000000.0,3271000000.0,0.0,3271000000.0,41485000000.0,7539000000.0,33946000000.0,61924020090.0,-188000000.0,-689000000.0,-666000000.0,-4000000.0,-314000000.0,-971000000.0,-785000000.0,12000000.0,1568000000.0,0.0,1467000000.0,1467000000.0,1467000000.0,5000000.0,0.0,0.205,1280000000.0,2014000000.0,6907000000.0,0.213,2.551,13.792,13.967,2482000000.0,0.0,79.61,2.172,2.168,8031000000.0,-73748000000.0,7167000000.0,7167000000.0,0.0,,,,,45000000.0,1179000000.0,1.0,777842232.0,776200000,787500000.0,9.233,30256000000.0,0.0,217000000.0,2603000000.0,38.98,5725000000.0
7,TWX,MRQ,2016-06-30,2016-06-30,2016-06-30,2021-08-25,-1447000000.0,64127000000.0,,12962000000.0,51165000000.0,,30.45,-87000000.0,2496000000.0,2496000000.0,3840000000.0,951000000.0,1.859,1.684,24468000000.0,50000000.0,24418000000.0,24468000000.0,919000000.0,169000000.0,0.0,0.02,0.403,1716000000.0,1885000000.0,0.271,1885000000.0,1716000000.0,1424000000.0,1.21,1.2,1.21,23888000000.0,,23888000000.0,79964438587.0,12.0,10.519,1126000000.0,1.435,1.0,3112000000.0,0.448,35587000000.0,292000000.0,43540000000.0,,9258000000.0,2592000000.0,0.0,2592000000.0,40238000000.0,6972000000.0,33266000000.0,57831438587.0,956000000.0,-193000000.0,-671000000.0,784000000.0,-318000000.0,-198000000.0,-59000000.0,221000000.0,1213000000.0,0.0,952000000.0,952000000.0,952000000.0,0.0,-1000000.0,0.137,1266000000.0,1846000000.0,6403000000.0,0.333,2.421,14.251,14.476,2516000000.0,0.0,73.54,2.073,2.068,7813000000.0,-75215000000.0,6952000000.0,6952000000.0,0.0,,,,,48000000.0,1258000000.0,1.0,786394324.0,784500000,795400000.0,8.862,28540000000.0,0.0,472000000.0,2665000000.0,36.38,5990000000.0
8,TWX,MRQ,2016-03-31,2016-03-31,2016-03-31,2021-08-25,-1490000000.0,63254000000.0,,11792000000.0,51462000000.0,,30.154,-75000000.0,1540000000.0,1540000000.0,4005000000.0,1214000000.0,1.639,1.653,23673000000.0,51000000.0,23622000000.0,23673000000.0,944000000.0,167000000.0,0.0,0.02,0.403,1996000000.0,2163000000.0,0.296,2163000000.0,1996000000.0,1712000000.0,1.53,1.51,1.53,23843000000.0,,23843000000.0,78962697802.0,11.0,10.369,678000000.0,0.857,1.0,3303000000.0,0.452,35616000000.0,284000000.0,42577000000.0,,9307000000.0,2649000000.0,0.0,2649000000.0,39410000000.0,7194000000.0,32216000000.0,57325697802.0,-615000000.0,-93000000.0,-655000000.0,-153000000.0,-322000000.0,-1213000000.0,-155000000.0,13000000.0,753000000.0,0.0,1214000000.0,1214000000.0,1214000000.0,0.0,0.0,0.166,1307000000.0,1996000000.0,6589000000.0,0.263,2.404,14.061,14.366,2546000000.0,0.0,72.55,2.026,2.027,7810000000.0,-76167000000.0,7308000000.0,7308000000.0,0.0,,,,,108000000.0,1251000000.0,1.0,790154346.0,790700000,802300000.0,9.242,27638000000.0,0.0,498000000.0,2570000000.0,34.954,4598000000.0
9,TWX,MRQ,2015-12-31,2015-12-31,2015-12-31,2021-08-25,-1446000000.0,63848000000.0,,12513000000.0,51335000000.0,,29.583,-173000000.0,2155000000.0,2155000000.0,4352000000.0,857000000.0,1.564,1.703,23792000000.0,198000000.0,23594000000.0,23792000000.0,968000000.0,180000000.0,0.0,0.022,0.35,1426000000.0,1606000000.0,0.227,1606000000.0,1426000000.0,1137000000.0,1.07,1.06,1.07,23619000000.0,,23619000000.0,72855374122.0,11.0,9.942,673000000.0,0.843,1.0,2727000000.0,0.385,35667000000.0,289000000.0,41816000000.0,,9353000000.0,2617000000.0,0.0,2617000000.0,40229000000.0,8002000000.0,32227000000.0,51702374122.0,381000000.0,-328000000.0,-585000000.0,885000000.0,-281000000.0,27000000.0,-492000000.0,9000000.0,846000000.0,0.0,857000000.0,857000000.0,857000000.0,0.0,0.0,0.121,1341000000.0,1386000000.0,7188000000.0,0.327,2.189,13.489,13.789,2596000000.0,0.0,64.67,1.839,1.874,7411000000.0,-77381000000.0,7079000000.0,7079000000.0,0.0,,,,,28000000.0,1244000000.0,1.0,799480039.0,798400000,811500000.0,8.866,28181000000.0,0.0,280000000.0,2454000000.0,35.297,4511000000.0
10,TWX,MRQ,2015-09-30,2015-09-30,2015-09-30,2021-08-25,-1392000000.0,62674000000.0,,12139000000.0,50535000000.0,,29.188,-96000000.0,1774000000.0,1774000000.0,3526000000.0,1034000000.0,1.445,1.65,22927000000.0,199000000.0,22728000000.0,22927000000.0,900000000.0,167000000.0,0.0,0.02,0.35,1781000000.0,1948000000.0,0.297,1948000000.0,1781000000.0,1487000000.0,1.27,1.26,1.27,23648000000.0,,23648000000.0,76743222694.0,12.0,10.507,1101000000.0,1.359,1.0,3038000000.0,0.463,35730000000.0,294000000.0,39694000000.0,,9267000000.0,2154000000.0,0.0,2154000000.0,39026000000.0,8403000000.0,30623000000.0,56071222694.0,-1348000000.0,-192000000.0,-1199000000.0,-769000000.0,-285000000.0,-2273000000.0,-272000000.0,16000000.0,1197000000.0,0.0,1035000000.0,1035000000.0,1035000000.0,0.0,-1000000.0,0.158,1204000000.0,1834000000.0,7597000000.0,0.276,2.371,15.179,15.312,2569000000.0,0.0,68.75,1.963,1.95,7322000000.0,-78238000000.0,6564000000.0,6564000000.0,0.0,,,,,19000000.0,1143000000.0,1.0,815581421.0,810200000,824100000.0,8.102,26944000000.0,184000000.0,452000000.0,2006000000.0,33.256,3736000000.0
11,TWX,MRQ,2015-06-30,2015-06-30,2015-06-30,2021-08-25,-1396000000.0,63425000000.0,,13810000000.0,49615000000.0,,29.242,-97000000.0,3122000000.0,3122000000.0,4188000000.0,971000000.0,1.502,1.64,23794000000.0,1513000000.0,22281000000.0,23794000000.0,930000000.0,164000000.0,0.0,0.015,0.35,1734000000.0,1898000000.0,0.258,1898000000.0,1734000000.0,1448000000.0,1.18,1.16,1.18,24025000000.0,,24025000000.0,92289495260.0,16.0,14.475,691000000.0,0.841,1.0,3160000000.0,0.43,35641000000.0,286000000.0,39261000000.0,,8237000000.0,2132000000.0,0.0,2132000000.0,39400000000.0,9195000000.0,30205000000.0,72078495260.0,862000000.0,-56000000.0,-860000000.0,1304000000.0,-290000000.0,126000000.0,-52000000.0,101000000.0,788000000.0,0.0,971000000.0,971000000.0,971000000.0,0.0,0.0,0.132,1301000000.0,1859000000.0,7059000000.0,0.297,3.0,19.878,20.094,2567000000.0,0.0,87.41,2.552,2.543,8004000000.0,-79273000000.0,7348000000.0,7348000000.0,0.0,,,,,45000000.0,1248000000.0,1.0,824602394.0,821600000,836300000.0,8.944,27784000000.0,184000000.0,477000000.0,2109000000.0,33.817,4615000000.0
12,TWX,MRQ,2015-03-31,2015-03-31,2015-03-31,2021-08-25,-1307000000.0,62195000000.0,,12495000000.0,49700000000.0,,29.175,-57000000.0,2260000000.0,2260000000.0,4088000000.0,970000000.0,1.405,1.57,22471000000.0,1299000000.0,21172000000.0,22471000000.0,837000000.0,170000000.0,0.0,0.019,0.35,1706000000.0,1876000000.0,0.263,1876000000.0,1706000000.0,1412000000.0,1.17,1.15,1.17,24198000000.0,,24198000000.0,90005276160.0,16.0,14.417,955000000.0,1.151,1.0,3039000000.0,0.426,35667000000.0,294000000.0,37848000000.0,,8267000000.0,2270000000.0,0.0,2270000000.0,37997000000.0,8891000000.0,29106000000.0,70129276160.0,-358000000.0,-96000000.0,-823000000.0,-7000000.0,-294000000.0,-1193000000.0,-177000000.0,-24000000.0,1012000000.0,0.0,970000000.0,970000000.0,970000000.0,-37000000.0,0.0,0.136,1253000000.0,1786000000.0,7062000000.0,0.299,2.898,20.008,20.396,2580000000.0,0.0,84.44,2.533,2.53,7645000000.0,-80244000000.0,7127000000.0,7127000000.0,0.0,,,,,90000000.0,1189000000.0,1.0,830521982.0,829400000,845900000.0,8.593,26528000000.0,184000000.0,442000000.0,2124000000.0,31.985,3604000000.0
13,TWX,MRQ,2014-12-31,2014-12-31,2014-12-31,2021-08-25,-1164000000.0,63146000000.0,,13180000000.0,49966000000.0,,29.257,-158000000.0,2618000000.0,2618000000.0,4418000000.0,718000000.0,1.432,1.58,22381000000.0,1118000000.0,21263000000.0,22381000000.0,894000000.0,182000000.0,0.0,0.019,0.317,1400000000.0,1582000000.0,0.21,1582000000.0,1400000000.0,1099000000.0,0.87,0.85,0.87,24476000000.0,,24476000000.0,90970495133.0,16.0,13.965,843000000.0,1.008,1.0,3107000000.0,0.413,35738000000.0,301000000.0,37967000000.0,,8541000000.0,2326000000.0,0.0,2326000000.0,38670000000.0,9204000000.0,29466000000.0,71623495133.0,-592000000.0,-72000000.0,-961000000.0,-51000000.0,-268000000.0,-1265000000.0,-199000000.0,31000000.0,1001000000.0,-42000000.0,718000000.0,718000000.0,718000000.0,-65000000.0,0.0,0.095,1718000000.0,1389000000.0,7507000000.0,0.364,2.926,18.715,19.326,2655000000.0,0.0,85.42,2.618,2.695,7720000000.0,-81214000000.0,7525000000.0,7525000000.0,0.0,,,,,45000000.0,1477000000.0,1.0,838486246.0,836600000,855600000.0,8.995,27408000000.0,184000000.0,381000000.0,2204000000.0,32.761,3976000000.0
14,TWX,MRQ,2014-09-30,2014-09-30,2014-09-30,2021-08-25,-841000000.0,63095000000.0,,12893000000.0,50202000000.0,,29.651,-110000000.0,3210000000.0,3210000000.0,3681000000.0,967000000.0,1.478,1.501,22557000000.0,1168000000.0,21389000000.0,22557000000.0,853000000.0,183000000.0,0.0,0.021,0.318,837000000.0,1020000000.0,0.163,1020000000.0,837000000.0,530000000.0,1.13,1.11,1.13,25230000000.0,,25230000000.0,82375186303.0,13.0,12.003,512000000.0,0.602,1.0,2562000000.0,0.41,35846000000.0,307000000.0,37872000000.0,,8555000000.0,2336000000.0,0.0,2336000000.0,37865000000.0,8724000000.0,29141000000.0,64292186303.0,-1270000000.0,-17000000.0,-1511000000.0,-4000000.0,-273000000.0,-1767000000.0,-125000000.0,2000000.0,622000000.0,0.0,967000000.0,967000000.0,967000000.0,-1000000.0,0.0,0.155,1591000000.0,971000000.0,7052000000.0,0.281,2.548,15.712,16.244,2678000000.0,0.0,75.21,2.343,2.332,7005000000.0,-81932000000.0,6243000000.0,6243000000.0,0.0,,,,,48000000.0,1226000000.0,1.0,854835611.0,850900000,870200000.0,7.337,27249000000.0,181000000.0,-437000000.0,1797000000.0,32.024,4169000000.0
15,TWX,MRQ,2014-06-30,2014-06-30,2014-06-30,2021-08-25,-804000000.0,64490000000.0,,14183000000.0,50307000000.0,,29.615,-114000000.0,4480000000.0,4480000000.0,3925000000.0,850000000.0,1.968,1.489,22563000000.0,168000000.0,22395000000.0,22563000000.0,810000000.0,185000000.0,0.0,0.022,0.635,1580000000.0,1765000000.0,0.26,1765000000.0,1580000000.0,1284000000.0,0.97,0.95,0.97,25907000000.0,,25907000000.0,78712365814.0,11.0,9.885,224000000.0,0.256,1.0,2863000000.0,0.422,35914000000.0,296000000.0,39452000000.0,,8203000000.0,2494000000.0,0.0,2494000000.0,38583000000.0,7207000000.0,31376000000.0,61967365814.0,985000000.0,645000000.0,-1819000000.0,2260000000.0,-281000000.0,141000000.0,588000000.0,89000000.0,338000000.0,-82000000.0,850000000.0,850000000.0,850000000.0,-7000000.0,0.0,0.125,1296000000.0,1567000000.0,6564000000.0,0.655,2.392,14.384,14.666,2716000000.0,0.0,70.25,2.275,2.256,7014000000.0,-82899000000.0,6788000000.0,6788000000.0,0.0,,,,,37000000.0,1217000000.0,1.0,882097734.0,874800000,894200000.0,7.759,28576000000.0,424000000.0,434000000.0,2037000000.0,32.666,6976000000.0
16,TWX,MRQ,2014-03-31,2014-03-31,2014-03-31,2021-08-25,-875000000.0,68199000000.0,,13994000000.0,54205000000.0,,33.719,-92000000.0,3546000000.0,3546000000.0,3851000000.0,1292000000.0,1.691,1.27,20291000000.0,65000000.0,20226000000.0,20291000000.0,1409000000.0,183000000.0,0.0,0.018,0.318,1964000000.0,2147000000.0,0.316,2147000000.0,1964000000.0,1699000000.0,1.45,1.42,1.45,30044000000.0,,30044000000.0,76620557241.0,11.0,9.876,1612000000.0,1.809,1.0,2952000000.0,0.434,40046000000.0,265000000.0,36620000000.0,,8226000000.0,2117000000.0,0.0,2117000000.0,38155000000.0,8278000000.0,29877000000.0,58317557241.0,1679000000.0,1158000000.0,-875000000.0,121000000.0,-287000000.0,-1088000000.0,1068000000.0,21000000.0,1704000000.0,-5000000.0,1292000000.0,1292000000.0,1292000000.0,73000000.0,0.0,0.19,904000000.0,2048000000.0,7262000000.0,0.219,1.941,13.79,14.049,3219000000.0,0.0,65.33,2.155,2.151,7371000000.0,-83749000000.0,6803000000.0,6803000000.0,0.0,,,,,89000000.0,1270000000.0,1.0,892661216.0,891000000,910600000.0,7.635,28153000000.0,512000000.0,407000000.0,2461000000.0,31.597,5716000000.0
17,TWX,MRQ,2013-12-31,2013-12-31,2013-12-31,2021-08-25,-852000000.0,67999000000.0,,12531000000.0,55468000000.0,,33.164,-272000000.0,1816000000.0,1816000000.0,4427000000.0,983000000.0,1.494,1.274,20127000000.0,66000000.0,20061000000.0,20127000000.0,893000000.0,200000000.0,0.0,0.016,0.287,1731000000.0,1931000000.0,0.254,1931000000.0,1731000000.0,1431000000.0,1.08,1.07,1.08,29904000000.0,,29904000000.0,80673249493.0,12.0,11.123,611000000.0,0.678,1.0,3177000000.0,0.418,35782000000.0,300000000.0,42140000000.0,,8664000000.0,2009000000.0,0.0,2009000000.0,38095000000.0,8388000000.0,29707000000.0,63077249493.0,312000000.0,-36000000.0,-1027000000.0,995000000.0,-263000000.0,-280000000.0,-308000000.0,1000000.0,883000000.0,-18000000.0,983000000.0,983000000.0,983000000.0,288000000.0,0.0,0.129,1444000000.0,1733000000.0,6754000000.0,0.266,2.109,17.089,17.474,3291000000.0,0.0,69.72,2.384,2.424,7305000000.0,-85041000000.0,7604000000.0,7604000000.0,0.0,,,,,49000000.0,1308000000.0,1.0,904722454.0,901700000,924300000.0,8.433,32217000000.0,369000000.0,448000000.0,2287000000.0,35.729,4143000000.0
18,TWX,MRQ,2013-09-30,2013-09-30,2013-09-30,2021-08-25,-1073000000.0,66453000000.0,,11581000000.0,54872000000.0,,32.645,-124000000.0,1567000000.0,1567000000.0,3158000000.0,1183000000.0,1.51,1.22,19163000000.0,18000000.0,19145000000.0,19163000000.0,1370000000.0,186000000.0,0.0,0.017,0.287,1934000000.0,2120000000.0,0.351,2120000000.0,1934000000.0,1634000000.0,1.29,1.26,1.29,29929000000.0,,29929000000.0,77928605455.0,12.0,10.863,1063000000.0,1.159,1.0,2884000000.0,0.477,40226000000.0,300000000.0,36155000000.0,,8595000000.0,1953000000.0,0.0,1953000000.0,36523000000.0,7668000000.0,28855000000.0,60545605455.0,-490000000.0,-42000000.0,-974000000.0,-302000000.0,-267000000.0,-1521000000.0,-162000000.0,12000000.0,1187000000.0,6000000.0,1183000000.0,1183000000.0,1183000000.0,-225000000.0,0.0,0.196,1155000000.0,1729000000.0,6776000000.0,0.222,2.023,15.85,16.09,3692000000.0,0.0,65.81,2.487,2.478,6763000000.0,-86024000000.0,6042000000.0,6042000000.0,0.0,,,,,49000000.0,1157000000.0,1.0,920006161.0,916800000,938800000.0,6.59,26227000000.0,459000000.0,451000000.0,2510000000.0,28.607,3913000000.0
19,TWX,MRQ,2013-06-30,2013-06-30,2013-06-30,2021-08-25,-1101000000.0,66322000000.0,,12229000000.0,54093000000.0,,32.072,-87000000.0,2063000000.0,2063000000.0,3908000000.0,771000000.0,1.557,1.227,19446000000.0,317000000.0,19129000000.0,19446000000.0,1399000000.0,156000000.0,0.0,0.019,0.287,1404000000.0,1560000000.0,0.236,1560000000.0,1404000000.0,1104000000.0,0.83,0.81,0.83,29782000000.0,,29782000000.0,70846302993.0,12.0,10.367,828000000.0,0.892,1.0,2700000000.0,0.409,40070000000.0,300000000.0,35781000000.0,,7905000000.0,2133000000.0,0.0,2133000000.0,36539000000.0,7854000000.0,28685000000.0,53898302993.0,-418000000.0,-355000000.0,-700000000.0,-2000000.0,-271000000.0,-914000000.0,-431000000.0,25000000.0,915000000.0,12000000.0,771000000.0,771000000.0,771000000.0,-73000000.0,0.0,0.117,1313000000.0,1387000000.0,6652000000.0,0.346,1.81,15.582,15.798,3704000000.0,0.0,57.82,2.143,2.135,7033000000.0,-87207000000.0,6608000000.0,6608000000.0,0.0,,,,,34000000.0,1219000000.0,1.0,932174040.0,928600000,950800000.0,7.116,26252000000.0,459000000.0,333000000.0,2546000000.0,28.271,4375000000.0
20,TWX,MRQ,2013-03-31,2013-03-31,2013-03-31,2021-08-25,-1060000000.0,66947000000.0,,12624000000.0,54323000000.0,,32.152,-85000000.0,2493000000.0,2493000000.0,3750000000.0,754000000.0,1.545,1.232,19441000000.0,316000000.0,19125000000.0,19441000000.0,1450000000.0,217000000.0,0.0,0.019,0.287,1426000000.0,1643000000.0,0.237,1643000000.0,1426000000.0,1136000000.0,0.8,0.79,0.8,29991000000.0,,29991000000.0,70892626248.0,12.0,10.915,644000000.0,0.69,1.0,3189000000.0,0.46,40084000000.0,290000000.0,35641000000.0,,8239000000.0,1920000000.0,0.0,1920000000.0,36955000000.0,8170000000.0,28785000000.0,53862626248.0,-348000000.0,-62000000.0,-333000000.0,-434000000.0,-273000000.0,-1068000000.0,-9000000.0,138000000.0,729000000.0,0.0,754000000.0,754000000.0,754000000.0,0.0,0.0,0.109,1779000000.0,1410000000.0,6922000000.0,0.359,1.796,17.369,17.675,3769000000.0,0.0,57.62,2.13,2.126,7095000000.0,-87932000000.0,6939000000.0,6939000000.0,0.0,,,,,106000000.0,1620000000.0,1.0,934790459.0,932800000,956400000.0,7.439,26863000000.0,459000000.0,382000000.0,2500000000.0,28.798,4454000000.0
21,TWX,MRQ,2012-12-31,2012-12-31,2012-12-31,2021-08-25,-989000000.0,68089000000.0,,13264000000.0,54825000000.0,,31.627,-183000000.0,2841000000.0,2841000000.0,3077000000.0,1112000000.0,1.354,1.285,19871000000.0,749000000.0,19122000000.0,19871000000.0,1534000000.0,107000000.0,0.0,0.022,0.26,1744000000.0,1851000000.0,0.389,1851000000.0,1744000000.0,1439000000.0,1.17,1.15,1.17,29796000000.0,,29796000000.0,61976195995.0,11.0,9.82,970000000.0,1.03,1.0,1683000000.0,0.354,40196000000.0,305000000.0,35124000000.0,,8711000000.0,1966000000.0,0.0,1966000000.0,38292000000.0,9799000000.0,28493000000.0,45288195995.0,-333000000.0,-88000000.0,-970000000.0,-3000000.0,-249000000.0,-1200000000.0,-300000000.0,-3000000.0,1153000000.0,0.0,1112000000.0,1112000000.0,1112000000.0,0.0,0.0,0.234,76000000.0,1607000000.0,8039000000.0,0.222,1.52,15.483,15.682,3942000000.0,0.0,47.83,1.788,1.803,7385000000.0,-88732000000.0,4760000000.0,4760000000.0,0.0,,,,,8000000.0,121000000.0,1.0,946857537.0,942100000,967000000.0,5.053,27893000000.0,474000000.0,327000000.0,2127000000.0,29.607,3465000000.0
22,TWX,MRQ,2012-09-30,2012-09-30,2012-09-30,2021-08-25,-820000000.0,67485000000.0,,12694000000.0,54791000000.0,,31.586,-143000000.0,3188000000.0,3188000000.0,3657000000.0,822000000.0,1.43,1.248,19876000000.0,754000000.0,19122000000.0,19876000000.0,1571000000.0,222000000.0,0.0,0.022,0.26,1558000000.0,1780000000.0,0.26,1780000000.0,1558000000.0,1240000000.0,0.86,0.84,0.86,30019000000.0,,30019000000.0,60427456892.0,11.0,9.77,1395000000.0,1.468,1.0,3185000000.0,0.466,40007000000.0,318000000.0,35287000000.0,,8938000000.0,2029000000.0,0.0,2029000000.0,37466000000.0,8879000000.0,28587000000.0,43019456892.0,718000000.0,-310000000.0,-140000000.0,-4000000.0,-252000000.0,-387000000.0,-433000000.0,20000000.0,1538000000.0,0.0,822000000.0,822000000.0,822000000.0,0.0,0.0,0.12,1604000000.0,1581000000.0,7075000000.0,0.302,1.433,16.603,17.043,3906000000.0,0.0,45.335,1.496,1.498,6199000000.0,-89820000000.0,6842000000.0,6842000000.0,0.0,,,,,40000000.0,1511000000.0,1.0,948923721.0,950400000,973900000.0,7.199,27478000000.0,620000000.0,418000000.0,2553000000.0,28.912,3815000000.0
23,TWX,MRQ,2012-06-30,2012-06-30,2012-06-30,2021-08-25,-848000000.0,65955000000.0,,12090000000.0,53865000000.0,,30.771,-150000000.0,2470000000.0,2470000000.0,3865000000.0,412000000.0,1.517,1.24,19878000000.0,457000000.0,19421000000.0,19878000000.0,1528000000.0,221000000.0,0.0,0.026,0.26,1000000000.0,1221000000.0,0.181,1221000000.0,1000000000.0,692000000.0,0.43,0.42,0.43,29442000000.0,,29442000000.0,53599763151.0,10.0,8.651,185000000.0,0.193,1.0,2879000000.0,0.427,39833000000.0,308000000.0,35558000000.0,,8206000000.0,1895000000.0,0.0,1895000000.0,36512000000.0,7972000000.0,28540000000.0,36956763151.0,-407000000.0,-203000000.0,-515000000.0,354000000.0,-253000000.0,-416000000.0,-326000000.0,27000000.0,335000000.0,0.0,413000000.0,413000000.0,413000000.0,0.0,-1000000.0,0.061,1816000000.0,1063000000.0,6519000000.0,0.605,1.255,14.264,14.865,3911000000.0,0.0,38.5,1.275,1.271,6411000000.0,-90658000000.0,6744000000.0,6744000000.0,0.0,,,,,46000000.0,1606000000.0,1.0,959915926.0,956800000,974200000.0,7.048,26122000000.0,645000000.0,279000000.0,2466000000.0,27.301,4118000000.0
24,TWX,MRQ,2012-03-31,2012-03-31,2012-03-31,2021-08-25,-793000000.0,66744000000.0,,12291000000.0,54453000000.0,,30.755,-133000000.0,2877000000.0,2877000000.0,3976000000.0,581000000.0,1.343,1.241,19520000000.0,1095000000.0,18425000000.0,19520000000.0,1556000000.0,215000000.0,0.0,0.026,0.26,1249000000.0,1464000000.0,0.21,1464000000.0,1249000000.0,929000000.0,0.6,0.59,0.6,29780000000.0,,29780000000.0,52651837482.0,9.0,8.138,283000000.0,0.292,1.0,3003000000.0,0.43,39972000000.0,320000000.0,34266000000.0,,8593000000.0,1894000000.0,0.0,1894000000.0,36963000000.0,9149000000.0,27814000000.0,36603837482.0,-599000000.0,-59000000.0,-540000000.0,-5000000.0,-257000000.0,-828000000.0,-187000000.0,5000000.0,416000000.0,0.0,583000000.0,583000000.0,583000000.0,0.0,-2000000.0,0.084,1756000000.0,1247000000.0,7031000000.0,0.433,1.229,12.999,13.678,3937000000.0,0.0,37.75,1.251,1.249,6312000000.0,-91088000000.0,6979000000.0,6979000000.0,0.0,,,,,101000000.0,1575000000.0,1.0,969638079.0,968300000,990100000.0,7.207,26772000000.0,649000000.0,346000000.0,2536000000.0,27.648,3142000000.0
25,TWX,MRQ,2011-12-31,2011-12-31,2011-12-31,2021-08-25,-852000000.0,67801000000.0,,13432000000.0,54369000000.0,,30.193,-261000000.0,3476000000.0,3476000000.0,4732000000.0,772000000.0,1.505,1.263,19524000000.0,23000000.0,19501000000.0,19524000000.0,1633000000.0,233000000.0,0.0,0.026,0.235,1487000000.0,1720000000.0,0.21,1720000000.0,1487000000.0,1175000000.0,0.77,0.76,0.77,29957000000.0,,29957000000.0,51459932870.0,9.0,7.923,1026000000.0,1.034,1.0,3461000000.0,0.422,40066000000.0,312000000.0,34861000000.0,,8484000000.0,1820000000.0,0.0,1820000000.0,37847000000.0,8922000000.0,28925000000.0,36171932870.0,231000000.0,-39000000.0,-1498000000.0,985000000.0,-236000000.0,-754000000.0,-302000000.0,-2000000.0,1287000000.0,0.0,773000000.0,773000000.0,773000000.0,0.0,-1000000.0,0.094,1788000000.0,1673000000.0,7815000000.0,0.305,1.207,12.534,13.19,3963000000.0,0.0,36.14,1.248,1.305,6922000000.0,-91671000000.0,8193000000.0,8193000000.0,0.0,,,,,40000000.0,1664000000.0,1.0,1000883588.0,992200000,1010800000.0,8.257,27735000000.0,663000000.0,402000000.0,2541000000.0,27.953,4510000000.0
26,TWX,MRQ,2011-09-30,2011-09-30,2011-09-30,2021-08-25,-486000000.0,66890000000.0,,12082000000.0,54808000000.0,,30.071,-174000000.0,3245000000.0,3245000000.0,3808000000.0,822000000.0,1.466,1.146,18533000000.0,22000000.0,18511000000.0,18533000000.0,1265000000.0,228000000.0,0.0,0.031,0.235,1563000000.0,1791000000.0,0.253,1791000000.0,1563000000.0,1253000000.0,0.79,0.78,0.79,31166000000.0,,31166000000.0,46332966390.0,8.0,7.133,1103000000.0,1.064,1.0,3260000000.0,0.461,40241000000.0,310000000.0,33694000000.0,,8803000000.0,1925000000.0,0.0,1925000000.0,35727000000.0,8243000000.0,27484000000.0,31311966390.0,-275000000.0,-29000000.0,-1093000000.0,-13000000.0,-247000000.0,-1358000000.0,-194000000.0,9000000.0,1277000000.0,0.0,822000000.0,822000000.0,822000000.0,0.0,0.0,0.116,1664000000.0,1596000000.0,7242000000.0,0.297,1.005,10.865,11.225,3921000000.0,0.0,29.97,1.095,1.086,5742000000.0,-92444000000.0,7068000000.0,7068000000.0,0.0,,,,,38000000.0,1563000000.0,1.0,1044776990.0,1036400000,1053300000.0,6.82,26649000000.0,475000000.0,431000000.0,2444000000.0,25.713,3839000000.0
27,TWX,MRQ,2011-06-30,2011-06-30,2011-06-30,2021-08-25,-479000000.0,66628000000.0,,12439000000.0,54189000000.0,,29.769,-185000000.0,3520000000.0,3520000000.0,4044000000.0,637000000.0,1.652,1.101,18541000000.0,29000000.0,18512000000.0,18541000000.0,1166000000.0,230000000.0,0.0,0.025,0.235,1265000000.0,1495000000.0,0.213,1495000000.0,1265000000.0,951000000.0,0.6,0.59,0.6,31716000000.0,,31716000000.0,52479748022.0,10.0,8.792,-142000000.0,-0.133,1.0,2986000000.0,0.425,40302000000.0,314000000.0,33819000000.0,,8184000000.0,1998000000.0,0.0,1998000000.0,34915000000.0,7528000000.0,27387000000.0,38945748022.0,491000000.0,-137000000.0,-975000000.0,1974000000.0,-253000000.0,731000000.0,-283000000.0,39000000.0,43000000.0,0.0,638000000.0,638000000.0,638000000.0,0.0,-1000000.0,0.091,1720000000.0,1266000000.0,6625000000.0,0.392,1.228,15.084,15.543,3914000000.0,0.0,36.37,1.396,1.389,5902000000.0,-93266000000.0,7030000000.0,7030000000.0,0.0,,,,,45000000.0,1621000000.0,1.0,1070820677.0,1065400000,1083900000.0,6.598,26326000000.0,558000000.0,313000000.0,2502000000.0,24.71,4911000000.0
28,TWX,MRQ,2011-03-31,2011-03-31,2011-03-31,2021-08-25,-539000000.0,65742000000.0,,11903000000.0,53839000000.0,,29.554,-152000000.0,3029000000.0,3029000000.0,3727000000.0,651000000.0,1.461,1.039,16563000000.0,28000000.0,16535000000.0,16563000000.0,1228000000.0,231000000.0,0.0,0.024,0.235,1258000000.0,1489000000.0,0.223,1489000000.0,1258000000.0,984000000.0,0.59,0.59,0.59,32237000000.0,,32237000000.0,51900140313.0,10.0,8.813,673000000.0,0.617,1.0,2956000000.0,0.442,40265000000.0,274000000.0,30862000000.0,,8048000000.0,1983000000.0,0.0,1983000000.0,33501000000.0,8149000000.0,25352000000.0,39014140313.0,-634000000.0,-160000000.0,-841000000.0,-1000000.0,-261000000.0,-1152000000.0,-307000000.0,5000000.0,825000000.0,0.0,653000000.0,653000000.0,653000000.0,0.0,-2000000.0,0.098,1686000000.0,1270000000.0,7198000000.0,0.398,1.21,15.568,16.009,3891000000.0,0.0,35.7,1.432,1.429,5854000000.0,-93904000000.0,6683000000.0,6683000000.0,0.0,,,,,102000000.0,1591000000.0,1.0,1092833062.0,1090800000,1110100000.0,6.127,25477000000.0,571000000.0,331000000.0,2374000000.0,23.356,3754000000.0
29,TWX,MRQ,2010-12-31,2010-12-31,2010-12-31,2021-08-25,-632000000.0,66707000000.0,,13321000000.0,53386000000.0,,29.778,-294000000.0,3663000000.0,3663000000.0,4542000000.0,766000000.0,1.509,1.025,16549000000.0,26000000.0,16523000000.0,16549000000.0,1287000000.0,248000000.0,0.0,0.026,0.212,1473000000.0,1721000000.0,0.22,1721000000.0,1473000000.0,1190000000.0,0.69,0.68,0.69,32940000000.0,,32940000000.0,48234083879.0,9.0,7.983,700000000.0,0.633,1.0,3270000000.0,0.419,40313000000.0,283000000.0,30454000000.0,,7905000000.0,1796000000.0,0.0,1796000000.0,33762000000.0,8826000000.0,24936000000.0,35686083879.0,-346000000.0,-342000000.0,-464000000.0,-34000000.0,-238000000.0,-730000000.0,-610000000.0,26000000.0,994000000.0,0.0,769000000.0,769000000.0,769000000.0,0.0,-3000000.0,0.098,1846000000.0,1424000000.0,7809000000.0,0.307,1.083,13.843,14.172,3874000000.0,0.0,32.17,1.327,1.35,6596000000.0,-94557000000.0,7812000000.0,7812000000.0,0.0,,,,,36000000.0,1717000000.0,1.0,1109296981.0,1106200000,1124000000.0,7.062,26394000000.0,581000000.0,421000000.0,1950000000.0,23.86,4495000000.0
30,TWX,MRQ,2010-09-30,2010-09-30,2010-09-30,2021-08-25,-620000000.0,65220000000.0,,12334000000.0,52886000000.0,,29.446,-131000000.0,4009000000.0,4009000000.0,3529000000.0,520000000.0,1.585,0.976,16557000000.0,34000000.0,16523000000.0,16557000000.0,1109000000.0,222000000.0,0.0,0.027,0.212,1042000000.0,1264000000.0,0.198,1264000000.0,1042000000.0,743000000.0,0.46,0.46,0.46,33009000000.0,,33009000000.0,46739215006.0,10.0,8.127,800000000.0,0.714,1.0,2848000000.0,0.447,40101000000.0,299000000.0,29884000000.0,,7883000000.0,1656000000.0,0.0,1656000000.0,32206000000.0,7783000000.0,24423000000.0,34457215006.0,-229000000.0,-56000000.0,-483000000.0,65000000.0,-241000000.0,-980000000.0,-180000000.0,7000000.0,931000000.0,0.0,522000000.0,522000000.0,522000000.0,0.0,-2000000.0,0.082,1501000000.0,1347000000.0,6934000000.0,0.461,1.044,14.122,14.458,3760000000.0,0.0,30.65,1.311,1.307,5309000000.0,-95326000000.0,6377000000.0,6377000000.0,0.0,,,,,35000000.0,1409000000.0,1.0,1124215824.0,1121000000,1138000000.0,5.689,25119000000.0,541000000.0,221000000.0,1659000000.0,22.408,4551000000.0
31,TWX,MRQ,2010-06-30,2010-06-30,2010-06-30,2021-08-25,-732000000.0,65030000000.0,,12631000000.0,52399000000.0,,29.129,-117000000.0,4238000000.0,4238000000.0,3599000000.0,560000000.0,1.658,0.964,16520000000.0,34000000.0,16486000000.0,16520000000.0,1077000000.0,236000000.0,0.0,0.028,0.212,1179000000.0,1415000000.0,0.222,1415000000.0,1179000000.0,879000000.0,0.49,0.49,0.49,33105000000.0,,33105000000.0,44429159147.0,9.0,7.395,-85000000.0,-0.075,1.0,2778000000.0,0.436,40068000000.0,300000000.0,29625000000.0,,7443000000.0,1679000000.0,0.0,1679000000.0,31919000000.0,7619000000.0,24300000000.0,32949159147.0,-929000000.0,-62000000.0,-476000000.0,-131000000.0,-244000000.0,-850000000.0,-111000000.0,68000000.0,32000000.0,0.0,562000000.0,562000000.0,562000000.0,0.0,-2000000.0,0.088,1584000000.0,1194000000.0,6778000000.0,0.433,0.995,12.771,13.023,3784000000.0,0.0,28.91,1.259,1.255,5328000000.0,-95848000000.0,6377000000.0,6377000000.0,0.0,,,,,38000000.0,1512000000.0,1.0,1139714948.0,1136500000,1153800000.0,5.611,24962000000.0,635000000.0,317000000.0,1621000000.0,21.964,5012000000.0
32,TWX,MRQ,2010-03-31,2010-03-31,2010-03-31,2021-08-25,-717000000.0,66066000000.0,,13393000000.0,52673000000.0,,28.971,-89000000.0,5167000000.0,5167000000.0,3353000000.0,725000000.0,1.59,0.983,16647000000.0,260000000.0,16387000000.0,16647000000.0,1152000000.0,232000000.0,0.0,0.025,0.212,1410000000.0,1642000000.0,0.26,1642000000.0,1410000000.0,1114000000.0,0.63,0.62,0.63,33311000000.0,,33311000000.0,46583752764.0,9.0,7.837,1244000000.0,1.082,1.0,2969000000.0,0.47,40213000000.0,296000000.0,28910000000.0,,7697000000.0,1743000000.0,0.0,1743000000.0,32751000000.0,8423000000.0,24328000000.0,35967752764.0,434000000.0,-474000000.0,-472000000.0,419000000.0,-248000000.0,-364000000.0,-535000000.0,28000000.0,1333000000.0,0.0,725000000.0,725000000.0,725000000.0,0.0,0.0,0.115,1506000000.0,1463000000.0,7291000000.0,0.337,1.08,14.149,14.41,3815000000.0,0.0,31.27,1.399,1.398,5143000000.0,-96410000000.0,6322000000.0,6322000000.0,0.0,,,,,90000000.0,1488000000.0,1.0,1150231940.0,1149800000,1165400000.0,5.498,25853000000.0,651000000.0,389000000.0,1633000000.0,22.485,4970000000.0
33,TWX,MRQ,2009-12-31,2009-12-31,2009-12-31,2021-08-25,-580000000.0,66059000000.0,,13692000000.0,52367000000.0,,28.671,-196000000.0,4733000000.0,4733000000.0,4124000000.0,632000000.0,1.445,0.978,16208000000.0,862000000.0,15346000000.0,16208000000.0,1050000000.0,235000000.0,0.0,0.026,0.188,1195000000.0,1430000000.0,0.198,1430000000.0,1195000000.0,938000000.0,0.54,0.53,0.54,33396000000.0,,33396000000.0,44397221492.0,9.0,7.729,468000000.0,0.402,1.0,3086000000.0,0.428,40049000000.0,257000000.0,28012000000.0,,7523000000.0,2347000000.0,805000000.0,1542000000.0,32662000000.0,9473000000.0,23189000000.0,34023221492.0,-2240000000.0,-45000000.0,-449000000.0,-1967000000.0,-221000000.0,-2639000000.0,-256000000.0,7000000.0,664000000.0,-9000000.0,631000000.0,631000000.0,631000000.0,-21000000.0,1000000.0,0.088,1881000000.0,1205000000.0,7807000000.0,0.348,1.019,13.736,14.01,3922000000.0,0.0,29.14,1.34,1.359,5070000000.0,-97135000000.0,7210000000.0,7210000000.0,0.0,,,,,35000000.0,1662000000.0,1.0,1167577951.0,1164800000,1181300000.0,6.19,26010000000.0,670000000.0,307000000.0,1607000000.0,22.33,4219000000.0
34,TWX,MRQ,2009-09-30,2009-09-30,2009-09-30,2021-08-25,-1047000000.0,71266000000.0,,15252000000.0,56014000000.0,,30.631,-121000000.0,7126000000.0,7126000000.0,3419000000.0,663000000.0,1.368,0.962,17500000000.0,2090000000.0,15410000000.0,17500000000.0,1239000000.0,240000000.0,0.0,0.026,0.188,1281000000.0,1521000000.0,0.243,1521000000.0,1281000000.0,982000000.0,0.56,0.55,0.56,36142000000.0,,36142000000.0,44610924498.0,-4.0,-3.743,1198000000.0,1.015,1.0,2843000000.0,0.454,43279000000.0,299000000.0,27215000000.0,,7550000000.0,1174000000.0,0.0,1174000000.0,34778000000.0,11146000000.0,23632000000.0,34121924498.0,115000000.0,-362000000.0,-489000000.0,25000000.0,-223000000.0,-696000000.0,-506000000.0,13000000.0,1319000000.0,-2000000.0,662000000.0,662000000.0,662000000.0,-81000000.0,1000000.0,0.106,1603000000.0,1240000000.0,8084000000.0,0.336,0.944,-2.406,-2.425,4691000000.0,0.0,28.78,1.544,1.537,4833000000.0,-97775000000.0,6262000000.0,6262000000.0,0.0,,,,,38000000.0,1451000000.0,1.0,1185612387.0,1179900000,1193300000.0,5.307,27987000000.0,704000000.0,320000000.0,1447000000.0,23.72,4106000000.0
35,TWX,MRQ,2009-06-30,2009-06-30,2009-06-30,2021-08-25,-1101000000.0,70920000000.0,,15243000000.0,55677000000.0,,30.275,-129000000.0,7009000000.0,7009000000.0,3334000000.0,529000000.0,1.389,0.95,17498000000.0,2087000000.0,15411000000.0,17498000000.0,1200000000.0,231000000.0,0.0,0.03,0.188,1120000000.0,1351000000.0,0.228,1351000000.0,1120000000.0,823000000.0,0.44,0.43,0.44,36185000000.0,,36185000000.0,40505639357.0,-3.0,-3.623,481000000.0,0.402,1.0,2586000000.0,0.437,43390000000.0,297000000.0,27045000000.0,,6948000000.0,1177000000.0,0.0,1177000000.0,34375000000.0,10974000000.0,23401000000.0,30138639357.0,-78000000.0,-296000000.0,-164000000.0,28000000.0,-227000000.0,-424000000.0,-308000000.0,160000000.0,610000000.0,44000000.0,524000000.0,524000000.0,524000000.0,-100000000.0,5000000.0,0.089,1585000000.0,1001000000.0,7952000000.0,0.427,0.833,-2.188,-2.183,4739000000.0,0.0,25.19,1.287,1.286,4847000000.0,-98599000000.0,5920000000.0,5920000000.0,0.0,,,,,37000000.0,1459000000.0,1.0,1196452535.0,1195200000,1205400000.0,4.953,27530000000.0,802000000.0,299000000.0,1251000000.0,23.034,4269000000.0
36,TWX,MRQ,2009-03-31,2009-03-31,2009-03-31,2021-08-25,-1392000000.0,70829000000.0,,15287000000.0,55542000000.0,,29.919,-101000000.0,7115000000.0,7115000000.0,3358000000.0,688000000.0,1.404,0.961,17482000000.0,2080000000.0,15402000000.0,17482000000.0,1239000000.0,242000000.0,0.0,0.039,0.188,1200000000.0,1442000000.0,0.24,1442000000.0,1200000000.0,887000000.0,0.55,0.55,0.55,35786000000.0,,35786000000.0,56082485323.0,-5.0,-5.233,2016000000.0,1.685,1.0,2638000000.0,0.44,43572000000.0,313000000.0,26737000000.0,,7104000000.0,944000000.0,0.0,944000000.0,34401000000.0,10887000000.0,23514000000.0,23081485323.0,5854000000.0,9211000000.0,0.0,-4571000000.0,-226000000.0,-10036000000.0,8495000000.0,47000000.0,2117000000.0,5278000000.0,660000000.0,660000000.0,660000000.0,0.0,28000000.0,0.11,1614000000.0,1024000000.0,7789000000.0,0.342,0.645,-1.709,-1.705,4769000000.0,0.0,19.3,0.925,0.925,4674000000.0,-99118000000.0,5996000000.0,5996000000.0,0.0,,,,,65000000.0,1501000000.0,1.0,1195931882.0,1196100000,1200300000.0,5.013,27257000000.0,723000000.0,227000000.0,1127000000.0,22.788,4400000000.0
37,TWX,MRQ,2008-12-31,2008-12-31,2008-12-31,2021-08-25,-1676000000.0,114059000000.0,,16622000000.0,97437000000.0,,35.367,-126000000.0,1099000000.0,1099000000.0,2299000000.0,-17438000000.0,1.176,1.617,21896000000.0,2041000000.0,19855000000.0,21896000000.0,1138000000.0,-111000000.0,0.0,0.025,0.188,-16121000000.0,-16232000000.0,-4.145,-16232000000.0,-16121000000.0,-16482000000.0,-13.42,-13.41,-13.42,42288000000.0,,42288000000.0,69726608705.0,-6.0,-6.749,2339000000.0,1.956,1.0,1617000000.0,0.413,41190000000.0,361000000.0,79527000000.0,,7181000000.0,1027000000.0,0.0,1027000000.0,68389000000.0,14139000000.0,54250000000.0,36089608705.0,-31000000.0,973000000.0,9000000.0,-458000000.0,-226000000.0,1233000000.0,-1387000000.0,-115000000.0,2465000000.0,-2342000000.0,-16028000000.0,-16028000000.0,-16028000000.0,0.0,-1410000000.0,-4.093,8727000000.0,-7110000000.0,7779000000.0,-0.014,0.853,-2.694,-2.69,4105000000.0,0.0,30.18,1.365,1.363,5171000000.0,-99780000000.0,3916000000.0,3916000000.0,0.0,,,,,25000000.0,1453000000.0,1.0,1195812084.0,1195700000,1174100000.0,3.275,72869000000.0,565000000.0,-454000000.0,1161000000.0,60.943,2483000000.0
38,TWX,MRQ,2008-09-30,2008-09-30,2008-09-30,2021-08-25,-249000000.0,136728000000.0,,14692000000.0,122036000000.0,,50.164,-215000000.0,4355000000.0,4355000000.0,4103000000.0,1124000000.0,1.227,1.281,37992000000.0,125000000.0,37867000000.0,37992000000.0,1522000000.0,384000000.0,0.0,0.019,0.188,1875000000.0,2259000000.0,0.298,2259000000.0,1875000000.0,1554000000.0,0.89,0.89,0.89,59936000000.0,,59936000000.0,81520795227.0,18.0,24.255,2948000000.0,2.467,1.0,3476000000.0,0.459,94570000000.0,321000000.0,63825000000.0,,7437000000.0,1907000000.0,0.0,1907000000.0,76792000000.0,11970000000.0,64822000000.0,46970795227.0,-72000000.0,-495000000.0,52000000.0,-1044000000.0,-225000000.0,-1936000000.0,-2058000000.0,24000000.0,3163000000.0,759000000.0,1067000000.0,1067000000.0,1067000000.0,0.0,57000000.0,0.141,1928000000.0,1548000000.0,5289000000.0,0.211,0.784,12.83,12.811,18270000000.0,0.0,39.33,3.155,3.156,5894000000.0,-86637000000.0,7579000000.0,7579000000.0,0.0,,,,,47000000.0,1726000000.0,1.0,1194273970.0,1194800000,1202100000.0,6.343,42158000000.0,759000000.0,487000000.0,14884000000.0,35.285,2722000000.0
39,TWX,MRQ,2008-06-30,2008-06-30,2008-06-30,2021-08-25,93000000.0,137060000000.0,,14851000000.0,122209000000.0,,49.756,-195000000.0,5185000000.0,5185000000.0,4342000000.0,843000000.0,1.296,1.308,39735000000.0,128000000.0,39607000000.0,39735000000.0,1751000000.0,376000000.0,0.0,0.017,0.188,1438000000.0,1814000000.0,0.243,1814000000.0,1438000000.0,1107000000.0,0.66,0.66,0.66,59374000000.0,,59374000000.0,87517369944.0,18.0,19.702,1941000000.0,1.627,1.0,3127000000.0,0.419,94836000000.0,331000000.0,65312000000.0,,7253000000.0,1940000000.0,0.0,1940000000.0,77686000000.0,11462000000.0,66224000000.0,52959369944.0,-40000000.0,-954000000.0,39000000.0,320000000.0,-226000000.0,3291000000.0,-1844000000.0,186000000.0,2136000000.0,-3623000000.0,792000000.0,792000000.0,792000000.0,0.0,51000000.0,0.106,1920000000.0,1207000000.0,5107000000.0,0.285,0.892,14.391,14.416,18212000000.0,0.0,44.4,2.789,2.791,6148000000.0,-87479000000.0,7469000000.0,7469000000.0,0.0,,,,,45000000.0,1767000000.0,1.0,1192778602.0,1193300000,1201100000.0,6.259,42224000000.0,732000000.0,315000000.0,14361000000.0,35.384,3389000000.0
40,TWX,MRQ,2008-03-31,2008-03-31,2008-03-31,2021-08-25,88000000.0,132784000000.0,,11411000000.0,121373000000.0,,49.214,-146000000.0,1603000000.0,1603000000.0,4167000000.0,822000000.0,0.998,1.262,36161000000.0,116000000.0,36045000000.0,36161000000.0,1842000000.0,365000000.0,0.0,0.017,0.188,1463000000.0,1828000000.0,0.245,1828000000.0,1463000000.0,1116000000.0,0.65,0.64,0.65,58712000000.0,,58712000000.0,85754028425.0,15.0,14.813,2650000000.0,2.221,1.0,3303000000.0,0.442,94081000000.0,347000000.0,61830000000.0,,7522000000.0,1921000000.0,0.0,1921000000.0,74072000000.0,11431000000.0,62641000000.0,50140028425.0,92000000.0,-253000000.0,-298000000.0,-614000000.0,-224000000.0,-1500000000.0,-1210000000.0,30000000.0,2796000000.0,6000000.0,771000000.0,771000000.0,771000000.0,0.0,51000000.0,0.103,1992000000.0,1311000000.0,4891000000.0,0.289,0.854,12.678,12.902,18011000000.0,0.0,42.06,2.229,2.23,6173000000.0,-88042000000.0,7470000000.0,7470000000.0,0.0,,,,,75000000.0,1732000000.0,1.0,1192107190.0,1193000000,1200200000.0,6.262,38703000000.0,717000000.0,345000000.0,14063000000.0,32.442,-20000000.0
41,TWX,MRQ,2007-12-31,2007-12-31,2007-12-31,2021-08-25,149000000.0,133830000000.0,,12451000000.0,121379000000.0,,48.707,2384000000.0,1516000000.0,1516000000.0,-4481000000.0,1271000000.0,1.021,1.286,37130000000.0,126000000.0,37004000000.0,37130000000.0,1700000000.0,-2342000000.0,0.0,0.014,0.188,-198000000.0,-2540000000.0,0.333,-2540000000.0,-198000000.0,104000000.0,0.87,0.86,0.87,58536000000.0,,58536000000.0,94929978590.0,14.0,12.507,4701000000.0,3.912,1.0,-3148000000.0,0.413,94136000000.0,-302000000.0,63115000000.0,,7409000000.0,1963000000.0,0.0,1963000000.0,75294000000.0,12193000000.0,63101000000.0,59676978590.0,-278000000.0,138000000.0,-480000000.0,882000000.0,-226000000.0,-725000000.0,-1949000000.0,-1181000000.0,2317000000.0,79000000.0,1031000000.0,1031000000.0,1031000000.0,324000000.0,240000000.0,-0.135,-709000000.0,-2439000000.0,5270000000.0,0.216,1.019,13.603,13.992,18048000000.0,0.0,49.53,2.277,2.342,7296000000.0,-86366000000.0,-7629000000.0,-7629000000.0,0.0,,,,,-35000000.0,-1010000000.0,1.0,1204865306.0,1201800000,1212201000.0,-6.348,39694000000.0,700000000.0,-927000000.0,13951000000.0,33.029,258000000.0
42,TWX,MRQ,2007-09-30,2007-09-30,2007-09-30,2021-08-25,56000000.0,131307000000.0,,10643000000.0,120664000000.0,,47.483,-1113000000.0,1876000000.0,1876000000.0,6961000000.0,1086000000.0,0.976,1.258,37129000000.0,73000000.0,37056000000.0,37129000000.0,1772000000.0,1110000000.0,0.0,0.012,0.188,2230000000.0,3340000000.0,0.286,3340000000.0,2230000000.0,1641000000.0,0.9,0.87,0.9,58146000000.0,,58146000000.0,103473998637.0,12.0,7.809,1924000000.0,1.571,1.0,4715000000.0,0.404,93431000000.0,589000000.0,62227000000.0,,7483000000.0,2051000000.0,0.0,2051000000.0,73161000000.0,10902000000.0,62259000000.0,68469998637.0,983000000.0,-377000000.0,-1982000000.0,1236000000.0,-228000000.0,-956000000.0,-1098000000.0,392000000.0,3037000000.0,0.0,1086000000.0,1086000000.0,1086000000.0,-186000000.0,0.0,0.093,2585000000.0,2130000000.0,4430000000.0,0.209,1.178,13.402,13.805,17547000000.0,0.0,55.08,1.483,1.461,5869000000.0,-89384000000.0,11676000000.0,11676000000.0,0.0,,,,,57000000.0,2407000000.0,1.0,1243100919.0,1224567000,1238100000.0,9.535,37876000000.0,0.0,555000000.0,12671000000.0,30.93,-259000000.0
43,TWX,MRQ,2007-06-30,2007-06-30,2007-06-30,2021-08-25,11000000.0,129756000000.0,,9456000000.0,120300000000.0,,47.288,-1073000000.0,895000000.0,895000000.0,6417000000.0,1067000000.0,0.923,1.191,35899000000.0,76000000.0,35823000000.0,35899000000.0,1708000000.0,1086000000.0,0.0,0.01,0.165,2075000000.0,3161000000.0,0.288,3161000000.0,2075000000.0,1501000000.0,0.84,0.84,0.84,59215000000.0,,59215000000.0,113233001294.0,11.0,8.03,647000000.0,0.517,1.0,4563000000.0,0.416,93264000000.0,574000000.0,61248000000.0,,7440000000.0,2091000000.0,0.0,2091000000.0,70541000000.0,10248000000.0,60293000000.0,79251001294.0,-151000000.0,-300000000.0,-1401000000.0,844000000.0,-206000000.0,-760000000.0,-1111000000.0,288000000.0,1720000000.0,0.0,1067000000.0,1067000000.0,1067000000.0,-122000000.0,0.0,0.097,2627000000.0,1936000000.0,4235000000.0,0.196,1.338,12.49,13.15,17390000000.0,0.0,63.12,1.751,1.747,5649000000.0,-90242000000.0,10980000000.0,10980000000.0,0.0,,,,,86000000.0,2397000000.0,1.0,1255560857.0,1252233000,1269033000.0,8.768,36492000000.0,0.0,434000000.0,12486000000.0,29.142,-792000000.0
44,TWX,MRQ,2007-03-31,2007-03-31,2007-03-31,2021-08-25,-33000000.0,130210000000.0,,9680000000.0,120530000000.0,,46.919,-914000000.0,1059000000.0,1059000000.0,6496000000.0,1203000000.0,0.888,1.168,35041000000.0,61000000.0,34980000000.0,35041000000.0,1915000000.0,1078000000.0,0.0,0.011,0.165,2551000000.0,3629000000.0,0.324,3629000000.0,2551000000.0,2000000000.0,0.93,0.93,0.93,60048000000.0,,60048000000.0,108662077079.0,11.0,8.005,485000000.0,0.379,1.0,4688000000.0,0.419,93100000000.0,551000000.0,60195000000.0,,7347000000.0,2143000000.0,0.0,2143000000.0,70162000000.0,10897000000.0,59265000000.0,75243077079.0,-508000000.0,-12000000.0,-1847000000.0,52000000.0,-211000000.0,-2047000000.0,140000000.0,1066000000.0,1399000000.0,0.0,1203000000.0,1203000000.0,1203000000.0,-16000000.0,0.0,0.108,2148000000.0,2540000000.0,4257000000.0,0.177,1.253,11.959,12.641,17215000000.0,0.0,59.16,1.686,1.696,5612000000.0,-91103000000.0,11184000000.0,11184000000.0,0.0,,,,,87000000.0,2409000000.0,1.0,1271857287.0,1279833000,1297533000.0,8.739,37110000000.0,0.0,797000000.0,12254000000.0,28.996,-1217000000.0
45,TWX,MRQ,2006-12-31,2006-12-31,2006-12-31,2021-08-25,-136000000.0,132719000000.0,,11901000000.0,120818000000.0,,45.82,-1408000000.0,1549000000.0,1549000000.0,7230000000.0,1753000000.0,0.931,1.198,34997000000.0,64000000.0,34933000000.0,34997000000.0,1962000000.0,1046000000.0,0.0,0.01,0.165,2075000000.0,3121000000.0,0.253,3121000000.0,2075000000.0,1515000000.0,1.32,1.29,1.32,60389000000.0,,60389000000.0,118645635214.0,12.0,9.068,620000000.0,0.47,1.0,5111000000.0,0.414,92315000000.0,560000000.0,61072000000.0,,7301000000.0,3426000000.0,0.0,3426000000.0,72330000000.0,12780000000.0,59550000000.0,86522635214.0,371000000.0,-572000000.0,-2681000000.0,1630000000.0,-218000000.0,-1166000000.0,-491000000.0,1485000000.0,2028000000.0,0.0,1753000000.0,1753000000.0,1753000000.0,-42000000.0,0.0,0.142,3026000000.0,2085000000.0,4621000000.0,0.125,1.433,13.206,13.873,16718000000.0,0.0,65.34,1.98,2.085,6064000000.0,-92466000000.0,12341000000.0,12341000000.0,0.0,,,,,51000000.0,2804000000.0,1.0,1324190928.0,1317967000,1336369000.0,9.364,40404000000.0,1050000000.0,-238000000.0,14164000000.0,30.656,-879000000.0
46,TWX,MRQ,2006-09-30,2006-09-30,2006-09-30,2021-08-25,170000000.0,130581000000.0,,10149000000.0,120432000000.0,,45.777,-997000000.0,1233000000.0,1233000000.0,6155000000.0,2322000000.0,0.873,1.114,33356000000.0,101000000.0,33255000000.0,33356000000.0,2178000000.0,946000000.0,0.0,0.011,0.165,3244000000.0,4190000000.0,0.39,4190000000.0,3244000000.0,2765000000.0,1.71,1.71,1.71,61780000000.0,,61780000000.0,94603750327.0,10.0,7.439,1416000000.0,1.049,1.0,4595000000.0,0.427,93046000000.0,479000000.0,58029000000.0,,6689000000.0,3554000000.0,0.0,3554000000.0,68801000000.0,11629000000.0,57172000000.0,72451750327.0,-66000000.0,-11349000000.0,-1287000000.0,9861000000.0,-223000000.0,9003000000.0,-11482000000.0,864000000.0,2413000000.0,0.0,2322000000.0,2322000000.0,2322000000.0,-975000000.0,0.0,0.216,2948000000.0,1647000000.0,4221000000.0,0.096,1.173,11.871,12.838,16016000000.0,0.0,54.69,1.713,1.745,5762000000.0,-94001000000.0,10750000000.0,10750000000.0,0.0,,,,,51000000.0,2483000000.0,1.0,1324771445.0,1349600000,1361467000.0,7.965,37535000000.0,0.0,443000000.0,13424000000.0,27.812,-1480000000.0
47,TWX,MRQ,2006-06-30,2006-06-30,2006-06-30,2021-08-25,151000000.0,119610000000.0,,10076000000.0,109534000000.0,,42.068,-955000000.0,1317000000.0,1317000000.0,5814000000.0,1014000000.0,0.907,1.018,23469000000.0,73000000.0,23396000000.0,23469000000.0,2201000000.0,780000000.0,0.0,0.012,0.15,1855000000.0,2635000000.0,0.254,2635000000.0,1855000000.0,1519000000.0,0.72,0.72,0.72,59286000000.0,,59286000000.0,91900594292.0,12.0,8.447,855000000.0,0.607,1.0,4547000000.0,0.439,84470000000.0,336000000.0,46177000000.0,,6384000000.0,3223000000.0,0.0,3223000000.0,60324000000.0,11115000000.0,49209000000.0,74080594292.0,-1141000000.0,-962000000.0,-5300000000.0,3352000000.0,-210000000.0,-2475000000.0,-476000000.0,1441000000.0,1810000000.0,0.0,1014000000.0,1014000000.0,1014000000.0,-182000000.0,0.0,0.098,2816000000.0,1731000000.0,4359000000.0,0.208,1.25,15.986,16.796,14119000000.0,0.0,51.9,1.772,1.75,5600000000.0,-96009000000.0,10361000000.0,10361000000.0,0.0,,,,,53000000.0,2555000000.0,1.0,1427371759.0,1409300000,1422067000.0,7.352,35140000000.0,0.0,505000000.0,13916000000.0,24.934,-1039000000.0
48,TWX,MRQ,2006-03-31,2006-03-31,2006-03-31,2021-08-25,-18000000.0,119744000000.0,,10822000000.0,108922000000.0,,41.647,-781000000.0,2295000000.0,2295000000.0,5677000000.0,1463000000.0,0.928,0.917,20115000000.0,84000000.0,20031000000.0,20115000000.0,2294000000.0,778000000.0,0.0,0.009,0.15,2360000000.0,3138000000.0,0.307,3138000000.0,2360000000.0,2061000000.0,0.99,0.96,0.99,62463000000.0,,62463000000.0,90289114521.0,16.0,10.404,1566000000.0,1.044,1.0,4561000000.0,0.445,83506000000.0,299000000.0,42401000000.0,,6764000000.0,3550000000.0,0.0,3550000000.0,57281000000.0,11657000000.0,45624000000.0,74179114521.0,-1835000000.0,-53000000.0,-3694000000.0,-248000000.0,-225000000.0,-4159000000.0,-23000000.0,811000000.0,2347000000.0,0.0,1463000000.0,1463000000.0,1463000000.0,-255000000.0,0.0,0.143,2721000000.0,1840000000.0,4515000000.0,0.152,1.188,23.073,23.986,13927000000.0,0.0,50.37,1.765,1.798,5413000000.0,-96813000000.0,10238000000.0,10238000000.0,0.0,,,,,108000000.0,2555000000.0,1.0,1472684426.0,1499833000,1514300000.0,6.826,36238000000.0,0.0,598000000.0,13741000000.0,24.161,-835000000.0
49,TWX,MRQ,2005-12-31,2005-12-31,2005-12-31,2021-08-25,-64000000.0,122744000000.0,,14050000000.0,108694000000.0,,42.134,-987000000.0,4220000000.0,4220000000.0,6290000000.0,1304000000.0,1.121,0.885,20330000000.0,92000000.0,20238000000.0,20330000000.0,2144000000.0,774000000.0,0.0,0.006,0.15,1980000000.0,2754000000.0,0.251,2754000000.0,1980000000.0,1668000000.0,0.84,0.84,0.84,65105000000.0,,65105000000.0,93591914371.0,19.0,11.609,-1627000000.0,-1.053,1.0,4667000000.0,0.426,80982000000.0,312000000.0,45344000000.0,,6638000000.0,3495000000.0,0.0,3495000000.0,57639000000.0,12528000000.0,45111000000.0,81315914371.0,-3739000000.0,-108000000.0,-1624000000.0,-112000000.0,-231000000.0,-1948000000.0,-1151000000.0,25000000.0,-640000000.0,0.0,1304000000.0,1304000000.0,1304000000.0,-73000000.0,0.0,0.119,2702000000.0,1965000000.0,4532000000.0,0.179,1.249,30.444,30.596,12896000000.0,0.0,52.32,1.944,1.938,6523000000.0,-98142000000.0,10957000000.0,10957000000.0,0.0,,,,,70000000.0,2642000000.0,1.0,1554203256.0,1545200000,1557301000.0,7.091,41762000000.0,0.0,364000000.0,12146000000.0,27.027,1522000000.0
50,TWX,MRQ,2005-09-30,2005-09-30,2005-09-30,2021-08-25,99000000.0,124602000000.0,,16197000000.0,108405000000.0,,40.603,-811000000.0,8109000000.0,8109000000.0,5909000000.0,853000000.0,1.013,0.966,20385000000.0,1646000000.0,18739000000.0,20385000000.0,2265000000.0,732000000.0,0.0,0.003,0.15,1621000000.0,2353000000.0,0.23,2353000000.0,1621000000.0,1339000000.0,0.54,0.54,0.54,63386000000.0,,63386000000.0,97818352544.0,23.0,13.576,1274000000.0,0.816,1.0,4335000000.0,0.423,83545000000.0,282000000.0,37350000000.0,,6693000000.0,3538000000.0,0.0,3538000000.0,61216000000.0,15983000000.0,45233000000.0,85011352544.0,367000000.0,-233000000.0,-368000000.0,-94000000.0,-235000000.0,-735000000.0,-983000000.0,61000000.0,2085000000.0,0.0,853000000.0,853000000.0,853000000.0,-26000000.0,0.0,0.083,2686000000.0,1649000000.0,4499000000.0,0.278,1.341,37.985,37.729,13345000000.0,0.0,54.33,2.063,2.058,5260000000.0,-94329000000.0,10244000000.0,10244000000.0,0.0,,,,,73000000.0,2524000000.0,1.0,1564722116.0,1561133000,1574533000.0,6.562,41057000000.0,0.0,486000000.0,14604000000.0,26.299,214000000.0
51,TWX,MRQ,2005-06-30,2005-06-30,2005-06-30,2021-08-25,-370000000.0,122587000000.0,,15387000000.0,107200000000.0,,40.114,-797000000.0,7742000000.0,7742000000.0,6165000000.0,-405000000.0,1.027,0.958,20549000000.0,1188000000.0,19361000000.0,20549000000.0,2329000000.0,804000000.0,0.0,0.0,0.0,-371000000.0,433000000.0,0.041,433000000.0,-371000000.0,-695000000.0,-0.27,-0.27,-0.27,62620000000.0,,62620000000.0,93228009887.0,24.0,13.295,803000000.0,0.514,1.0,4420000000.0,0.418,83132000000.0,324000000.0,37280000000.0,,6092000000.0,3438000000.0,0.0,3438000000.0,59967000000.0,14982000000.0,44985000000.0,78298009887.0,580000000.0,-34000000.0,59000000.0,-1617000000.0,0.0,-1447000000.0,427000000.0,1258000000.0,1600000000.0,0.0,-405000000.0,-405000000.0,-405000000.0,-16000000.0,0.0,-0.038,5725000000.0,-1305000000.0,4482000000.0,0.0,1.25,41.559,40.756,13200000000.0,0.0,50.13,1.915,1.914,5001000000.0,-94991000000.0,10585000000.0,10585000000.0,0.0,,,,,79000000.0,2568000000.0,1.0,1561899260.0,1561033000,1561033000.0,6.781,39455000000.0,0.0,-290000000.0,14339000000.0,25.275,405000000.0
52,TWX,MRQ,2005-03-31,2005-03-31,2005-03-31,2021-08-25,90000000.0,123156000000.0,,15646000000.0,107510000000.0,,41.4,-651000000.0,7162000000.0,7162000000.0,5907000000.0,919000000.0,1.205,0.945,22092000000.0,1626000000.0,20466000000.0,22092000000.0,2453000000.0,796000000.0,0.0,0.0,0.0,1753000000.0,2549000000.0,0.246,2549000000.0,1753000000.0,1407000000.0,0.6,0.57,0.6,63311000000.0,,63311000000.0,95053418575.0,16.0,10.466,1181000000.0,0.772,1.0,4456000000.0,0.43,83226000000.0,346000000.0,41875000000.0,,6242000000.0,4621000000.0,918000000.0,3703000000.0,59845000000.0,12985000000.0,46860000000.0,78967418575.0,873000000.0,-224000000.0,99000000.0,-284000000.0,0.0,-170000000.0,-789000000.0,86000000.0,1832000000.0,0.0,919000000.0,919000000.0,919000000.0,-7000000.0,0.0,0.089,2767000000.0,1689000000.0,4729000000.0,0.0,1.247,25.756,26.194,13160000000.0,0.0,52.65,1.918,1.956,4494000000.0,-94670000000.0,10363000000.0,10363000000.0,0.0,,,,,134000000.0,2587000000.0,1.0,1499856003.0,1529267000,1574100000.0,6.776,39930000000.0,0.0,488000000.0,15298000000.0,26.111,2661000000.0
53,TWX,MRQ,2004-12-31,2004-12-31,2004-12-31,2021-08-25,106000000.0,123149000000.0,,14458000000.0,108691000000.0,,39.977,-1003000000.0,6289000000.0,6289000000.0,5897000000.0,871000000.0,0.985,1.028,22375000000.0,1672000000.0,20703000000.0,22375000000.0,2402000000.0,686000000.0,0.0,0.0,0.0,1184000000.0,1870000000.0,0.187,1870000000.0,1184000000.0,810000000.0,0.57,0.54,0.57,60719000000.0,,60719000000.0,105936265586.0,17.0,11.563,163000000.0,0.107,1.0,4116000000.0,0.411,83257000000.0,374000000.0,41305000000.0,,6152000000.0,4677000000.0,0.0,4677000000.0,62430000000.0,14673000000.0,47757000000.0,89088265586.0,-743000000.0,-118000000.0,81000000.0,-1296000000.0,0.0,-1142000000.0,-767000000.0,354000000.0,1166000000.0,0.0,871000000.0,871000000.0,871000000.0,-119000000.0,0.0,0.087,3176000000.0,940000000.0,4829000000.0,0.0,1.467,28.664,28.603,13070000000.0,0.0,58.35,2.173,2.164,5512000000.0,-95685000000.0,10013000000.0,10013000000.0,0.0,,,,,574000000.0,2947000000.0,1.0,1526791184.0,1518867000,1551400000.0,6.592,39892000000.0,0.0,-61000000.0,14870000000.0,26.264,-215000000.0
54,TWX,MRQ,2004-09-30,2004-09-30,2004-09-30,2021-08-25,60000000.0,122159000000.0,,13976000000.0,108183000000.0,,38.791,-680000000.0,6882000000.0,6882000000.0,5646000000.0,499000000.0,0.96,1.066,23730000000.0,2889000000.0,20841000000.0,23730000000.0,2482000000.0,797000000.0,0.0,0.0,0.0,1363000000.0,2160000000.0,0.217,2160000000.0,1363000000.0,991000000.0,0.33,0.33,0.33,59135000000.0,,59135000000.0,91885479948.0,16.0,10.105,1402000000.0,0.92,1.0,4289000000.0,0.432,83552000000.0,372000000.0,40901000000.0,,6051000000.0,4482000000.0,0.0,4482000000.0,63024000000.0,14554000000.0,48470000000.0,73799479948.0,656000000.0,-546000000.0,48000000.0,-619000000.0,0.0,-572000000.0,-854000000.0,372000000.0,2082000000.0,0.0,499000000.0,499000000.0,499000000.0,-5000000.0,0.0,0.05,3181000000.0,1108000000.0,4841000000.0,0.0,1.248,25.51,25.619,12731000000.0,0.0,48.42,1.765,1.765,4405000000.0,-97058000000.0,9935000000.0,9935000000.0,0.0,,,,,0.0,2538000000.0,1.0,1524152828.0,1524433000,1571033000.0,6.517,38607000000.0,0.0,492000000.0,15314000000.0,25.325,-578000000.0
55,TWX,MRQ,2004-06-30,2004-06-30,2004-06-30,2021-08-25,-324000000.0,120284000000.0,,13547000000.0,106737000000.0,,38.221,-784000000.0,6226000000.0,6226000000.0,6342000000.0,777000000.0,0.973,1.07,24312000000.0,3161000000.0,21151000000.0,24312000000.0,2475000000.0,799000000.0,0.0,0.0,0.0,1704000000.0,2503000000.0,0.23,2503000000.0,1704000000.0,1321000000.0,0.51,0.51,0.51,58118000000.0,,58118000000.0,95914860299.0,16.0,10.574,703000000.0,0.462,1.0,4518000000.0,0.416,83170000000.0,383000000.0,41271000000.0,,5689000000.0,3841000000.0,0.0,3841000000.0,62166000000.0,13929000000.0,48237000000.0,77146860299.0,331000000.0,-133000000.0,52000000.0,-379000000.0,0.0,-311000000.0,-845000000.0,72000000.0,1487000000.0,0.0,777000000.0,777000000.0,777000000.0,105000000.0,0.0,0.072,2680000000.0,1838000000.0,4799000000.0,0.0,1.327,26.285,27.469,12593000000.0,0.0,52.74,1.864,1.938,4655000000.0,-97557000000.0,10860000000.0,10860000000.0,0.0,,,,,0.0,2515000000.0,1.0,1462777025.0,1520567000,1566900000.0,7.142,37114000000.0,0.0,544000000.0,14617000000.0,24.408,-382000000.0
56,TWX,MRQ,2004-03-31,2004-03-31,2004-03-31,2021-08-25,-292000000.0,119646000000.0,,12730000000.0,106916000000.0,,37.761,-557000000.0,5895000000.0,5895000000.0,5971000000.0,961000000.0,1.001,1.09,24663000000.0,1747000000.0,22916000000.0,24663000000.0,2819000000.0,789000000.0,0.0,0.0,0.0,1840000000.0,2629000000.0,0.258,2629000000.0,1840000000.0,1436000000.0,0.63,0.6,0.63,57260000000.0,,57260000000.0,96580218306.0,15.0,10.0,1262000000.0,0.832,1.0,4214000000.0,0.414,83222000000.0,404000000.0,42473000000.0,,6032000000.0,3946000000.0,0.0,3946000000.0,62386000000.0,12719000000.0,49667000000.0,73875218306.0,2855000000.0,-80000000.0,172000000.0,-1099000000.0,0.0,-927000000.0,1963000000.0,2600000000.0,1819000000.0,0.0,961000000.0,961000000.0,961000000.0,-215000000.0,0.0,0.094,2598000000.0,1616000000.0,4662000000.0,0.0,1.29,22.928,23.746,12409000000.0,0.0,50.58,1.827,1.896,3921000000.0,-98334000000.0,10185000000.0,10185000000.0,0.0,,,,,0.0,2445000000.0,1.0,1460561849.0,1516367000,1566367000.0,6.717,36424000000.0,0.0,475000000.0,14274000000.0,24.021,11000000.0
57,TWX,MRQ,2003-12-31,2003-12-31,2003-12-31,2021-08-25,-415000000.0,121780000000.0,,12268000000.0,109512000000.0,,37.264,-959000000.0,3040000000.0,3040000000.0,6403000000.0,656000000.0,0.753,1.166,25745000000.0,2287000000.0,23458000000.0,25745000000.0,2686000000.0,827000000.0,0.0,0.0,0.0,974000000.0,1801000000.0,0.166,1801000000.0,974000000.0,559000000.0,0.42,0.42,0.42,56213000000.0,,56213000000.0,105491209587.0,18.0,11.854,440000000.0,0.292,1.0,4432000000.0,0.409,83344000000.0,415000000.0,44846000000.0,,5855000000.0,3770000000.0,0.0,3770000000.0,65567000000.0,16295000000.0,49272000000.0,81346209587.0,1312000000.0,934000000.0,102000000.0,-209000000.0,0.0,-92000000.0,5000000.0,30000000.0,1399000000.0,0.0,656000000.0,656000000.0,656000000.0,466000000.0,0.0,0.061,2912000000.0,1520000000.0,4606000000.0,0.0,1.447,30.616,30.492,12559000000.0,0.0,53.97,2.06,2.052,4908000000.0,-98997000000.0,10835000000.0,10835000000.0,0.0,,,,,0.0,2580000000.0,1.0,1507248649.0,1508501000,1545832000.0,7.183,38436000000.0,0.0,-97000000.0,12655000000.0,25.48,-4027000000.0
58,TWX,MRQ,2003-09-30,2003-09-30,2003-09-30,2021-08-25,-500000000.0,119744000000.0,,10134000000.0,109610000000.0,,36.61,-665000000.0,1728000000.0,1728000000.0,5467000000.0,541000000.0,0.759,1.173,25873000000.0,744000000.0,25129000000.0,25873000000.0,2229000000.0,786000000.0,0.0,0.0,0.0,1352000000.0,2138000000.0,0.225,2138000000.0,1352000000.0,914000000.0,0.36,0.36,0.36,55095000000.0,,55095000000.0,92431196672.0,-2.0,-2.612,735000000.0,0.488,1.0,4036000000.0,0.425,86657000000.0,438000000.0,43887000000.0,,5787000000.0,3920000000.0,0.0,3920000000.0,64649000000.0,13345000000.0,51304000000.0,68188196672.0,-346000000.0,-118000000.0,79000000.0,-1260000000.0,0.0,-1181000000.0,-565000000.0,218000000.0,1400000000.0,0.0,541000000.0,541000000.0,541000000.0,-2000000.0,0.0,0.057,2659000000.0,1377000000.0,4994000000.0,0.0,1.238,-1.646,-1.628,12793000000.0,0.0,45.33,1.886,1.887,4433000000.0,-99933000000.0,9503000000.0,9503000000.0,0.0,,,,,0.0,2428000000.0,1.0,1504262005.0,1504900000,1559100000.0,6.315,33087000000.0,0.0,373000000.0,13617000000.0,21.986,-3211000000.0
59,TWX,MRQ,2003-06-30,2003-06-30,2003-06-30,2021-08-25,-460000000.0,118656000000.0,,10612000000.0,108044000000.0,,37.329,-709000000.0,2074000000.0,2074000000.0,5839000000.0,1064000000.0,0.836,1.119,26317000000.0,419000000.0,25898000000.0,26317000000.0,2184000000.0,781000000.0,0.0,0.0,0.0,2309000000.0,3090000000.0,0.311,3090000000.0,2309000000.0,1856000000.0,0.72,0.69,0.72,55999000000.0,,55999000000.0,98630674830.0,-3.0,-2.723,1541000000.0,1.027,1.0,4083000000.0,0.412,86370000000.0,453000000.0,43837000000.0,,5137000000.0,4083000000.0,0.0,4083000000.0,62657000000.0,12692000000.0,49965000000.0,72358674830.0,-1613000000.0,-145000000.0,115000000.0,-3653000000.0,0.0,-4377000000.0,514000000.0,1368000000.0,2250000000.0,0.0,1064000000.0,1064000000.0,1064000000.0,-3000000.0,0.0,0.107,2829000000.0,1254000000.0,5239000000.0,0.0,1.292,-1.727,-1.714,12114000000.0,0.0,48.27,1.977,1.978,4578000000.0,-100474000000.0,9922000000.0,9922000000.0,0.0,,,,,0.0,2439000000.0,1.0,1499040291.0,1500167000,1549633000.0,6.614,32286000000.0,0.0,792000000.0,12868000000.0,21.522,-2080000000.0
60,TWX,MRQ,2003-03-31,2003-03-31,2003-03-31,2021-08-25,-477000000.0,121208000000.0,,12154000000.0,109054000000.0,,36.641,-554000000.0,3687000000.0,3687000000.0,5626000000.0,396000000.0,0.929,1.214,29959000000.0,519000000.0,29440000000.0,29959000000.0,2413000000.0,733000000.0,0.0,0.0,0.0,1169000000.0,1902000000.0,0.206,1902000000.0,1169000000.0,709000000.0,0.27,0.27,0.27,54756000000.0,,54756000000.0,74471889614.0,-2.0,-1.99,991000000.0,0.663,1.0,3610000000.0,0.391,87096000000.0,460000000.0,47298000000.0,,5417000000.0,4283000000.0,0.0,4283000000.0,66452000000.0,13086000000.0,53366000000.0,48692889614.0,1957000000.0,-237000000.0,76000000.0,213000000.0,0.0,289000000.0,123000000.0,914000000.0,1545000000.0,0.0,396000000.0,396000000.0,396000000.0,34000000.0,0.0,0.043,2445000000.0,1165000000.0,5184000000.0,0.0,0.889,-1.144,-1.138,12086000000.0,0.0,32.58,1.32,1.32,4267000000.0,-101538000000.0,9236000000.0,9236000000.0,0.0,,,,,0.0,2289000000.0,1.0,1494563831.0,1494400000,1508300000.0,6.18,34112000000.0,0.0,313000000.0,12189000000.0,22.827,-932000000.0
61,TWX,MRQ,2002-12-31,2002-12-31,2002-12-31,2021-08-25,-428000000.0,115518000000.0,,10835000000.0,104683000000.0,,35.432,-945000000.0,1730000000.0,1730000000.0,4843000000.0,-43426000000.0,0.805,1.187,27509000000.0,155000000.0,27354000000.0,27509000000.0,2998000000.0,557000000.0,0.0,0.0,0.0,-43074000000.0,-42517000000.0,-5.679,-42517000000.0,-43074000000.0,-43392000000.0,-29.19,-29.19,-29.19,52817000000.0,,52817000000.0,84542923512.0,-1.0,-0.914,-113000000.0,-0.076,1.0,2644000000.0,0.353,77530000000.0,318000000.0,50303000000.0,,5115000000.0,5094000000.0,0.0,5094000000.0,62701000000.0,13464000000.0,49237000000.0,58558923512.0,-671000000.0,25000000.0,42000000.0,-968000000.0,0.0,-884000000.0,-619000000.0,301000000.0,832000000.0,0.0,-43426000000.0,-43426000000.0,-43426000000.0,1125000000.0,0.0,-5.8,43950000000.0,-41306000000.0,4533000000.0,0.0,1.109,-0.602,-0.6,11534000000.0,0.0,39.3,1.58,1.575,4846000000.0,-101934000000.0,7487000000.0,7487000000.0,0.0,,,,,0.0,1265000000.0,1.0,1490048944.0,1490667000,1416768000.0,5.023,37988000000.0,0.0,34000000.0,9803000000.0,25.484,-2629000000.0
62,TWX,MRQ,2002-09-30,2002-09-30,2002-09-30,2021-08-25,-90000000.0,160888000000.0,,10814000000.0,150074000000.0,,65.869,-761000000.0,2349000000.0,2349000000.0,5820000000.0,57000000.0,0.832,0.641,28333000000.0,89000000.0,28244000000.0,28333000000.0,2588000000.0,777000000.0,0.0,0.0,0.0,521000000.0,1298000000.0,0.13,1298000000.0,521000000.0,32000000.0,0.03,0.03,0.03,98018000000.0,,98018000000.0,78533552857.0,-1.0,-1.559,1236000000.0,0.831,1.0,4143000000.0,0.416,127150000000.0,489000000.0,46720000000.0,,5075000000.0,5002000000.0,0.0,5002000000.0,62870000000.0,13002000000.0,49868000000.0,52220552857.0,610000000.0,-1753000000.0,40000000.0,1049000000.0,0.0,1097000000.0,-2484000000.0,30000000.0,1997000000.0,0.0,57000000.0,57000000.0,57000000.0,-112000000.0,0.0,0.006,2828000000.0,1315000000.0,5051000000.0,0.0,0.533,-0.939,-0.932,11763000000.0,0.0,35.1,1.441,1.442,4858000000.0,-57029000000.0,9963000000.0,9963000000.0,0.0,,,,,0.0,2570000000.0,1.0,1487765039.0,1488067000,1502333000.0,6.695,33738000000.0,0.0,-25000000.0,10975000000.0,22.672,-2188000000.0
63,TWX,MRQ,2002-06-30,2002-06-30,2002-06-30,2021-08-25,-339000000.0,160120000000.0,,10201000000.0,149919000000.0,,65.784,-857000000.0,1739000000.0,1739000000.0,5965000000.0,396000000.0,0.792,0.639,28022000000.0,87000000.0,27935000000.0,28022000000.0,2592000000.0,747000000.0,0.0,0.0,0.0,1138000000.0,1885000000.0,0.185,1885000000.0,1138000000.0,697000000.0,0.27,0.27,0.27,97670000000.0,,97670000000.0,93124336210.0,-2.0,-1.988,1312000000.0,0.884,1.0,4238000000.0,0.415,125245000000.0,441000000.0,48281000000.0,,5086000000.0,5475000000.0,0.0,5475000000.0,62450000000.0,12877000000.0,49573000000.0,65499336210.0,853000000.0,-160000000.0,68000000.0,-553000000.0,0.0,-493000000.0,-823000000.0,194000000.0,2169000000.0,0.0,396000000.0,396000000.0,396000000.0,-2000000.0,0.0,0.039,2718000000.0,1520000000.0,5124000000.0,0.0,0.671,-1.156,-1.15,13199000000.0,0.0,44.13,1.854,1.854,5012000000.0,-57086000000.0,10203000000.0,10203000000.0,0.0,,,,,0.0,2543000000.0,1.0,1484236035.0,1484700000,1509400000.0,6.872,34875000000.0,0.0,301000000.0,10816000000.0,23.49,-2676000000.0
64,TWX,MRQ,2002-03-31,2002-03-31,2002-03-31,2021-08-25,21000000.0,160365000000.0,,9566000000.0,150799000000.0,,66.321,-666000000.0,886000000.0,886000000.0,5663000000.0,-54244000000.0,0.759,0.638,28482000000.0,102000000.0,28380000000.0,28482000000.0,2647000000.0,682000000.0,0.0,0.0,0.0,-53865000000.0,-53183000000.0,-5.654,-53183000000.0,-53865000000.0,-54241000000.0,-36.75,-36.75,-36.75,97919000000.0,,97919000000.0,127176784078.0,-2.0,-2.73,1093000000.0,0.74,1.0,3744000000.0,0.398,125308000000.0,376000000.0,50044000000.0,,5419000000.0,6317000000.0,0.0,6317000000.0,62446000000.0,12609000000.0,49837000000.0,105055784078.0,167000000.0,-5668000000.0,45000000.0,4962000000.0,0.0,4719000000.0,-6311000000.0,23000000.0,1759000000.0,0.0,-54244000000.0,-54244000000.0,-54244000000.0,1000000.0,0.0,-5.766,2687000000.0,1057000000.0,5028000000.0,0.0,1.073,-1.817,-1.812,12941000000.0,0.0,70.95,3.082,3.073,4927000000.0,-57482000000.0,9407000000.0,9407000000.0,0.0,,,,,0.0,2416000000.0,1.0,1480701678.0,1476433000,1476433000.0,6.371,35057000000.0,0.0,3000000.0,11139000000.0,23.744,-3043000000.0
65,TWX,MRQ,2001-12-31,2001-12-31,2001-12-31,2021-08-25,49000000.0,208504000000.0,,10251000000.0,198253000000.0,,102.981,-961000000.0,719000000.0,719000000.0,4030000000.0,-1831000000.0,0.79,0.371,22840000000.0,48000000.0,22792000000.0,22840000000.0,2499000000.0,1430000000.0,0.0,0.0,0.0,-1816000000.0,-386000000.0,-0.058,-386000000.0,-1816000000.0,-2136000000.0,-1.23,-1.23,-1.23,152027000000.0,,152027000000.0,161338958687.0,-46.0,35.49,90000000.0,0.061,1.0,2626000000.0,0.395,172417000000.0,320000000.0,45232000000.0,,5281000000.0,6886000000.0,0.0,6886000000.0,56477000000.0,12976000000.0,43501000000.0,142094958687.0,-786000000.0,-1876000000.0,-620000000.0,2040000000.0,0.0,1427000000.0,-3264000000.0,-427000000.0,1051000000.0,0.0,-1831000000.0,-1831000000.0,-1831000000.0,684010000.0,0.0,-0.275,328000000.0,2298000000.0,5034000000.0,0.0,0.935,-28.799,-28.919,12669000000.0,0.0,96.3,4.241,4.243,6054000000.0,-3238000000.0,6656000000.0,6656000000.0,0.0,,,,,0.0,843000000.0,1.0,1475544742.0,1476268000,1311667000.0,4.509,36087000000.0,0.0,-305000000.0,11231000000.0,24.445,-2725000000.0
66,TWX,MRQ,2001-09-30,2001-09-30,2001-09-30,2021-08-25,-8000000.0,209204000000.0,,10399000000.0,198805000000.0,,104.233,-806000000.0,1505000000.0,1505000000.0,5006000000.0,-997000000.0,0.83,0.356,20749000000.0,24000000.0,20725000000.0,20749000000.0,2761000000.0,5311000000.0,0.0,0.0,0.0,-482000000.0,4829000000.0,0.533,4829000000.0,-482000000.0,-823000000.0,-0.66,-0.66,-0.66,154262000000.0,,154262000000.0,166182430430.0,-87.0,21.094,1608000000.0,1.087,1.0,4062000000.0,0.448,140527000000.0,341000000.0,75398000000.0,,8707000000.0,9142000000.0,0.0,9142000000.0,54942000000.0,12523000000.0,42419000000.0,147062430430.0,458000000.0,-522000000.0,-836000000.0,132000000.0,53000000.0,-692000000.0,-1264000000.0,64000000.0,2414000000.0,0.0,-997000000.0,-997000000.0,-997000000.0,10000000.0,0.0,-0.11,4546000000.0,-484000000.0,4821000000.0,0.0,0.953,-47.485,-47.286,12263000000.0,0.0,99.3,5.104,5.101,5359000000.0,-1372000000.0,9068000000.0,9068000000.0,0.0,,,,,0.0,2191000000.0,1.0,1480991243.0,1479967000,1527933000.0,6.127,68677000000.0,0.0,174000000.0,12065000000.0,46.404,-2124000000.0
67,TWX,MRQ,2001-06-30,2001-06-30,2001-06-30,2021-08-25,48000000.0,210822000000.0,,10094000000.0,200728000000.0,,105.585,-925000000.0,1357000000.0,1357000000.0,4787000000.0,-737000000.0,0.838,0.351,20477000000.0,20000000.0,20457000000.0,20477000000.0,2832000000.0,2197000000.0,0.0,0.0,0.0,-45000000.0,2152000000.0,0.24,2152000000.0,-45000000.0,-389000000.0,-0.51,-0.51,-0.51,156087000000.0,,156087000000.0,253746401440.0,-293.0,68.029,365000000.0,0.247,1.0,4166000000.0,0.465,140310000000.0,344000000.0,77589000000.0,,8892000000.0,11313000000.0,0.0,11313000000.0,54735000000.0,12043000000.0,42692000000.0,234821401440.0,89000000.0,-245000000.0,-311000000.0,255000000.0,0.0,-69000000.0,-1132000000.0,38000000.0,1290000000.0,0.0,-737000000.0,-737000000.0,-737000000.0,9000000.0,0.0,-0.082,4203000000.0,-37000000.0,4579000000.0,0.0,1.504,-133.725,-160.606,11973000000.0,0.0,159.0,10.827,10.837,5106000000.0,-376000000.0,8953000000.0,8953000000.0,0.0,,,,,0.0,2200000000.0,1.0,1476864160.0,1478300000,1535367000.0,6.056,70512000000.0,0.0,348000000.0,12622000000.0,47.698,-1949000000.0
68,TWX,MRQ,2001-03-31,2001-03-31,2001-03-31,2021-08-25,101000000.0,211991000000.0,,9979000000.0,202012000000.0,,106.414,-903000000.0,1268000000.0,1268000000.0,4966000000.0,-1369000000.0,0.787,0.354,20193000000.0,17000000.0,20176000000.0,20193000000.0,3003000000.0,2163000000.0,0.0,0.0,0.0,-1130000000.0,1033000000.0,0.117,1033000000.0,-1130000000.0,-1441000000.0,-0.93,-0.93,-0.93,156525000000.0,,156525000000.0,176235272996.0,-618.0,79.636,70000000.0,0.048,1.0,3864000000.0,0.438,141707000000.0,311000000.0,76532000000.0,,8943000000.0,11564000000.0,0.0,11564000000.0,55466000000.0,12677000000.0,42789000000.0,177434272996.0,-1342000000.0,-112000000.0,-338000000.0,-1844000000.0,0.0,-2778000000.0,463000000.0,1478000000.0,973000000.0,0.0,-1369000000.0,-1369000000.0,-1369000000.0,10000000.0,0.0,-0.155,4087000000.0,-223000000.0,4503000000.0,0.0,1.134,-260.55,-4015.0,11514000000.0,0.0,120.45,12.136,12.117,4957000000.0,363000000.0,8830000000.0,8830000000.0,0.0,,,,,0.0,2252000000.0,1.0,1473094836.0,1470900000,1470900000.0,6.003,70284000000.0,0.0,-72000000.0,13127000000.0,47.783,-2698000000.0
69,TWX,MRQ,2000-12-31,2000-12-31,2000-12-31,2021-08-25,61000000.0,10778000000.0,,4627000000.0,6151000000.0,,8.561,-268000000.0,2610000000.0,2610000000.0,997000000.0,6000000.0,1.986,0.602,1413000000.0,2000000.0,1411000000.0,1413000000.0,1286000000.0,127000000.0,0.0,0.0,0.0,-263000000.0,-136000000.0,-0.069,-136000000.0,-263000000.0,12000000.0,0.0,0.0,0.0,6727000000.0,,6727000000.0,80816151031.0,52.0,40.388,296000000.0,0.377,1.0,964000000.0,0.492,816000000.0,-275000000.0,6435000000.0,,47000000.0,4710000000.0,886000000.0,3824000000.0,4051000000.0,2330000000.0,1721000000.0,81209151031.0,571000000.0,349000000.0,65000000.0,-3000000.0,0.0,62000000.0,-55000000.0,-201000000.0,564000000.0,0.0,6000000.0,6000000.0,6000000.0,0.0,0.0,0.003,512000000.0,452000000.0,107000000.0,,12.072,72.443,72.5,1041000000.0,0.0,104.4,10.678,10.63,613000000.0,1696000000.0,1961000000.0,1961000000.0,0.0,,,,,0.0,477000000.0,1.0,777865431.0,785733000,857701000.0,2.496,9962000000.0,0.0,6000000.0,0.0,12.679,2297000000.0
70,TWX,MRQ,2000-09-30,2000-09-30,2000-09-30,2021-08-25,325000000.0,10953000000.0,,4346000000.0,6607000000.0,,8.471,-146000000.0,2039000000.0,2039000000.0,958000000.0,344000000.0,1.884,0.668,1646000000.0,0.0,1646000000.0,1646000000.0,1409000000.0,110000000.0,0.0,0.0,0.0,571000000.0,681000000.0,0.35,681000000.0,571000000.0,571000000.0,0.45,0.39,0.45,6565000000.0,,6565000000.0,123828624412.0,54.0,46.153,252000000.0,0.325,1.0,987000000.0,0.507,715000000.0,0.0,7538000000.0,,0.0,5819000000.0,1192000000.0,4627000000.0,4388000000.0,2307000000.0,2081000000.0,124688624412.0,-451000000.0,-1004000000.0,84000000.0,-2000000.0,0.0,82000000.0,-931000000.0,230000000.0,398000000.0,0.0,344000000.0,344000000.0,344000000.0,0.0,0.0,0.177,505000000.0,482000000.0,256000000.0,0.0,18.993,89.191,87.951,1026000000.0,0.0,160.95,17.236,17.243,588000000.0,1679000000.0,1945000000.0,1945000000.0,0.0,,,,,0.0,479000000.0,1.0,774704097.0,775000000,866667000.0,2.51,10238000000.0,0.0,227000000.0,0.0,13.21,2039000000.0
71,TWX,MRQ,2000-06-30,2000-06-30,2000-06-30,2021-08-25,478000000.0,10673000000.0,,4428000000.0,6245000000.0,,7.994,-167000000.0,2490000000.0,2490000000.0,924000000.0,338000000.0,1.849,0.732,1630000000.0,0.0,1630000000.0,1630000000.0,1467000000.0,98000000.0,0.0,0.0,0.0,537000000.0,635000000.0,0.337,635000000.0,537000000.0,537000000.0,0.45,0.39,0.45,6161000000.0,,6161000000.0,120452825882.0,60.0,50.61,344000000.0,0.446,1.0,961000000.0,0.51,660000000.0,0.0,6758000000.0,,0.0,5283000000.0,925000000.0,4358000000.0,4512000000.0,2395000000.0,2117000000.0,121485825882.0,-202000000.0,-908000000.0,92000000.0,79000000.0,0.0,171000000.0,-884000000.0,229000000.0,511000000.0,0.0,338000000.0,338000000.0,338000000.0,0.0,0.0,0.179,505000000.0,456000000.0,153000000.0,0.0,19.719,98.369,97.926,991000000.0,0.0,158.64,17.955,18.07,532000000.0,1346000000.0,1885000000.0,1885000000.0,0.0,,,,,0.0,476000000.0,1.0,765795675.0,770667000,866333000.0,2.446,10013000000.0,0.0,199000000.0,0.0,12.993,2033000000.0
72,TWX,MRQ,2000-03-31,2000-03-31,2000-03-31,2021-08-25,1062000000.0,10789000000.0,,4200000000.0,6589000000.0,,8.38,-197000000.0,2655000000.0,2655000000.0,987000000.0,433000000.0,1.806,0.681,1622000000.0,0.0,1622000000.0,1622000000.0,1210000000.0,108000000.0,0.0,0.0,0.0,713000000.0,821000000.0,0.453,821000000.0,713000000.0,713000000.0,0.57,0.51,0.57,6419000000.0,,6419000000.0,152494891208.0,89.0,74.027,281000000.0,0.367,1.0,827000000.0,0.456,567000000.0,0.0,6863000000.0,,0.0,5273000000.0,482000000.0,4791000000.0,4370000000.0,2326000000.0,2044000000.0,153448891208.0,138000000.0,-502000000.0,77000000.0,29000000.0,0.0,106000000.0,-446000000.0,269000000.0,478000000.0,0.0,433000000.0,433000000.0,433000000.0,0.0,0.0,0.239,451000000.0,376000000.0,169000000.0,0.0,23.905,146.281,146.196,991000000.0,0.0,201.75,24.415,24.589,668000000.0,1051000000.0,1814000000.0,1814000000.0,0.0,,,,,0.0,432000000.0,1.0,760589300.0,766000000,869333000.0,2.368,10222000000.0,0.0,280000000.0,0.0,13.345,1874000000.0
73,TWX,MRQ,1999-12-31,1999-12-31,1999-12-31,2021-08-25,1467000000.0,10396000000.0,,3875000000.0,6521000000.0,,8.637,-268000000.0,2554000000.0,2554000000.0,1086000000.0,283000000.0,1.78,0.642,1581000000.0,0.0,1581000000.0,1581000000.0,924000000.0,78000000.0,0.0,0.0,0.0,468000000.0,546000000.0,0.343,546000000.0,468000000.0,468000000.0,0.36,0.33,0.36,6331000000.0,,6331000000.0,168639734893.0,103.0,86.482,85000000.0,0.116,1.0,504000000.0,0.317,561000000.0,0.0,6685000000.0,,0.0,5444000000.0,542000000.0,4902000000.0,4065000000.0,2177000000.0,1888000000.0,169628734893.0,1195000000.0,-779000000.0,155000000.0,1241000000.0,0.0,1376000000.0,-534000000.0,502000000.0,353000000.0,0.0,283000000.0,283000000.0,283000000.0,0.0,0.0,0.178,195000000.0,309000000.0,68000000.0,0.0,26.793,165.169,161.447,895000000.0,0.0,227.64,29.635,29.151,496000000.0,575000000.0,1590000000.0,1590000000.0,0.0,,,,,-15000000.0,374000000.0,1.0,745162251.0,733000000,866333000.0,2.169,9835000000.0,0.0,185000000.0,0.0,13.417,1698000000.0
74,TWX,MRQ,1999-09-30,1999-09-30,1999-09-30,2021-08-25,424000000.0,6502000000.0,,2408000000.0,4094000000.0,,5.176,-154000000.0,1330000000.0,1330000000.0,792000000.0,181000000.0,1.197,0.689,341000000.0,0.0,341000000.0,341000000.0,822000000.0,79000000.0,0.0,0.0,0.0,299000000.0,378000000.0,0.256,378000000.0,299000000.0,299000000.0,0.24,0.21,0.24,3849000000.0,,3849000000.0,114812136640.0,83.0,68.832,312000000.0,0.42,1.0,685000000.0,0.464,532000000.0,0.0,2970000000.0,,0.0,3189000000.0,429000000.0,2760000000.0,2653000000.0,2011000000.0,642000000.0,115351136640.0,423000000.0,0.0,97000000.0,-3000000.0,0.0,94000000.0,-137000000.0,3000000.0,466000000.0,0.0,181000000.0,181000000.0,181000000.0,0.0,0.0,0.123,425000000.0,260000000.0,88000000.0,0.0,29.969,124.435,115.667,744000000.0,0.0,156.15,23.033,23.188,468000000.0,335000000.0,1477000000.0,1477000000.0,0.0,,,,,3000000.0,336000000.0,1.0,738720055.0,743667000,862333000.0,1.986,5970000000.0,0.0,118000000.0,0.0,8.028,397000000.0
75,TWX,MRQ,1999-06-30,1999-06-30,1999-06-30,2021-08-25,168000000.0,5417000000.0,,2045000000.0,3372000000.0,,4.167,-119000000.0,936000000.0,936000000.0,753000000.0,152000000.0,1.181,0.75,348000000.0,0.0,348000000.0,348000000.0,678000000.0,82000000.0,0.0,0.0,0.0,233000000.0,315000000.0,0.224,315000000.0,233000000.0,233000000.0,0.21,0.18,0.21,3095000000.0,,3095000000.0,116756286610.0,100.0,81.137,71000000.0,0.096,1.0,651000000.0,0.464,554000000.0,0.0,2543000000.0,,0.0,2695000000.0,544000000.0,2151000000.0,2322000000.0,1732000000.0,590000000.0,119059286610.0,-1746000000.0,0.0,127000000.0,28000000.0,0.0,146000000.0,-2082000000.0,-1943000000.0,190000000.0,0.0,152000000.0,152000000.0,152000000.0,0.0,0.0,0.108,448000000.0,203000000.0,76000000.0,0.0,38.468,144.841,134.146,660000000.0,0.0,165.0,26.282,27.051,409000000.0,124000000.0,1404000000.0,1404000000.0,0.0,,,,,1000000.0,342000000.0,1.0,721571434.0,742669000,890331000.0,1.89,4863000000.0,0.0,81000000.0,0.0,6.548,313000000.0
76,TWX,MRQ,1999-03-31,1999-03-31,1999-03-31,2021-08-25,232000000.0,5287000000.0,,3368000000.0,1919000000.0,,4.019,-71000000.0,2672000000.0,2672000000.0,693000000.0,411000000.0,1.827,0.89,369000000.0,0.0,369000000.0,369000000.0,700000000.0,77000000.0,0.0,0.0,0.0,634000000.0,711000000.0,0.567,711000000.0,634000000.0,634000000.0,0.6,0.48,0.6,2797000000.0,,2797000000.0,136241145766.0,145.0,115.557,560000000.0,0.805,1.0,560000000.0,0.447,537000000.0,0.0,604000000.0,,0.0,851000000.0,102000000.0,749000000.0,2490000000.0,1843000000.0,647000000.0,137293145766.0,1150000000.0,6000000.0,115000000.0,-2000000.0,0.0,113000000.0,406000000.0,504000000.0,631000000.0,0.0,411000000.0,411000000.0,411000000.0,0.0,0.0,0.328,513000000.0,47000000.0,91000000.0,0.0,49.086,204.915,213.043,584000000.0,0.0,220.5,33.552,37.504,457000000.0,26000000.0,1253000000.0,1253000000.0,0.0,,,,,11000000.0,338000000.0,1.0,622644652.0,696000000,858000000.0,1.8,4750000000.0,49000000.0,223000000.0,0.0,6.825,1525000000.0
77,TWX,MRQ,1998-12-31,1998-12-31,1998-12-31,2021-08-25,128000000.0,3146000000.0,,1782000000.0,1364000000.0,,2.222,-29000000.0,1452000000.0,1452000000.0,843000000.0,183000000.0,1.795,1.168,400000000.0,0.0,400000000.0,400000000.0,362000000.0,41000000.0,0.0,0.006,0.0,223000000.0,264000000.0,0.302,264000000.0,223000000.0,223000000.0,0.3,0.277,0.3,1451000000.0,,1451000000.0,70180342234.0,484.0,181.345,129000000.0,0.198,1.0,31000000.0,0.035,450000000.0,0.0,651000000.0,,0.0,485000000.0,0.0,485000000.0,1695000000.0,993000000.0,702000000.0,71058342234.0,200000000.0,25000000.0,38000000.0,-10000000.0,0.0,66000000.0,-24000000.0,-16000000.0,158000000.0,0.0,183000000.0,183000000.0,183000000.0,0.0,0.0,0.209,-180000000.0,211000000.0,91000000.0,0.0,48.972,617.899,646.25,424000000.0,0.0,116.325,18.347,19.613,225000000.0,-195000000.0,874000000.0,874000000.0,0.0,,,,,5000000.0,118000000.0,1.0,610860453.0,653000000,790000000.0,1.338,2696000000.0,0.0,40000000.0,0.0,4.129,789000000.0
78,TWX,MRQ,1998-09-30,1998-09-30,1998-09-30,2021-08-25,100000000.0,2845000000.0,,1600000000.0,1245000000.0,,1.828,-73000000.0,1253000000.0,1253000000.0,583000000.0,76000000.0,1.722,1.342,375000000.0,0.0,375000000.0,375000000.0,319000000.0,67000000.0,0.0,0.018,0.0,82000000.0,149000000.0,0.149,149000000.0,82000000.0,82000000.0,0.12,0.09,0.12,1215000000.0,,1215000000.0,24999543729.0,-543.0,134.406,47000000.0,0.071,1.0,416000000.0,0.416,464000000.0,0.0,574000000.0,,0.0,392000000.0,0.0,392000000.0,1630000000.0,929000000.0,701000000.0,25258543729.0,657000000.0,0.0,602000000.0,0.0,0.0,602000000.0,-65000000.0,21000000.0,120000000.0,0.0,76000000.0,76000000.0,76000000.0,0.0,0.0,0.076,339000000.0,77000000.0,50000000.0,0.0,20.789,-701.626,-697.5,386000000.0,0.0,41.85,7.034,7.746,246000000.0,-307000000.0,999000000.0,999000000.0,0.0,,,,,3000000.0,256000000.0,1.0,603549432.0,664667000,799333000.0,1.503,2381000000.0,0.0,6000000.0,0.0,3.582,671000000.0
79,TWX,MRQ,1998-06-30,1998-06-30,1998-06-30,2021-08-25,145000000.0,2874000000.0,,1263000000.0,1611000000.0,,1.55,-77000000.0,677000000.0,677000000.0,557000000.0,0.0,1.094,1.886,372000000.0,0.0,372000000.0,372000000.0,491000000.0,55000000.0,0.0,0.019,0.0,0.0,55000000.0,0.057,55000000.0,0.0,0.0,0.015,0.015,0.015,996000000.0,,996000000.0,22173522569.0,-231.0,233.406,39000000.0,0.061,1.0,409000000.0,0.423,560000000.0,0.0,854000000.0,,0.0,677000000.0,146000000.0,531000000.0,1878000000.0,1155000000.0,723000000.0,22722829569.0,-257000000.0,-305000000.0,55000000.0,-64000000.0,0.0,61000000.0,-434000000.0,-41000000.0,116000000.0,0.0,0.0,0.0,0.0,0.0,0.0,0.0,426000000.0,-17000000.0,120000000.0,0.0,22.814,-284.035,-328.438,503000000.0,0.0,39.413,7.297,8.134,285000000.0,-590000000.0,966000000.0,966000000.0,0.0,,,,,5000000.0,261000000.0,1.0,576538651.0,642668000,642668000.0,1.503,2314000000.0,0.0,0.0,0.0,3.601,108000000.0
80,TWX,MRQ,1998-03-31,1998-03-31,1998-03-31,2021-08-25,80182000.0,2124376000.0,,1174368000.0,950008000.0,,0.733,-162000000.0,924080000.0,924080000.0,555000000.0,-144000000.0,1.371,3.736,374773000.0,0.0,374773000.0,374773000.0,299879000.0,79000000.0,0.0,0.029,0.75,-160000000.0,-81000000.0,-0.078,-81000000.0,-160000000.0,-160000000.0,-0.255,-0.233,-0.255,448553000.0,,448553000.0,14214735523.0,,,-2000000.0,-0.003,1.0,479000000.0,0.463,213122000.0,0.0,505496000.0,,0.0,271666000.0,0.0,271666000.0,1675823000.0,856451000.0,819372000.0,14359573523.0,352000000.0,207000000.0,47000000.0,91000000.0,0.0,88000000.0,104000000.0,63000000.0,160000000.0,0.0,-144000000.0,-144000000.0,-144000000.0,0.0,0.0,-0.139,646000000.0,-167000000.0,84294000.0,-2.941,32.013,,,340009000.0,0.0,25.616,,,159518000.0,-422371000.0,1034000000.0,1034000000.0,0.0,,,,,4000000.0,399000000.0,1.0,560565013.0,612000000,612000000.0,1.69,1911254000.0,78806000.0,-16000000.0,78806000.0,3.123,317917000.0
81,TWX,MRQ,1997-12-31,1997-12-31,1997-12-31,2021-08-25,32705000.0,1383161000.0,,717434000.0,665727000.0,,0.554,-121000000.0,518200000.0,518200000.0,386000000.0,32000000.0,1.242,3.527,373362000.0,1971000.0,371391000.0,373362000.0,253776000.0,31000000.0,0.0,0.0,0.0,32000000.0,63000000.0,0.106,63000000.0,32000000.0,32000000.0,0.06,0.049,0.06,305557000.0,,305557000.0,,,,-51000000.0,-0.092,1.0,206000000.0,0.348,140258000.0,0.0,520557000.0,,0.0,97749000.0,236000.0,97513000.0,1077604000.0,577508000.0,500096000.0,9512087570.0,338000000.0,0.0,25000000.0,312000000.0,0.0,387000000.0,-119000000.0,5000000.0,70000000.0,0.0,32000000.0,32000000.0,32000000.0,0.0,0.0,0.054,175000000.0,31000000.0,68485000.0,0.0,31.13,-32.587,-34.419,336097000.0,0.0,16.969,3.278,3.189,117848000.0,-467182000.0,592000000.0,592000000.0,0.0,,,,,4000000.0,150000000.0,1.0,560565013.0,551999000,682666000.0,1.072,1242903000.0,48165000.0,0.0,48165000.0,2.252,139926000.0
82,TWX,MRQ,1997-09-30,1997-09-30,1997-09-30,2021-08-25,,,,,,,,-75000000.0,,,327000000.0,32000000.0,,,,,,,,26000000.0,,0.0,0.0,32000000.0,58000000.0,0.111,58000000.0,32000000.0,32000000.0,0.06,0.049,0.06,,,,,,,7000000.0,0.013,1.0,195000000.0,0.374,,0.0,,,,,,,,,,,54000000.0,0.0,25000000.0,29000000.0,0.0,54000000.0,-82000000.0,-3000000.0,82000000.0,0.0,32000000.0,32000000.0,32000000.0,0.0,0.0,0.061,168000000.0,27000000.0,,0.0,,,,,0.0,14.156,,,,,522000000.0,522000000.0,0.0,,,,,20000000.0,152000000.0,1.0,,538667000,672000000.0,0.969,,,0.0,,,
83,TWX,MRQ,1997-06-30,1997-06-30,1997-06-30,2021-08-25,17000000.0,833000000.0,,323000000.0,510000000.0,,0.251,-181019000.0,174000000.0,174000000.0,,,0.584,4.95,50000000.0,0.0,50000000.0,50000000.0,252000000.0,47483000.0,0.0,0.0,0.0,,,,,,,,,,140000000.0,,140000000.0,,,,-161027000.0,-0.288,1.0,,,132000000.0,,24000000.0,,0.0,81000000.0,0.0,81000000.0,693000000.0,553000000.0,140000000.0,,-65163000.0,30000000.0,200983000.0,-132000.0,0.0,185851000.0,-271006000.0,-99000000.0,19992000.0,0.0,,,,,,,,,68000000.0,,,,-11.989,233000000.0,,10.431,,2.652,91000000.0,-507000000.0,,,,,,,,2000000.0,,1.0,,558667000,,,701000000.0,0.0,,0.0,1.255,-230000000.0
84,TWX,MRQ,1997-03-31,1997-03-31,1997-03-31,2021-08-25,,,,,,,,-44226000.0,,,308386000.0,-4734000.0,,,,,,,,17154000.0,,0.0,0.0,-4734000.0,12420000.0,0.028,12420000.0,-4734000.0,-4734000.0,-0.007,-0.007,-0.007,,,,,,,39380000.0,0.077,1.0,141705000.0,0.315,,0.0,,,,,,,,,,,67395000.0,0.0,28680000.0,-415000.0,0.0,28265000.0,-44476000.0,0.0,83606000.0,0.0,-4734000.0,-4734000.0,-4734000.0,0.0,0.0,-0.011,148420000.0,-6715000.0,,0.0,,,,,0.0,7.969,,,,,450091000.0,450091000.0,0.0,,,,,0.0,125652000.0,1.0,,513509333,513509333.0,0.877,,,0.0,,,
85,TWX,MRQ,1996-12-31,1996-12-31,1996-12-31,2021-08-25,,,,,,,,,,,261888000.0,-129105000.0,,,,,,,,,,0.0,0.0,-129105000.0,,,,-129105000.0,-129105000.0,-0.257,-0.257,-0.257,,,,,,,,,1.0,147524000.0,0.36,,0.0,,,,,,,,,,,,,,,,,,,,,-129105000.0,-129105000.0,-129105000.0,0.0,0.0,-0.315,275262000.0,-127738000.0,,0.0,,,,,0.0,6.234,,,,,409412000.0,409412000.0,0.0,,,,,,180991000.0,1.0,,502848000,502848000.0,0.814,,,0.0,,,
0,TWX,MRT,2018-03-31,2018-03-31,2018-03-31,2021-08-25,-1353000000.0,68997000000.0,68161250000.0,15138000000.0,53859000000.0,0.463,38.167,-705000000.0,1691000000.0,1691000000.0,18031000000.0,5463000000.0,1.169,1.315,22253000000.0,3922000000.0,18331000000.0,22253000000.0,1470000000.0,700000000.0,0.0,0.017,1.612,6518000000.0,7218000000.0,0.229,7218000000.0,6518000000.0,5565000000.0,7.01,6.9,7.01,29805000000.0,27858500000.0,29805000000.0,94881366503.0,15.0,13.145,4229000000.0,5.416,1.0,13501000000.0,0.428,35350000000.0,953000000.0,41264000000.0,42184250000.0,10552000000.0,3980000000.0,0.0,3980000000.0,39191000000.0,12945000000.0,26246000000.0,73758366503.0,241000000.0,-703000000.0,170000000.0,-1165000000.0,-1266000000.0,-3415000000.0,-1278000000.0,130000000.0,4934000000.0,0.0,5466000000.0,5466000000.0,5466000000.0,0.0,-3000000.0,0.173,5846000000.0,7655000000.0,8021000000.0,0.23,2.475,13.494,13.492,2753000000.0,0.0,94.58,2.339,2.342,10279000000.0,-66726000000.0,31532000000.0,31532000000.0,0.0,0.08,0.196,0.155,0.207,217000000.0,5565000000.0,1.0,779851623.0,780900000,792000000.0,40.379,33647000000.0,0.0,99000000.0,1812000000.0,43.087,2193000000.0
1,TWX,MRT,2017-12-31,2017-12-31,2017-12-31,2021-08-25,-1437000000.0,69209000000.0,67324250000.0,15219000000.0,53990000000.0,0.464,36.537,-656000000.0,2621000000.0,2621000000.0,17647000000.0,5244000000.0,1.081,1.439,23744000000.0,5450000000.0,18294000000.0,23744000000.0,1179000000.0,694000000.0,0.0,0.018,1.612,6953000000.0,7647000000.0,0.245,7647000000.0,6953000000.0,5948000000.0,6.73,6.64,6.73,28375000000.0,26763500000.0,28375000000.0,91651899881.0,13.0,11.985,4423000000.0,5.695,1.0,13624000000.0,0.436,35367000000.0,1005000000.0,40888000000.0,42809750000.0,10676000000.0,3924000000.0,0.0,3924000000.0,40833000000.0,14077000000.0,26756000000.0,71217899881.0,1082000000.0,-706000000.0,206000000.0,-770000000.0,-1265000000.0,-3001000000.0,-996000000.0,366000000.0,5079000000.0,0.0,5247000000.0,5247000000.0,5247000000.0,0.0,-3000000.0,0.168,5704000000.0,7920000000.0,7916000000.0,0.24,2.51,13.573,13.591,2707000000.0,0.0,91.47,2.277,2.272,9401000000.0,-68208000000.0,31271000000.0,31271000000.0,0.0,0.078,0.196,0.162,0.222,227000000.0,5438000000.0,1.0,778592980.0,776600000,790700000.0,40.267,33842000000.0,0.0,701000000.0,1584000000.0,43.577,1142000000.0
2,TWX,MRT,2017-09-30,2017-09-30,2017-09-30,2021-08-25,-1389000000.0,68343000000.0,66513500000.0,14608000000.0,53735000000.0,0.459,35.048,-524000000.0,2621000000.0,2621000000.0,17123000000.0,4149000000.0,1.483,1.506,23055000000.0,1157000000.0,21898000000.0,23055000000.0,1205000000.0,670000000.0,0.0,0.016,1.612,6766000000.0,7436000000.0,0.243,7436000000.0,6766000000.0,5717000000.0,5.36,5.26,5.36,27267000000.0,25753500000.0,27267000000.0,100978752610.0,15.0,13.58,4555000000.0,5.855,1.0,13428000000.0,0.44,35437000000.0,1049000000.0,43489000000.0,43468500000.0,10565000000.0,3732000000.0,0.0,3732000000.0,41075000000.0,9851000000.0,31224000000.0,79685752610.0,313000000.0,-763000000.0,9000000.0,-1543000000.0,-1263000000.0,-3873000000.0,-893000000.0,394000000.0,5079000000.0,0.0,4151000000.0,4151000000.0,4151000000.0,35000000.0,-2000000.0,0.136,5720000000.0,7708000000.0,7969000000.0,0.301,2.922,19.197,19.114,2555000000.0,0.0,102.45,2.608,2.609,8997000000.0,-69597000000.0,30551000000.0,30551000000.0,0.0,0.062,0.161,0.156,0.221,254000000.0,5512000000.0,1.0,777801392.0,778000000,791700000.0,39.269,32906000000.0,0.0,1566000000.0,2490000000.0,42.296,4757000000.0
3,TWX,MRT,2017-06-30,2017-06-30,2017-06-30,2021-08-25,-1507000000.0,66096000000.0,65868750000.0,13404000000.0,52692000000.0,0.457,33.497,-472000000.0,1705000000.0,1705000000.0,17068000000.0,4245000000.0,1.516,1.543,22998000000.0,1155000000.0,21843000000.0,22998000000.0,1155000000.0,667000000.0,0.0,0.016,1.611,6572000000.0,7239000000.0,0.24,7239000000.0,6572000000.0,5479000000.0,5.49,5.39,5.49,25987000000.0,25006250000.0,25987000000.0,99631720777.0,15.0,13.763,4681000000.0,6.034,1.0,13055000000.0,0.433,35454000000.0,1093000000.0,43096000000.0,43816250000.0,9777000000.0,3642000000.0,0.0,3642000000.0,40107000000.0,8839000000.0,31268000000.0,77871720777.0,-791000000.0,-1302000000.0,-724000000.0,-1526000000.0,-1261000000.0,-4572000000.0,-1372000000.0,402000000.0,5153000000.0,0.0,4246000000.0,4246000000.0,4246000000.0,40000000.0,-1000000.0,0.141,5578000000.0,7477000000.0,7031000000.0,0.293,2.997,18.34,18.29,2464000000.0,0.0,100.41,2.585,2.586,8655000000.0,-70969000000.0,30123000000.0,30123000000.0,0.0,0.064,0.17,0.15,0.218,244000000.0,5313000000.0,1.0,775537504.0,775800000,790000000.0,38.828,30642000000.0,0.0,1233000000.0,2596000000.0,39.497,4565000000.0
4,TWX,MRT,2017-03-31,2017-03-31,2017-03-31,2021-08-25,-1527000000.0,65649000000.0,65376500000.0,12908000000.0,52741000000.0,0.455,32.866,-455000000.0,1450000000.0,1450000000.0,16703000000.0,4134000000.0,1.581,1.582,23210000000.0,808000000.0,22402000000.0,23210000000.0,1081000000.0,667000000.0,0.0,0.016,1.611,6525000000.0,7192000000.0,0.242,7192000000.0,6525000000.0,5389000000.0,5.33,5.25,5.33,25425000000.0,24481500000.0,25425000000.0,98460202597.0,15.0,13.69,4919000000.0,6.359,1.0,13042000000.0,0.438,35481000000.0,1136000000.0,43766000000.0,43927250000.0,9906000000.0,3412000000.0,0.0,3412000000.0,40222000000.0,8162000000.0,32060000000.0,75660202597.0,-90000000.0,-1303000000.0,-1439000000.0,-482000000.0,-1263000000.0,-4233000000.0,-1231000000.0,527000000.0,5374000000.0,0.0,4136000000.0,4136000000.0,4136000000.0,40000000.0,-2000000.0,0.139,5411000000.0,7631000000.0,6766000000.0,0.302,2.976,18.293,18.332,2462000000.0,0.0,97.71,2.544,2.541,8540000000.0,-72031000000.0,29745000000.0,29745000000.0,0.0,0.063,0.169,0.149,0.219,226000000.0,5144000000.0,1.0,774334281.0,773600000,789300000.0,38.45,30168000000.0,0.0,1253000000.0,2620000000.0,38.997,4746000000.0
5,TWX,MRT,2016-12-31,2016-12-31,2016-12-31,2021-08-25,-1510000000.0,65966000000.0,64777750000.0,13485000000.0,52481000000.0,0.453,31.167,-432000000.0,1539000000.0,1539000000.0,16376000000.0,3925000000.0,1.39,1.711,24339000000.0,1947000000.0,22392000000.0,24339000000.0,1050000000.0,669000000.0,0.0,0.017,1.61,6368000000.0,7037000000.0,0.24,7037000000.0,6368000000.0,5207000000.0,5.01,4.96,5.01,24335000000.0,24086000000.0,24335000000.0,96600137103.0,15.0,13.727,4234000000.0,5.423,1.0,12942000000.0,0.441,35540000000.0,1161000000.0,43523000000.0,43630000000.0,9978000000.0,3337000000.0,0.0,3337000000.0,41629000000.0,9703000000.0,31926000000.0,74437137103.0,-616000000.0,-1228000000.0,-2150000000.0,512000000.0,-1269000000.0,-3922000000.0,-1360000000.0,300000000.0,4666000000.0,0.0,3926000000.0,3926000000.0,3926000000.0,0.0,-1000000.0,0.134,5395000000.0,7547000000.0,7192000000.0,0.321,3.059,18.96,19.267,2510000000.0,0.0,96.53,2.539,2.571,8699000000.0,-73455000000.0,29318000000.0,29318000000.0,0.0,0.061,0.163,0.146,0.217,277000000.0,5123000000.0,1.0,771129567.0,780800000,792300000.0,37.549,30426000000.0,0.0,1281000000.0,2678000000.0,38.968,3782000000.0
6,TWX,MRT,2016-09-30,2016-09-30,2016-09-30,2021-08-25,-1614000000.0,65764000000.0,64248250000.0,13264000000.0,52500000000.0,0.444,31.278,-443000000.0,2308000000.0,2308000000.0,16070000000.0,4489000000.0,1.759,1.709,24471000000.0,52000000.0,24419000000.0,24471000000.0,1016000000.0,682000000.0,0.0,0.02,1.558,7120000000.0,7802000000.0,0.274,7802000000.0,7120000000.0,5957000000.0,5.7,5.63,5.7,24278000000.0,23907000000.0,24278000000.0,83896020090.0,12.0,10.753,3937000000.0,5.072,1.0,12436000000.0,0.436,35508000000.0,1163000000.0,44880000000.0,43203250000.0,10111000000.0,3271000000.0,0.0,3271000000.0,41485000000.0,7539000000.0,33946000000.0,61924020090.0,534000000.0,-1303000000.0,-2577000000.0,1512000000.0,-1235000000.0,-2355000000.0,-1491000000.0,255000000.0,4380000000.0,0.0,4490000000.0,4490000000.0,4490000000.0,5000000.0,-1000000.0,0.158,5194000000.0,7242000000.0,6907000000.0,0.273,2.551,13.792,13.967,2482000000.0,0.0,79.61,2.172,2.168,8031000000.0,-73748000000.0,28506000000.0,28506000000.0,0.0,0.07,0.188,0.165,0.25,229000000.0,4932000000.0,1.0,777842232.0,776200000,787500000.0,36.725,30256000000.0,0.0,1467000000.0,2603000000.0,38.98,5725000000.0
7,TWX,MRT,2016-06-30,2016-06-30,2016-06-30,2021-08-25,-1447000000.0,64127000000.0,63475750000.0,12962000000.0,51165000000.0,0.44,30.45,-431000000.0,2496000000.0,2496000000.0,15723000000.0,4056000000.0,1.859,1.684,24468000000.0,50000000.0,24418000000.0,24468000000.0,919000000.0,683000000.0,0.0,0.02,1.505,6919000000.0,7602000000.0,0.272,7602000000.0,6919000000.0,5760000000.0,5.08,5.03,5.08,23888000000.0,23749500000.0,23888000000.0,79964438587.0,12.0,10.519,3578000000.0,4.561,1.0,12180000000.0,0.437,35587000000.0,1159000000.0,43540000000.0,41906750000.0,9258000000.0,2592000000.0,0.0,2592000000.0,40238000000.0,6972000000.0,33266000000.0,57831438587.0,-626000000.0,-806000000.0,-3110000000.0,747000000.0,-1206000000.0,-3657000000.0,-978000000.0,259000000.0,4009000000.0,0.0,4058000000.0,4058000000.0,4058000000.0,0.0,-2000000.0,0.145,5118000000.0,7062000000.0,6403000000.0,0.296,2.421,14.251,14.476,2516000000.0,0.0,73.54,2.073,2.068,7813000000.0,-75215000000.0,27903000000.0,27903000000.0,0.0,0.064,0.171,0.165,0.248,203000000.0,4896000000.0,1.0,786394324.0,784500000,795400000.0,35.568,28540000000.0,0.0,1702000000.0,2665000000.0,36.38,5990000000.0
8,TWX,MRT,2016-03-31,2016-03-31,2016-03-31,2021-08-25,-1490000000.0,63254000000.0,63300250000.0,11792000000.0,51462000000.0,0.447,30.154,-441000000.0,1540000000.0,1540000000.0,16071000000.0,4076000000.0,1.639,1.653,23673000000.0,51000000.0,23622000000.0,23673000000.0,944000000.0,678000000.0,0.0,0.02,1.453,6937000000.0,7615000000.0,0.269,7615000000.0,6937000000.0,5784000000.0,5.05,4.99,5.05,23843000000.0,23783750000.0,23843000000.0,78962697802.0,11.0,10.369,3143000000.0,3.975,1.0,12228000000.0,0.432,35616000000.0,1153000000.0,42577000000.0,40837000000.0,9307000000.0,2649000000.0,0.0,2649000000.0,39410000000.0,7194000000.0,32216000000.0,57325697802.0,-720000000.0,-669000000.0,-3299000000.0,1267000000.0,-1178000000.0,-3333000000.0,-971000000.0,139000000.0,3584000000.0,0.0,4077000000.0,4077000000.0,4077000000.0,0.0,-1000000.0,0.144,5153000000.0,7075000000.0,6589000000.0,0.288,2.404,14.061,14.366,2546000000.0,0.0,72.55,2.026,2.027,7810000000.0,-76167000000.0,28299000000.0,28299000000.0,0.0,0.064,0.171,0.17,0.245,200000000.0,4886000000.0,1.0,790154346.0,790700000,802300000.0,35.79,27638000000.0,0.0,1707000000.0,2570000000.0,34.954,4598000000.0
9,TWX,MRT,2015-12-31,2015-12-31,2015-12-31,2021-08-25,-1446000000.0,63848000000.0,63035500000.0,12513000000.0,51335000000.0,0.446,28.984,-423000000.0,2155000000.0,2155000000.0,16154000000.0,3832000000.0,1.564,1.703,23792000000.0,198000000.0,23594000000.0,23792000000.0,968000000.0,681000000.0,0.0,0.022,1.4,6647000000.0,7328000000.0,0.261,7328000000.0,6647000000.0,5484000000.0,4.69,4.62,4.69,23619000000.0,23872500000.0,23619000000.0,72855374122.0,11.0,9.942,3420000000.0,4.197,1.0,11964000000.0,0.425,35667000000.0,1163000000.0,41816000000.0,39654750000.0,9353000000.0,2617000000.0,0.0,2617000000.0,40229000000.0,8002000000.0,32227000000.0,51702374122.0,-463000000.0,-672000000.0,-3467000000.0,1413000000.0,-1150000000.0,-3313000000.0,-993000000.0,102000000.0,3843000000.0,0.0,3833000000.0,3833000000.0,3833000000.0,0.0,-1000000.0,0.136,5099000000.0,6865000000.0,7188000000.0,0.299,2.189,13.489,13.789,2596000000.0,0.0,64.67,1.839,1.874,7411000000.0,-77381000000.0,28118000000.0,28118000000.0,0.0,0.061,0.161,0.168,0.236,182000000.0,4824000000.0,1.0,799480039.0,814900000,829500000.0,34.505,28181000000.0,0.0,1651000000.0,2454000000.0,34.582,4511000000.0
10,TWX,MRT,2015-09-30,2015-09-30,2015-09-30,2021-08-25,-1392000000.0,62674000000.0,62860000000.0,12139000000.0,50535000000.0,0.454,29.188,-408000000.0,1774000000.0,1774000000.0,16220000000.0,3693000000.0,1.445,1.65,22927000000.0,199000000.0,22728000000.0,22927000000.0,900000000.0,683000000.0,0.0,0.02,1.367,6621000000.0,7304000000.0,0.256,7304000000.0,6621000000.0,5446000000.0,4.49,4.42,4.49,23648000000.0,24086750000.0,23648000000.0,76743222694.0,12.0,10.507,3590000000.0,4.431,1.0,12344000000.0,0.432,35730000000.0,1175000000.0,39694000000.0,38692500000.0,9267000000.0,2154000000.0,0.0,2154000000.0,39026000000.0,8403000000.0,30623000000.0,56071222694.0,-1436000000.0,-416000000.0,-3843000000.0,477000000.0,-1137000000.0,-4605000000.0,-700000000.0,124000000.0,3998000000.0,-42000000.0,3694000000.0,3694000000.0,3694000000.0,-102000000.0,-1000000.0,0.129,5476000000.0,6868000000.0,7597000000.0,0.304,2.371,15.179,15.312,2569000000.0,0.0,68.75,1.963,1.95,7322000000.0,-78238000000.0,28564000000.0,28564000000.0,0.0,0.059,0.153,0.171,0.232,199000000.0,5057000000.0,1.0,815581421.0,810200000,824100000.0,35.255,26944000000.0,184000000.0,1752000000.0,2006000000.0,33.256,3736000000.0
11,TWX,MRT,2015-06-30,2015-06-30,2015-06-30,2021-08-25,-1396000000.0,63425000000.0,62965250000.0,13810000000.0,49615000000.0,0.449,29.242,-422000000.0,3122000000.0,3122000000.0,16375000000.0,3626000000.0,1.502,1.64,23794000000.0,1513000000.0,22281000000.0,23794000000.0,930000000.0,699000000.0,0.0,0.015,1.334,5677000000.0,6376000000.0,0.226,6376000000.0,5677000000.0,4489000000.0,4.35,4.27,4.35,24025000000.0,24482250000.0,24025000000.0,92289495260.0,16.0,14.475,3001000000.0,3.653,1.0,11868000000.0,0.42,35641000000.0,1188000000.0,39261000000.0,38237000000.0,8237000000.0,2132000000.0,0.0,2132000000.0,39400000000.0,9195000000.0,30205000000.0,72078495260.0,-1358000000.0,-241000000.0,-4155000000.0,1242000000.0,-1125000000.0,-4099000000.0,-553000000.0,110000000.0,3423000000.0,-42000000.0,3626000000.0,3626000000.0,3626000000.0,-103000000.0,0.0,0.128,5863000000.0,6005000000.0,7059000000.0,0.307,3.0,19.878,20.094,2567000000.0,0.0,87.41,2.552,2.543,8004000000.0,-79273000000.0,28243000000.0,28243000000.0,0.0,0.058,0.148,0.148,0.201,228000000.0,5140000000.0,1.0,824602394.0,821600000,836300000.0,34.376,27784000000.0,184000000.0,863000000.0,2109000000.0,33.817,4615000000.0
12,TWX,MRT,2015-03-31,2015-03-31,2015-03-31,2021-08-25,-1307000000.0,62195000000.0,63231500000.0,12495000000.0,49700000000.0,0.438,29.175,-439000000.0,2260000000.0,2260000000.0,16112000000.0,3505000000.0,1.405,1.57,22471000000.0,1299000000.0,21172000000.0,22471000000.0,837000000.0,720000000.0,0.0,0.019,1.619,5523000000.0,6243000000.0,0.226,6243000000.0,5523000000.0,4325000000.0,4.14,4.06,4.14,24198000000.0,24952750000.0,24198000000.0,90005276160.0,16.0,14.417,2534000000.0,3.055,1.0,11571000000.0,0.418,35667000000.0,1198000000.0,37848000000.0,38284750000.0,8267000000.0,2270000000.0,0.0,2270000000.0,37997000000.0,8891000000.0,29106000000.0,70129276160.0,-1235000000.0,460000000.0,-5114000000.0,2198000000.0,-1116000000.0,-4084000000.0,87000000.0,98000000.0,2973000000.0,-124000000.0,3505000000.0,3505000000.0,3505000000.0,-110000000.0,0.0,0.127,5858000000.0,5713000000.0,7062000000.0,0.391,2.898,20.008,20.396,2580000000.0,0.0,84.44,2.533,2.53,7645000000.0,-80244000000.0,27683000000.0,27683000000.0,0.0,0.055,0.14,0.144,0.2,220000000.0,5109000000.0,1.0,830521982.0,829400000,845900000.0,33.377,26528000000.0,184000000.0,820000000.0,2124000000.0,31.985,3604000000.0
13,TWX,MRT,2014-12-31,2014-12-31,2014-12-31,2021-08-25,-1164000000.0,63146000000.0,64732500000.0,13180000000.0,49966000000.0,0.423,28.352,-474000000.0,2618000000.0,2618000000.0,15875000000.0,3827000000.0,1.432,1.58,22381000000.0,1118000000.0,21263000000.0,22381000000.0,894000000.0,733000000.0,0.0,0.019,1.587,5781000000.0,6514000000.0,0.238,6514000000.0,5781000000.0,4612000000.0,4.42,4.34,4.42,24476000000.0,26414250000.0,24476000000.0,90970495133.0,16.0,13.965,3191000000.0,3.696,1.0,11484000000.0,0.42,35738000000.0,1169000000.0,37967000000.0,37977750000.0,8541000000.0,2326000000.0,0.0,2326000000.0,38670000000.0,9204000000.0,29466000000.0,71623495133.0,802000000.0,1714000000.0,-5166000000.0,2326000000.0,-1109000000.0,-3979000000.0,1332000000.0,143000000.0,3665000000.0,-129000000.0,3827000000.0,3827000000.0,3827000000.0,0.0,0.0,0.14,5509000000.0,5975000000.0,7507000000.0,0.359,2.926,18.715,19.326,2655000000.0,0.0,85.42,2.618,2.695,7720000000.0,-81214000000.0,27359000000.0,27359000000.0,0.0,0.059,0.145,0.152,0.211,219000000.0,5190000000.0,1.0,838486246.0,863300000,882600000.0,31.691,27408000000.0,184000000.0,785000000.0,2204000000.0,31.748,3976000000.0
14,TWX,MRT,2014-09-30,2014-09-30,2014-09-30,2021-08-25,-841000000.0,63095000000.0,65945750000.0,12893000000.0,50202000000.0,0.416,29.651,-588000000.0,3210000000.0,3210000000.0,15884000000.0,4092000000.0,1.478,1.501,22557000000.0,1168000000.0,21389000000.0,22557000000.0,853000000.0,751000000.0,0.0,0.021,1.557,6112000000.0,6863000000.0,0.25,6863000000.0,6112000000.0,4944000000.0,4.63,4.55,4.63,25230000000.0,27771250000.0,25230000000.0,82375186303.0,13.0,12.003,2959000000.0,3.477,1.0,11554000000.0,0.421,35846000000.0,1168000000.0,37872000000.0,39021000000.0,8555000000.0,2336000000.0,0.0,2336000000.0,37865000000.0,8724000000.0,29141000000.0,64292186303.0,1706000000.0,1750000000.0,-5232000000.0,3372000000.0,-1104000000.0,-2994000000.0,1223000000.0,113000000.0,3547000000.0,-105000000.0,4092000000.0,4092000000.0,4092000000.0,353000000.0,0.0,0.149,5235000000.0,6319000000.0,7052000000.0,0.336,2.548,15.712,16.244,2678000000.0,0.0,75.21,2.343,2.332,7005000000.0,-81932000000.0,27438000000.0,27438000000.0,0.0,0.062,0.147,0.157,0.223,223000000.0,5021000000.0,1.0,854835611.0,850900000,870200000.0,32.246,27249000000.0,181000000.0,852000000.0,1797000000.0,32.024,4169000000.0
15,TWX,MRT,2014-06-30,2014-06-30,2014-06-30,2021-08-25,-804000000.0,64490000000.0,66785250000.0,14183000000.0,50307000000.0,0.408,29.615,-602000000.0,4480000000.0,4480000000.0,15361000000.0,4308000000.0,1.968,1.489,22563000000.0,168000000.0,22395000000.0,22563000000.0,810000000.0,754000000.0,0.0,0.022,1.527,7209000000.0,7963000000.0,0.292,7963000000.0,7209000000.0,6048000000.0,4.79,4.7,4.79,25907000000.0,28946000000.0,25907000000.0,78712365814.0,11.0,9.885,3510000000.0,4.012,1.0,11876000000.0,0.436,35914000000.0,1161000000.0,39452000000.0,38591750000.0,8203000000.0,2494000000.0,0.0,2494000000.0,38583000000.0,7207000000.0,31376000000.0,61967365814.0,2486000000.0,1725000000.0,-4695000000.0,3074000000.0,-1098000000.0,-2748000000.0,1186000000.0,123000000.0,4112000000.0,-99000000.0,4308000000.0,4308000000.0,4308000000.0,129000000.0,0.0,0.158,4799000000.0,7077000000.0,6564000000.0,0.319,2.392,14.384,14.666,2716000000.0,0.0,70.25,2.275,2.256,7014000000.0,-82899000000.0,27237000000.0,27237000000.0,0.0,0.065,0.149,0.187,0.265,224000000.0,4952000000.0,1.0,882097734.0,874800000,894200000.0,31.135,28576000000.0,424000000.0,1740000000.0,2037000000.0,32.666,6976000000.0
16,TWX,MRT,2014-03-31,2014-03-31,2014-03-31,2021-08-25,-875000000.0,68199000000.0,67243250000.0,13994000000.0,54205000000.0,0.402,33.719,-575000000.0,3546000000.0,3546000000.0,15344000000.0,4229000000.0,1.691,1.27,20291000000.0,65000000.0,20226000000.0,20291000000.0,1409000000.0,725000000.0,0.0,0.018,1.18,7033000000.0,7758000000.0,0.287,7758000000.0,7033000000.0,5868000000.0,4.65,4.56,4.65,30044000000.0,29914750000.0,30044000000.0,76620557241.0,11.0,9.876,4114000000.0,4.617,1.0,11713000000.0,0.433,40046000000.0,1165000000.0,36620000000.0,37674000000.0,8226000000.0,2117000000.0,0.0,2117000000.0,38155000000.0,8278000000.0,29877000000.0,58317557241.0,1083000000.0,725000000.0,-3576000000.0,812000000.0,-1088000000.0,-3803000000.0,167000000.0,59000000.0,4689000000.0,-5000000.0,4229000000.0,4229000000.0,4229000000.0,63000000.0,0.0,0.156,4816000000.0,6897000000.0,7262000000.0,0.254,1.941,13.79,14.049,3219000000.0,0.0,65.33,2.155,2.151,7371000000.0,-83749000000.0,27057000000.0,27057000000.0,0.0,0.063,0.141,0.187,0.26,221000000.0,4954000000.0,1.0,892661216.0,891000000,910600000.0,30.367,28153000000.0,512000000.0,1639000000.0,2461000000.0,31.597,5716000000.0
17,TWX,MRT,2013-12-31,2013-12-31,2013-12-31,2021-08-25,-852000000.0,67999000000.0,66930250000.0,12531000000.0,55468000000.0,0.395,32.504,-568000000.0,1816000000.0,1816000000.0,14935000000.0,3691000000.0,1.494,1.274,20127000000.0,66000000.0,20061000000.0,20127000000.0,893000000.0,759000000.0,0.0,0.016,1.15,6494000000.0,7253000000.0,0.274,7253000000.0,6494000000.0,5305000000.0,3.99,3.92,3.99,29904000000.0,29901500000.0,29904000000.0,80673249493.0,12.0,11.123,3146000000.0,3.42,1.0,11526000000.0,0.436,35782000000.0,1189000000.0,42140000000.0,37429250000.0,8664000000.0,2009000000.0,0.0,2009000000.0,38095000000.0,8388000000.0,29707000000.0,63077249493.0,-944000000.0,-495000000.0,-3034000000.0,257000000.0,-1074000000.0,-3783000000.0,-910000000.0,176000000.0,3714000000.0,0.0,3691000000.0,3691000000.0,3691000000.0,0.0,0.0,0.139,5258000000.0,6268000000.0,6754000000.0,0.288,2.109,17.089,17.474,3291000000.0,0.0,69.72,2.384,2.424,7305000000.0,-85041000000.0,26461000000.0,26461000000.0,0.0,0.055,0.123,0.174,0.245,238000000.0,4934000000.0,1.0,904722454.0,920000000,942600000.0,28.762,32217000000.0,369000000.0,1614000000.0,2287000000.0,35.018,4143000000.0
18,TWX,MRT,2013-09-30,2013-09-30,2013-09-30,2021-08-25,-1073000000.0,66453000000.0,66952750000.0,11581000000.0,54872000000.0,0.364,32.645,-479000000.0,1567000000.0,1567000000.0,13893000000.0,3820000000.0,1.51,1.22,19163000000.0,18000000.0,19145000000.0,19163000000.0,1370000000.0,666000000.0,0.0,0.017,1.123,6508000000.0,7174000000.0,0.295,7174000000.0,6508000000.0,5313000000.0,4.09,4.01,4.09,29929000000.0,29874500000.0,29929000000.0,77928605455.0,12.0,10.863,3505000000.0,3.823,1.0,10456000000.0,0.429,40226000000.0,1195000000.0,36155000000.0,35675250000.0,8595000000.0,1953000000.0,0.0,1953000000.0,36523000000.0,7668000000.0,28855000000.0,60545605455.0,-1589000000.0,-547000000.0,-2977000000.0,-741000000.0,-1060000000.0,-4703000000.0,-902000000.0,172000000.0,3984000000.0,18000000.0,3820000000.0,3820000000.0,3820000000.0,-298000000.0,0.0,0.157,4323000000.0,6133000000.0,6776000000.0,0.275,2.023,15.85,16.09,3692000000.0,0.0,65.81,2.487,2.478,6763000000.0,-86024000000.0,24349000000.0,24349000000.0,0.0,0.057,0.128,0.182,0.267,197000000.0,4117000000.0,1.0,920006161.0,916800000,938800000.0,26.559,26227000000.0,459000000.0,1493000000.0,2510000000.0,28.607,3913000000.0
19,TWX,MRT,2013-06-30,2013-06-30,2013-06-30,2021-08-25,-1101000000.0,66322000000.0,67210750000.0,12229000000.0,54093000000.0,0.374,32.072,-498000000.0,2063000000.0,2063000000.0,14392000000.0,3459000000.0,1.557,1.227,19446000000.0,317000000.0,19129000000.0,19446000000.0,1399000000.0,702000000.0,0.0,0.019,1.095,6132000000.0,6834000000.0,0.272,6834000000.0,6132000000.0,4919000000.0,3.66,3.59,3.66,29782000000.0,29897000000.0,29782000000.0,70846302993.0,12.0,10.367,3837000000.0,4.132,1.0,10757000000.0,0.428,40070000000.0,1213000000.0,35781000000.0,35458250000.0,7905000000.0,2133000000.0,0.0,2133000000.0,36539000000.0,7854000000.0,28685000000.0,53898302993.0,-381000000.0,-815000000.0,-2143000000.0,-443000000.0,-1045000000.0,-3569000000.0,-1173000000.0,180000000.0,4335000000.0,12000000.0,3459000000.0,3459000000.0,3459000000.0,-73000000.0,0.0,0.138,4772000000.0,5985000000.0,6652000000.0,0.299,1.81,15.582,15.798,3704000000.0,0.0,57.82,2.143,2.135,7033000000.0,-87207000000.0,25149000000.0,25149000000.0,0.0,0.051,0.116,0.173,0.244,188000000.0,4471000000.0,1.0,932174040.0,928600000,950800000.0,27.083,26252000000.0,459000000.0,1460000000.0,2546000000.0,28.271,4375000000.0
20,TWX,MRT,2013-03-31,2013-03-31,2013-03-31,2021-08-25,-1060000000.0,66947000000.0,67119000000.0,12624000000.0,54323000000.0,0.377,32.152,-561000000.0,2493000000.0,2493000000.0,14349000000.0,3100000000.0,1.545,1.232,19441000000.0,316000000.0,19125000000.0,19441000000.0,1450000000.0,767000000.0,0.0,0.019,1.067,5728000000.0,6495000000.0,0.257,6495000000.0,5728000000.0,4507000000.0,3.26,3.2,3.26,29991000000.0,29812000000.0,29991000000.0,70892626248.0,12.0,10.915,3194000000.0,3.424,1.0,10936000000.0,0.433,40084000000.0,1221000000.0,35641000000.0,35402500000.0,8239000000.0,1920000000.0,0.0,1920000000.0,36955000000.0,8170000000.0,28785000000.0,53862626248.0,-370000000.0,-663000000.0,-1958000000.0,-87000000.0,-1027000000.0,-3071000000.0,-1068000000.0,182000000.0,3755000000.0,0.0,3101000000.0,3101000000.0,3101000000.0,0.0,-1000000.0,0.123,5275000000.0,5661000000.0,6922000000.0,0.327,1.796,17.369,17.675,3769000000.0,0.0,57.62,2.13,2.126,7095000000.0,-87932000000.0,25285000000.0,25285000000.0,0.0,0.046,0.104,0.162,0.227,200000000.0,4858000000.0,1.0,934790459.0,932800000,956400000.0,27.107,26863000000.0,459000000.0,1406000000.0,2500000000.0,28.798,4454000000.0
21,TWX,MRT,2012-12-31,2012-12-31,2012-12-31,2021-08-25,-989000000.0,68089000000.0,67068250000.0,13264000000.0,54825000000.0,0.378,31.22,-609000000.0,2841000000.0,2841000000.0,14575000000.0,2922000000.0,1.354,1.285,19871000000.0,749000000.0,19122000000.0,19871000000.0,1534000000.0,765000000.0,0.0,0.022,1.04,5546000000.0,6311000000.0,0.249,6311000000.0,5546000000.0,4295000000.0,3.05,3.0,3.05,29796000000.0,29759250000.0,29796000000.0,61976195995.0,11.0,9.82,2833000000.0,2.968,1.0,10750000000.0,0.424,40196000000.0,1251000000.0,35124000000.0,35058750000.0,8711000000.0,1966000000.0,0.0,1966000000.0,38292000000.0,9799000000.0,28493000000.0,45288195995.0,-621000000.0,-660000000.0,-2165000000.0,342000000.0,-1011000000.0,-2831000000.0,-1246000000.0,49000000.0,3442000000.0,0.0,2925000000.0,2925000000.0,2925000000.0,0.0,-3000000.0,0.115,5252000000.0,5498000000.0,8039000000.0,0.341,1.52,15.483,15.682,3942000000.0,0.0,47.83,1.788,1.803,7385000000.0,-88732000000.0,25325000000.0,25325000000.0,0.0,0.044,0.098,0.158,0.219,195000000.0,4813000000.0,1.0,946857537.0,954400000,976300000.0,26.535,27893000000.0,474000000.0,1370000000.0,2127000000.0,29.226,3465000000.0
22,TWX,MRT,2012-09-30,2012-09-30,2012-09-30,2021-08-25,-820000000.0,67485000000.0,66996250000.0,12694000000.0,54791000000.0,0.429,31.586,-687000000.0,3188000000.0,3188000000.0,16230000000.0,2587000000.0,1.43,1.248,19876000000.0,754000000.0,19122000000.0,19876000000.0,1571000000.0,891000000.0,0.0,0.022,1.015,5294000000.0,6185000000.0,0.215,6185000000.0,5294000000.0,4036000000.0,2.66,2.61,2.66,30019000000.0,29799500000.0,30019000000.0,60427456892.0,11.0,9.77,2889000000.0,3.04,1.0,12528000000.0,0.436,40007000000.0,1258000000.0,35287000000.0,34993000000.0,8938000000.0,2029000000.0,0.0,2029000000.0,37466000000.0,8879000000.0,28587000000.0,43019456892.0,-57000000.0,-611000000.0,-2693000000.0,1330000000.0,-998000000.0,-2385000000.0,-1248000000.0,50000000.0,3576000000.0,0.0,2591000000.0,2591000000.0,2591000000.0,0.0,-4000000.0,0.09,6964000000.0,5564000000.0,7075000000.0,0.382,1.433,16.603,17.043,3906000000.0,0.0,45.335,1.496,1.498,6199000000.0,-89820000000.0,28758000000.0,28758000000.0,0.0,0.039,0.087,0.151,0.184,227000000.0,6356000000.0,1.0,948923721.0,950400000,973900000.0,30.259,27478000000.0,620000000.0,1445000000.0,2553000000.0,28.912,3815000000.0
23,TWX,MRT,2012-06-30,2012-06-30,2012-06-30,2021-08-25,-848000000.0,65955000000.0,66847500000.0,12090000000.0,53865000000.0,0.434,30.771,-718000000.0,2470000000.0,2470000000.0,16381000000.0,2587000000.0,1.517,1.24,19878000000.0,457000000.0,19421000000.0,19878000000.0,1528000000.0,897000000.0,0.0,0.026,0.99,5299000000.0,6196000000.0,0.214,6196000000.0,5299000000.0,4049000000.0,2.59,2.55,2.59,29442000000.0,30086250000.0,29442000000.0,53599763151.0,10.0,8.651,2597000000.0,2.714,1.0,12603000000.0,0.435,39833000000.0,1250000000.0,35558000000.0,34594750000.0,8206000000.0,1895000000.0,0.0,1895000000.0,36512000000.0,7972000000.0,28540000000.0,36956763151.0,-1050000000.0,-330000000.0,-3646000000.0,1321000000.0,-993000000.0,-3356000000.0,-1009000000.0,39000000.0,3315000000.0,0.0,2591000000.0,2591000000.0,2591000000.0,0.0,-4000000.0,0.089,7024000000.0,5579000000.0,6519000000.0,0.382,1.255,14.264,14.865,3911000000.0,0.0,38.5,1.275,1.271,6411000000.0,-90658000000.0,28984000000.0,28984000000.0,0.0,0.039,0.086,0.153,0.183,225000000.0,6408000000.0,1.0,959915926.0,956800000,974200000.0,30.293,26122000000.0,645000000.0,1458000000.0,2466000000.0,27.301,4118000000.0
24,TWX,MRT,2012-03-31,2012-03-31,2012-03-31,2021-08-25,-793000000.0,66744000000.0,67015750000.0,12291000000.0,54453000000.0,0.437,30.755,-753000000.0,2877000000.0,2877000000.0,16560000000.0,2812000000.0,1.343,1.241,19520000000.0,1095000000.0,18425000000.0,19520000000.0,1556000000.0,906000000.0,0.0,0.026,0.965,5564000000.0,6470000000.0,0.221,6470000000.0,5564000000.0,4308000000.0,2.76,2.72,2.76,29780000000.0,30654750000.0,29780000000.0,52651837482.0,9.0,8.138,2270000000.0,2.344,1.0,12710000000.0,0.434,39972000000.0,1256000000.0,34266000000.0,34160000000.0,8593000000.0,1894000000.0,0.0,1894000000.0,36963000000.0,9149000000.0,27814000000.0,36603837482.0,-152000000.0,-264000000.0,-4106000000.0,2941000000.0,-993000000.0,-2209000000.0,-966000000.0,51000000.0,3023000000.0,0.0,2816000000.0,2816000000.0,2816000000.0,0.0,-4000000.0,0.096,6928000000.0,5782000000.0,7031000000.0,0.35,1.229,12.999,13.678,3937000000.0,0.0,37.75,1.251,1.249,6312000000.0,-91088000000.0,29270000000.0,29270000000.0,0.0,0.042,0.092,0.163,0.19,224000000.0,6423000000.0,1.0,969638079.0,968300000,990100000.0,30.228,26772000000.0,649000000.0,1492000000.0,2536000000.0,27.648,3142000000.0
25,TWX,MRT,2011-12-31,2011-12-31,2011-12-31,2021-08-25,-852000000.0,67801000000.0,66765250000.0,13432000000.0,54369000000.0,0.434,28.634,-772000000.0,3476000000.0,3476000000.0,16311000000.0,2882000000.0,1.505,1.263,19524000000.0,23000000.0,19501000000.0,19524000000.0,1633000000.0,922000000.0,0.0,0.026,0.94,5573000000.0,6495000000.0,0.224,6495000000.0,5573000000.0,4363000000.0,2.74,2.71,2.74,29957000000.0,31269000000.0,29957000000.0,51459932870.0,9.0,7.923,2660000000.0,2.543,1.0,12663000000.0,0.437,40066000000.0,1210000000.0,34861000000.0,33309000000.0,8484000000.0,1820000000.0,0.0,1820000000.0,37847000000.0,8922000000.0,28925000000.0,36171932870.0,-187000000.0,-365000000.0,-4407000000.0,2945000000.0,-997000000.0,-2533000000.0,-1086000000.0,51000000.0,3432000000.0,0.0,2886000000.0,2886000000.0,2886000000.0,0.0,-4000000.0,0.1,6858000000.0,5805000000.0,7815000000.0,0.343,1.207,12.534,13.19,3963000000.0,0.0,36.14,1.248,1.305,6922000000.0,-91671000000.0,28974000000.0,28974000000.0,0.0,0.043,0.092,0.167,0.192,225000000.0,6439000000.0,1.0,1000883588.0,1046200000,1064500000.0,27.695,27735000000.0,663000000.0,1477000000.0,2541000000.0,26.51,4510000000.0
26,TWX,MRT,2011-09-30,2011-09-30,2011-09-30,2021-08-25,-486000000.0,66890000000.0,66491750000.0,12082000000.0,54808000000.0,0.43,30.071,-805000000.0,3245000000.0,3245000000.0,16121000000.0,2876000000.0,1.466,1.146,18533000000.0,22000000.0,18511000000.0,18533000000.0,1265000000.0,937000000.0,0.0,0.031,0.917,5559000000.0,6496000000.0,0.227,6496000000.0,5559000000.0,4378000000.0,2.67,2.64,2.67,31166000000.0,32014750000.0,31166000000.0,46332966390.0,8.0,7.133,2334000000.0,2.252,1.0,12472000000.0,0.436,40241000000.0,1181000000.0,33694000000.0,32207250000.0,8803000000.0,1925000000.0,0.0,1925000000.0,35727000000.0,8243000000.0,27484000000.0,31311966390.0,-764000000.0,-668000000.0,-3373000000.0,1926000000.0,-999000000.0,-2509000000.0,-1394000000.0,79000000.0,3139000000.0,0.0,2882000000.0,2882000000.0,2882000000.0,0.0,-6000000.0,0.101,6916000000.0,5556000000.0,7242000000.0,0.343,1.005,10.865,11.225,3921000000.0,0.0,29.97,1.095,1.086,5742000000.0,-92444000000.0,28593000000.0,28593000000.0,0.0,0.043,0.09,0.173,0.194,221000000.0,6492000000.0,1.0,1044776990.0,1036400000,1053300000.0,27.589,26649000000.0,475000000.0,1496000000.0,2444000000.0,25.713,3839000000.0
27,TWX,MRT,2011-06-30,2011-06-30,2011-06-30,2021-08-25,-479000000.0,66628000000.0,66074250000.0,12439000000.0,54189000000.0,0.422,29.769,-762000000.0,3520000000.0,3520000000.0,15842000000.0,2574000000.0,1.652,1.101,18541000000.0,29000000.0,18512000000.0,18541000000.0,1166000000.0,931000000.0,0.0,0.025,0.895,5038000000.0,5969000000.0,0.214,5969000000.0,5038000000.0,3868000000.0,2.34,2.32,2.34,31716000000.0,32475500000.0,31716000000.0,52479748022.0,10.0,8.792,2031000000.0,1.906,1.0,12060000000.0,0.432,40302000000.0,1170000000.0,33819000000.0,31254750000.0,8184000000.0,1998000000.0,0.0,1998000000.0,34915000000.0,7528000000.0,27387000000.0,38945748022.0,-718000000.0,-695000000.0,-2763000000.0,2004000000.0,-993000000.0,-2131000000.0,-1380000000.0,77000000.0,2793000000.0,0.0,2582000000.0,2582000000.0,2582000000.0,0.0,-8000000.0,0.093,6753000000.0,5307000000.0,6625000000.0,0.382,1.228,15.084,15.543,3914000000.0,0.0,36.37,1.396,1.389,5902000000.0,-93266000000.0,27902000000.0,27902000000.0,0.0,0.039,0.08,0.161,0.181,218000000.0,6338000000.0,1.0,1070820677.0,1065400000,1083900000.0,26.189,26326000000.0,558000000.0,1286000000.0,2502000000.0,24.71,4911000000.0
28,TWX,MRT,2011-03-31,2011-03-31,2011-03-31,2021-08-25,-539000000.0,65742000000.0,65674750000.0,11903000000.0,53839000000.0,0.415,29.554,-694000000.0,3029000000.0,3029000000.0,15397000000.0,2497000000.0,1.461,1.039,16563000000.0,28000000.0,16535000000.0,16563000000.0,1228000000.0,937000000.0,0.0,0.024,0.873,4952000000.0,5889000000.0,0.216,5889000000.0,4952000000.0,3796000000.0,2.23,2.22,2.23,32237000000.0,32822750000.0,32237000000.0,51900140313.0,10.0,8.813,2088000000.0,1.914,1.0,11852000000.0,0.435,40265000000.0,1156000000.0,30862000000.0,30206250000.0,8048000000.0,1983000000.0,0.0,1983000000.0,33501000000.0,8149000000.0,25352000000.0,39014140313.0,-2138000000.0,-620000000.0,-2264000000.0,-101000000.0,-984000000.0,-3712000000.0,-1208000000.0,106000000.0,2782000000.0,0.0,2506000000.0,2506000000.0,2506000000.0,0.0,-9000000.0,0.092,6617000000.0,5235000000.0,7198000000.0,0.391,1.21,15.568,16.009,3891000000.0,0.0,35.7,1.432,1.429,5854000000.0,-93904000000.0,27249000000.0,27249000000.0,0.0,0.038,0.076,0.164,0.182,211000000.0,6229000000.0,1.0,1092833062.0,1090800000,1110100000.0,24.981,25477000000.0,571000000.0,1290000000.0,2374000000.0,23.356,3754000000.0
29,TWX,MRT,2010-12-31,2010-12-31,2010-12-31,2021-08-25,-632000000.0,66707000000.0,65755750000.0,13321000000.0,53386000000.0,0.409,29.192,-631000000.0,3663000000.0,3663000000.0,15023000000.0,2571000000.0,1.509,1.025,16549000000.0,26000000.0,16523000000.0,16549000000.0,1287000000.0,938000000.0,0.0,0.026,0.85,5104000000.0,6042000000.0,0.225,6042000000.0,5104000000.0,3926000000.0,2.27,2.25,2.27,32940000000.0,33091250000.0,32940000000.0,48234083879.0,9.0,7.983,2659000000.0,2.356,1.0,11865000000.0,0.441,40313000000.0,1178000000.0,30454000000.0,29718250000.0,7905000000.0,1796000000.0,0.0,1796000000.0,33762000000.0,8826000000.0,24936000000.0,35686083879.0,-1070000000.0,-934000000.0,-1895000000.0,319000000.0,-971000000.0,-2924000000.0,-1436000000.0,129000000.0,3290000000.0,0.0,2578000000.0,2578000000.0,2578000000.0,0.0,-7000000.0,0.096,6437000000.0,5428000000.0,7809000000.0,0.374,1.083,13.843,14.172,3874000000.0,0.0,32.17,1.327,1.35,6596000000.0,-94557000000.0,26888000000.0,26888000000.0,0.0,0.039,0.078,0.172,0.19,199000000.0,6126000000.0,1.0,1109296981.0,1128400000,1145300000.0,23.828,26394000000.0,581000000.0,1348000000.0,1950000000.0,23.391,4495000000.0
30,TWX,MRT,2010-09-30,2010-09-30,2010-09-30,2021-08-25,-620000000.0,65220000000.0,65593750000.0,12334000000.0,52886000000.0,0.401,29.446,-533000000.0,4009000000.0,4009000000.0,14605000000.0,2437000000.0,1.585,0.976,16557000000.0,34000000.0,16523000000.0,16557000000.0,1109000000.0,925000000.0,0.0,0.027,0.825,4826000000.0,5751000000.0,0.219,5751000000.0,4826000000.0,3674000000.0,2.12,2.1,2.12,33009000000.0,33205250000.0,33009000000.0,46739215006.0,10.0,8.127,2427000000.0,2.165,1.0,11681000000.0,0.444,40101000000.0,1152000000.0,29884000000.0,29107750000.0,7883000000.0,1656000000.0,0.0,1656000000.0,32206000000.0,7783000000.0,24423000000.0,34457215006.0,-2964000000.0,-637000000.0,-1880000000.0,-1614000000.0,-954000000.0,-4833000000.0,-1082000000.0,110000000.0,2960000000.0,-9000000.0,2440000000.0,2440000000.0,2440000000.0,-21000000.0,-3000000.0,0.093,6472000000.0,5209000000.0,6934000000.0,0.389,1.044,14.122,14.458,3760000000.0,0.0,30.65,1.311,1.307,5309000000.0,-95326000000.0,26286000000.0,26286000000.0,0.0,0.037,0.073,0.166,0.184,198000000.0,6071000000.0,1.0,1124215824.0,1121000000,1138000000.0,23.449,25119000000.0,541000000.0,1234000000.0,1659000000.0,22.408,4551000000.0
31,TWX,MRT,2010-06-30,2010-06-30,2010-06-30,2021-08-25,-732000000.0,65030000000.0,67105250000.0,12631000000.0,52399000000.0,0.39,29.129,-523000000.0,4238000000.0,4238000000.0,14495000000.0,2580000000.0,1.658,0.964,16520000000.0,34000000.0,16486000000.0,16520000000.0,1077000000.0,943000000.0,0.0,0.028,0.8,5065000000.0,6008000000.0,0.23,6008000000.0,5065000000.0,3913000000.0,2.22,2.19,2.22,33105000000.0,33988500000.0,33105000000.0,44429159147.0,9.0,7.395,2825000000.0,2.486,1.0,11676000000.0,0.446,40068000000.0,1152000000.0,29625000000.0,28440500000.0,7443000000.0,1679000000.0,0.0,1679000000.0,31919000000.0,7619000000.0,24300000000.0,32949159147.0,-2620000000.0,-943000000.0,-1886000000.0,-1654000000.0,-936000000.0,-4549000000.0,-1408000000.0,116000000.0,3348000000.0,-11000000.0,2580000000.0,2580000000.0,2580000000.0,-102000000.0,0.0,0.099,6574000000.0,5102000000.0,6778000000.0,0.36,0.995,12.771,13.023,3784000000.0,0.0,28.91,1.259,1.255,5328000000.0,-95848000000.0,26171000000.0,26171000000.0,0.0,0.038,0.076,0.178,0.194,201000000.0,6113000000.0,1.0,1139714948.0,1136500000,1153800000.0,23.028,24962000000.0,635000000.0,1333000000.0,1621000000.0,21.964,5012000000.0
32,TWX,MRT,2010-03-31,2010-03-31,2010-03-31,2021-08-25,-717000000.0,66066000000.0,68577750000.0,13393000000.0,52673000000.0,0.375,28.971,-535000000.0,5167000000.0,5167000000.0,14230000000.0,2549000000.0,1.59,0.983,16647000000.0,260000000.0,16387000000.0,16647000000.0,1152000000.0,938000000.0,0.0,0.025,0.775,5006000000.0,5944000000.0,0.231,5944000000.0,5006000000.0,3857000000.0,2.17,2.13,2.17,33311000000.0,34758500000.0,33311000000.0,46583752764.0,9.0,7.837,3391000000.0,2.949,1.0,11484000000.0,0.447,40213000000.0,1149000000.0,28910000000.0,27795500000.0,7697000000.0,1743000000.0,0.0,1743000000.0,32751000000.0,8423000000.0,24328000000.0,35967752764.0,-1769000000.0,-1177000000.0,-1574000000.0,-1495000000.0,-919000000.0,-4123000000.0,-1605000000.0,208000000.0,3926000000.0,33000000.0,2542000000.0,2542000000.0,2542000000.0,-202000000.0,7000000.0,0.099,6575000000.0,4909000000.0,7291000000.0,0.357,1.08,14.149,14.41,3815000000.0,0.0,31.27,1.399,1.398,5143000000.0,-96410000000.0,25714000000.0,25714000000.0,0.0,0.037,0.073,0.18,0.195,200000000.0,6060000000.0,1.0,1150231940.0,1149800000,1165400000.0,22.364,25853000000.0,651000000.0,1315000000.0,1633000000.0,22.485,4970000000.0
33,TWX,MRT,2009-12-31,2009-12-31,2009-12-31,2021-08-25,-580000000.0,66059000000.0,69768500000.0,13692000000.0,52367000000.0,0.364,28.206,-547000000.0,4733000000.0,4733000000.0,14235000000.0,2512000000.0,1.445,0.978,16208000000.0,862000000.0,15346000000.0,16208000000.0,1050000000.0,948000000.0,0.0,0.026,0.75,4796000000.0,5744000000.0,0.226,5744000000.0,4796000000.0,3630000000.0,2.08,2.07,2.08,33396000000.0,35377250000.0,33396000000.0,44397221492.0,9.0,7.729,4163000000.0,3.516,1.0,11153000000.0,0.439,40049000000.0,1166000000.0,28012000000.0,27252250000.0,7523000000.0,2347000000.0,805000000.0,1542000000.0,32662000000.0,9473000000.0,23189000000.0,34023221492.0,3651000000.0,8508000000.0,-1102000000.0,-6485000000.0,-897000000.0,-13795000000.0,7425000000.0,227000000.0,4710000000.0,5311000000.0,2477000000.0,2477000000.0,2477000000.0,-428000000.0,35000000.0,0.098,6683000000.0,4470000000.0,7807000000.0,0.361,1.019,13.736,14.01,3922000000.0,0.0,29.14,1.34,1.359,5070000000.0,-97135000000.0,25388000000.0,25388000000.0,0.0,0.036,0.07,0.176,0.189,175000000.0,6073000000.0,1.0,1167577951.0,1184000000,1195100000.0,21.443,26010000000.0,670000000.0,1153000000.0,1607000000.0,21.968,4219000000.0
34,TWX,MRT,2009-09-30,2009-09-30,2009-09-30,2021-08-25,-1047000000.0,71266000000.0,81768500000.0,15252000000.0,56014000000.0,0.27,30.631,-477000000.0,7126000000.0,7126000000.0,12410000000.0,-15558000000.0,1.368,0.962,17500000000.0,2090000000.0,15410000000.0,17500000000.0,1239000000.0,602000000.0,0.0,0.026,0.75,-12520000000.0,-11918000000.0,-0.539,-11918000000.0,-12520000000.0,-13790000000.0,-11.87,-11.88,-11.87,36142000000.0,37600250000.0,36142000000.0,44610924498.0,-4.0,-3.743,6034000000.0,5.114,1.0,9684000000.0,0.438,43279000000.0,1270000000.0,27215000000.0,40131000000.0,7550000000.0,1174000000.0,0.0,1174000000.0,34778000000.0,11146000000.0,23632000000.0,34121924498.0,5860000000.0,9526000000.0,-644000000.0,-4976000000.0,-902000000.0,-9923000000.0,6294000000.0,105000000.0,6511000000.0,2978000000.0,-14182000000.0,-14182000000.0,-14182000000.0,-181000000.0,-1376000000.0,-0.642,13529000000.0,-3845000000.0,8084000000.0,-0.063,0.944,-2.406,-2.425,4691000000.0,0.0,28.78,1.544,1.537,4833000000.0,-97775000000.0,22094000000.0,22094000000.0,0.0,-0.173,-0.377,-0.312,-0.567,165000000.0,5864000000.0,1.0,1185612387.0,1179900000,1193300000.0,18.725,27987000000.0,704000000.0,392000000.0,1447000000.0,23.72,4106000000.0
35,TWX,MRT,2009-06-30,2009-06-30,2009-06-30,2021-08-25,-1101000000.0,70920000000.0,98134000000.0,15243000000.0,55677000000.0,0.239,30.275,-571000000.0,7009000000.0,7009000000.0,13094000000.0,-15097000000.0,1.389,0.95,17498000000.0,2087000000.0,15411000000.0,17498000000.0,1200000000.0,746000000.0,0.0,0.03,0.75,-11926000000.0,-11180000000.0,-0.478,-11180000000.0,-11926000000.0,-13218000000.0,-11.54,-11.54,-11.54,36185000000.0,43548750000.0,36185000000.0,40505639357.0,-3.0,-3.623,7784000000.0,6.513,1.0,10317000000.0,0.441,43390000000.0,1292000000.0,27045000000.0,49283500000.0,6948000000.0,1177000000.0,0.0,1177000000.0,34375000000.0,10974000000.0,23401000000.0,30138639357.0,5673000000.0,9393000000.0,-103000000.0,-6045000000.0,-904000000.0,-11163000000.0,4742000000.0,116000000.0,8355000000.0,3739000000.0,-13777000000.0,-13777000000.0,-13777000000.0,-100000000.0,-1320000000.0,-0.588,13854000000.0,-3537000000.0,7952000000.0,-0.065,0.833,-2.188,-2.183,4739000000.0,0.0,25.19,1.287,1.286,4847000000.0,-98599000000.0,23411000000.0,23411000000.0,0.0,-0.14,-0.316,-0.242,-0.509,174000000.0,6139000000.0,1.0,1196452535.0,1195200000,1205400000.0,19.588,27530000000.0,802000000.0,559000000.0,1251000000.0,23.034,4269000000.0
36,TWX,MRT,2009-03-31,2009-03-31,2009-03-31,2021-08-25,-1392000000.0,70829000000.0,114669000000.0,15287000000.0,55542000000.0,0.218,29.919,-637000000.0,7115000000.0,7115000000.0,14102000000.0,-14783000000.0,1.404,0.961,17482000000.0,2080000000.0,15402000000.0,17482000000.0,1239000000.0,891000000.0,0.0,0.039,0.75,-11608000000.0,-10717000000.0,-0.429,-10717000000.0,-11608000000.0,-12934000000.0,-11.32,-11.31,-11.32,35786000000.0,49346000000.0,35786000000.0,56082485323.0,-5.0,-5.233,9244000000.0,7.728,1.0,10858000000.0,0.435,43572000000.0,1326000000.0,26737000000.0,58850250000.0,7104000000.0,944000000.0,0.0,944000000.0,34401000000.0,10887000000.0,23514000000.0,23081485323.0,5711000000.0,8735000000.0,100000000.0,-5753000000.0,-903000000.0,-7448000000.0,3206000000.0,142000000.0,9881000000.0,72000000.0,-13509000000.0,-13509000000.0,-13509000000.0,0.0,-1274000000.0,-0.541,14189000000.0,-3331000000.0,7789000000.0,-0.066,0.645,-1.709,-1.705,4769000000.0,0.0,19.3,0.925,0.925,4674000000.0,-99118000000.0,24960000000.0,24960000000.0,0.0,-0.118,-0.274,-0.197,-0.465,182000000.0,6447000000.0,1.0,1195931882.0,1196100000,1200300000.0,20.868,27257000000.0,723000000.0,575000000.0,1127000000.0,22.788,4400000000.0
37,TWX,MRT,2008-12-31,2008-12-31,2008-12-31,2021-08-25,-1676000000.0,114059000000.0,130157750000.0,16622000000.0,97437000000.0,0.203,35.411,-682000000.0,1099000000.0,1099000000.0,14911000000.0,-14649000000.0,1.176,1.617,21896000000.0,2041000000.0,19855000000.0,21896000000.0,1138000000.0,1014000000.0,0.0,0.025,0.75,-11345000000.0,-10331000000.0,-0.391,-10331000000.0,-11345000000.0,-12705000000.0,-11.22,-11.22,-11.22,42288000000.0,55077500000.0,42288000000.0,69726608705.0,-6.0,-6.749,9878000000.0,8.272,1.0,11523000000.0,0.436,41190000000.0,1360000000.0,79527000000.0,67623500000.0,7181000000.0,1027000000.0,0.0,1027000000.0,68389000000.0,14139000000.0,54250000000.0,36089608705.0,-51000000.0,-729000000.0,-198000000.0,-1796000000.0,-901000000.0,1088000000.0,-6499000000.0,125000000.0,10560000000.0,-5200000000.0,-13398000000.0,-13398000000.0,-13398000000.0,0.0,-1251000000.0,-0.507,14567000000.0,-3044000000.0,7779000000.0,-0.067,0.853,-2.694,-2.69,4105000000.0,0.0,30.18,1.365,1.363,5171000000.0,-99780000000.0,26434000000.0,26434000000.0,0.0,-0.103,-0.243,-0.168,-0.429,192000000.0,6678000000.0,1.0,1195812084.0,1194200000,1194200000.0,22.135,72869000000.0,565000000.0,693000000.0,1161000000.0,61.019,2483000000.0
38,TWX,MRT,2008-09-30,2008-09-30,2008-09-30,2021-08-25,-249000000.0,136728000000.0,135100500000.0,14692000000.0,122036000000.0,0.11,50.164,1828000000.0,4355000000.0,4355000000.0,8131000000.0,4060000000.0,1.227,1.281,37992000000.0,125000000.0,37867000000.0,37992000000.0,1522000000.0,-1217000000.0,0.0,0.019,0.75,4578000000.0,3361000000.0,0.226,3361000000.0,4578000000.0,3881000000.0,3.07,3.05,3.07,59936000000.0,59139500000.0,59936000000.0,81520795227.0,18.0,24.255,12240000000.0,10.244,1.0,6758000000.0,0.454,94570000000.0,697000000.0,63825000000.0,63520500000.0,7437000000.0,1907000000.0,0.0,1907000000.0,76792000000.0,11970000000.0,64822000000.0,46970795227.0,-298000000.0,-1564000000.0,-687000000.0,-456000000.0,-901000000.0,-870000000.0,-7061000000.0,-941000000.0,10412000000.0,-2779000000.0,3661000000.0,3661000000.0,3661000000.0,324000000.0,399000000.0,0.246,5131000000.0,1627000000.0,5289000000.0,0.244,0.784,12.83,12.811,18270000000.0,0.0,39.33,3.155,3.156,5894000000.0,-86637000000.0,14889000000.0,14889000000.0,0.0,0.027,0.062,0.072,0.307,132000000.0,4215000000.0,1.0,1194273970.0,1194800000,1202100000.0,12.461,42158000000.0,759000000.0,220000000.0,14884000000.0,35.285,2722000000.0
39,TWX,MRT,2008-06-30,2008-06-30,2008-06-30,2021-08-25,93000000.0,137060000000.0,133745250000.0,14851000000.0,122209000000.0,0.142,49.756,930000000.0,5185000000.0,5185000000.0,10989000000.0,4022000000.0,1.296,1.308,39735000000.0,128000000.0,39607000000.0,39735000000.0,1751000000.0,-491000000.0,0.0,0.017,0.75,4933000000.0,4442000000.0,0.234,4442000000.0,4933000000.0,3968000000.0,3.08,3.03,3.08,59374000000.0,58692000000.0,59374000000.0,87517369944.0,18.0,19.702,11216000000.0,9.399,1.0,7997000000.0,0.421,94836000000.0,965000000.0,65312000000.0,63121000000.0,7253000000.0,1940000000.0,0.0,1940000000.0,77686000000.0,11462000000.0,66224000000.0,52959369944.0,757000000.0,-1446000000.0,-2721000000.0,1824000000.0,-904000000.0,110000000.0,-6101000000.0,-573000000.0,10286000000.0,-3538000000.0,3680000000.0,3680000000.0,3680000000.0,138000000.0,342000000.0,0.194,5788000000.0,2209000000.0,5107000000.0,0.244,0.892,14.391,14.416,18212000000.0,0.0,44.4,2.789,2.791,6148000000.0,-87479000000.0,18986000000.0,18986000000.0,0.0,0.028,0.063,0.078,0.26,142000000.0,4896000000.0,1.0,1192778602.0,1193300000,1201100000.0,15.911,42224000000.0,732000000.0,288000000.0,14361000000.0,35.384,3389000000.0
40,TWX,MRT,2008-03-31,2008-03-31,2008-03-31,2021-08-25,88000000.0,132784000000.0,131919250000.0,11411000000.0,121373000000.0,0.171,49.214,52000000.0,1603000000.0,1603000000.0,13064000000.0,4246000000.0,0.998,1.262,36161000000.0,116000000.0,36045000000.0,36161000000.0,1842000000.0,219000000.0,0.0,0.017,0.728,5570000000.0,5789000000.0,0.257,5789000000.0,5570000000.0,4362000000.0,3.26,3.21,3.26,58712000000.0,58652250000.0,58712000000.0,85754028425.0,15.0,14.813,9922000000.0,8.317,1.0,9433000000.0,0.419,94081000000.0,1208000000.0,61830000000.0,62105000000.0,7522000000.0,1921000000.0,0.0,1921000000.0,74072000000.0,11431000000.0,62641000000.0,50140028425.0,646000000.0,-792000000.0,-4161000000.0,2348000000.0,-884000000.0,-3941000000.0,-5368000000.0,-471000000.0,9870000000.0,85000000.0,3955000000.0,3955000000.0,3955000000.0,16000000.0,291000000.0,0.176,6495000000.0,2938000000.0,4891000000.0,0.223,0.854,12.678,12.902,18011000000.0,0.0,42.06,2.229,2.23,6173000000.0,-88042000000.0,22497000000.0,22497000000.0,0.0,0.03,0.067,0.09,0.248,183000000.0,5526000000.0,1.0,1192107190.0,1193000000,1200200000.0,18.858,38703000000.0,717000000.0,407000000.0,14063000000.0,32.442,-20000000.0
41,TWX,MRT,2007-12-31,2007-12-31,2007-12-31,2021-08-25,149000000.0,133830000000.0,131275750000.0,12451000000.0,121379000000.0,0.2,47.222,-716000000.0,1516000000.0,1516000000.0,15393000000.0,4627000000.0,1.021,1.286,37130000000.0,126000000.0,37004000000.0,37130000000.0,1700000000.0,932000000.0,0.0,0.014,0.705,6658000000.0,7590000000.0,0.29,7590000000.0,6658000000.0,5246000000.0,3.54,3.5,3.54,58536000000.0,58986250000.0,58536000000.0,94929978590.0,14.0,12.507,7757000000.0,6.258,1.0,10818000000.0,0.413,94136000000.0,1412000000.0,63115000000.0,61696250000.0,7409000000.0,1963000000.0,0.0,1963000000.0,75294000000.0,12193000000.0,63101000000.0,59676978590.0,46000000.0,-551000000.0,-5710000000.0,3014000000.0,-871000000.0,-4488000000.0,-4018000000.0,565000000.0,8473000000.0,79000000.0,4387000000.0,4387000000.0,4387000000.0,0.0,240000000.0,0.167,6651000000.0,4167000000.0,5270000000.0,0.199,1.019,13.603,13.992,18048000000.0,0.0,49.53,2.277,2.342,7296000000.0,-86366000000.0,26211000000.0,26211000000.0,0.0,0.033,0.074,0.108,0.254,195000000.0,6203000000.0,1.0,1204865306.0,1239600000,1254000000.0,21.145,39694000000.0,700000000.0,859000000.0,13951000000.0,32.022,258000000.0
42,TWX,MRT,2007-09-30,2007-09-30,2007-09-30,2021-08-25,56000000.0,131307000000.0,130998000000.0,10643000000.0,120664000000.0,0.353,47.483,-4508000000.0,1876000000.0,1876000000.0,27104000000.0,5109000000.0,0.976,1.258,37129000000.0,73000000.0,37056000000.0,37129000000.0,1772000000.0,4320000000.0,0.0,0.012,0.683,8931000000.0,13251000000.0,0.287,13251000000.0,8931000000.0,6657000000.0,3.99,3.93,3.99,58146000000.0,59449500000.0,58146000000.0,103473998637.0,12.0,7.809,3676000000.0,3.002,1.0,19077000000.0,0.413,93431000000.0,2274000000.0,62227000000.0,61185500000.0,7483000000.0,2051000000.0,0.0,2051000000.0,73161000000.0,10902000000.0,62259000000.0,68469998637.0,695000000.0,-1261000000.0,-7911000000.0,3762000000.0,-863000000.0,-4929000000.0,-2560000000.0,3231000000.0,8184000000.0,0.0,5109000000.0,5109000000.0,5109000000.0,-366000000.0,0.0,0.111,10386000000.0,8691000000.0,4430000000.0,0.171,1.178,13.402,13.805,17547000000.0,0.0,55.08,1.483,1.461,5869000000.0,-89384000000.0,46181000000.0,46181000000.0,0.0,0.039,0.086,0.146,0.193,281000000.0,10017000000.0,1.0,1243100919.0,1224567000,1238100000.0,37.712,37876000000.0,0.0,1548000000.0,12671000000.0,30.93,-259000000.0
43,TWX,MRT,2007-06-30,2007-06-30,2007-06-30,2021-08-25,11000000.0,129756000000.0,130816500000.0,9456000000.0,120300000000.0,0.346,47.288,-4392000000.0,895000000.0,895000000.0,26298000000.0,6345000000.0,0.923,1.191,35899000000.0,76000000.0,35823000000.0,35899000000.0,1708000000.0,4156000000.0,0.0,0.01,0.66,9945000000.0,14101000000.0,0.312,14101000000.0,9945000000.0,7781000000.0,4.8,4.77,4.8,59215000000.0,60358000000.0,59215000000.0,113233001294.0,11.0,8.03,3168000000.0,2.53,1.0,18957000000.0,0.419,93264000000.0,2164000000.0,61248000000.0,60136000000.0,7440000000.0,2091000000.0,0.0,2091000000.0,70541000000.0,10248000000.0,60293000000.0,79251001294.0,-354000000.0,-12233000000.0,-7216000000.0,12387000000.0,-858000000.0,5030000000.0,-12944000000.0,3703000000.0,7560000000.0,0.0,6345000000.0,6345000000.0,6345000000.0,-1155000000.0,0.0,0.14,10749000000.0,8208000000.0,4235000000.0,0.138,1.338,12.49,13.15,17390000000.0,0.0,63.12,1.751,1.747,5649000000.0,-90242000000.0,45255000000.0,45255000000.0,0.0,0.049,0.105,0.165,0.22,275000000.0,10093000000.0,1.0,1255560857.0,1252233000,1269033000.0,36.139,36492000000.0,0.0,1436000000.0,12486000000.0,29.142,-792000000.0
44,TWX,MRT,2007-03-31,2007-03-31,2007-03-31,2021-08-25,-33000000.0,130210000000.0,128280000000.0,9680000000.0,120530000000.0,0.348,46.919,-4274000000.0,1059000000.0,1059000000.0,25695000000.0,6292000000.0,0.888,1.168,35041000000.0,61000000.0,34980000000.0,35041000000.0,1915000000.0,3850000000.0,0.0,0.011,0.645,9725000000.0,13575000000.0,0.304,13575000000.0,9725000000.0,7799000000.0,4.68,4.65,4.68,60048000000.0,60375750000.0,60048000000.0,108662077079.0,11.0,8.005,3376000000.0,2.638,1.0,18941000000.0,0.424,93100000000.0,1926000000.0,60195000000.0,56368250000.0,7347000000.0,2143000000.0,0.0,2143000000.0,70162000000.0,10897000000.0,59265000000.0,75243077079.0,-1344000000.0,-12895000000.0,-11115000000.0,14895000000.0,-862000000.0,3315000000.0,-12309000000.0,4856000000.0,7650000000.0,0.0,6292000000.0,6292000000.0,6292000000.0,-1215000000.0,0.0,0.141,10938000000.0,8003000000.0,4257000000.0,0.138,1.253,11.959,12.641,17215000000.0,0.0,59.16,1.686,1.696,5612000000.0,-91103000000.0,44636000000.0,44636000000.0,0.0,0.049,0.104,0.173,0.218,242000000.0,10251000000.0,1.0,1271857287.0,1279833000,1297533000.0,34.876,37110000000.0,0.0,1507000000.0,12254000000.0,28.996,-1217000000.0
45,TWX,MRT,2006-12-31,2006-12-31,2006-12-31,2021-08-25,-136000000.0,132719000000.0,125663500000.0,11901000000.0,120818000000.0,0.348,43.315,-4141000000.0,1549000000.0,1549000000.0,24876000000.0,6552000000.0,0.931,1.198,34997000000.0,64000000.0,34933000000.0,34997000000.0,1962000000.0,3550000000.0,0.0,0.01,0.63,9534000000.0,13084000000.0,0.299,13084000000.0,9534000000.0,7860000000.0,4.71,4.65,4.71,60389000000.0,60979500000.0,60389000000.0,118645635214.0,12.0,9.068,4457000000.0,3.197,1.0,18814000000.0,0.431,92315000000.0,1674000000.0,61072000000.0,51919750000.0,7301000000.0,3426000000.0,0.0,3426000000.0,72330000000.0,12780000000.0,59550000000.0,86522635214.0,-2671000000.0,-12936000000.0,-12962000000.0,14595000000.0,-876000000.0,1203000000.0,-12472000000.0,4601000000.0,8598000000.0,0.0,6552000000.0,6552000000.0,6552000000.0,-1454000000.0,0.0,0.15,11511000000.0,7303000000.0,4621000000.0,0.134,1.433,13.206,13.873,16718000000.0,0.0,65.34,1.98,2.085,6064000000.0,-92466000000.0,43690000000.0,43690000000.0,0.0,0.052,0.107,0.184,0.218,263000000.0,10397000000.0,1.0,1324190928.0,1394167000,1408267000.0,31.338,40404000000.0,1050000000.0,1308000000.0,14164000000.0,28.981,-879000000.0
46,TWX,MRT,2006-09-30,2006-09-30,2006-09-30,2021-08-25,170000000.0,130581000000.0,123169750000.0,10149000000.0,120432000000.0,0.343,45.777,-3720000000.0,1233000000.0,1233000000.0,23936000000.0,6103000000.0,0.873,1.114,33356000000.0,101000000.0,33255000000.0,33356000000.0,2178000000.0,3278000000.0,0.0,0.011,0.615,9439000000.0,12717000000.0,0.301,12717000000.0,9439000000.0,8013000000.0,4.26,4.23,4.26,61780000000.0,62158500000.0,61780000000.0,94603750327.0,10.0,7.439,2210000000.0,1.638,1.0,18370000000.0,0.434,93046000000.0,1426000000.0,58029000000.0,47987750000.0,6689000000.0,3554000000.0,0.0,3554000000.0,68801000000.0,11629000000.0,57172000000.0,72451750327.0,-6781000000.0,-12472000000.0,-11905000000.0,12853000000.0,-889000000.0,421000000.0,-13132000000.0,3141000000.0,5930000000.0,0.0,6103000000.0,6103000000.0,6103000000.0,-1485000000.0,0.0,0.144,11187000000.0,7183000000.0,4221000000.0,0.144,1.173,11.871,12.838,16016000000.0,0.0,54.69,1.713,1.745,5762000000.0,-94001000000.0,42306000000.0,42306000000.0,0.0,0.05,0.098,0.197,0.223,282000000.0,10235000000.0,1.0,1324771445.0,1349600000,1361467000.0,31.347,37535000000.0,0.0,1910000000.0,13424000000.0,27.812,-1480000000.0
47,TWX,MRT,2006-06-30,2006-06-30,2006-06-30,2021-08-25,151000000.0,119610000000.0,121675000000.0,10076000000.0,109534000000.0,0.344,42.068,-3534000000.0,1317000000.0,1317000000.0,23690000000.0,4634000000.0,0.907,1.018,23469000000.0,73000000.0,23396000000.0,23469000000.0,2201000000.0,3064000000.0,0.0,0.012,0.6,7816000000.0,10880000000.0,0.26,10880000000.0,7816000000.0,6587000000.0,3.09,3.06,3.09,59286000000.0,62560000000.0,59286000000.0,91900594292.0,12.0,8.447,2068000000.0,1.467,1.0,18110000000.0,0.433,84470000000.0,1229000000.0,46177000000.0,42818000000.0,6384000000.0,3223000000.0,0.0,3223000000.0,60324000000.0,11115000000.0,49209000000.0,74080594292.0,-6348000000.0,-1356000000.0,-10986000000.0,2898000000.0,-901000000.0,-9317000000.0,-2633000000.0,2338000000.0,5602000000.0,0.0,4634000000.0,4634000000.0,4634000000.0,-536000000.0,0.0,0.111,10925000000.0,7185000000.0,4359000000.0,0.194,1.25,15.986,16.796,14119000000.0,0.0,51.9,1.772,1.75,5600000000.0,-96009000000.0,41800000000.0,41800000000.0,0.0,0.038,0.074,0.183,0.187,304000000.0,10276000000.0,1.0,1427371759.0,1409300000,1422067000.0,29.66,35140000000.0,0.0,1953000000.0,13916000000.0,24.934,-1039000000.0
48,TWX,MRT,2006-03-31,2006-03-31,2006-03-31,2021-08-25,-18000000.0,119744000000.0,122419250000.0,10822000000.0,108922000000.0,0.343,41.647,-3376000000.0,2295000000.0,2295000000.0,24041000000.0,3215000000.0,0.928,0.917,20115000000.0,84000000.0,20031000000.0,20115000000.0,2294000000.0,3088000000.0,0.0,0.009,0.45,5590000000.0,8678000000.0,0.207,8678000000.0,5590000000.0,4373000000.0,2.1,2.07,2.1,62463000000.0,63393500000.0,62463000000.0,90289114521.0,16.0,10.404,2016000000.0,1.344,1.0,17983000000.0,0.428,83506000000.0,1217000000.0,42401000000.0,40593750000.0,6764000000.0,3550000000.0,0.0,3550000000.0,57281000000.0,11657000000.0,45624000000.0,74179114521.0,-4627000000.0,-428000000.0,-5627000000.0,-2071000000.0,-691000000.0,-8289000000.0,-1730000000.0,2155000000.0,5392000000.0,0.0,3215000000.0,3215000000.0,3215000000.0,-370000000.0,0.0,0.077,13834000000.0,4149000000.0,4515000000.0,0.214,1.188,23.073,23.986,13927000000.0,0.0,50.37,1.765,1.798,5413000000.0,-96813000000.0,42024000000.0,42024000000.0,0.0,0.026,0.051,0.138,0.133,330000000.0,10289000000.0,1.0,1472684426.0,1499833000,1514300000.0,28.019,36238000000.0,0.0,1158000000.0,13741000000.0,24.161,-835000000.0
49,TWX,MRT,2005-12-31,2005-12-31,2005-12-31,2021-08-25,-64000000.0,122744000000.0,123272250000.0,14050000000.0,108694000000.0,0.339,42.019,-3246000000.0,4220000000.0,4220000000.0,24092000000.0,2671000000.0,1.121,0.885,20330000000.0,92000000.0,20238000000.0,20330000000.0,2144000000.0,3106000000.0,0.0,0.006,0.3,4956000000.0,8062000000.0,0.193,8062000000.0,4956000000.0,3692000000.0,1.71,1.71,1.71,65105000000.0,63605500000.0,65105000000.0,93591914371.0,19.0,11.609,1631000000.0,1.053,1.0,17743000000.0,0.424,80982000000.0,1264000000.0,45344000000.0,40462250000.0,6638000000.0,3495000000.0,0.0,3495000000.0,57639000000.0,12528000000.0,45111000000.0,81315914371.0,-1919000000.0,-599000000.0,-1834000000.0,-2107000000.0,-466000000.0,-4300000000.0,-2496000000.0,1430000000.0,4877000000.0,0.0,2671000000.0,2671000000.0,2671000000.0,-163000000.0,0.0,0.064,13830000000.0,3913000000.0,4532000000.0,0.175,1.249,30.444,30.596,12896000000.0,0.0,52.32,1.944,1.938,6523000000.0,-98142000000.0,41835000000.0,41835000000.0,0.0,0.022,0.042,0.122,0.118,356000000.0,10273000000.0,1.0,1554203256.0,1549400000,1570000000.0,27.001,41762000000.0,0.0,1021000000.0,12146000000.0,26.954,1522000000.0
50,TWX,MRT,2005-09-30,2005-09-30,2005-09-30,2021-08-25,99000000.0,124602000000.0,123373500000.0,16197000000.0,108405000000.0,0.334,40.603,-3262000000.0,8109000000.0,8109000000.0,23878000000.0,2238000000.0,1.013,0.966,20385000000.0,1646000000.0,18739000000.0,20385000000.0,2265000000.0,3018000000.0,0.0,0.003,0.15,4187000000.0,7205000000.0,0.175,7205000000.0,4187000000.0,2861000000.0,1.44,1.38,1.44,63386000000.0,62509000000.0,63386000000.0,97818352544.0,23.0,13.576,3421000000.0,2.191,1.0,17327000000.0,0.421,83545000000.0,1326000000.0,37350000000.0,39452500000.0,6693000000.0,3538000000.0,0.0,3538000000.0,61216000000.0,15983000000.0,45233000000.0,85011352544.0,1077000000.0,-609000000.0,-129000000.0,-3291000000.0,-235000000.0,-3494000000.0,-2112000000.0,1759000000.0,6683000000.0,0.0,2238000000.0,2238000000.0,2238000000.0,-168000000.0,0.0,0.054,14354000000.0,2973000000.0,4499000000.0,0.104,1.341,37.985,37.729,13345000000.0,0.0,54.33,2.063,2.058,5260000000.0,-94329000000.0,41205000000.0,41205000000.0,0.0,0.018,0.036,0.106,0.102,860000000.0,10626000000.0,1.0,1564722116.0,1561133000,1574533000.0,26.394,41057000000.0,0.0,623000000.0,14604000000.0,26.299,214000000.0
51,TWX,MRT,2005-06-30,2005-06-30,2005-06-30,2021-08-25,-370000000.0,122587000000.0,122762750000.0,15387000000.0,107200000000.0,0.333,40.114,-3131000000.0,7742000000.0,7742000000.0,23615000000.0,1884000000.0,1.027,0.958,20549000000.0,1188000000.0,19361000000.0,20549000000.0,2329000000.0,3083000000.0,0.0,0.0,0.0,3929000000.0,7012000000.0,0.171,7012000000.0,3929000000.0,2513000000.0,1.23,1.17,1.23,62620000000.0,61446250000.0,62620000000.0,93228009887.0,24.0,13.295,3549000000.0,2.273,1.0,17281000000.0,0.423,83132000000.0,1416000000.0,37280000000.0,40340250000.0,6092000000.0,3438000000.0,0.0,3438000000.0,59967000000.0,14982000000.0,44985000000.0,78298009887.0,1366000000.0,-922000000.0,287000000.0,-3816000000.0,0.0,-3331000000.0,-1983000000.0,2070000000.0,6680000000.0,0.0,1884000000.0,1884000000.0,1884000000.0,-147000000.0,0.0,0.046,14849000000.0,2432000000.0,4482000000.0,0.0,1.25,41.559,40.756,13200000000.0,0.0,50.13,1.915,1.914,5001000000.0,-94991000000.0,40896000000.0,40896000000.0,0.0,0.015,0.031,0.097,0.096,787000000.0,10640000000.0,1.0,1561899260.0,1561033000,1561033000.0,26.198,39455000000.0,0.0,629000000.0,14339000000.0,25.275,405000000.0
52,TWX,MRT,2005-03-31,2005-03-31,2005-03-31,2021-08-25,90000000.0,123156000000.0,122187000000.0,15646000000.0,107510000000.0,0.337,41.4,-3118000000.0,7162000000.0,7162000000.0,23792000000.0,3066000000.0,1.205,0.945,22092000000.0,1626000000.0,20466000000.0,22092000000.0,2453000000.0,3078000000.0,0.0,0.0,0.0,6004000000.0,9082000000.0,0.221,9082000000.0,6004000000.0,4529000000.0,2.01,1.95,2.01,63311000000.0,60320750000.0,63311000000.0,95053418575.0,16.0,10.466,3449000000.0,2.255,1.0,17379000000.0,0.422,83226000000.0,1475000000.0,41875000000.0,41338000000.0,6242000000.0,4621000000.0,918000000.0,3703000000.0,59845000000.0,12985000000.0,46860000000.0,78967418575.0,1117000000.0,-1021000000.0,280000000.0,-2578000000.0,0.0,-2195000000.0,-3255000000.0,884000000.0,6567000000.0,0.0,3066000000.0,3066000000.0,3066000000.0,-26000000.0,0.0,0.074,11804000000.0,5575000000.0,4729000000.0,0.0,1.247,25.756,26.194,13160000000.0,0.0,52.65,1.918,1.956,4494000000.0,-94670000000.0,41171000000.0,41171000000.0,0.0,0.025,0.051,0.145,0.146,708000000.0,10587000000.0,1.0,1499856003.0,1529267000,1574100000.0,26.922,39930000000.0,0.0,1463000000.0,15298000000.0,26.111,2661000000.0
53,TWX,MRT,2004-12-31,2004-12-31,2004-12-31,2021-08-25,106000000.0,123149000000.0,121309500000.0,14458000000.0,108691000000.0,0.338,39.945,-3024000000.0,6289000000.0,6289000000.0,23856000000.0,3108000000.0,0.985,1.028,22375000000.0,1672000000.0,20703000000.0,22375000000.0,2402000000.0,3071000000.0,0.0,0.0,0.0,6091000000.0,9162000000.0,0.224,9162000000.0,6091000000.0,4558000000.0,2.04,1.98,2.04,60719000000.0,58808000000.0,60719000000.0,105936265586.0,17.0,11.563,3530000000.0,2.322,1.0,17137000000.0,0.418,83257000000.0,1533000000.0,41305000000.0,41487500000.0,6152000000.0,4677000000.0,0.0,4677000000.0,62430000000.0,14673000000.0,47757000000.0,89088265586.0,3099000000.0,-877000000.0,353000000.0,-3393000000.0,0.0,-2952000000.0,-503000000.0,3398000000.0,6554000000.0,0.0,3108000000.0,3108000000.0,3108000000.0,-234000000.0,0.0,0.076,11635000000.0,5502000000.0,4829000000.0,0.0,1.467,28.664,28.603,13070000000.0,0.0,58.35,2.173,2.164,5512000000.0,-95685000000.0,40993000000.0,40993000000.0,0.0,0.026,0.053,0.147,0.149,574000000.0,10445000000.0,1.0,1526791184.0,1520067000,1564900000.0,26.968,39892000000.0,0.0,1450000000.0,14870000000.0,26.244,-215000000.0
54,TWX,MRT,2004-09-30,2004-09-30,2004-09-30,2021-08-25,60000000.0,122159000000.0,120967250000.0,13976000000.0,108183000000.0,0.346,38.791,-2980000000.0,6882000000.0,6882000000.0,24362000000.0,2893000000.0,0.96,1.066,23730000000.0,2889000000.0,20841000000.0,23730000000.0,2482000000.0,3212000000.0,0.0,0.0,0.0,5881000000.0,9093000000.0,0.217,9093000000.0,5881000000.0,4307000000.0,1.89,1.86,1.89,59135000000.0,57681500000.0,59135000000.0,91885479948.0,16.0,10.105,3807000000.0,2.497,1.0,17453000000.0,0.417,83552000000.0,1574000000.0,40901000000.0,42372750000.0,6051000000.0,4482000000.0,0.0,4482000000.0,63024000000.0,14554000000.0,48470000000.0,73799479948.0,5154000000.0,175000000.0,374000000.0,-2306000000.0,0.0,-1902000000.0,269000000.0,3074000000.0,6787000000.0,0.0,2893000000.0,2893000000.0,2893000000.0,351000000.0,0.0,0.069,11371000000.0,6082000000.0,4841000000.0,0.0,1.248,25.51,25.619,12731000000.0,0.0,48.42,1.765,1.765,4405000000.0,-97058000000.0,41815000000.0,41815000000.0,0.0,0.024,0.05,0.139,0.141,0.0,10078000000.0,1.0,1524152828.0,1524433000,1571033000.0,27.43,38607000000.0,0.0,1414000000.0,15314000000.0,25.325,-578000000.0
55,TWX,MRT,2004-06-30,2004-06-30,2004-06-30,2021-08-25,-324000000.0,120284000000.0,120363500000.0,13547000000.0,106737000000.0,0.344,38.221,-2965000000.0,6226000000.0,6226000000.0,24183000000.0,2935000000.0,0.973,1.07,24312000000.0,3161000000.0,21151000000.0,24312000000.0,2475000000.0,3201000000.0,0.0,0.0,0.0,5870000000.0,9071000000.0,0.219,9071000000.0,5870000000.0,4230000000.0,1.92,1.89,1.92,58118000000.0,56671500000.0,58118000000.0,95914860299.0,16.0,10.574,3140000000.0,2.065,1.0,17200000000.0,0.416,83170000000.0,1640000000.0,41271000000.0,43119250000.0,5689000000.0,3841000000.0,0.0,3841000000.0,62166000000.0,13929000000.0,48237000000.0,77146860299.0,4152000000.0,603000000.0,405000000.0,-2947000000.0,0.0,-2511000000.0,558000000.0,2920000000.0,6105000000.0,0.0,2935000000.0,2935000000.0,2935000000.0,354000000.0,0.0,0.071,10849000000.0,6351000000.0,4799000000.0,0.0,1.327,26.285,27.469,12593000000.0,0.0,52.74,1.864,1.938,4655000000.0,-97557000000.0,41383000000.0,41383000000.0,0.0,0.024,0.052,0.136,0.142,0.0,9968000000.0,1.0,1462777025.0,1520567000,1566900000.0,27.216,37114000000.0,0.0,1295000000.0,14617000000.0,24.408,-382000000.0
56,TWX,MRT,2004-03-31,2004-03-31,2004-03-31,2021-08-25,-292000000.0,119646000000.0,119956500000.0,12730000000.0,106916000000.0,0.337,37.761,-2890000000.0,5895000000.0,5895000000.0,23680000000.0,3222000000.0,1.001,1.09,24663000000.0,1747000000.0,22916000000.0,24663000000.0,2819000000.0,3183000000.0,0.0,0.0,0.0,6475000000.0,9658000000.0,0.239,9658000000.0,6475000000.0,4765000000.0,2.13,2.07,2.13,57260000000.0,56141750000.0,57260000000.0,96580218306.0,15.0,10.0,3978000000.0,2.623,1.0,16765000000.0,0.415,83222000000.0,1710000000.0,42473000000.0,43760750000.0,6032000000.0,3946000000.0,0.0,3946000000.0,62386000000.0,12719000000.0,49667000000.0,73875218306.0,2208000000.0,591000000.0,468000000.0,-6221000000.0,0.0,-6577000000.0,1917000000.0,4216000000.0,6868000000.0,0.0,3222000000.0,3222000000.0,3222000000.0,246000000.0,0.0,0.08,10998000000.0,5767000000.0,4662000000.0,0.0,1.29,22.928,23.746,12409000000.0,0.0,50.58,1.827,1.896,3921000000.0,-98334000000.0,40445000000.0,40445000000.0,0.0,0.027,0.057,0.148,0.16,0.0,9892000000.0,1.0,1460561849.0,1516367000,1566367000.0,26.672,36424000000.0,0.0,1543000000.0,14274000000.0,24.021,11000000.0
57,TWX,MRT,2003-12-31,2003-12-31,2003-12-31,2021-08-25,-415000000.0,121780000000.0,120347000000.0,12268000000.0,109512000000.0,0.328,37.425,-2887000000.0,3040000000.0,3040000000.0,23373000000.0,2657000000.0,0.753,1.166,25745000000.0,2287000000.0,23458000000.0,25745000000.0,2686000000.0,3127000000.0,0.0,0.0,0.0,5772000000.0,8899000000.0,0.225,8899000000.0,5772000000.0,4038000000.0,1.77,1.71,1.77,56213000000.0,55515750000.0,56213000000.0,105491209587.0,18.0,11.854,3707000000.0,2.468,1.0,16123000000.0,0.408,83344000000.0,1734000000.0,44846000000.0,44967000000.0,5855000000.0,3770000000.0,0.0,3770000000.0,65567000000.0,16295000000.0,49272000000.0,81346209587.0,1310000000.0,434000000.0,372000000.0,-4909000000.0,0.0,-5361000000.0,77000000.0,2530000000.0,6594000000.0,0.0,2657000000.0,2657000000.0,2657000000.0,495000000.0,0.0,0.067,10839000000.0,5284000000.0,4606000000.0,0.0,1.447,30.616,30.492,12559000000.0,0.0,53.97,2.06,2.052,4908000000.0,-98997000000.0,39496000000.0,39496000000.0,0.0,0.022,0.048,0.128,0.146,0.0,9730000000.0,1.0,1507248649.0,1502000000,1541233000.0,26.296,38436000000.0,0.0,1381000000.0,12655000000.0,25.59,-4027000000.0
58,TWX,MRT,2003-09-30,2003-09-30,2003-09-30,2021-08-25,-500000000.0,119744000000.0,118781500000.0,10134000000.0,109610000000.0,0.304,36.61,-2873000000.0,1728000000.0,1728000000.0,21775000000.0,-41425000000.0,0.759,1.173,25873000000.0,744000000.0,25129000000.0,25873000000.0,2229000000.0,2857000000.0,0.0,0.0,0.0,-38244000000.0,-35387000000.0,-0.979,-35387000000.0,-38244000000.0,-39913000000.0,-27.84,-27.87,-27.84,55095000000.0,54666750000.0,55095000000.0,92431196672.0,-2.0,-2.612,3154000000.0,2.096,1.0,14373000000.0,0.398,86657000000.0,1669000000.0,43887000000.0,46331250000.0,5787000000.0,3920000000.0,0.0,3920000000.0,64649000000.0,13345000000.0,51304000000.0,68188196672.0,-673000000.0,-475000000.0,312000000.0,-5668000000.0,0.0,-6153000000.0,-547000000.0,2801000000.0,6027000000.0,0.0,-41425000000.0,-41425000000.0,-41425000000.0,1154000000.0,0.0,-1.146,51883000000.0,-37510000000.0,4994000000.0,0.0,1.238,-1.646,-1.628,12793000000.0,0.0,45.33,1.886,1.887,4433000000.0,-99933000000.0,36148000000.0,36148000000.0,0.0,-0.349,-0.758,-0.825,-1.058,0.0,8421000000.0,1.0,1504262005.0,1504900000,1559100000.0,24.02,33087000000.0,0.0,1512000000.0,13617000000.0,21.986,-3211000000.0
59,TWX,MRT,2003-06-30,2003-06-30,2003-06-30,2021-08-25,-460000000.0,118656000000.0,129067500000.0,10612000000.0,108044000000.0,0.284,37.329,-2969000000.0,2074000000.0,2074000000.0,22128000000.0,-41909000000.0,0.836,1.119,26317000000.0,419000000.0,25898000000.0,26317000000.0,2184000000.0,2848000000.0,0.0,0.0,0.0,-39075000000.0,-36227000000.0,-0.99,-36227000000.0,-39075000000.0,-40795000000.0,-28.17,-28.2,-28.17,55999000000.0,65397500000.0,55999000000.0,98630674830.0,-3.0,-2.723,3655000000.0,2.436,1.0,14480000000.0,0.396,86370000000.0,1720000000.0,43837000000.0,47039500000.0,5137000000.0,4083000000.0,0.0,4083000000.0,62657000000.0,12692000000.0,49965000000.0,72358674830.0,283000000.0,-2110000000.0,273000000.0,-3359000000.0,0.0,-3875000000.0,-2466000000.0,2613000000.0,6624000000.0,0.0,-41909000000.0,-41909000000.0,-41909000000.0,1044000000.0,0.0,-1.145,52052000000.0,-37572000000.0,5239000000.0,0.0,1.292,-1.727,-1.714,12114000000.0,0.0,48.27,1.977,1.978,4578000000.0,-100474000000.0,36608000000.0,36608000000.0,0.0,-0.325,-0.641,-0.831,-1.067,0.0,8563000000.0,1.0,1499040291.0,1500167000,1549633000.0,24.403,32286000000.0,0.0,1114000000.0,12868000000.0,21.522,-2080000000.0
60,TWX,MRT,2003-03-31,2003-03-31,2003-03-31,2021-08-25,-477000000.0,121208000000.0,139433500000.0,12154000000.0,109054000000.0,0.265,36.641,-3117000000.0,3687000000.0,3687000000.0,22254000000.0,-42577000000.0,0.929,1.214,29959000000.0,519000000.0,29440000000.0,29959000000.0,2413000000.0,2814000000.0,0.0,0.0,0.0,-40246000000.0,-37432000000.0,-1.015,-37432000000.0,-40246000000.0,-41954000000.0,-28.62,-28.62,-28.62,54756000000.0,75815250000.0,54756000000.0,74471889614.0,-2.0,-1.99,3426000000.0,2.293,1.0,14635000000.0,0.397,87096000000.0,1708000000.0,47298000000.0,48150500000.0,5417000000.0,4283000000.0,0.0,4283000000.0,66452000000.0,13086000000.0,53366000000.0,48692889614.0,2749000000.0,-2125000000.0,226000000.0,-259000000.0,0.0,9000000.0,-3803000000.0,1439000000.0,6543000000.0,0.0,-42577000000.0,-42577000000.0,-42577000000.0,1045000000.0,0.0,-1.154,51941000000.0,-37306000000.0,5184000000.0,0.0,0.889,-1.144,-1.138,12086000000.0,0.0,32.58,1.32,1.32,4267000000.0,-101538000000.0,36889000000.0,36889000000.0,0.0,-0.305,-0.562,-0.836,-1.091,0.0,8667000000.0,1.0,1494563831.0,1494400000,1508300000.0,24.685,34112000000.0,0.0,623000000.0,12189000000.0,22.827,-932000000.0
61,TWX,MRT,2002-12-31,2002-12-31,2002-12-31,2021-08-25,-428000000.0,115518000000.0,149222750000.0,10835000000.0,104683000000.0,0.248,35.568,-3229000000.0,1730000000.0,1730000000.0,22291000000.0,-97217000000.0,0.805,1.187,27509000000.0,155000000.0,27354000000.0,27509000000.0,2998000000.0,2763000000.0,0.0,0.0,0.0,-95280000000.0,-92517000000.0,-2.496,-92517000000.0,-95280000000.0,-96904000000.0,-65.46,-65.46,-65.46,52817000000.0,86606000000.0,52817000000.0,84542923512.0,-1.0,-0.914,3528000000.0,2.376,1.0,14769000000.0,0.399,77530000000.0,1624000000.0,50303000000.0,48837000000.0,5115000000.0,5094000000.0,0.0,5094000000.0,62701000000.0,13464000000.0,49237000000.0,58558923512.0,959000000.0,-7556000000.0,195000000.0,4490000000.0,0.0,4439000000.0,-10237000000.0,548000000.0,6757000000.0,0.0,-97217000000.0,-97217000000.0,-97217000000.0,1012000000.0,0.0,-2.623,52183000000.0,-37414000000.0,4533000000.0,0.0,1.109,-0.602,-0.6,11534000000.0,0.0,39.3,1.58,1.575,4846000000.0,-101934000000.0,37060000000.0,37060000000.0,0.0,-0.651,-1.123,-1.951,-2.571,0.0,8794000000.0,1.0,1490048944.0,1484967000,1484967000.0,24.957,37988000000.0,0.0,313000000.0,9803000000.0,25.582,-2629000000.0
62,TWX,MRT,2002-09-30,2002-09-30,2002-09-30,2021-08-25,-90000000.0,160888000000.0,172469250000.0,10814000000.0,150074000000.0,0.21,65.869,-3245000000.0,2349000000.0,2349000000.0,21478000000.0,-55622000000.0,0.832,0.641,28333000000.0,89000000.0,28244000000.0,28333000000.0,2588000000.0,3636000000.0,0.0,0.0,0.0,-54022000000.0,-50386000000.0,-1.391,-50386000000.0,-54022000000.0,-55648000000.0,-37.68,-37.68,-37.68,98018000000.0,111408500000.0,98018000000.0,78533552857.0,-1.0,-1.559,3731000000.0,2.507,1.0,14751000000.0,0.407,127150000000.0,1626000000.0,46720000000.0,47569250000.0,5075000000.0,5002000000.0,0.0,5002000000.0,62870000000.0,13002000000.0,49868000000.0,52220552857.0,844000000.0,-9457000000.0,-467000000.0,7498000000.0,0.0,6750000000.0,-12882000000.0,-180000000.0,6976000000.0,0.0,-55622000000.0,-55622000000.0,-55622000000.0,571010000.0,0.0,-1.535,8561000000.0,6190000000.0,5051000000.0,0.0,0.533,-0.939,-0.932,11763000000.0,0.0,35.1,1.441,1.442,4858000000.0,-57029000000.0,36229000000.0,36229000000.0,0.0,-0.323,-0.499,-1.136,-1.491,0.0,8372000000.0,1.0,1487765039.0,1488067000,1502333000.0,24.346,33738000000.0,0.0,-26000000.0,10975000000.0,22.672,-2188000000.0
63,TWX,MRT,2002-06-30,2002-06-30,2002-06-30,2021-08-25,-339000000.0,160120000000.0,184548250000.0,10201000000.0,149919000000.0,0.191,65.784,-3290000000.0,1739000000.0,1739000000.0,20664000000.0,-56676000000.0,0.792,0.639,28022000000.0,87000000.0,27935000000.0,28022000000.0,2592000000.0,8170000000.0,0.0,0.0,0.0,-55025000000.0,-46855000000.0,-1.326,-46855000000.0,-55025000000.0,-56503000000.0,-38.37,-38.37,-38.37,97670000000.0,125469500000.0,97670000000.0,93124336210.0,-2.0,-1.988,4103000000.0,2.764,1.0,14670000000.0,0.415,125245000000.0,1478000000.0,48281000000.0,54738750000.0,5086000000.0,5475000000.0,0.0,5475000000.0,62450000000.0,12877000000.0,49573000000.0,65499336210.0,692000000.0,-8226000000.0,-1343000000.0,6581000000.0,53000000.0,4961000000.0,-11662000000.0,-146000000.0,7393000000.0,0.0,-56676000000.0,-56676000000.0,-56676000000.0,693010000.0,0.0,-1.604,10279000000.0,4391000000.0,5124000000.0,0.0,0.671,-1.156,-1.15,13199000000.0,0.0,44.13,1.854,1.854,5012000000.0,-57086000000.0,35334000000.0,35334000000.0,0.0,-0.307,-0.452,-1.005,-1.557,0.0,7993000000.0,1.0,1484236035.0,1484700000,1509400000.0,23.799,34875000000.0,0.0,173000000.0,10816000000.0,23.49,-2676000000.0
64,TWX,MRT,2002-03-31,2002-03-31,2002-03-31,2021-08-25,21000000.0,160365000000.0,197223750000.0,9566000000.0,150799000000.0,0.173,66.321,-3358000000.0,886000000.0,886000000.0,19486000000.0,-57809000000.0,0.759,0.638,28482000000.0,102000000.0,28380000000.0,28482000000.0,2647000000.0,9620000000.0,0.0,0.0,0.0,-56208000000.0,-46588000000.0,-1.367,-46588000000.0,-56208000000.0,-57589000000.0,-39.15,-39.15,-39.15,97919000000.0,140073750000.0,97919000000.0,127176784078.0,-2.0,-2.73,3156000000.0,2.138,1.0,14598000000.0,0.428,125308000000.0,1381000000.0,50044000000.0,62065750000.0,5419000000.0,6317000000.0,0.0,6317000000.0,62446000000.0,12609000000.0,49837000000.0,105055784078.0,-72000000.0,-8311000000.0,-1722000000.0,7389000000.0,53000000.0,5385000000.0,-11971000000.0,-302000000.0,6514000000.0,0.0,-57809000000.0,-57809000000.0,-57809000000.0,704010000.0,0.0,-1.696,11764000000.0,2834000000.0,5028000000.0,0.0,1.073,-1.817,-1.812,12941000000.0,0.0,70.95,3.082,3.073,4927000000.0,-57482000000.0,34084000000.0,34084000000.0,0.0,-0.293,-0.413,-0.906,-1.649,0.0,7650000000.0,1.0,1480701678.0,1476433000,1476433000.0,23.085,35057000000.0,0.0,220000000.0,11139000000.0,23.744,-3043000000.0
65,TWX,MRT,2001-12-31,2001-12-31,2001-12-31,2021-08-25,49000000.0,208504000000.0,210130250000.0,10251000000.0,198253000000.0,0.159,102.974,-3621000000.0,719000000.0,719000000.0,18789000000.0,-4934000000.0,0.79,0.371,22840000000.0,48000000.0,22792000000.0,22840000000.0,2499000000.0,8019000000.0,0.0,0.0,0.0,-3473000000.0,4546000000.0,0.136,4546000000.0,-3473000000.0,-4789000000.0,-3.33,-3.33,-3.33,152027000000.0,154725250000.0,152027000000.0,161338958687.0,-46.0,35.49,1660000000.0,1.124,1.0,14718000000.0,0.439,172417000000.0,1316000000.0,45232000000.0,68687750000.0,5281000000.0,6886000000.0,0.0,6886000000.0,56477000000.0,12976000000.0,43501000000.0,142094958687.0,-1891000000.0,-2960000000.0,-2105000000.0,792000000.0,0.0,-1915000000.0,-5257000000.0,1324000000.0,5281000000.0,0.0,-4934000000.0,-4934000000.0,-4934000000.0,713000000.0,0.0,-0.147,14066000000.0,652000000.0,5034000000.0,0.0,0.935,-28.799,-28.919,12669000000.0,0.0,96.3,4.241,4.243,6054000000.0,-3238000000.0,33507000000.0,33507000000.0,0.0,-0.023,-0.032,-0.051,-0.104,0.0,7486000000.0,1.0,1475544742.0,1476367000,1476367000.0,22.696,36087000000.0,0.0,145000000.0,11231000000.0,24.443,-2725000000.0
66,TWX,MRT,2001-09-30,2001-09-30,2001-09-30,2021-08-25,-8000000.0,209204000000.0,160698750000.0,10399000000.0,198805000000.0,0.179,104.233,-2902000000.0,1505000000.0,1505000000.0,15756000000.0,-3097000000.0,0.83,0.356,20749000000.0,24000000.0,20725000000.0,20749000000.0,2761000000.0,9798000000.0,0.0,0.0,0.0,-1920000000.0,7878000000.0,0.273,7878000000.0,-1920000000.0,-2641000000.0,-2.1,-2.1,-2.1,154262000000.0,118400250000.0,154262000000.0,166182430430.0,-87.0,21.094,2339000000.0,1.58,1.0,13056000000.0,0.453,140527000000.0,721000000.0,75398000000.0,58988500000.0,8707000000.0,9142000000.0,0.0,9142000000.0,54942000000.0,12523000000.0,42419000000.0,147062430430.0,-224000000.0,-530000000.0,-1420000000.0,-1460000000.0,53000000.0,-3477000000.0,-1988000000.0,1379000000.0,5241000000.0,0.0,-3097000000.0,-3097000000.0,-3097000000.0,29000000.0,0.0,-0.107,13348000000.0,-292000000.0,4821000000.0,0.0,0.953,-47.485,-47.286,12263000000.0,0.0,99.3,5.104,5.101,5359000000.0,-1372000000.0,28812000000.0,28812000000.0,0.0,-0.019,-0.026,-0.033,-0.067,0.0,7120000000.0,1.0,1480991243.0,1479967000,1527933000.0,19.468,68677000000.0,0.0,456000000.0,12065000000.0,46.404,-2124000000.0
67,TWX,MRT,2001-06-30,2001-06-30,2001-06-30,2021-08-25,48000000.0,210822000000.0,111136000000.0,10094000000.0,200728000000.0,0.195,105.585,-2242000000.0,1357000000.0,1357000000.0,11708000000.0,-1756000000.0,0.838,0.351,20477000000.0,20000000.0,20457000000.0,20477000000.0,2832000000.0,4597000000.0,0.0,0.0,0.0,-867000000.0,3730000000.0,0.172,3730000000.0,-867000000.0,-1247000000.0,-0.99,-1.05,-0.99,156087000000.0,81476000000.0,156087000000.0,253746401440.0,-293.0,68.029,983000000.0,0.665,1.0,9981000000.0,0.46,140310000000.0,380000000.0,77589000000.0,42023500000.0,8892000000.0,11313000000.0,0.0,11313000000.0,54735000000.0,12043000000.0,42692000000.0,234821401440.0,-1133000000.0,-1012000000.0,-500000000.0,-1594000000.0,0.0,-2703000000.0,-1655000000.0,1545000000.0,3225000000.0,0.0,-1756000000.0,-1756000000.0,-1756000000.0,19000000.0,0.0,-0.081,9307000000.0,674000000.0,4579000000.0,0.0,1.504,-133.725,-160.606,11973000000.0,0.0,159.0,10.827,10.837,5106000000.0,-376000000.0,21689000000.0,21689000000.0,0.0,-0.016,-0.022,-0.021,-0.04,0.0,5408000000.0,1.0,1476864160.0,1478300000,1535367000.0,14.672,70512000000.0,0.0,509000000.0,12622000000.0,47.698,-1949000000.0
68,TWX,MRT,2001-03-31,2001-03-31,2001-03-31,2021-08-25,101000000.0,211991000000.0,61098750000.0,9979000000.0,202012000000.0,0.239,106.414,-1484000000.0,1268000000.0,1268000000.0,7845000000.0,-681000000.0,0.787,0.354,20193000000.0,17000000.0,20176000000.0,20193000000.0,3003000000.0,2498000000.0,0.0,0.0,0.0,-285000000.0,2213000000.0,0.151,2213000000.0,-285000000.0,-321000000.0,-0.03,-0.15,-0.03,156525000000.0,43994500000.0,156525000000.0,176235272996.0,-618.0,79.636,962000000.0,0.654,1.0,6776000000.0,0.463,141707000000.0,36000000.0,76532000000.0,24315750000.0,8943000000.0,11564000000.0,0.0,11564000000.0,55466000000.0,12677000000.0,42789000000.0,177434272996.0,-1424000000.0,-1675000000.0,-97000000.0,-1770000000.0,0.0,-2463000000.0,-1407000000.0,1736000000.0,2446000000.0,0.0,-681000000.0,-681000000.0,-681000000.0,10000000.0,0.0,-0.047,5609000000.0,1167000000.0,4503000000.0,0.0,1.134,-260.55,-4015.0,11514000000.0,0.0,120.45,12.136,12.117,4957000000.0,363000000.0,14621000000.0,14621000000.0,0.0,-0.011,-0.015,-0.012,-0.019,0.0,3684000000.0,1.0,1473094836.0,1470900000,1470900000.0,9.94,70284000000.0,0.0,360000000.0,13127000000.0,47.783,-2698000000.0
69,TWX,MRT,2000-12-31,2000-12-31,2000-12-31,2021-08-25,61000000.0,10778000000.0,10798250000.0,4627000000.0,6151000000.0,0.704,8.687,-778000000.0,2610000000.0,2610000000.0,3866000000.0,1121000000.0,1.986,0.602,1413000000.0,2000000.0,1411000000.0,1413000000.0,1286000000.0,443000000.0,0.0,0.0,0.0,1558000000.0,2001000000.0,0.263,2001000000.0,1558000000.0,1833000000.0,1.44,1.29,1.44,6727000000.0,6468000000.0,6727000000.0,80816151031.0,52.0,40.388,1173000000.0,1.515,1.0,3739000000.0,0.492,816000000.0,-275000000.0,6435000000.0,6898500000.0,47000000.0,4710000000.0,886000000.0,3824000000.0,4051000000.0,2330000000.0,1721000000.0,81209151031.0,56000000.0,-2065000000.0,318000000.0,103000000.0,0.0,421000000.0,-2316000000.0,527000000.0,1951000000.0,0.0,1121000000.0,1121000000.0,1121000000.0,0.0,0.0,0.147,1973000000.0,1766000000.0,107000000.0,0.0,12.072,72.443,72.5,1041000000.0,0.0,104.4,10.678,10.63,613000000.0,1696000000.0,7605000000.0,7605000000.0,0.0,0.104,0.173,0.226,0.205,0.0,1864000000.0,1.0,777865431.0,774333000,865000000.0,9.821,9962000000.0,0.0,712000000.0,0.0,12.865,2297000000.0
70,TWX,MRT,2000-09-30,2000-09-30,2000-09-30,2021-08-25,325000000.0,10953000000.0,10702750000.0,4346000000.0,6607000000.0,0.676,8.471,-778000000.0,2039000000.0,2039000000.0,3955000000.0,1398000000.0,1.884,0.668,1646000000.0,0.0,1646000000.0,1646000000.0,1409000000.0,394000000.0,0.0,0.0,0.0,2289000000.0,2683000000.0,0.371,2683000000.0,2289000000.0,2289000000.0,1.83,1.62,1.83,6565000000.0,6369000000.0,6565000000.0,123828624412.0,54.0,46.153,962000000.0,1.241,1.0,3279000000.0,0.453,715000000.0,0.0,7538000000.0,6961000000.0,0.0,5819000000.0,1192000000.0,4627000000.0,4388000000.0,2307000000.0,2081000000.0,124688624412.0,680000000.0,-3193000000.0,408000000.0,1347000000.0,0.0,1735000000.0,-2795000000.0,1230000000.0,1740000000.0,0.0,1398000000.0,1398000000.0,1398000000.0,0.0,0.0,0.193,1656000000.0,1623000000.0,256000000.0,0.0,18.993,89.191,87.951,1026000000.0,0.0,160.95,17.236,17.243,588000000.0,1679000000.0,7234000000.0,7234000000.0,0.0,0.131,0.22,0.329,0.316,-15000000.0,1761000000.0,1.0,774704097.0,775000000,866667000.0,9.334,10238000000.0,0.0,891000000.0,0.0,13.21,2039000000.0
71,TWX,MRT,2000-06-30,2000-06-30,2000-06-30,2021-08-25,478000000.0,10673000000.0,9590000000.0,4428000000.0,6245000000.0,0.706,7.994,-786000000.0,2490000000.0,2490000000.0,3789000000.0,1235000000.0,1.849,0.732,1630000000.0,0.0,1630000000.0,1630000000.0,1467000000.0,363000000.0,0.0,0.0,0.0,2017000000.0,2380000000.0,0.352,2380000000.0,2017000000.0,2017000000.0,1.62,1.44,1.62,6161000000.0,5690000000.0,6161000000.0,120452825882.0,60.0,50.61,1022000000.0,1.326,1.0,2977000000.0,0.44,660000000.0,0.0,6758000000.0,5819000000.0,0.0,5283000000.0,925000000.0,4358000000.0,4512000000.0,2395000000.0,2117000000.0,121485825882.0,1554000000.0,-2189000000.0,421000000.0,1346000000.0,0.0,1747000000.0,-2001000000.0,1003000000.0,1808000000.0,0.0,1235000000.0,1235000000.0,1235000000.0,0.0,0.0,0.183,1576000000.0,1401000000.0,153000000.0,0.0,19.719,98.369,97.926,991000000.0,0.0,158.64,17.955,18.07,532000000.0,1346000000.0,6766000000.0,6766000000.0,0.0,0.129,0.217,0.347,0.298,-12000000.0,1618000000.0,1.0,765795675.0,770667000,866333000.0,8.779,10013000000.0,0.0,782000000.0,0.0,12.993,2033000000.0
72,TWX,MRT,2000-03-31,2000-03-31,2000-03-31,2021-08-25,1062000000.0,10789000000.0,8276000000.0,4200000000.0,6589000000.0,0.759,8.38,-738000000.0,2655000000.0,2655000000.0,3618000000.0,1049000000.0,1.806,0.681,1622000000.0,0.0,1622000000.0,1622000000.0,1210000000.0,347000000.0,0.0,0.0,0.0,1713000000.0,2060000000.0,0.328,2060000000.0,1713000000.0,1713000000.0,1.38,1.23,1.38,6419000000.0,4923500000.0,6419000000.0,152494891208.0,89.0,74.027,749000000.0,0.978,1.0,2667000000.0,0.424,567000000.0,0.0,6863000000.0,4765250000.0,0.0,5273000000.0,482000000.0,4791000000.0,4370000000.0,2326000000.0,2044000000.0,153448891208.0,10000000.0,-1281000000.0,456000000.0,1295000000.0,0.0,1722000000.0,-3199000000.0,-1169000000.0,1487000000.0,0.0,1049000000.0,1049000000.0,1049000000.0,0.0,0.0,0.167,1519000000.0,1148000000.0,169000000.0,0.0,23.905,146.281,146.196,991000000.0,0.0,201.75,24.415,24.589,668000000.0,1051000000.0,6285000000.0,6285000000.0,0.0,0.127,0.213,0.359,0.273,-11000000.0,1484000000.0,1.0,760589300.0,766000000,869333000.0,8.205,10222000000.0,0.0,664000000.0,0.0,13.345,1874000000.0
73,TWX,MRT,1999-12-31,1999-12-31,1999-12-31,2021-08-25,1467000000.0,10396000000.0,6900500000.0,3875000000.0,6521000000.0,0.83,8.637,-612000000.0,2554000000.0,2554000000.0,3324000000.0,1027000000.0,1.78,0.642,1581000000.0,0.0,1581000000.0,1581000000.0,924000000.0,316000000.0,0.0,0.0,0.0,1634000000.0,1950000000.0,0.341,1950000000.0,1634000000.0,1634000000.0,1.41,1.2,1.41,6331000000.0,4018000000.0,6331000000.0,168639734893.0,103.0,86.482,1028000000.0,1.402,1.0,2400000000.0,0.419,561000000.0,0.0,6685000000.0,3200500000.0,0.0,5444000000.0,542000000.0,4902000000.0,4065000000.0,2177000000.0,1888000000.0,169628734893.0,1022000000.0,-773000000.0,494000000.0,1264000000.0,0.0,1729000000.0,-2347000000.0,-934000000.0,1640000000.0,0.0,1027000000.0,1027000000.0,1027000000.0,0.0,0.0,0.179,1581000000.0,819000000.0,68000000.0,0.0,26.793,165.169,161.447,895000000.0,0.0,227.64,29.635,29.151,496000000.0,575000000.0,5724000000.0,5724000000.0,0.0,0.149,0.256,0.511,0.285,0.0,1390000000.0,1.0,745162251.0,733000000,866333000.0,7.809,9835000000.0,0.0,607000000.0,0.0,13.417,1698000000.0
74,TWX,MRT,1999-09-30,1999-09-30,1999-09-30,2021-08-25,424000000.0,6502000000.0,5088000000.0,2408000000.0,4094000000.0,0.984,5.176,-373000000.0,1330000000.0,1330000000.0,3081000000.0,927000000.0,1.197,0.689,341000000.0,0.0,341000000.0,341000000.0,822000000.0,279000000.0,0.0,0.0,0.0,1389000000.0,1668000000.0,0.333,1668000000.0,1389000000.0,1389000000.0,1.35,1.147,1.35,3849000000.0,2798000000.0,3849000000.0,114812136640.0,83.0,68.832,1072000000.0,1.442,1.0,1927000000.0,0.385,532000000.0,0.0,2970000000.0,1692000000.0,0.0,3189000000.0,429000000.0,2760000000.0,2653000000.0,2011000000.0,642000000.0,115351136640.0,27000000.0,31000000.0,377000000.0,13000000.0,0.0,419000000.0,-1837000000.0,-1452000000.0,1445000000.0,0.0,927000000.0,927000000.0,927000000.0,0.0,0.0,0.185,1206000000.0,721000000.0,88000000.0,0.0,29.969,124.435,115.667,744000000.0,0.0,156.15,23.033,23.188,468000000.0,335000000.0,5008000000.0,5008000000.0,0.0,0.182,0.331,0.821,0.277,20000000.0,1134000000.0,1.0,738720055.0,743667000,862333000.0,6.734,5970000000.0,0.0,462000000.0,0.0,8.028,397000000.0
75,TWX,MRT,1999-06-30,1999-06-30,1999-06-30,2021-08-25,168000000.0,5417000000.0,4173750000.0,2045000000.0,3372000000.0,1.085,4.167,-292000000.0,936000000.0,936000000.0,2872000000.0,822000000.0,1.181,0.75,348000000.0,0.0,348000000.0,348000000.0,678000000.0,267000000.0,0.0,0.0,0.0,1172000000.0,1439000000.0,0.318,1439000000.0,1172000000.0,1172000000.0,1.23,1.028,1.23,3095000000.0,2139500000.0,3095000000.0,116756286610.0,100.0,81.137,807000000.0,1.087,1.0,1658000000.0,0.366,554000000.0,0.0,2543000000.0,1093000000.0,0.0,2695000000.0,544000000.0,2151000000.0,2322000000.0,1732000000.0,590000000.0,119059286610.0,261000000.0,31000000.0,882000000.0,16000000.0,0.0,927000000.0,-1765000000.0,-1434000000.0,1099000000.0,0.0,822000000.0,822000000.0,822000000.0,0.0,0.0,0.181,1120000000.0,538000000.0,76000000.0,0.0,38.468,144.841,134.146,660000000.0,0.0,165.0,26.282,27.051,409000000.0,124000000.0,4530000000.0,4530000000.0,0.0,0.197,0.384,1.072,0.259,20000000.0,1054000000.0,1.0,721571434.0,742669000,890331000.0,6.1,4863000000.0,0.0,350000000.0,0.0,6.548,313000000.0
76,TWX,MRT,1999-03-31,1999-03-31,1999-03-31,2021-08-25,232000000.0,5287000000.0,3538000000.0,3368000000.0,1919000000.0,1.157,4.019,-250000000.0,2672000000.0,2672000000.0,2676000000.0,670000000.0,1.827,0.89,369000000.0,0.0,369000000.0,369000000.0,700000000.0,240000000.0,0.0,0.0,0.0,939000000.0,1179000000.0,0.288,1179000000.0,939000000.0,939000000.0,1.035,0.862,1.035,2797000000.0,1614750000.0,2797000000.0,136241145766.0,145.0,115.557,775000000.0,1.114,1.0,1416000000.0,0.346,537000000.0,0.0,604000000.0,670750000.0,0.0,851000000.0,102000000.0,749000000.0,2490000000.0,1843000000.0,647000000.0,137293145766.0,1750000000.0,-274000000.0,810000000.0,-76000000.0,0.0,842000000.0,-117000000.0,468000000.0,1025000000.0,0.0,670000000.0,670000000.0,670000000.0,0.0,0.0,0.164,1098000000.0,318000000.0,91000000.0,0.0,49.086,204.915,213.043,584000000.0,0.0,220.5,33.552,37.504,457000000.0,26000000.0,4092000000.0,4092000000.0,0.0,0.189,0.415,1.4,0.229,24000000.0,973000000.0,1.0,622644652.0,696000000,858000000.0,5.879,4750000000.0,49000000.0,269000000.0,0.0,6.825,1525000000.0
77,TWX,MRT,1998-12-31,1998-12-31,1998-12-31,2021-08-25,128000000.0,3146000000.0,2747344000.0,1782000000.0,1364000000.0,1.41,2.222,-341000000.0,1452000000.0,1452000000.0,2538000000.0,115000000.0,1.795,1.168,400000000.0,0.0,400000000.0,400000000.0,362000000.0,242000000.0,0.0,0.006,0.75,145000000.0,387000000.0,0.1,387000000.0,145000000.0,145000000.0,0.18,0.15,0.18,1451000000.0,1027638250.0,1451000000.0,70180342234.0,484.0,181.345,213000000.0,0.326,1.0,1335000000.0,0.345,450000000.0,0.0,651000000.0,646124000.0,0.0,485000000.0,0.0,485000000.0,1695000000.0,993000000.0,702000000.0,71058342234.0,952000000.0,-73000000.0,742000000.0,17000000.0,0.0,817000000.0,-419000000.0,27000000.0,554000000.0,0.0,115000000.0,115000000.0,115000000.0,0.0,0.0,0.03,1231000000.0,104000000.0,91000000.0,4.167,48.972,617.899,646.25,424000000.0,0.0,116.325,18.347,19.613,225000000.0,-195000000.0,3873000000.0,3873000000.0,0.0,0.042,0.112,0.224,0.037,17000000.0,1034000000.0,1.0,610860453.0,653000000,790000000.0,5.931,2696000000.0,0.0,30000000.0,0.0,4.129,789000000.0
78,TWX,MRT,1998-09-30,1998-09-30,1998-09-30,2021-08-25,100000000.0,2845000000.0,2306634250.0,1600000000.0,1245000000.0,1.557,1.828,-433000000.0,1253000000.0,1253000000.0,2081000000.0,-36000000.0,1.722,1.342,375000000.0,0.0,375000000.0,375000000.0,319000000.0,232000000.0,0.0,0.018,0.75,-46000000.0,186000000.0,0.052,186000000.0,-46000000.0,-46000000.0,-0.06,-0.079,-0.06,1215000000.0,741277500.0,1215000000.0,24999543729.0,-543.0,134.406,33000000.0,0.05,1.0,1510000000.0,0.42,464000000.0,0.0,574000000.0,613513250.0,0.0,392000000.0,0.0,392000000.0,1630000000.0,929000000.0,701000000.0,25258543729.0,1090000000.0,-98000000.0,729000000.0,339000000.0,0.0,1138000000.0,-514000000.0,48000000.0,466000000.0,0.0,-36000000.0,-36000000.0,-36000000.0,0.0,0.0,-0.01,1586000000.0,-76000000.0,50000000.0,-12.5,20.789,-701.626,-697.5,386000000.0,0.0,41.85,7.034,7.746,246000000.0,-307000000.0,3591000000.0,3591000000.0,0.0,-0.016,-0.049,-0.075,-0.013,16000000.0,1066000000.0,1.0,603549432.0,664667000,799333000.0,5.403,2381000000.0,0.0,-10000000.0,0.0,3.582,671000000.0
79,TWX,MRT,1998-06-30,1998-06-30,1998-06-30,2021-08-25,145000000.0,2874000000.0,1853500000.0,1263000000.0,1611000000.0,1.68,1.55,-435000000.0,677000000.0,677000000.0,1825000000.0,-80000000.0,1.094,1.886,372000000.0,0.0,372000000.0,372000000.0,491000000.0,191000000.0,0.0,0.019,0.75,-96000000.0,95000000.0,0.031,95000000.0,-96000000.0,-96000000.0,-0.12,-0.12,-0.12,996000000.0,568000000.0,996000000.0,22173522569.0,-231.0,233.406,-7000000.0,-0.011,1.0,1289000000.0,0.414,560000000.0,0.0,854000000.0,439000000.0,0.0,677000000.0,146000000.0,531000000.0,1878000000.0,1155000000.0,723000000.0,22722829569.0,487000000.0,-98000000.0,152000000.0,368000000.0,0.0,590000000.0,-531000000.0,24000000.0,428000000.0,0.0,-80000000.0,-80000000.0,-80000000.0,0.0,0.0,-0.026,1415000000.0,-126000000.0,120000000.0,-6.25,22.814,-284.035,-328.438,503000000.0,0.0,39.413,7.297,8.134,285000000.0,-590000000.0,3114000000.0,3114000000.0,0.0,-0.043,-0.141,-0.219,-0.031,33000000.0,962000000.0,1.0,576538651.0,642668000,642668000.0,4.845,2314000000.0,0.0,-16000000.0,0.0,3.601,108000000.0
80,TWX,MRT,1998-03-31,1998-03-31,1998-03-31,2021-08-25,80182000.0,2124376000.0,,1174368000.0,950008000.0,,0.733,-539019000.0,924080000.0,924080000.0,,,1.371,3.736,374773000.0,0.0,374773000.0,374773000.0,299879000.0,183483000.0,0.0,0.029,0.75,,,,,,,,,,448553000.0,,448553000.0,14214735523.0,,,-207027000.0,-0.338,1.0,,,213122000.0,,505496000.0,,0.0,271666000.0,0.0,271666000.0,1675823000.0,856451000.0,819372000.0,14359573523.0,678837000.0,237000000.0,297983000.0,431868000.0,0.0,714851000.0,-368006000.0,-34000000.0,331992000.0,0.0,,,,,,,,,84294000.0,,32.013,,,340009000.0,,25.616,,,159518000.0,-422371000.0,,,,,,,,30000000.0,,1.0,560565013.0,612000000,,,1911254000.0,78806000.0,,78806000.0,3.123,317917000.0
81,TWX,MRT,1997-12-31,1997-12-31,1997-12-31,2021-08-25,32705000.0,1383161000.0,,717434000.0,665727000.0,,0.56,-421245000.0,518200000.0,518200000.0,1613112000.0,-291895000.0,1.242,3.527,373362000.0,1971000.0,371391000.0,373362000.0,253776000.0,121637000.0,0.0,0.0,0.0,-281895000.0,-160258000.0,-0.055,-160258000.0,-281895000.0,-281895000.0,-0.493,-0.516,-0.493,305557000.0,,305557000.0,,,,-165647000.0,-0.304,1.0,1288476000.0,0.444,140258000.0,0.0,520557000.0,,0.0,97749000.0,236000.0,97513000.0,1077604000.0,577508000.0,500096000.0,9512087570.0,394232000.0,30000000.0,279663000.0,340453000.0,0.0,655116000.0,-516482000.0,-97000000.0,255598000.0,0.0,-291895000.0,-291895000.0,-291895000.0,0.0,0.0,-0.101,1587738000.0,-299262000.0,68485000.0,0.0,31.13,-32.587,-34.419,336097000.0,0.0,16.969,3.278,3.189,117848000.0,-467182000.0,2901588000.0,2901588000.0,0.0,,,,-0.097,26000000.0,949009000.0,1.0,560565013.0,545333000,677333000.0,5.321,1242903000.0,48165000.0,10000000.0,48165000.0,2.279,139926000.0
82,TWX,MRT,1997-09-30,1997-09-30,1997-09-30,2021-08-25,,,,,,,,,,,,,,,,,,,,,,0.0,0.0,,,,,,,,,,,,,,,,,,1.0,,,,,,,,,,,,,,,,,,,,,,,,,,,,,,,,,,,,,,,,14.156,,,,,,,,,,,,,,1.0,,538667000,,,,,,,,
83,TWX,MRT,1997-06-30,1997-06-30,1997-06-30,2021-08-25,17000000.0,833000000.0,,323000000.0,510000000.0,,0.251,-287000000.0,174000000.0,174000000.0,1162000000.0,-485000000.0,0.584,4.95,50000000.0,0.0,50000000.0,50000000.0,252000000.0,93000000.0,0.0,0.0,0.0,-475000000.0,-382000000.0,-0.174,-382000000.0,-475000000.0,-475000000.0,-0.87,-0.87,-0.87,140000000.0,,140000000.0,,,,-156000000.0,-0.279,1.0,1035000000.0,0.471,132000000.0,0.0,24000000.0,,0.0,81000000.0,0.0,81000000.0,693000000.0,553000000.0,140000000.0,,14000000.0,30000000.0,251000000.0,-1000000.0,0.0,250000000.0,-367000000.0,-99000000.0,131000000.0,0.0,-485000000.0,-485000000.0,-485000000.0,0.0,0.0,-0.221,1520000000.0,-485000000.0,68000000.0,0.0,,,-11.989,233000000.0,0.0,10.431,,2.652,91000000.0,-507000000.0,2197000000.0,2197000000.0,0.0,,,,-0.216,2000000.0,828000000.0,1.0,,558667000,558667000.0,3.933,701000000.0,0.0,10000000.0,0.0,1.255,-230000000.0
84,TWX,MRT,1997-03-31,1997-03-31,1997-03-31,2021-08-25,,,,,,,,,,,,,,,,,,,,,,0.0,0.0,,,,,,,,,,,,,,,,,,1.0,,,,,,,,,,,,,,,,,,,,,,,,,,,,,,,,,,,,,,,,7.969,,,,,,,,,,,,,,1.0,,513509333,,,,,,,,
85,TWX,MRT,1996-12-31,1996-12-31,1996-12-31,2021-08-25,,,,,,,,,,,,,,,,,,,,,,0.0,0.0,,,,,,,,,,,,,,,,,,1.0,,,,,,,,,,,,,,,,,,,,,,,,,,,,,,,,,,,,,,,,6.234,,,,,,,,,,,,,,1.0,,502848000,,,,,,,,
86,TWX,MRT,1996-06-30,1996-06-30,1996-06-30,2021-08-25,,,,,,,,-91000000.0,,,654000000.0,30000000.0,,,,,,,,35000000.0,,0.0,0.0,62000000.0,97000000.0,0.089,97000000.0,62000000.0,62000000.0,0.068,0.052,0.068,,,,,,,-135000000.0,-0.296,1.0,440000000.0,0.402,,0.0,,,,,,,,,,,72000000.0,0.0,217000000.0,1000000.0,0.0,218000000.0,-102000000.0,-12000000.0,-44000000.0,0.0,30000000.0,30000000.0,30000000.0,0.0,0.0,0.027,375000000.0,65000000.0,,0.0,,,122.013,,0.0,8.297,,3.458,,,1094000000.0,1094000000.0,0.0,,,,0.057,0.0,293000000.0,1.0,,456000000,573333000.0,2.399,,,32000000.0,,,
