None,ticker,dimension,calendardate,datekey,reportperiod,lastupdated,accoci,assets,assetsavg,assetsc,assetsnc,assetturnover,bvps,capex,cashneq,cashnequsd,cor,consolinc,currentratio,de,debt,debtc,debtnc,debtusd,deferredrev,depamor,deposits,divyield,dps,ebit,ebitda,ebitdamargin,ebitdausd,ebitusd,ebt,eps,epsdil,epsusd,equity,equityavg,equityusd,ev,evebit,evebitda,fcf,fcfps,fxusd,gp,grossmargin,intangibles,intexp,invcap,invcapavg,inventory,investments,investmentsc,investmentsnc,liabilities,liabilitiesc,liabilitiesnc,marketcap,ncf,ncfbus,ncfcommon,ncfdebt,ncfdiv,ncff,ncfi,ncfinv,ncfo,ncfx,netinc,netinccmn,netinccmnusd,netincdis,netincnci,netmargin,opex,opinc,payables,payoutratio,pb,pe,pe1,ppnenet,prefdivis,price,ps,ps1,receivables,retearn,revenue,revenueusd,rnd,roa,roe,roic,ros,sbcomp,sgna,sharefactor,sharesbas,shareswa,shareswadil,sps,tangibles,taxassets,taxexp,taxliabilities,tbvps,workingcapital
0,DNRCQ,MRY,2019-12-31,2019-12-31,2019-12-31,2020-11-19,0.0,4691867000.0,4717193250.0,180611000.0,4511256000.0,0.27,3.073,-282361000.0,516000.0,516000.0,536076000.0,216959000.0,0.496,2.322,2383697000.0,109195000.0,2274502000.0,2383697000.0,0.0,233816000.0,0.0,0.0,0.0,402943000.0,636759000.0,0.499,636759000.0,402943000.0,321311000.0,0.47,0.45,0.47,1412259000.0,1287093750.0,1412259000.0,3241608899.0,8.0,5.091,211782000.0,0.461,1.0,738807000.0,0.58,0.0,81632000.0,6710806000.0,6962439000.0,0.0,11936000.0,11936000.0,0.0,3279608000.0,364242000.0,2915366000.0,681399899.0,-21904000.0,0.0,0.0,-246703000.0,0.0,-246355000.0,-269692000.0,0.0,494143000.0,0.0,216959000.0,216959000.0,216959000.0,0.0,0.0,0.17,421784000.0,317023000.0,246701000.0,0.0,0.482,3.141,3.0,4406927000.0,0.0,1.41,0.534,0.508,157725000.0,-1321314000.0,1274883000.0,1274883000.0,0.0,0.046,0.169,0.058,0.316,12470000.0,83029000.0,1.0,483262340.0,459524000,510341000.0,2.774,4691867000.0,0.0,104352000.0,410230000.0,10.21,-183631000.0
1,DNRCQ,MRY,2018-12-31,2018-12-31,2018-12-31,2020-11-19,0.0,4723222000.0,4597064000.0,296294000.0,4426928000.0,0.321,2.64,-338412000.0,38560000.0,38560000.0,538154000.0,322698000.0,0.812,3.137,2769336000.0,105125000.0,2664211000.0,2769336000.0,0.0,216449000.0,0.0,0.0,0.0,479619000.0,696068000.0,0.472,696068000.0,479619000.0,409931000.0,0.75,0.71,0.75,1141777000.0,920206000.0,1141777000.0,3541131462.0,7.0,5.087,191273000.0,0.442,1.0,935471000.0,0.635,0.0,69688000.0,7089205000.0,6960409500.0,0.0,97275000.0,93080000.0,4195000.0,3581445000.0,364793000.0,3216652000.0,787534462.0,38957000.0,0.0,0.0,-143966000.0,0.0,-157452000.0,-333276000.0,0.0,529685000.0,0.0,322698000.0,322698000.0,322698000.0,0.0,0.0,0.219,476939000.0,458532000.0,259668000.0,0.0,0.69,2.44,2.28,4318610000.0,0.0,1.71,0.534,0.502,152758000.0,-1533112000.0,1473625000.0,1473625000.0,0.0,0.07,0.351,0.069,0.325,11951000.0,71495000.0,1.0,460546469.0,432483000,456169000.0,3.407,4723222000.0,0.0,87233000.0,309758000.0,10.921,-68499000.0
2,DNRCQ,MRY,2017-12-31,2017-12-31,2017-12-31,2020-11-19,0.0,4471299000.0,4411557000.0,202255000.0,4269044000.0,0.256,1.658,-354756000.0,58000.0,58000.0,498266000.0,163152000.0,0.442,5.898,3084274000.0,105188000.0,2979086000.0,3084274000.0,0.0,207713000.0,0.0,0.0,0.0,145763000.0,353476000.0,0.313,353476000.0,145763000.0,46500000.0,0.42,0.41,0.42,648165000.0,543392500.0,648165000.0,4031180493.0,28.0,11.404,-87613000.0,-0.224,1.0,631520000.0,0.559,0.0,99263000.0,7097458000.0,7138235000.0,0.0,0.0,0.0,0.0,3823134000.0,458057000.0,3365077000.0,888796493.0,-1058000.0,0.0,0.0,87397000.0,0.0,88613000.0,-356814000.0,0.0,267143000.0,0.0,163152000.0,163152000.0,163152000.0,0.0,0.0,0.144,408181000.0,223339000.0,253808000.0,0.0,1.371,5.448,5.262,4166866000.0,0.0,2.21,0.787,0.765,191527000.0,-1855810000.0,1129786000.0,1129786000.0,0.0,0.037,0.3,0.02,0.129,15154000.0,101806000.0,1.0,402170359.0,390928000,395921000.0,2.89,4471299000.0,0.0,-116652000.0,198099000.0,11.438,-255802000.0
3,DNRCQ,MRY,2016-12-31,2016-12-31,2016-12-31,2020-11-19,0.0,4274578000.0,4904974750.0,181126000.0,4093452000.0,0.199,1.253,-201599000.0,1606000.0,1606000.0,475765000.0,-976177000.0,0.418,8.125,2993098000.0,83366000.0,2909732000.0,2993098000.0,0.0,846043000.0,0.0,0.0,0.0,-1395202000.0,-549159000.0,-0.563,-549159000.0,-1395202000.0,-1520347000.0,-2.61,-2.61,-2.61,468448000.0,815593500.0,468448000.0,4449109644.0,-3.0,-8.102,17624000.0,0.047,1.0,499831000.0,0.512,0.0,125145000.0,6832574000.0,7580239750.0,0.0,0.0,0.0,0.0,3806130000.0,433496000.0,3372634000.0,1466131644.0,-452000.0,0.0,0.0,-5392000.0,0.0,-15012000.0,-204663000.0,0.0,219223000.0,0.0,-976177000.0,-976177000.0,-976177000.0,0.0,0.0,-1.001,1882184000.0,-1382353000.0,280851000.0,0.0,3.13,-1.502,-1.41,3988374000.0,0.0,3.68,1.503,1.41,168836000.0,-2018989000.0,975596000.0,975596000.0,0.0,-0.199,-1.197,-0.184,-1.43,14995000.0,109926000.0,1.0,398405338.0,373859000,373859000.0,2.61,4274578000.0,0.0,-544170000.0,293878000.0,11.434,-252370000.0
4,DNRCQ,MRY,2015-12-31,2015-12-31,2015-12-31,2020-11-19,0.0,5885533000.0,9051011000.0,343169000.0,5542364000.0,0.139,3.581,-555740000.0,2812000.0,2812000.0,575346000.0,-4385448000.0,0.92,3.713,3277595000.0,32481000.0,3245114000.0,3277595000.0,0.0,531660000.0,0.0,0.094,0.189,-6166714000.0,-5635054000.0,-4.481,-5635054000.0,-6166714000.0,-6325982000.0,-12.57,-12.57,-12.57,1248912000.0,3342189750.0,1248912000.0,4054488357.0,-1.0,-0.72,308564000.0,0.885,1.0,682214000.0,0.542,0.0,159268000.0,8787301000.0,11469246000.0,0.0,142846000.0,142846000.0,0.0,4636621000.0,373015000.0,4263606000.0,709347357.0,-20341000.0,0.0,0.0,-254127000.0,-65426000.0,-334460000.0,-550185000.0,0.0,864304000.0,0.0,-4385448000.0,-4385448000.0,-4385448000.0,0.0,0.0,-3.487,6996927000.0,-6314713000.0,340534000.0,-0.015,0.568,-0.162,-0.161,5375809000.0,0.0,2.02,0.564,0.56,187506000.0,-1058954000.0,1257560000.0,1257560000.0,0.0,-0.485,-1.312,-0.538,-4.904,30604000.0,144564000.0,1.0,351162058.0,348802000,348802000.0,3.605,5885533000.0,0.0,-1940534000.0,852089000.0,16.874,-29846000.0
5,DNRCQ,MRY,2014-12-31,2014-12-31,2014-12-31,2020-11-19,-209000.0,12727802000.0,12183872500.0,812680000.0,11915122000.0,0.2,16.345,-1072451000.0,23153000.0,23153000.0,737160000.0,635491000.0,1.27,1.231,3571370000.0,35470000.0,3535900000.0,3571370000.0,0.0,592972000.0,0.0,0.031,0.251,1205560000.0,1798532000.0,0.739,1798532000.0,1205560000.0,1022557000.0,1.82,1.81,1.82,5703856000.0,5322369750.0,5703856000.0,6441824166.0,5.0,3.582,150374000.0,0.431,1.0,1698045000.0,0.697,1283590000.0,183003000.0,14352304000.0,13830686000.0,0.0,506546000.0,440359000.0,66187000.0,7023946000.0,640125000.0,6383821000.0,2866334166.0,10966000.0,0.0,-211356000.0,148525000.0,-87044000.0,-135104000.0,-1076755000.0,0.0,1222825000.0,0.0,635491000.0,635491000.0,635491000.0,0.0,0.0,0.261,933832000.0,764213000.0,522928000.0,0.138,0.503,4.51,4.467,10352244000.0,0.0,8.13,1.177,1.165,338716000.0,3392465000.0,2435205000.0,2435205000.0,0.0,0.052,0.119,0.087,0.495,30513000.0,158343000.0,1.0,352562628.0,348962000,351167000.0,6.978,11444212000.0,0.0,387066000.0,2776569000.0,32.795,172555000.0
6,DNRCQ,MRY,2013-12-31,2013-12-31,2013-12-31,2020-11-19,-276000.0,11788737000.0,11555914250.0,414559000.0,11374178000.0,0.218,14.459,-1179457000.0,12187000.0,12187000.0,796736000.0,409597000.0,0.614,1.224,3296782000.0,36157000.0,3260625000.0,3296782000.0,0.0,509943000.0,0.0,0.0,0.0,783089000.0,1293032000.0,0.514,1293032000.0,783089000.0,642380000.0,1.12,1.11,1.12,5301406000.0,5247725000.0,5301406000.0,9272704012.0,12.0,7.171,181738000.0,0.496,1.0,1720391000.0,0.683,1283590000.0,140709000.0,13114543000.0,12877332750.0,0.0,9947000.0,5000.0,9942000.0,6487331000.0,675199000.0,5812132000.0,6024702012.0,-86324000.0,0.0,-281958000.0,132094000.0,0.0,-172210000.0,-1275309000.0,0.0,1361195000.0,0.0,409597000.0,409597000.0,409597000.0,0.0,0.0,0.163,851627000.0,868764000.0,585220000.0,0.0,1.136,14.709,14.67,9851278000.0,0.0,16.43,2.393,2.393,340342000.0,2844432000.0,2517127000.0,2517127000.0,0.0,0.035,0.078,0.061,0.311,33003000.0,145211000.0,1.0,366689106.0,366659000,369877000.0,6.865,10505147000.0,52754000.0,232783000.0,2399294000.0,28.651,-260640000.0
7,DNRCQ,MRY,2012-12-31,2012-12-31,2012-12-31,2020-11-19,-348000.0,11139342000.0,10880691500.0,1542754000.0,9596588000.0,0.226,13.278,-1705407000.0,1148526000.0,1148526000.0,599889000.0,525360000.0,2.503,1.178,3141428000.0,36966000.0,3104462000.0,3141428000.0,0.0,507538000.0,0.0,0.0,0.0,1010438000.0,1517976000.0,0.618,1517976000.0,1010438000.0,856857000.0,1.36,1.35,1.36,5114889000.0,5103937000.0,5114889000.0,9320808555.0,9.0,6.14,-294516000.0,-0.765,1.0,1856583000.0,0.756,1283590000.0,153581000.0,11232233000.0,11559772250.0,0.0,19513000.0,19477000.0,36000.0,6024453000.0,616421000.0,5408032000.0,6269342555.0,79818000.0,281669000.0,-251480000.0,314966000.0,0.0,45768000.0,-1376841000.0,83545000.0,1410891000.0,0.0,525360000.0,525360000.0,525360000.0,0.0,0.0,0.214,850979000.0,1005604000.0,576613000.0,0.0,1.226,11.933,11.912,8077110000.0,0.0,16.2,2.552,2.54,335102000.0,2434835000.0,2456472000.0,2456472000.0,0.0,0.048,0.103,0.087,0.411,29310000.0,144019000.0,1.0,386996454.0,385205000,388938000.0,6.377,9855752000.0,29156000.0,331497000.0,2153452000.0,25.586,926333000.0
8,DNRCQ,MRY,2011-12-31,2011-12-31,2011-12-31,2020-11-19,-418000.0,10184424000.0,9630549750.0,684113000.0,9500311000.0,0.24,12.137,-1369710000.0,18693000.0,18693000.0,547702000.0,573333000.0,1.035,1.119,2678045000.0,8316000.0,2669729000.0,2678045000.0,0.0,409196000.0,0.0,0.0,0.0,1088405000.0,1497601000.0,0.649,1497601000.0,1088405000.0,924045000.0,1.45,1.43,1.45,4806498000.0,4692987250.0,4806498000.0,8293892180.0,8.0,5.538,-164896000.0,-0.416,1.0,1761622000.0,0.763,1236318000.0,164360000.0,10946191000.0,10120152250.0,0.0,134113000.0,134084000.0,29000.0,5377926000.0,661267000.0,4716659000.0,5913529180.0,-363176000.0,-199263000.0,-195227000.0,233740000.0,0.0,37968000.0,-1605958000.0,0.0,1204814000.0,0.0,573333000.0,573333000.0,573333000.0,0.0,0.0,0.248,709583000.0,1052039000.0,626428000.0,0.0,1.23,10.314,10.414,8011625000.0,0.0,15.1,2.561,2.589,459135000.0,1909475000.0,2309324000.0,2309324000.0,0.0,0.06,0.122,0.108,0.471,33190000.0,125525000.0,1.0,391624449.0,396023000,400958000.0,5.831,8948106000.0,50156000.0,350712000.0,1918576000.0,22.595,22846000.0
9,DNRCQ,MRY,2010-12-31,2010-12-31,2010-12-31,2020-11-19,-488000.0,9065063000.0,9798526500.0,864318000.0,8200745000.0,0.196,11.812,459691000.0,381869000.0,381869000.0,509201000.0,285527000.0,1.492,1.069,2424156000.0,7948000.0,2416208000.0,2424156000.0,0.0,434307000.0,0.0,0.0,0.0,641379000.0,1075686000.0,0.56,1075686000.0,641379000.0,465266000.0,0.73,0.72,0.73,4380707000.0,4301469000.0,4380707000.0,10329381742.0,16.0,9.603,1315502000.0,3.547,1.0,1412590000.0,0.735,1232418000.0,176113000.0,9295587000.0,10663307500.0,0.0,130181000.0,117262000.0,12919000.0,4684356000.0,579345000.0,4105011000.0,7629877742.0,361278000.0,-784622000.0,0.0,-108888000.0,0.0,-139753000.0,-354780000.0,0.0,855811000.0,0.0,271723000.0,271723000.0,271723000.0,0.0,13804000.0,0.141,781240000.0,631350000.0,493213000.0,0.0,1.742,28.08,26.151,6737358000.0,0.0,19.09,3.97,3.684,326678000.0,1336142000.0,1921791000.0,1921791000.0,0.0,0.028,0.063,0.06,0.334,35366000.0,134121000.0,1.0,399679295.0,370876000,376255000.0,5.182,7832645000.0,27454000.0,193543000.0,1547992000.0,21.119,284973000.0
10,DNRCQ,MRY,2009-12-31,2009-12-31,2009-12-31,2020-11-19,-557000.0,4269978000.0,3991682750.0,255762000.0,4014216000.0,0.223,7.987,-945704000.0,20591000.0,20591000.0,335841000.0,-75156000.0,0.649,1.165,1306376000.0,5308000.0,1301068000.0,1306376000.0,0.0,238323000.0,0.0,0.0,0.0,-74759000.0,163564000.0,0.184,163564000.0,-74759000.0,-122189000.0,-0.3,-0.3,-0.3,1972237000.0,1837366000.0,1972237000.0,4876450400.0,-65.0,29.814,-415105000.0,-1.681,1.0,553309000.0,0.622,169517000.0,47430000.0,4992456000.0,4708974000.0,0.0,815000.0,309000.0,506000.0,2297741000.0,393790000.0,1903951000.0,3697380400.0,3522000.0,0.0,12991000.0,429747000.0,0.0,442637000.0,-969714000.0,0.0,530599000.0,0.0,-75156000.0,-75156000.0,-75156000.0,0.0,0.0,-0.085,391842000.0,161467000.0,260092000.0,0.0,1.875,-49.196,-49.333,3702872000.0,0.0,14.8,4.158,4.11,188541000.0,1064419000.0,889150000.0,889150000.0,0.0,-0.019,-0.041,-0.016,-0.084,35581000.0,101785000.0,1.0,249823000.0,246917000,246917000.0,3.601,4100461000.0,46321000.0,-47033000.0,515516000.0,16.607,-138028000.0
11,DNRCQ,MRY,2008-12-31,2008-12-31,2008-12-31,2020-11-19,-627000.0,3589674000.0,3313899500.0,415199000.0,3174475000.0,0.414,7.543,-974754000.0,17069000.0,17069000.0,375518000.0,388396000.0,1.075,0.951,857274000.0,4507000.0,852767000.0,857274000.0,24027000.0,221792000.0,0.0,0.0,0.0,656824000.0,878616000.0,0.641,878616000.0,656824000.0,624228000.0,1.59,1.54,1.59,1840068000.0,1686182250.0,1840068000.0,3303317810.0,5.0,3.76,-200235000.0,-0.821,1.0,995538000.0,0.726,0.0,32596000.0,4043812000.0,3639425500.0,0.0,329750000.0,249746000.0,80004000.0,1749606000.0,386067000.0,1363539000.0,2697704810.0,-43038000.0,0.0,13972000.0,147964000.0,0.0,177102000.0,-994659000.0,0.0,774519000.0,0.0,388396000.0,388396000.0,388396000.0,0.0,0.0,0.283,538767000.0,456771000.0,288466000.0,0.0,1.466,6.946,6.868,3002197000.0,0.0,10.92,1.968,1.943,148384000.0,1139575000.0,1371056000.0,1371056000.0,0.0,0.117,0.23,0.18,0.479,14068000.0,60374000.0,1.0,247042565.0,243935000,252530000.0,5.621,3589674000.0,0.0,235832000.0,0.0,14.716,29132000.0
12,DNRCQ,MRY,2007-12-31,2007-12-31,2007-12-31,2020-11-19,-1591000.0,2771077000.0,2546873000.0,240359000.0,2530718000.0,0.382,5.85,-691672000.0,60107000.0,60107000.0,284237000.0,253147000.0,0.908,0.973,681067000.0,737000.0,680330000.0,681067000.0,28494000.0,195900000.0,0.0,0.0,0.0,424244000.0,620144000.0,0.637,620144000.0,424244000.0,393414000.0,1.05,1.0,1.05,1404378000.0,1259735250.0,1404378000.0,7988827370.0,19.0,12.882,-121458000.0,-0.506,1.0,688823000.0,0.708,0.0,30830000.0,3127404000.0,2971390500.0,0.0,58691000.0,2283000.0,56408000.0,1366699000.0,264633000.0,1102066000.0,7267031370.0,6234000.0,-47738000.0,18222000.0,164762000.0,0.0,198533000.0,-762513000.0,0.0,570214000.0,0.0,253147000.0,253147000.0,253147000.0,0.0,0.0,0.26,244872000.0,443951000.0,231730000.0,0.0,5.175,28.707,28.333,2392875000.0,0.0,29.75,7.468,7.34,165261000.0,751179000.0,973060000.0,973060000.0,0.0,0.099,0.201,0.143,0.436,10595000.0,48972000.0,1.0,244269962.0,240065000,252101000.0,4.053,2771077000.0,12708000.0,140267000.0,0.0,11.543,-24274000.0
13,DNRCQ,MRY,2006-12-31,2006-12-31,2006-12-31,2020-11-19,0.0,2139837000.0,1919253500.0,183269000.0,1956568000.0,0.381,4.745,-847151000.0,53873000.0,53873000.0,206812000.0,202457000.0,0.915,0.935,514844000.0,671000.0,514173000.0,514844000.0,32913000.0,149165000.0,0.0,0.0,0.0,353149000.0,502314000.0,0.687,502314000.0,353149000.0,329574000.0,0.87,0.82,0.87,1106059000.0,978884000.0,1106059000.0,3756051484.0,11.0,7.477,-385341000.0,-1.653,1.0,524724000.0,0.717,0.0,23575000.0,2400410000.0,2179478000.0,0.0,26883000.0,26883000.0,0.0,1033778000.0,200398000.0,833380000.0,3335015484.0,-111216000.0,0.0,139834000.0,134000000.0,0.0,283601000.0,-856627000.0,0.0,461810000.0,0.0,202457000.0,202457000.0,202457000.0,0.0,0.0,0.277,192179000.0,332545000.0,191355000.0,0.0,3.015,16.473,15.971,1879768000.0,0.0,13.895,4.559,4.428,96658000.0,498032000.0,731536000.0,731536000.0,0.0,0.105,0.207,0.162,0.483,17246000.0,43014000.0,1.0,240015508.0,233101000,247547000.0,3.138,2139837000.0,5855000.0,127117000.0,0.0,9.18,-17129000.0
14,DNRCQ,MRY,2005-12-31,2005-12-31,2005-12-31,2020-11-19,0.0,1505069000.0,1238930750.0,299183000.0,1205886000.0,0.453,3.283,-361789000.0,165089000.0,165089000.0,138383000.0,166471000.0,1.942,1.051,380035000.0,574000.0,379461000.0,380035000.0,37093000.0,98802000.0,0.0,0.0,0.0,266019000.0,364821000.0,0.651,364821000.0,266019000.0,248041000.0,0.74,0.7,0.74,733662000.0,652904000.0,733662000.0,2822910492.0,11.0,7.738,-829000.0,-0.004,1.0,422323000.0,0.753,0.0,17978000.0,1565951000.0,1325282000.0,0.0,10829000.0,0.0,10829000.0,771407000.0,154064000.0,617343000.0,2609779492.0,132050000.0,-68620000.0,7273000.0,147504000.0,0.0,154777000.0,-383687000.0,57133000.0,360960000.0,0.0,166471000.0,166471000.0,166471000.0,0.0,0.0,0.297,127342000.0,294981000.0,146661000.0,0.0,3.557,15.677,15.392,1155970000.0,0.0,11.39,4.654,4.54,92810000.0,295575000.0,560706000.0,560706000.0,0.0,0.134,0.255,0.201,0.474,13339000.0,28540000.0,1.0,229129016.0,223485000,239267000.0,2.509,1505069000.0,41284000.0,81570000.0,0.0,6.735,145119000.0
15,DNRCQ,MRY,2004-12-31,2004-12-31,2004-12-31,2020-11-19,-4788000.0,992706000.0,1026357250.0,172846000.0,819860000.0,0.373,2.468,-168028000.0,33039000.0,33039000.0,107182000.0,82448000.0,2.085,0.833,227956000.0,375000.0,227581000.0,227956000.0,25809000.0,97527000.0,0.0,0.0,0.0,141308000.0,238835000.0,0.624,238835000.0,141308000.0,121840000.0,0.375,0.36,0.375,541672000.0,491606500.0,541672000.0,1677160412.0,12.0,7.022,624000.0,0.003,1.0,275790000.0,0.72,0.0,19468000.0,1104717000.0,1126875750.0,0.0,64911000.0,58120000.0,6791000.0,451034000.0,82906000.0,368128000.0,1546954412.0,8851000.0,141904000.0,9191000.0,-75442000.0,0.0,-66251000.0,-93550000.0,-57167000.0,168652000.0,0.0,82448000.0,82448000.0,82448000.0,0.0,0.0,0.215,118988000.0,156802000.0,74285000.0,0.0,2.856,18.763,18.3,797362000.0,0.0,6.862,4.039,3.933,56498000.0,129104000.0,382972000.0,382972000.0,0.0,0.08,0.168,0.125,0.369,3307000.0,21461000.0,1.0,225421408.0,219482000,229206000.0,1.745,992706000.0,25189000.0,39392000.0,0.0,4.523,89940000.0
16,DNRCQ,MRY,2003-12-31,2003-12-31,2003-12-31,2020-11-19,-27113000.0,982621000.0,987985250.0,108155000.0,874466000.0,0.337,1.954,-151707000.0,24188000.0,24188000.0,105968000.0,56553000.0,0.854,1.333,298203000.0,0.0,298203000.0,298203000.0,21468000.0,94708000.0,0.0,0.0,0.0,105966000.0,200674000.0,0.603,200674000.0,105966000.0,82765000.0,0.26,0.255,0.26,421202000.0,398161250.0,421202000.0,1051099331.0,10.0,5.238,45908000.0,0.213,1.0,227046000.0,0.682,0.0,23201000.0,1130062000.0,1121316500.0,0.0,7450000.0,0.0,7450000.0,561419000.0,126574000.0,434845000.0,752053331.0,248000.0,18869000.0,4269000.0,-65758000.0,0.0,-61489000.0,-135878000.0,0.0,197615000.0,0.0,56553000.0,56553000.0,56553000.0,0.0,0.0,0.17,109897000.0,117149000.0,84564000.0,0.0,1.785,13.298,13.375,852511000.0,0.0,3.478,2.258,2.251,58951000.0,46656000.0,333014000.0,333014000.0,0.0,0.057,0.142,0.095,0.318,0.0,15189000.0,1.0,216262640.0,215526000,221856000.0,1.545,982621000.0,25016000.0,26212000.0,0.0,4.559,-18419000.0
17,DNRCQ,MRY,2002-12-31,2002-12-31,2002-12-31,2020-11-19,-19288000.0,895292000.0,825743250.0,128464000.0,766828000.0,0.345,1.722,-164394000.0,23940000.0,23940000.0,84490000.0,46795000.0,1.34,1.441,344889000.0,0.0,344889000.0,344889000.0,0.0,94236000.0,0.0,0.0,0.0,97148000.0,191384000.0,0.671,191384000.0,97148000.0,70315000.0,0.22,0.215,0.22,366797000.0,353794750.0,366797000.0,950753505.0,10.0,4.968,-4794000.0,-0.023,1.0,200662000.0,0.704,0.0,26833000.0,1120362000.0,1086330500.0,0.0,2224000.0,0.0,2224000.0,528495000.0,95879000.0,432616000.0,604036505.0,444000.0,-2170000.0,3594000.0,8411000.0,0.0,12005000.0,-171161000.0,0.0,159600000.0,0.0,46795000.0,46795000.0,46795000.0,0.0,0.0,0.164,106662000.0,94000000.0,66590000.0,0.0,1.647,12.908,12.841,744085000.0,0.0,2.825,2.118,2.11,54638000.0,-9875000.0,285152000.0,285152000.0,0.0,0.057,0.132,0.089,0.341,0.0,12426000.0,1.0,213818232.0,212972000,217460000.0,1.339,895292000.0,49886000.0,23520000.0,0.0,4.204,32585000.0
18,DNRCQ,MRY,2001-12-31,2001-12-31,2001-12-31,2020-11-19,14228000.0,789988000.0,661294750.0,103278000.0,686710000.0,0.431,1.77,-313535000.0,23496000.0,23496000.0,66903000.0,56550000.0,1.292,1.262,334769000.0,0.0,334769000.0,334769000.0,0.0,71345000.0,0.0,0.0,0.0,103709000.0,175054000.0,0.614,175054000.0,103709000.0,81374000.0,0.287,0.28,0.287,349168000.0,305359750.0,349168000.0,676995889.0,7.0,3.867,-128488000.0,-0.651,1.0,218208000.0,0.765,0.0,22335000.0,1021323000.0,837841500.0,0.0,23458000.0,23458000.0,0.0,440820000.0,79938000.0,360882000.0,386210889.0,1203000.0,0.0,2594000.0,132372000.0,0.0,134986000.0,-318830000.0,0.0,185047000.0,0.0,56550000.0,56550000.0,56550000.0,0.0,0.0,0.198,114499000.0,103709000.0,79938000.0,0.0,1.106,6.83,6.368,668007000.0,0.0,1.827,1.355,1.265,55335000.0,-56670000.0,285111000.0,285111000.0,0.0,0.086,0.185,0.124,0.364,0.0,10174000.0,1.0,211332908.0,197300000,201444000.0,1.445,789988000.0,989000.0,24824000.0,0.0,4.004,23340000.0
19,DNRCQ,MRY,2000-12-31,2000-12-31,2000-12-31,2020-11-19,0.0,457379000.0,329682750.0,97990000.0,359389000.0,0.551,1.179,-131089000.0,22293000.0,22293000.0,46727000.0,142227000.0,2.526,1.116,199000000.0,0.0,199000000.0,199000000.0,0.0,36214000.0,0.0,0.0,0.0,90188000.0,126402000.0,0.696,126402000.0,90188000.0,74933000.0,0.775,0.767,0.775,216165000.0,129042500.0,216165000.0,636774536.0,7.0,5.038,-35117000.0,-0.192,1.0,134924000.0,0.743,0.0,15255000.0,595300000.0,439911500.0,0.0,4305000.0,4305000.0,0.0,241214000.0,38786000.0,202428000.0,504974536.0,10525000.0,0.0,1491000.0,46102000.0,0.0,47593000.0,-133040000.0,0.0,95972000.0,0.0,142227000.0,142227000.0,142227000.0,0.0,0.0,0.783,44736000.0,90188000.0,38786000.0,0.0,2.336,3.55,3.548,307514000.0,0.0,2.75,2.78,2.775,43266000.0,-113220000.0,181651000.0,181651000.0,0.0,0.431,1.102,0.205,0.496,0.0,8055000.0,1.0,183627104.0,183292000,185408000.0,0.991,457379000.0,67852000.0,-67294000.0,0.0,2.495,59204000.0
20,DNRCQ,MRY,1999-12-31,1999-12-31,1999-12-31,2020-11-19,0.0,252566000.0,233285500.0,30546000.0,222020000.0,0.356,0.453,-34079000.0,11768000.0,11768000.0,29691000.0,4614000.0,1.214,2.487,152500000.0,0.0,152500000.0,152500000.0,0.0,25515000.0,0.0,0.0,0.0,20409000.0,45924000.0,0.553,45924000.0,20409000.0,4614000.0,0.03,0.03,0.03,72428000.0,42330000.0,72428000.0,340050614.0,17.0,7.405,7121000.0,0.045,1.0,53299000.0,0.642,0.0,15795000.0,368136000.0,377058250.0,0.0,0.0,0.0,0.0,180138000.0,25162000.0,154976000.0,193999614.0,9719000.0,-20488000.0,100079000.0,-73265000.0,0.0,26814000.0,-58295000.0,0.0,41200000.0,0.0,4614000.0,4614000.0,4614000.0,0.0,0.0,0.056,32890000.0,20409000.0,25162000.0,0.0,2.679,42.046,35.417,210955000.0,0.0,1.063,2.338,2.045,18778000.0,-255447000.0,82990000.0,82990000.0,0.0,0.02,0.109,0.054,0.246,0.0,7029000.0,1.0,182587872.0,159712000,159948000.0,0.52,252566000.0,0.0,0.0,0.0,1.581,5384000.0
21,DNRCQ,MRY,1998-12-31,1998-12-31,1998-12-31,2020-11-19,0.0,212859000.0,351587750.0,23934000.0,188925000.0,0.238,-0.311,-102652000.0,2049000.0,2049000.0,29162000.0,-287145000.0,1.281,-7.597,225000000.0,0.0,225000000.0,225000000.0,0.0,52234000.0,0.0,0.0,0.0,-285231000.0,-232997000.0,-2.79,-232997000.0,-285231000.0,-302765000.0,-2.77,-2.77,-2.77,-32265000.0,120555500.0,-32265000.0,326345646.0,-1.0,-1.401,-82367000.0,-0.794,1.0,54344000.0,0.651,0.0,17534000.0,417122000.0,520835250.0,0.0,0.0,0.0,0.0,245124000.0,18688000.0,226436000.0,115595646.0,-7277000.0,0.0,94657000.0,-18402000.0,0.0,76235000.0,-103797000.0,0.0,20285000.0,0.0,-287145000.0,-287145000.0,-287145000.0,0.0,0.0,-3.439,339575000.0,-285231000.0,18688000.0,0.0,-3.583,-0.403,-0.389,180664000.0,0.0,1.078,1.384,1.339,21885000.0,-260061000.0,83506000.0,83506000.0,0.0,-0.817,-2.382,-0.548,-3.416,0.0,6556000.0,1.0,107206720.0,103704000,103704000.0,0.805,212859000.0,0.0,-15620000.0,0.0,2.053,5246000.0
22,DNRCQ,MRY,1997-12-31,1997-12-31,1997-12-31,2020-11-19,0.0,447548000.0,307026500.0,33380000.0,414168000.0,0.282,1.981,-305427000.0,9326000.0,9326000.0,22218000.0,14903000.0,1.088,1.793,240020000.0,20000.0,240000000.0,240020000.0,0.0,32719000.0,0.0,0.0,0.0,24909000.0,57628000.0,0.667,57628000.0,24909000.0,23798000.0,0.185,0.175,0.185,160223000.0,151363500.0,160223000.0,,,,-243110000.0,-3.005,1.0,64238000.0,0.743,0.0,1111000.0,647554000.0,392139000.0,0.0,0.0,0.0,0.0,287325000.0,30688000.0,256637000.0,495528434.0,-4127000.0,0.0,2816000.0,238389000.0,0.0,241115000.0,-307559000.0,0.0,62317000.0,0.0,14903000.0,14903000.0,14903000.0,0.0,0.0,0.172,39329000.0,24909000.0,30668000.0,0.0,3.093,33.25,25.176,408832000.0,0.0,4.657,5.732,4.358,24054000.0,27084000.0,86456000.0,86456000.0,0.0,0.049,0.098,0.064,0.288,0.0,6182000.0,1.0,106393652.0,80896000,85780000.0,1.069,447548000.0,0.0,8895000.0,15620000.0,5.532,2692000.0
23,DNRCQ,MRY,1996-12-31,1996-12-31,1996-12-31,2020-11-19,0.0,166505000.0,,29002000.0,137503000.0,,2.719,-86857000.0,13453000.0,13453000.0,13495000.0,8744000.0,1.756,0.168,192000.0,67000.0,125000.0,192000.0,0.0,17904000.0,0.0,0.0,0.0,16049000.0,33953000.0,0.633,33953000.0,16049000.0,14056000.0,0.168,0.155,0.168,142504000.0,,142504000.0,,,,-51672000.0,-0.986,1.0,40154000.0,0.748,0.0,1993000.0,136724000.0,,0.0,0.0,0.0,0.0,24001000.0,16520000.0,7481000.0,,6900000.0,209000.0,60664000.0,-411000.0,0.0,60089000.0,-88374000.0,0.0,35185000.0,0.0,8744000.0,8744000.0,8744000.0,0.0,0.0,0.163,22384000.0,17770000.0,16453000.0,0.0,,,21.756,134996000.0,0.0,3.655,,3.571,15549000.0,12181000.0,53649000.0,53649000.0,0.0,,,,0.299,0.0,4267000.0,1.0,,52416000,52416000.0,1.024,166505000.0,0.0,5312000.0,6743000.0,3.177,12482000.0
24,DNRCQ,MRY,1995-12-31,1995-12-31,1995-12-31,2020-11-19,,,,,,,,-28524000.0,,,6789000.0,714000.0,,,,,,,,8113000.0,,0.0,0.0,3166000.0,11279000.0,0.561,11279000.0,3166000.0,1081000.0,0.025,0.025,0.025,,,,,,,-21771000.0,-0.792,1.0,13320000.0,0.662,,2085000.0,,,,,,,,,,,5841000.0,0.0,26825000.0,-13571000.0,0.0,28172000.0,-29084000.0,0.0,6753000.0,0.0,714000.0,714000.0,714000.0,0.0,0.0,0.036,9954000.0,3366000.0,,0.0,,,62.4,,0.0,1.56,,2.132,,,20109000.0,20109000.0,0.0,,,,0.157,0.0,1832000.0,1.0,,27480000,27480000.0,0.732,,,367000.0,,,
0,DNRCQ,MRQ,2020-06-30,2020-06-30,2020-06-30,2020-11-19,0.0,4058035000.0,,389448000.0,3668587000.0,,1.624,-38121000.0,209276000.0,209276000.0,93016000.0,-697474000.0,0.151,4.045,2558643000.0,2374137000.0,184506000.0,2558643000.0,0.0,55414000.0,0.0,0.0,0.0,-778563000.0,-723149000.0,-6.135,-723149000.0,-778563000.0,-799180000.0,-1.41,-1.41,-1.41,804419000.0,,804419000.0,2464274619.0,-5.0,-10.478,-27152000.0,-0.055,1.0,24859000.0,0.211,0.0,20617000.0,3824228000.0,,0.0,47655000.0,47655000.0,0.0,3253616000.0,2583174000.0,670442000.0,139839619.0,208068000.0,0.0,0.0,237081000.0,0.0,230804000.0,-33705000.0,0.0,10969000.0,0.0,-697474000.0,-697474000.0,-697474000.0,0.0,0.0,-5.917,763292000.0,-738433000.0,201346000.0,0.0,0.174,-0.265,-0.26,3565471000.0,0.0,0.276,0.142,0.139,111793000.0,-1944772000.0,117875000.0,117875000.0,0.0,,,,,1087000.0,23776000.0,1.0,506481777.0,495245000,495245000.0,0.238,4058035000.0,0.0,-101706000.0,306186000.0,8.194,-2193726000.0
1,DNRCQ,MRQ,2020-03-31,2020-03-31,2020-03-31,2020-11-19,0.0,4607091000.0,,256920000.0,4350171000.0,,3.013,-11767000.0,6917000.0,6917000.0,123304000.0,74016000.0,0.993,2.093,2331352000.0,105256000.0,2226096000.0,2331352000.0,0.0,96862000.0,0.0,0.0,0.0,83346000.0,180208000.0,0.744,180208000.0,83346000.0,63400000.0,0.15,0.14,0.15,1489445000.0,,1489445000.0,2476659283.0,5.0,3.18,50075000.0,0.101,1.0,118897000.0,0.491,0.0,19946000.0,6672803000.0,,0.0,125724000.0,125724000.0,0.0,3117646000.0,258723000.0,2858923000.0,93478283.0,6529000.0,0.0,0.0,-36072000.0,0.0,-39025000.0,-16288000.0,0.0,61842000.0,0.0,74016000.0,74016000.0,74016000.0,0.0,0.0,0.306,201316000.0,-82419000.0,153467000.0,0.0,0.063,0.295,0.276,4249058000.0,0.0,0.185,0.077,0.075,113967000.0,-1247298000.0,242201000.0,242201000.0,0.0,,,,,2453000.0,9733000.0,1.0,506382897.0,494259000,586190000.0,0.49,4607091000.0,0.0,-10616000.0,406021000.0,9.321,-1803000.0
2,DNRCQ,MRQ,2019-12-31,2019-12-31,2019-12-31,2020-11-19,0.0,4691867000.0,,180611000.0,4511256000.0,,2.953,-61986000.0,516000.0,516000.0,132566000.0,23079000.0,0.496,2.322,2383697000.0,109195000.0,2274502000.0,2383697000.0,0.0,63191000.0,0.0,0.0,0.0,56723000.0,119914000.0,0.386,119914000.0,56723000.0,35763000.0,0.04,0.04,0.04,1412259000.0,,1412259000.0,3241608899.0,8.0,5.091,88579000.0,0.185,1.0,178047000.0,0.573,0.0,20960000.0,6710806000.0,,0.0,11936000.0,11936000.0,0.0,3279608000.0,364242000.0,2915366000.0,681399899.0,-2000.0,0.0,0.0,-90331000.0,0.0,-95453000.0,-55114000.0,0.0,150565000.0,0.0,23079000.0,23079000.0,23079000.0,0.0,0.0,0.074,116486000.0,61561000.0,246701000.0,0.0,0.482,3.141,3.0,4406927000.0,0.0,1.41,0.534,0.508,157725000.0,-1321314000.0,310613000.0,310613000.0,0.0,,,,,2604000.0,28332000.0,1.0,483262340.0,478235000,571202000.0,0.649,4691867000.0,0.0,12684000.0,410230000.0,9.811,-183631000.0
3,DNRCQ,MRQ,2019-09-30,2019-09-30,2019-09-30,2020-11-19,0.0,4753710000.0,,222785000.0,4530925000.0,,2.955,-61961000.0,514000.0,514000.0,134232000.0,72862000.0,0.684,2.531,2560723000.0,107336000.0,2453387000.0,2560723000.0,0.0,55064000.0,0.0,0.0,0.0,132770000.0,187834000.0,0.595,187834000.0,132770000.0,109912000.0,0.16,0.14,0.16,1346120000.0,,1346120000.0,3178642105.0,5.0,3.891,68617000.0,0.151,1.0,181221000.0,0.574,0.0,22858000.0,6988446000.0,,0.0,67098000.0,55615000.0,11483000.0,3407590000.0,325473000.0,3082117000.0,558897105.0,10508000.0,0.0,0.0,-57202000.0,0.0,-64631000.0,-55439000.0,0.0,130578000.0,0.0,72862000.0,72862000.0,72862000.0,0.0,0.0,0.231,97480000.0,83741000.0,218137000.0,0.0,0.415,1.517,1.451,4407429000.0,0.0,1.19,0.429,0.416,155165000.0,-1339232000.0,315453000.0,315453000.0,0.0,,,,,3001000.0,18266000.0,1.0,469661433.0,455487000,547205000.0,0.693,4753710000.0,0.0,37050000.0,400213000.0,10.437,-102688000.0
4,DNRCQ,MRQ,2019-06-30,2019-06-30,2019-06-30,2020-11-19,0.0,4732034000.0,,203943000.0,4528091000.0,,2.807,-69850000.0,341000.0,341000.0,132313000.0,146692000.0,0.576,2.724,2620086000.0,108568000.0,2511518000.0,2620086000.0,0.0,58264000.0,0.0,0.0,0.0,232485000.0,290749000.0,0.847,290749000.0,232485000.0,212069000.0,0.32,0.32,0.32,1270676000.0,,1270676000.0,3383860552.0,6.0,4.267,78784000.0,0.174,1.0,211052000.0,0.615,0.0,20416000.0,6997982000.0,,0.0,33935000.0,24447000.0,9488000.0,3461358000.0,353797000.0,3107561000.0,571918552.0,232000.0,0.0,0.0,-95062000.0,0.0,-81064000.0,-67338000.0,0.0,148634000.0,0.0,146692000.0,146692000.0,146692000.0,0.0,0.0,0.427,103673000.0,107379000.0,243317000.0,0.0,0.45,1.53,1.494,4416103000.0,0.0,1.24,0.414,0.406,164166000.0,-1412094000.0,343365000.0,343365000.0,0.0,,,,,3602000.0,17506000.0,1.0,461224639.0,452612000,467427000.0,0.759,4732034000.0,0.0,65377000.0,362303000.0,10.455,-149854000.0
5,DNRCQ,MRQ,2019-03-31,2019-03-31,2019-03-31,2020-11-19,0.0,4691162000.0,,206046000.0,4485116000.0,,2.478,-88564000.0,5749000.0,5749000.0,136965000.0,-25674000.0,0.588,3.191,2817691000.0,127328000.0,2690363000.0,2817691000.0,0.0,57297000.0,0.0,0.0,0.0,-19035000.0,38262000.0,0.125,38262000.0,-19035000.0,-36433000.0,-0.06,-0.06,-0.06,1119320000.0,,1119320000.0,3674682615.0,9.0,6.014,-24198000.0,-0.054,1.0,168487000.0,0.552,0.0,17398000.0,7152522000.0,,0.0,16034000.0,14012000.0,2022000.0,3571842000.0,350582000.0,3221260000.0,943906615.0,-32642000.0,0.0,0.0,-4108000.0,0.0,-5207000.0,-91801000.0,0.0,64366000.0,0.0,-25674000.0,-25674000.0,-25674000.0,0.0,0.0,-0.084,104145000.0,64342000.0,213217000.0,0.0,0.843,3.666,3.534,4379631000.0,0.0,2.05,0.662,0.649,176003000.0,-1558786000.0,305452000.0,305452000.0,0.0,,,,,3263000.0,18925000.0,1.0,460442251.0,451720000,451720000.0,0.676,4691162000.0,0.0,-10759000.0,300280000.0,10.385,-144536000.0
6,DNRCQ,MRQ,2018-12-31,2018-12-31,2018-12-31,2020-11-19,0.0,4723222000.0,,296294000.0,4426928000.0,,2.527,-116082000.0,38560000.0,38560000.0,142120000.0,174479000.0,0.812,3.137,2769336000.0,105125000.0,2664211000.0,2769336000.0,0.0,59738000.0,0.0,0.0,0.0,240359000.0,300097000.0,0.887,300097000.0,240359000.0,222645000.0,0.4,0.38,0.4,1141777000.0,,1141777000.0,3541131462.0,7.0,5.087,20073000.0,0.044,1.0,196235000.0,0.58,0.0,17714000.0,7089205000.0,,0.0,97275000.0,93080000.0,4195000.0,3581445000.0,364793000.0,3216652000.0,787534462.0,-28034000.0,0.0,0.0,-47447000.0,0.0,-47645000.0,-116544000.0,0.0,136155000.0,0.0,174479000.0,174479000.0,174479000.0,0.0,0.0,0.516,166564000.0,29671000.0,259668000.0,0.0,0.69,2.44,2.28,4318610000.0,0.0,1.71,0.534,0.502,152758000.0,-1533112000.0,338355000.0,338355000.0,0.0,,,,,3240000.0,10272000.0,1.0,460546469.0,451824000,456874000.0,0.749,4723222000.0,0.0,48166000.0,309758000.0,10.454,-68499000.0
7,DNRCQ,MRQ,2018-09-30,2018-09-30,2018-09-30,2020-11-19,0.0,4644017000.0,,288185000.0,4355832000.0,,2.134,-82067000.0,66711000.0,66711000.0,134615000.0,78419000.0,0.547,3.822,2820308000.0,126884000.0,2693424000.0,2820308000.0,0.0,51316000.0,0.0,0.0,0.0,112562000.0,163878000.0,0.415,163878000.0,112562000.0,94035000.0,0.17,0.17,0.17,963184000.0,,963184000.0,5656817396.0,22.0,12.144,65837000.0,0.146,1.0,260358000.0,0.659,0.0,18527000.0,6871179000.0,,0.0,0.0,0.0,0.0,3680833000.0,526435000.0,3154398000.0,2855951396.0,66749000.0,0.0,0.0,13339000.0,0.0,679000.0,-81834000.0,0.0,147904000.0,0.0,78419000.0,78419000.0,78419000.0,0.0,0.0,0.199,103219000.0,157139000.0,274197000.0,0.0,2.965,10.385,9.254,4255818000.0,0.0,6.2,1.954,1.914,206970000.0,-1707591000.0,394973000.0,394973000.0,0.0,,,,,3559000.0,21579000.0,1.0,460637322.0,451256000,458450000.0,0.875,4644017000.0,0.0,15616000.0,249264000.0,10.291,-238250000.0
8,DNRCQ,MRQ,2018-06-30,2018-06-30,2018-06-30,2020-11-19,0.0,4534235000.0,,224237000.0,4309998000.0,,2.043,-84960000.0,116000.0,116000.0,131235000.0,30222000.0,0.428,4.12,2800982000.0,111335000.0,2689647000.0,2800982000.0,0.0,52944000.0,0.0,0.0,0.0,55861000.0,108805000.0,0.281,108805000.0,55861000.0,39653000.0,0.07,0.07,0.07,885645000.0,,885645000.0,5172411209.0,34.0,14.178,69039000.0,0.159,1.0,255828000.0,0.661,0.0,16208000.0,6811282000.0,,0.0,0.0,0.0,0.0,3648590000.0,523819000.0,3124771000.0,2119451209.0,569000.0,0.0,0.0,-78571000.0,0.0,-69908000.0,-83522000.0,0.0,153999000.0,0.0,30222000.0,30222000.0,30222000.0,0.0,0.0,0.078,103768000.0,152060000.0,267230000.0,0.0,2.393,10.757,9.62,4211027000.0,0.0,4.81,1.589,1.564,208567000.0,-1786010000.0,387063000.0,387063000.0,0.0,,,,,2560000.0,19412000.0,1.0,440634347.0,433467000,457165000.0,0.893,4534235000.0,0.0,9431000.0,231761000.0,10.46,-299582000.0
9,DNRCQ,MRQ,2018-03-31,2018-03-31,2018-03-31,2020-11-19,0.0,4486782000.0,,214854000.0,4271928000.0,,1.757,-55303000.0,85000.0,85000.0,131242000.0,39578000.0,0.457,5.501,3053045000.0,129667000.0,2923378000.0,3053045000.0,0.0,52451000.0,0.0,0.0,0.0,70837000.0,123288000.0,0.349,123288000.0,70837000.0,53598000.0,0.1,0.09,0.1,690218000.0,,690218000.0,4185473444.0,28.0,11.761,36324000.0,0.092,1.0,221992000.0,0.628,0.0,17239000.0,7069972000.0,,0.0,1859000.0,1859000.0,0.0,3796564000.0,469770000.0,3326794000.0,1101257444.0,-327000.0,0.0,0.0,-31287000.0,0.0,-40578000.0,-51376000.0,0.0,91627000.0,0.0,39578000.0,39578000.0,39578000.0,0.0,0.0,0.112,102330000.0,119662000.0,225591000.0,0.0,1.596,6.078,5.83,4172154000.0,0.0,2.74,0.912,0.891,201398000.0,-1816232000.0,353234000.0,353234000.0,0.0,,,,,2592000.0,20232000.0,1.0,401918775.0,392742000,451543000.0,0.899,4486782000.0,0.0,14020000.0,213151000.0,11.424,-254916000.0
10,DNRCQ,MRQ,2017-12-31,2017-12-31,2017-12-31,2020-11-19,0.0,4471299000.0,,202255000.0,4269044000.0,,1.652,-65583000.0,58000.0,58000.0,113130000.0,126781000.0,0.442,5.898,3084274000.0,105188000.0,2979086000.0,3084274000.0,0.0,53265000.0,0.0,0.0,0.0,16589000.0,69854000.0,0.214,69854000.0,16589000.0,-6889000.0,0.33,0.32,0.33,648165000.0,,648165000.0,4031180493.0,28.0,11.404,58701000.0,0.15,1.0,213459000.0,0.654,0.0,23478000.0,7097458000.0,,0.0,0.0,0.0,0.0,3823134000.0,458057000.0,3365077000.0,888796493.0,294000.0,0.0,0.0,-60941000.0,0.0,-60987000.0,-63003000.0,0.0,124284000.0,0.0,126781000.0,126781000.0,126781000.0,0.0,0.0,0.388,109582000.0,103877000.0,253808000.0,0.0,1.371,5.448,5.262,4166866000.0,0.0,2.21,0.787,0.765,191527000.0,-1855810000.0,326589000.0,326589000.0,0.0,,,,,2939000.0,20503000.0,1.0,402170359.0,392368000,405809000.0,0.832,4471299000.0,0.0,-133670000.0,198099000.0,11.396,-255802000.0
11,DNRCQ,MRQ,2017-09-30,2017-09-30,2017-09-30,2020-11-19,0.0,4440929000.0,,187592000.0,4253337000.0,,1.32,-70172000.0,57000.0,57000.0,130930000.0,442000.0,0.529,7.582,3142441000.0,85002000.0,3057439000.0,3142441000.0,0.0,52101000.0,0.0,0.0,0.0,10759000.0,62860000.0,0.236,62860000.0,10759000.0,-13787000.0,0.0,0.0,0.0,517447000.0,,517447000.0,3680079542.0,-8.0,10.349,-4521000.0,-0.012,1.0,135629000.0,0.509,0.0,24546000.0,7228765000.0,,0.0,60000.0,60000.0,0.0,3923482000.0,354548000.0,3568934000.0,540081542.0,-4109000.0,0.0,0.0,-1795000.0,0.0,3756000.0,-73516000.0,0.0,65651000.0,0.0,442000.0,442000.0,442000.0,0.0,0.0,0.002,99607000.0,36022000.0,252800000.0,,1.044,-1.546,-1.473,4147174000.0,0.0,1.34,0.502,0.489,176664000.0,-1982592000.0,266559000.0,266559000.0,0.0,,,,,3274000.0,27273000.0,1.0,403045927.0,392013000,393023000.0,0.68,4440929000.0,0.0,-14229000.0,329724000.0,11.329,-166956000.0
12,DNRCQ,MRQ,2017-06-30,2017-06-30,2017-06-30,2020-11-19,0.0,4425341000.0,,186229000.0,4239112000.0,,1.319,-150796000.0,3508000.0,3508000.0,125708000.0,14399000.0,0.565,7.606,3143506000.0,83458000.0,3060048000.0,3143506000.0,0.0,51152000.0,0.0,0.0,0.0,48733000.0,99885000.0,0.382,99885000.0,48733000.0,24672000.0,0.04,0.04,0.04,514199000.0,,514199000.0,3647795222.0,-8.0,10.942,-97850000.0,-0.251,1.0,135476000.0,0.519,0.0,24061000.0,7235998000.0,,0.0,4809000.0,3572000.0,1237000.0,3911142000.0,329341000.0,3581801000.0,609456222.0,2432000.0,0.0,0.0,103188000.0,0.0,102368000.0,-152882000.0,0.0,52946000.0,0.0,14399000.0,14399000.0,14399000.0,0.0,0.0,0.055,97116000.0,38360000.0,245883000.0,0.0,1.185,-1.628,-1.577,4129184000.0,0.0,1.53,0.574,0.562,164215000.0,-1983056000.0,261184000.0,261184000.0,0.0,,,,,4835000.0,25789000.0,1.0,398337400.0,389904000,391827000.0,0.67,4425341000.0,0.0,10273000.0,345025000.0,11.35,-143112000.0
13,DNRCQ,MRQ,2017-03-31,2017-03-31,2017-03-31,2020-11-19,0.0,4308659000.0,,188269000.0,4120390000.0,,1.268,-68205000.0,1747000.0,1747000.0,128498000.0,21530000.0,0.528,7.726,3040086000.0,83701000.0,2956385000.0,3040086000.0,0.0,51195000.0,0.0,0.0,0.0,69682000.0,120877000.0,0.439,120877000.0,69682000.0,42504000.0,0.06,0.05,0.06,493759000.0,,493759000.0,4018708912.0,-4.0,-15.023,-43943000.0,-0.113,1.0,146956000.0,0.534,0.0,27178000.0,6990719000.0,,0.0,1062000.0,1062000.0,0.0,3814900000.0,356279000.0,3458621000.0,1027216912.0,325000.0,0.0,0.0,46945000.0,0.0,43476000.0,-67413000.0,0.0,24262000.0,0.0,21530000.0,21530000.0,21530000.0,0.0,0.0,0.078,101876000.0,45080000.0,253779000.0,0.0,2.08,-1.335,-1.265,4018388000.0,0.0,2.58,0.973,0.951,174136000.0,-1997455000.0,275454000.0,275454000.0,0.0,,,,,4106000.0,28241000.0,1.0,398146090.0,389397000,392997000.0,0.707,4308659000.0,0.0,20974000.0,328786000.0,11.065,-168010000.0
14,DNRCQ,MRQ,2016-12-31,2016-12-31,2016-12-31,2020-11-19,0.0,4274578000.0,,181126000.0,4093452000.0,,1.205,-71640000.0,1606000.0,1606000.0,123593000.0,-385726000.0,0.418,8.125,2993098000.0,83366000.0,2909732000.0,2993098000.0,0.0,647124000.0,0.0,0.0,0.0,-575133000.0,71991000.0,0.265,71991000.0,-575133000.0,-597271000.0,-1.01,-1.01,-1.01,468448000.0,,468448000.0,4449109644.0,-3.0,-8.102,-11776000.0,-0.03,1.0,148026000.0,0.545,0.0,22138000.0,6832574000.0,,0.0,0.0,0.0,0.0,3806130000.0,433496000.0,3372634000.0,1466131644.0,-913000.0,0.0,0.0,7826000.0,0.0,9879000.0,-70656000.0,0.0,59864000.0,0.0,-385726000.0,-385726000.0,-385726000.0,0.0,0.0,-1.42,695026000.0,-547000000.0,280851000.0,0.0,3.13,-1.502,-1.41,3988374000.0,0.0,3.68,1.503,1.41,168836000.0,-2018989000.0,271619000.0,271619000.0,0.0,,,,,5313000.0,28837000.0,1.0,398405338.0,388847000,388847000.0,0.699,4274578000.0,0.0,-211545000.0,293878000.0,10.993,-252370000.0
15,DNRCQ,MRQ,2016-09-30,2016-09-30,2016-09-30,2020-11-19,0.0,4816801000.0,,162717000.0,4654084000.0,,2.181,-2753000.0,3273000.0,3273000.0,121835000.0,-24590000.0,0.402,4.685,2986251000.0,83200000.0,2903051000.0,2986251000.0,0.0,55012000.0,0.0,0.0,0.0,-14377000.0,40635000.0,0.16,40635000.0,-14377000.0,-39155000.0,-0.06,-0.06,-0.06,847344000.0,,847344000.0,4366080296.0,-2.0,-2.344,93662000.0,0.241,1.0,132150000.0,0.52,0.0,24778000.0,7394534000.0,,0.0,307000.0,307000.0,0.0,3969457000.0,405245000.0,3564212000.0,1286595296.0,728000.0,0.0,0.0,-88361000.0,0.0,-89200000.0,-6487000.0,0.0,96415000.0,0.0,-24590000.0,-24590000.0,-24590000.0,0.0,0.0,-0.097,175577000.0,-43427000.0,247816000.0,0.0,1.518,-0.872,-0.773,4489338000.0,0.0,3.23,1.321,1.289,147899000.0,-1633264000.0,253985000.0,253985000.0,0.0,,,,,5560000.0,24643000.0,1.0,398326717.0,388572000,388572000.0,0.654,4816801000.0,0.0,-14565000.0,505689000.0,12.396,-242528000.0
16,DNRCQ,MRQ,2016-06-30,2016-06-30,2016-06-30,2020-11-19,0.0,4989973000.0,,212819000.0,4777154000.0,,2.335,-60655000.0,2545000.0,2545000.0,114089000.0,-380668000.0,0.487,4.767,3082030000.0,83762000.0,2998268000.0,3082030000.0,0.0,66541000.0,0.0,0.018,0.0,-567550000.0,-501009000.0,-1.964,-501009000.0,-567550000.0,-603608000.0,-1.03,-1.03,-1.03,865304000.0,,865304000.0,4505794302.0,-1.0,-0.955,260000.0,0.001,1.0,141059000.0,0.553,0.0,36058000.0,7632544000.0,,0.0,4730000.0,4699000.0,31000.0,4124669000.0,436914000.0,3687755000.0,1258632302.0,-5707000.0,0.0,0.0,3051000.0,0.0,-6056000.0,-60566000.0,0.0,60915000.0,0.0,-380668000.0,-380668000.0,-380668000.0,0.0,0.0,-1.492,622678000.0,-481619000.0,246047000.0,0.0,1.455,-0.341,-0.341,4615047000.0,0.0,3.59,1.23,1.3,191173000.0,-1608701000.0,255148000.0,255148000.0,0.0,,,,,3263000.0,22545000.0,1.0,350593956.0,370566000,370566000.0,0.689,4989973000.0,0.0,-222940000.0,519207000.0,13.466,-224095000.0
17,DNRCQ,MRQ,2016-03-31,2016-03-31,2016-03-31,2020-11-19,0.0,5538547000.0,,272975000.0,5265572000.0,,3.114,-66551000.0,8252000.0,8252000.0,116248000.0,-185193000.0,0.841,4.122,3255414000.0,32917000.0,3222497000.0,3255414000.0,0.0,77366000.0,0.0,0.057,0.0,-238142000.0,-160776000.0,-0.825,-160776000.0,-238142000.0,-280313000.0,-0.53,-0.53,-0.53,1081278000.0,,1081278000.0,4086338874.0,-1.0,-0.703,-64522000.0,-0.186,1.0,78596000.0,0.403,0.0,42171000.0,8461307000.0,,0.0,72798000.0,72798000.0,0.0,4457269000.0,324402000.0,4132867000.0,778803874.0,5440000.0,0.0,0.0,72092000.0,0.0,70365000.0,-66954000.0,0.0,2029000.0,0.0,-185193000.0,-185193000.0,-185193000.0,0.0,0.0,-0.95,388903000.0,-310307000.0,266480000.0,0.0,0.72,-0.175,-0.174,5101797000.0,0.0,2.22,0.68,0.673,183162000.0,-1228039000.0,194844000.0,194844000.0,0.0,,,,,859000.0,33901000.0,1.0,350812556.0,347235000,347235000.0,0.561,5538547000.0,0.0,-95120000.0,742148000.0,15.95,-51427000.0
18,DNRCQ,MRQ,2015-12-31,2015-12-31,2015-12-31,2020-11-19,0.0,5885533000.0,,343169000.0,5542364000.0,,3.611,-122287000.0,2812000.0,2812000.0,144923000.0,-885077000.0,0.92,3.713,3277595000.0,32481000.0,3245114000.0,3277595000.0,0.0,112356000.0,0.0,0.094,0.0,-1354021000.0,-1241665000.0,-4.605,-1241665000.0,-1354021000.0,-1394102000.0,-2.56,-2.56,-2.56,1248912000.0,,1248912000.0,4054488357.0,-1.0,-0.72,42620000.0,0.123,1.0,124694000.0,0.462,0.0,40081000.0,8787301000.0,,0.0,142846000.0,142846000.0,0.0,4636621000.0,373015000.0,4263606000.0,709347357.0,-9400000.0,0.0,0.0,-43489000.0,-4000.0,-51662000.0,-122645000.0,0.0,164907000.0,0.0,-885077000.0,-885077000.0,-885077000.0,0.0,0.0,-3.283,1500536000.0,-1375842000.0,340534000.0,0.0,0.568,-0.162,-0.161,5375809000.0,0.0,2.02,0.564,0.56,187506000.0,-1058954000.0,269617000.0,269617000.0,0.0,,,,,7967000.0,27430000.0,1.0,351162058.0,345847000,345847000.0,0.78,5885533000.0,0.0,-509025000.0,852089000.0,17.018,-29846000.0
19,DNRCQ,MRQ,2015-09-30,2015-09-30,2015-09-30,2020-11-19,-157000.0,7355152000.0,,465617000.0,6889535000.0,,6.103,-120713000.0,12212000.0,12212000.0,129377000.0,-2244126000.0,1.175,2.443,3357353000.0,36038000.0,3321315000.0,3357353000.0,0.0,121406000.0,0.0,0.103,0.063,-2935781000.0,-2814375000.0,-9.27,-2814375000.0,-2935781000.0,-2975006000.0,-6.41,-6.41,-6.41,2136332000.0,,2136332000.0,4372132569.0,-1.0,-1.21,151963000.0,0.434,1.0,174223000.0,0.574,0.0,39225000.0,10304165000.0,,0.0,199431000.0,199431000.0,0.0,5218820000.0,396128000.0,4822692000.0,867299569.0,7799000.0,0.0,0.0,-148516000.0,-21894000.0,-173849000.0,-91028000.0,0.0,272676000.0,0.0,-2244126000.0,-2244126000.0,-2244126000.0,0.0,0.0,-7.392,3202032000.0,-3027809000.0,352206000.0,-0.01,0.406,-0.276,-0.272,6681858000.0,0.0,2.44,0.589,0.58,242216000.0,-173892000.0,303600000.0,303600000.0,0.0,,,,,7670000.0,32907000.0,1.0,355450643.0,350052000,350052000.0,0.867,7355152000.0,0.0,-730880000.0,1344131000.0,21.012,69489000.0
20,DNRCQ,MRQ,2015-06-30,2015-06-30,2015-06-30,2020-11-19,-174000.0,10495303000.0,,558382000.0,9936921000.0,,12.57,-123238000.0,4413000.0,4413000.0,147330000.0,-1148499000.0,1.459,1.385,3509246000.0,38105000.0,3471141000.0,3509246000.0,0.0,147940000.0,0.0,0.039,0.063,-1744804000.0,-1596864000.0,-4.239,-1596864000.0,-1744804000.0,-1784667000.0,-3.28,-3.28,-3.28,4400034000.0,,4400034000.0,5896835474.0,-8.0,-34.647,165719000.0,0.473,1.0,229364000.0,0.609,1261512000.0,39863000.0,12355983000.0,,0.0,268721000.0,268025000.0,696000.0,6095269000.0,382641000.0,5712628000.0,2270092474.0,-1608000.0,0.0,0.0,-132122000.0,-21460000.0,-146631000.0,-143934000.0,0.0,288957000.0,0.0,-1148499000.0,-1148499000.0,-1148499000.0,0.0,0.0,-3.049,1925242000.0,-1695878000.0,343895000.0,-0.019,0.516,-3.639,-3.573,8461793000.0,0.0,6.36,1.257,1.233,262799000.0,2092350000.0,376694000.0,376694000.0,0.0,,,,,7118000.0,37947000.0,1.0,356932779.0,350039000,350039000.0,1.076,9233791000.0,8060000.0,-636168000.0,2084208000.0,26.379,175741000.0
21,DNRCQ,MRQ,2015-03-31,2015-03-31,2015-03-31,2020-11-19,-192000.0,12468056000.0,,768654000.0,11699402000.0,,15.922,-189502000.0,6021000.0,6021000.0,153716000.0,-107746000.0,2.014,1.233,3632764000.0,36679000.0,3596085000.0,3632764000.0,0.0,149958000.0,0.0,0.034,0.063,-132108000.0,17850000.0,0.058,17850000.0,-132108000.0,-172207000.0,-0.31,-0.31,-0.31,5583481000.0,,5583481000.0,6148089824.0,7.0,4.01,-51738000.0,-0.148,1.0,153933000.0,0.5,1283590000.0,40099000.0,14429535000.0,,0.0,441158000.0,421702000.0,19456000.0,6884575000.0,381674000.0,6502901000.0,2599872824.0,-17132000.0,0.0,0.0,70000000.0,-22068000.0,37682000.0,-192578000.0,0.0,137764000.0,0.0,-107746000.0,-107746000.0,-107746000.0,0.0,0.0,-0.35,369117000.0,-215184000.0,344995000.0,-0.203,0.466,5.538,5.44,10180074000.0,0.0,7.29,1.237,1.217,288029000.0,3262508000.0,307649000.0,307649000.0,0.0,,,,,7849000.0,46280000.0,1.0,356635504.0,350688000,350688000.0,0.877,11184466000.0,42268000.0,-64461000.0,2752857000.0,31.893,386980000.0
22,DNRCQ,MRQ,2014-12-31,2014-12-31,2014-12-31,2020-11-19,-209000.0,12727802000.0,,812680000.0,11915122000.0,,16.35,-288973000.0,23153000.0,23153000.0,175841000.0,363633000.0,1.27,1.231,3571370000.0,35470000.0,3535900000.0,3571370000.0,0.0,157118000.0,0.0,0.031,0.063,624067000.0,781185000.0,1.615,781185000.0,624067000.0,581200000.0,1.04,1.04,1.04,5703856000.0,,5703856000.0,6441824166.0,5.0,3.582,48755000.0,0.14,1.0,307843000.0,0.636,1283590000.0,42867000.0,14352304000.0,,0.0,506546000.0,440359000.0,66187000.0,7023946000.0,640125000.0,6383821000.0,2866334166.0,3717000.0,0.0,0.0,-55237000.0,-21803000.0,-46179000.0,-287832000.0,0.0,337728000.0,0.0,363633000.0,363633000.0,363633000.0,0.0,0.0,0.752,238206000.0,69637000.0,522928000.0,0.061,0.503,4.51,4.467,10352244000.0,0.0,8.13,1.177,1.165,338716000.0,3392465000.0,483684000.0,483684000.0,0.0,,,,,4409000.0,35332000.0,1.0,352562628.0,348869000,350627000.0,1.386,11444212000.0,0.0,217567000.0,2776569000.0,32.804,172555000.0
23,DNRCQ,MRQ,2014-09-30,2014-09-30,2014-09-30,2020-11-19,-226000.0,12140053000.0,,416486000.0,11723567000.0,,15.353,-269219000.0,19436000.0,19436000.0,181960000.0,268748000.0,0.745,1.269,3594926000.0,34712000.0,3560214000.0,3594926000.0,0.0,146560000.0,0.0,0.013,0.063,481070000.0,627630000.0,0.984,627630000.0,481070000.0,436318000.0,0.77,0.77,0.77,5349769000.0,,5349769000.0,8920551209.0,12.0,6.701,71173000.0,0.204,1.0,455697000.0,0.715,1283590000.0,44752000.0,13873102000.0,,0.0,56326000.0,29862000.0,26464000.0,6790284000.0,558851000.0,6231433000.0,5294908209.0,7390000.0,0.0,0.0,-35000000.0,-21780000.0,-60981000.0,-272021000.0,0.0,340392000.0,0.0,268748000.0,268748000.0,268748000.0,0.0,0.0,0.421,226892000.0,228805000.0,523605000.0,0.082,0.99,14.633,14.592,10196682000.0,0.0,15.03,2.076,2.053,346868000.0,3050743000.0,637657000.0,637657000.0,0.0,,,,,8887000.0,40366000.0,1.0,352289302.0,348454000,350918000.0,1.83,10856463000.0,6127000.0,167570000.0,2521670000.0,31.156,-142365000.0
24,DNRCQ,MRQ,2014-06-30,2014-06-30,2014-06-30,2020-11-19,-244000.0,11999677000.0,,422973000.0,11576704000.0,,14.629,-277516000.0,12046000.0,12046000.0,186989000.0,-55200000.0,0.575,1.358,3637689000.0,35533000.0,3602156000.0,3637689000.0,0.0,148164000.0,0.0,0.007,0.063,-41514000.0,106650000.0,0.159,106650000.0,-41514000.0,-88064000.0,-0.16,-0.16,-0.16,5087946000.0,,5087946000.0,10032633353.0,22.0,9.806,52331000.0,0.15,1.0,485131000.0,0.722,1283590000.0,46550000.0,13605702000.0,,0.0,94000.0,0.0,94000.0,6911731000.0,736028000.0,6175703000.0,6492101353.0,4154000.0,0.0,0.0,-21238000.0,-21734000.0,-45545000.0,-280148000.0,0.0,329847000.0,0.0,-55200000.0,-55200000.0,-55200000.0,0.0,0.0,-0.082,237966000.0,247165000.0,515041000.0,-0.394,1.276,33.266,34.185,10071423000.0,0.0,18.46,2.499,2.471,353284000.0,2803876000.0,672120000.0,672120000.0,0.0,,,,,8871000.0,38952000.0,1.0,351684797.0,347803000,347803000.0,1.932,10716087000.0,42301000.0,-32864000.0,2390501000.0,30.811,-313055000.0
25,DNRCQ,MRQ,2014-03-31,2014-03-31,2014-03-31,2020-11-19,-261000.0,11867958000.0,,423584000.0,11444374000.0,,14.677,-236743000.0,7892000.0,7892000.0,192370000.0,58310000.0,0.669,1.305,3548424000.0,36383000.0,3512041000.0,3548424000.0,0.0,141130000.0,0.0,0.004,0.063,141937000.0,283067000.0,0.441,283067000.0,141937000.0,93103000.0,0.17,0.17,0.17,5147908000.0,,5147908000.0,9122715003.0,12.0,7.098,-21885000.0,-0.062,1.0,449374000.0,0.7,1283590000.0,48834000.0,13491636000.0,,0.0,541000.0,0.0,541000.0,6720050000.0,633264000.0,6086786000.0,5838120003.0,-4295000.0,0.0,-211356000.0,260000000.0,-21727000.0,17601000.0,-236754000.0,0.0,214858000.0,0.0,58310000.0,58310000.0,58310000.0,0.0,0.0,0.091,230768000.0,218606000.0,507696000.0,0.371,1.134,15.35,15.619,9931977000.0,0.0,16.4,2.267,2.233,359648000.0,2880911000.0,641744000.0,641744000.0,0.0,,,,,8346000.0,43693000.0,1.0,355982927.0,350747000,352925000.0,1.83,10584368000.0,45264000.0,34793000.0,2422004000.0,30.177,-209680000.0
26,DNRCQ,MRQ,2013-12-31,2013-12-31,2013-12-31,2020-11-19,-276000.0,11788737000.0,,414559000.0,11374178000.0,,14.631,-287916000.0,12187000.0,12187000.0,207149000.0,89992000.0,0.614,1.224,3296782000.0,36157000.0,3260625000.0,3296782000.0,0.0,144543000.0,0.0,0.0,0.0,169346000.0,313889000.0,0.524,313889000.0,169346000.0,129774000.0,0.25,0.25,0.25,5301406000.0,,5301406000.0,9272704012.0,12.0,7.171,61070000.0,0.169,1.0,391973000.0,0.654,1283590000.0,39572000.0,13114543000.0,,0.0,9947000.0,5000.0,9942000.0,6487331000.0,675199000.0,5812132000.0,6024702012.0,-14361000.0,0.0,-66761000.0,29865000.0,0.0,-39741000.0,-323606000.0,0.0,348986000.0,0.0,89992000.0,89992000.0,89992000.0,0.0,0.0,0.15,228477000.0,163496000.0,585220000.0,0.0,1.136,14.709,14.67,9851278000.0,0.0,16.43,2.393,2.393,340342000.0,2844432000.0,599122000.0,599122000.0,0.0,,,,,9229000.0,33971000.0,1.0,366689106.0,362333000,365560000.0,1.654,10505147000.0,52754000.0,39782000.0,2399294000.0,28.993,-260640000.0
27,DNRCQ,MRQ,2013-09-30,2013-09-30,2013-09-30,2020-11-19,-294000.0,11609645000.0,,439794000.0,11169851000.0,,14.403,-268686000.0,26548000.0,26548000.0,198218000.0,102054000.0,0.728,1.202,3274550000.0,35581000.0,3238969000.0,3274550000.0,0.0,125595000.0,0.0,0.0,0.0,193866000.0,319461000.0,0.466,319461000.0,193866000.0,159365000.0,0.28,0.28,0.28,5272828000.0,,5272828000.0,10022505945.0,12.0,7.537,36779000.0,0.1,1.0,486617000.0,0.711,1283590000.0,34501000.0,12970309000.0,,0.0,3137000.0,167000.0,2970000.0,6336817000.0,603748000.0,5733069000.0,6865311945.0,-49317000.0,0.0,-114774000.0,50000000.0,0.0,-68652000.0,-286130000.0,0.0,305465000.0,0.0,102054000.0,102054000.0,102054000.0,0.0,0.0,0.149,212305000.0,274312000.0,527906000.0,0.0,1.302,15.809,15.735,9642947000.0,0.0,18.41,2.717,2.667,365776000.0,2754440000.0,684835000.0,684835000.0,0.0,,,,,8103000.0,35969000.0,1.0,372912110.0,366088000,369142000.0,1.871,10326055000.0,34422000.0,57311000.0,2328131000.0,28.206,-163954000.0
28,DNRCQ,MRQ,2013-06-30,2013-06-30,2013-06-30,2020-11-19,-311000.0,11508510000.0,,484058000.0,11024452000.0,,14.29,-319070000.0,75865000.0,75865000.0,237309000.0,129980000.0,0.788,1.183,3233059000.0,34148000.0,3198911000.0,3233059000.0,0.0,126907000.0,0.0,0.0,0.0,241908000.0,368815000.0,0.567,368815000.0,241908000.0,211306000.0,0.35,0.35,0.35,5270786000.0,,5270786000.0,9647016643.0,12.0,7.284,118498000.0,0.321,1.0,412775000.0,0.635,1283590000.0,30602000.0,12767762000.0,,0.0,28627000.0,9915000.0,18712000.0,6237724000.0,614352000.0,5623372000.0,6463213643.0,13596000.0,0.0,-19021000.0,-55047000.0,0.0,-79045000.0,-344927000.0,0.0,437568000.0,0.0,129980000.0,129980000.0,129980000.0,0.0,0.0,0.2,215940000.0,196835000.0,578309000.0,0.0,1.226,15.478,15.604,9473887000.0,0.0,17.32,2.646,2.615,351386000.0,2652386000.0,650084000.0,650084000.0,0.0,,,,,7763000.0,33382000.0,1.0,373164760.0,368850000,371969000.0,1.762,10224920000.0,30392000.0,81326000.0,2283028000.0,27.721,-130294000.0
29,DNRCQ,MRQ,2013-03-31,2013-03-31,2013-03-31,2020-11-19,-328000.0,11316765000.0,,499846000.0,10816919000.0,,13.931,-303785000.0,112729000.0,112729000.0,154060000.0,87571000.0,0.892,1.199,3296532000.0,34033000.0,3262499000.0,3296532000.0,0.0,112898000.0,0.0,0.0,0.0,177969000.0,290867000.0,0.499,290867000.0,177969000.0,141935000.0,0.24,0.23,0.24,5145880000.0,,5145880000.0,8957979434.0,9.0,6.084,-34609000.0,-0.094,1.0,429026000.0,0.736,1283590000.0,36034000.0,12656717000.0,,0.0,4376000.0,3981000.0,395000.0,6170885000.0,560261000.0,5610624000.0,6965077434.0,-36242000.0,0.0,-81402000.0,107276000.0,0.0,15228000.0,-320646000.0,0.0,269176000.0,0.0,87571000.0,87571000.0,87571000.0,0.0,0.0,0.15,194905000.0,234121000.0,518556000.0,0.0,1.354,13.945,14.237,9285701000.0,0.0,18.65,2.909,2.877,341911000.0,2522406000.0,583086000.0,583086000.0,0.0,,,,,7908000.0,41889000.0,1.0,373462597.0,369396000,372867000.0,1.578,10033175000.0,24799000.0,54364000.0,2192946000.0,27.161,-60415000.0
30,DNRCQ,MRQ,2012-12-31,2012-12-31,2012-12-31,2020-11-19,-348000.0,11139342000.0,,1542754000.0,9596588000.0,,13.468,-409722000.0,1148526000.0,1148526000.0,160710000.0,114661000.0,2.503,1.178,3141428000.0,36966000.0,3104462000.0,3141428000.0,0.0,117419000.0,0.0,0.0,0.0,233201000.0,350620000.0,0.576,350620000.0,233201000.0,195365000.0,0.3,0.3,0.3,5114889000.0,,5114889000.0,9320808555.0,9.0,6.14,-24957000.0,-0.066,1.0,448494000.0,0.736,1283590000.0,37836000.0,11232233000.0,,0.0,19513000.0,19477000.0,36000.0,6024453000.0,616421000.0,5408032000.0,6269342555.0,74477000.0,281669000.0,-234733000.0,74983000.0,0.0,-171419000.0,-138869000.0,0.0,384765000.0,0.0,114661000.0,114661000.0,114661000.0,0.0,0.0,0.188,187924000.0,260570000.0,576613000.0,0.0,1.226,11.933,11.912,8077110000.0,0.0,16.2,2.552,2.54,335102000.0,2434835000.0,609204000.0,609204000.0,0.0,,,,,6648000.0,34388000.0,1.0,386996454.0,379775000,383190000.0,1.604,9855752000.0,29156000.0,80704000.0,2153452000.0,25.952,926333000.0
31,DNRCQ,MRQ,2012-09-30,2012-09-30,2012-09-30,2020-11-19,-366000.0,11105946000.0,,508768000.0,10597178000.0,,13.469,-376625000.0,24034000.0,24034000.0,146389000.0,85367000.0,0.792,1.128,3075500000.0,36635000.0,3038865000.0,3075500000.0,0.0,136935000.0,0.0,0.0,0.0,177206000.0,314141000.0,0.523,314141000.0,177206000.0,139379000.0,0.22,0.22,0.22,5219220000.0,,5219220000.0,9271865886.0,10.0,6.656,-83119000.0,-0.214,1.0,453982000.0,0.756,1363547000.0,37827000.0,12151255000.0,,0.0,29640000.0,16820000.0,12820000.0,5886726000.0,642610000.0,5244116000.0,6321740886.0,-4079000.0,0.0,-16747000.0,104994000.0,0.0,91163000.0,-388748000.0,0.0,293506000.0,0.0,85367000.0,85367000.0,85367000.0,0.0,0.0,0.142,215145000.0,238837000.0,603580000.0,0.0,1.211,13.645,13.467,8981651000.0,0.0,16.16,2.565,2.541,439901000.0,2320174000.0,600371000.0,600371000.0,0.0,,,,,7413000.0,38198000.0,1.0,391196837.0,387512000,390909000.0,1.549,9742399000.0,18168000.0,54012000.0,2095850000.0,25.141,-133842000.0
32,DNRCQ,MRQ,2012-06-30,2012-06-30,2012-06-30,2020-11-19,-383000.0,10935416000.0,,545760000.0,10389656000.0,,13.31,-551660000.0,28113000.0,28113000.0,137791000.0,211865000.0,0.797,1.122,2978238000.0,36168000.0,2942070000.0,2978238000.0,0.0,132289000.0,0.0,0.0,0.0,384405000.0,516694000.0,0.859,516694000.0,384405000.0,342801000.0,0.55,0.54,0.55,5153197000.0,,5153197000.0,8421561261.0,7.0,5.068,-110694000.0,-0.286,1.0,463990000.0,0.771,1363547000.0,41604000.0,11837389000.0,,0.0,94436000.0,57764000.0,36672000.0,5782219000.0,684605000.0,5097614000.0,5902505261.0,-49253000.0,0.0,0.0,75000000.0,0.0,70122000.0,-560341000.0,0.0,440966000.0,0.0,211865000.0,211865000.0,211865000.0,0.0,0.0,0.352,218694000.0,245296000.0,646621000.0,0.0,1.145,9.031,9.048,8754309000.0,0.0,15.11,2.418,2.397,429564000.0,2234807000.0,601781000.0,601781000.0,0.0,,,,,7336000.0,34826000.0,1.0,390635689.0,387159000,390702000.0,1.554,9571869000.0,12152000.0,130936000.0,2047967000.0,24.723,-138845000.0
33,DNRCQ,MRQ,2012-03-31,2012-03-31,2012-03-31,2020-11-19,-400000.0,10342062000.0,,758035000.0,9584027000.0,,12.756,-367400000.0,217497000.0,217497000.0,154999000.0,113467000.0,1.25,1.098,2736553000.0,8853000.0,2727700000.0,2736553000.0,0.0,120895000.0,0.0,0.0,0.0,215626000.0,336521000.0,0.522,336521000.0,215626000.0,179312000.0,0.29,0.29,0.29,4928442000.0,,4928442000.0,9774206861.0,8.0,5.7,-75746000.0,-0.196,1.0,490117000.0,0.76,1236318000.0,36314000.0,11018212000.0,,0.0,24260000.0,23015000.0,1245000.0,5413620000.0,606588000.0,4807032000.0,7114854861.0,58673000.0,0.0,0.0,59989000.0,0.0,55902000.0,-288883000.0,83545000.0,291654000.0,0.0,113467000.0,113467000.0,113467000.0,0.0,0.0,0.176,229216000.0,260901000.0,555763000.0,0.0,1.444,10.15,10.299,8104670000.0,0.0,18.23,2.916,2.886,453931000.0,2022942000.0,645116000.0,645116000.0,0.0,,,,,7913000.0,36607000.0,1.0,390282768.0,386367000,390943000.0,1.67,9105744000.0,47641000.0,65845000.0,1953253000.0,23.568,151447000.0
34,DNRCQ,MRQ,2011-12-31,2011-12-31,2011-12-31,2020-11-19,-418000.0,10184424000.0,,684113000.0,9500311000.0,,12.357,-436809000.0,18693000.0,18693000.0,141657000.0,52607000.0,1.035,1.119,2678045000.0,8316000.0,2669729000.0,2678045000.0,0.0,110129000.0,0.0,0.0,0.0,115586000.0,225715000.0,0.366,225715000.0,115586000.0,79869000.0,0.14,0.14,0.14,4806498000.0,,4806498000.0,8293892180.0,8.0,5.538,-71087000.0,-0.183,1.0,475600000.0,0.771,1236318000.0,35717000.0,10946191000.0,,0.0,134113000.0,134084000.0,29000.0,5377926000.0,661267000.0,4716659000.0,5913529180.0,-5670000.0,-30000.0,-207575000.0,274981000.0,0.0,76314000.0,-447706000.0,0.0,365722000.0,0.0,52607000.0,52607000.0,52607000.0,0.0,0.0,0.085,200203000.0,275397000.0,626428000.0,0.0,1.23,10.314,10.414,8011625000.0,0.0,15.1,2.561,2.589,459135000.0,1909475000.0,617257000.0,617257000.0,0.0,,,,,5670000.0,27884000.0,1.0,391624449.0,388979000,393107000.0,1.587,8948106000.0,50156000.0,27262000.0,1918576000.0,23.004,22846000.0
35,DNRCQ,MRQ,2011-09-30,2011-09-30,2011-09-30,2020-11-19,-7361000.0,9886933000.0,,664708000.0,9222225000.0,,12.369,-316971000.0,24363000.0,24363000.0,140951000.0,275670000.0,1.033,1.003,2404726000.0,8177000.0,2396549000.0,2404726000.0,0.0,101978000.0,0.0,0.0,0.0,480937000.0,582915000.0,1.011,582915000.0,480937000.0,443320000.0,0.69,0.68,0.69,4935772000.0,,4935772000.0,6801970393.0,6.0,4.653,-1232000.0,-0.003,1.0,435554000.0,0.756,1236094000.0,37617000.0,10387682000.0,,0.0,255072000.0,198612000.0,56460000.0,4951161000.0,643520000.0,4307641000.0,4627028393.0,-97429000.0,-199233000.0,3145000.0,110170000.0,0.0,112244000.0,-525412000.0,0.0,315739000.0,0.0,275670000.0,275670000.0,275670000.0,0.0,0.0,0.478,164771000.0,270783000.0,588764000.0,0.0,0.937,8.712,8.779,7681644000.0,0.0,11.5,2.093,2.075,441733000.0,1856868000.0,576505000.0,576505000.0,0.0,,,,,9388000.0,26613000.0,1.0,402350295.0,399040000,403311000.0,1.445,8650839000.0,0.0,167650000.0,1837119000.0,21.679,21188000.0
36,DNRCQ,MRQ,2011-06-30,2011-06-30,2011-06-30,2020-11-19,-3429000.0,9339423000.0,,659483000.0,8679940000.0,,11.661,-341775000.0,121792000.0,121792000.0,134048000.0,259246000.0,1.097,1.009,2296734000.0,8622000.0,2288112000.0,2296734000.0,0.0,103495000.0,0.0,0.0,0.0,466051000.0,569546000.0,0.947,569546000.0,466051000.0,423802000.0,0.65,0.64,0.65,4648314000.0,,4648314000.0,10263117460.0,15.0,9.389,56746000.0,0.142,1.0,467349000.0,0.777,1232418000.0,42249000.0,9680838000.0,,0.0,125151000.0,107542000.0,17609000.0,4691109000.0,601109000.0,4090000000.0,8037747460.0,-6065000.0,0.0,3950000.0,-60281000.0,0.0,-56789000.0,-347797000.0,0.0,398521000.0,0.0,259246000.0,259246000.0,259246000.0,0.0,0.0,0.431,173854000.0,293495000.0,506790000.0,0.0,1.729,28.25,28.986,7214481000.0,0.0,20.0,3.825,3.794,408052000.0,1581198000.0,601397000.0,601397000.0,0.0,,,,,7931000.0,28709000.0,1.0,401887373.0,398631000,403919000.0,1.509,8107005000.0,22097000.0,164556000.0,1687839000.0,20.337,58374000.0
37,DNRCQ,MRQ,2011-03-31,2011-03-31,2011-03-31,2020-11-19,3692000.0,9111419000.0,,721663000.0,8389756000.0,,11.025,-274155000.0,127857000.0,127857000.0,131046000.0,-14190000.0,1.13,1.08,2353227000.0,8446000.0,2344781000.0,2353227000.0,0.0,93594000.0,0.0,0.0,0.0,25831000.0,119425000.0,0.232,119425000.0,25831000.0,-22946000.0,-0.04,-0.04,-0.04,4381365000.0,,4381365000.0,11827223678.0,25.0,12.954,-149323000.0,-0.376,1.0,383119000.0,0.745,1232418000.0,48777000.0,9465898000.0,,0.0,128281000.0,119078000.0,9203000.0,4730054000.0,638473000.0,4091581000.0,9784936678.0,-254012000.0,0.0,5253000.0,-91130000.0,0.0,-93801000.0,-285043000.0,0.0,124832000.0,0.0,-14190000.0,-14190000.0,-14190000.0,0.0,0.0,-0.028,170755000.0,212364000.0,407616000.0,0.0,2.233,60.91,64.211,6928028000.0,0.0,24.4,4.899,4.855,402176000.0,1321952000.0,514165000.0,514165000.0,0.0,,,,,10201000.0,42319000.0,1.0,401021995.0,397386000,397386000.0,1.294,7879001000.0,72552000.0,-8756000.0,1589912000.0,19.827,83190000.0
38,DNRCQ,MRQ,2010-12-31,2010-12-31,2010-12-31,2020-11-19,-488000.0,9065063000.0,,864318000.0,8200745000.0,,11.041,310642000.0,381869000.0,381869000.0,54974000.0,3760000.0,1.492,1.069,2424156000.0,7948000.0,2416208000.0,2424156000.0,0.0,111624000.0,0.0,0.0,0.0,78187000.0,189811000.0,0.366,189811000.0,78187000.0,25304000.0,0.01,0.01,0.01,4380707000.0,,4380707000.0,10329381742.0,16.0,9.603,573678000.0,1.446,1.0,464083000.0,0.894,1232418000.0,52883000.0,9295587000.0,,0.0,130181000.0,117262000.0,12919000.0,4684356000.0,579345000.0,4105011000.0,7629877742.0,295524000.0,-133347000.0,-8614000.0,-126019000.0,0.0,-132885000.0,165373000.0,0.0,263036000.0,0.0,10364000.0,10364000.0,10364000.0,0.0,-6604000.0,0.02,278288000.0,185795000.0,493213000.0,0.0,1.742,28.08,26.151,6737358000.0,0.0,19.09,3.97,3.684,326678000.0,1336142000.0,519057000.0,519057000.0,0.0,,,,,8040000.0,33105000.0,1.0,399679295.0,396781000,402718000.0,1.308,7832645000.0,27454000.0,14940000.0,1547992000.0,19.74,284973000.0
39,DNRCQ,MRQ,2010-09-30,2010-09-30,2010-09-30,2020-11-19,-561000.0,9843203000.0,,459018000.0,9384185000.0,,10.995,-238428000.0,86345000.0,86345000.0,169798000.0,31234000.0,0.888,1.144,2785849000.0,7602000.0,2778247000.0,2785849000.0,0.0,111602000.0,0.0,0.0,0.0,102734000.0,214336000.0,0.459,214336000.0,102734000.0,49403000.0,0.07,0.07,0.07,4352912000.0,,4352912000.0,8988858860.0,16.0,9.327,-29944000.0,-0.076,1.0,296905000.0,0.636,1230721000.0,53331000.0,10794966000.0,,0.0,0.0,0.0,0.0,4979285000.0,517020000.0,4462265000.0,6344463860.0,18871000.0,-12408000.0,3074000.0,75001000.0,0.0,71926000.0,-261539000.0,0.0,208484000.0,0.0,29104000.0,29104000.0,29104000.0,0.0,2130000.0,0.062,160187000.0,136718000.0,464213000.0,0.0,1.458,23.954,20.908,7902417000.0,0.0,15.89,3.791,3.759,300022000.0,1325778000.0,466703000.0,466703000.0,0.0,,,,,10196000.0,37115000.0,1.0,399274000.0,395913000,401093000.0,1.179,8612482000.0,6060000.0,20299000.0,1535871000.0,21.753,-58002000.0
40,DNRCQ,MRQ,2010-06-30,2010-06-30,2010-06-30,2020-11-19,-567000.0,9745837000.0,,457954000.0,9287883000.0,,10.897,553111000.0,67474000.0,67474000.0,167524000.0,150329000.0,0.778,1.14,2711869000.0,7464000.0,2704405000.0,2711869000.0,0.0,129209000.0,0.0,0.0,0.0,260213000.0,389422000.0,0.783,389422000.0,260213000.0,216730000.0,0.34,0.34,0.34,4310241000.0,,4310241000.0,9310904080.0,18.0,10.902,824234000.0,2.084,1.0,329686000.0,0.663,1220172000.0,43483000.0,10581309000.0,,0.0,0.0,0.0,0.0,4914359000.0,588751000.0,4325608000.0,5844976080.0,-41711000.0,-45000000.0,5540000.0,-867302000.0,0.0,-818547000.0,505713000.0,0.0,271123000.0,0.0,135367000.0,135367000.0,135367000.0,0.0,14962000.0,0.272,183185000.0,146501000.0,511391000.0,0.0,1.356,22.255,18.3,7791818000.0,0.0,14.64,4.076,4.038,313186000.0,1296674000.0,497210000.0,497210000.0,0.0,,,,,9324000.0,31192000.0,1.0,399247000.0,395548000,400867000.0,1.257,8525665000.0,0.0,81363000.0,1505254000.0,21.554,-130797000.0
41,DNRCQ,MRQ,2010-03-31,2010-03-31,2010-03-31,2020-11-19,-536000.0,10540003000.0,,575507000.0,9964496000.0,,14.15,-165634000.0,109185000.0,109185000.0,116905000.0,100204000.0,0.722,1.408,3575113000.0,105931000.0,3469182000.0,3575113000.0,0.0,81872000.0,0.0,0.0,0.0,200245000.0,282117000.0,0.643,282117000.0,200245000.0,173829000.0,0.33,0.32,0.33,4162016000.0,,4162016000.0,5711867114.0,40.0,14.261,-52466000.0,-0.178,1.0,321916000.0,0.734,1227324000.0,26416000.0,11981368000.0,,0.0,0.0,0.0,0.0,5859492000.0,797239000.0,5062253000.0,4426082114.0,88594000.0,-593867000.0,0.0,809432000.0,0.0,739753000.0,-764327000.0,0.0,113168000.0,0.0,96888000.0,96888000.0,96888000.0,0.0,3316000.0,0.221,159580000.0,162336000.0,554583000.0,0.0,1.063,110.572,153.364,8467561000.0,0.0,16.87,3.835,4.299,343957000.0,1161307000.0,438821000.0,438821000.0,0.0,,,,,7806000.0,32709000.0,1.0,262364085.0,294143000,299224000.0,1.492,9312679000.0,0.0,76941000.0,1438844000.0,31.66,-221732000.0
42,DNRCQ,MRQ,2009-12-31,2009-12-31,2009-12-31,2020-11-19,-557000.0,4269978000.0,,255762000.0,4014216000.0,,7.914,-218269000.0,20591000.0,20591000.0,60054000.0,3496000.0,0.649,1.165,1306376000.0,5308000.0,1301068000.0,1306376000.0,0.0,61178000.0,0.0,0.0,0.0,16662000.0,77840000.0,0.287,77840000.0,16662000.0,6192000.0,0.02,0.02,0.02,1972237000.0,,1972237000.0,4876450400.0,-65.0,29.814,-94104000.0,-0.378,1.0,210696000.0,0.778,169517000.0,10470000.0,4992456000.0,,0.0,815000.0,309000.0,506000.0,2297741000.0,393790000.0,1903951000.0,3697380400.0,-1098000.0,0.0,2396000.0,105000000.0,0.0,108061000.0,-233324000.0,0.0,124165000.0,0.0,3496000.0,3496000.0,3496000.0,0.0,0.0,0.013,134869000.0,75827000.0,260092000.0,0.0,1.875,-49.196,-49.333,3702872000.0,0.0,14.8,4.158,4.11,188541000.0,1064419000.0,270750000.0,270750000.0,0.0,,,,,10131000.0,21957000.0,1.0,249823000.0,249200000,249200000.0,1.086,4100461000.0,46321000.0,2696000.0,515516000.0,16.454,-138028000.0
43,DNRCQ,MRQ,2009-09-30,2009-09-30,2009-09-30,2020-11-19,-575000.0,3903260000.0,,214157000.0,3689103000.0,,7.256,-155864000.0,21689000.0,21689000.0,94808000.0,26885000.0,0.598,1.18,1200759000.0,4698000.0,1196061000.0,1200759000.0,20866000.0,53525000.0,0.0,0.0,0.0,51121000.0,104646000.0,0.46,104646000.0,51121000.0,41262000.0,0.11,0.11,0.11,1790659000.0,,1790659000.0,4938727940.0,-416.0,21.836,-10219000.0,-0.041,1.0,132441000.0,0.583,138830000.0,9859000.0,4585660000.0,,0.0,95506000.0,17900000.0,77606000.0,2112601000.0,357840000.0,1754761000.0,3773996940.0,-38270000.0,0.0,3338000.0,-25000000.0,0.0,-22365000.0,-161550000.0,0.0,145645000.0,0.0,26885000.0,26885000.0,26885000.0,0.0,0.0,0.118,77563000.0,54878000.0,274458000.0,0.0,2.108,-108.265,-116.385,3420324000.0,0.0,15.13,4.452,4.405,168931000.0,1060923000.0,227249000.0,227249000.0,0.0,,,,,8884000.0,24038000.0,1.0,249438000.0,246795000,252189000.0,0.921,3764430000.0,5637000.0,14377000.0,0.0,15.253,-143683000.0
44,DNRCQ,MRQ,2009-06-30,2009-06-30,2009-06-30,2020-11-19,-592000.0,3858598000.0,,261361000.0,3597237000.0,,7.131,-45506000.0,59959000.0,59959000.0,95537000.0,-87240000.0,0.705,1.199,1224690000.0,4586000.0,1220104000.0,1224690000.0,22029000.0,61695000.0,0.0,0.0,0.0,-125764000.0,-64069000.0,-0.295,-64069000.0,-125764000.0,-140668000.0,-0.35,-0.35,-0.35,1754935000.0,,1754935000.0,4909652880.0,24.0,11.096,102664000.0,0.417,1.0,121855000.0,0.561,138740000.0,14904000.0,4513990000.0,,0.0,39279000.0,39279000.0,0.0,2103663000.0,370599000.0,1733064000.0,3665648880.0,41752000.0,0.0,7257000.0,-45110000.0,0.0,-41117000.0,-65301000.0,0.0,148170000.0,0.0,-87240000.0,-87240000.0,-87240000.0,0.0,0.0,-0.401,94830000.0,27025000.0,272163000.0,0.0,2.089,38.262,36.825,3326746000.0,0.0,14.73,3.566,3.526,162123000.0,1034038000.0,217392000.0,217392000.0,0.0,,,,,11029000.0,33135000.0,1.0,248856000.0,246084000,246084000.0,0.883,3719858000.0,0.0,-53428000.0,0.0,15.116,-109238000.0
45,DNRCQ,MRQ,2009-03-31,2009-03-31,2009-03-31,2020-11-19,-609000.0,3934895000.0,,361512000.0,3573383000.0,,7.459,-526065000.0,18207000.0,18207000.0,85442000.0,-18297000.0,1.22,1.148,1262211000.0,4562000.0,1257649000.0,1262211000.0,23044000.0,61925000.0,0.0,0.0,0.0,-16778000.0,45147000.0,0.26,45147000.0,-16778000.0,-28975000.0,-0.07,-0.07,-0.07,1831633000.0,,1831633000.0,4531597304.0,9.0,6.017,-413446000.0,-1.684,1.0,88317000.0,0.508,138737000.0,12197000.0,4743790000.0,,0.0,172732000.0,172732000.0,0.0,2103262000.0,296372000.0,1806890000.0,3691392304.0,1138000.0,0.0,0.0,394857000.0,0.0,398058000.0,-509539000.0,0.0,112619000.0,0.0,-18297000.0,-18297000.0,-18297000.0,0.0,0.0,-0.105,84580000.0,3737000.0,216439000.0,0.0,2.015,12.425,12.18,3301585000.0,0.0,14.86,3.005,2.97,170573000.0,1121278000.0,173759000.0,173759000.0,0.0,,,,,5537000.0,22655000.0,1.0,248411326.0,245573000,245573000.0,0.708,3796158000.0,0.0,-10678000.0,0.0,15.458,65140000.0
46,DNRCQ,MRQ,2008-12-31,2008-12-31,2008-12-31,2020-11-19,-627000.0,3589674000.0,,415199000.0,3174475000.0,,7.513,-371409000.0,17069000.0,17069000.0,87947000.0,43793000.0,1.075,0.951,857274000.0,4507000.0,852767000.0,857274000.0,24027000.0,60896000.0,0.0,0.0,0.0,79555000.0,140451000.0,0.613,140451000.0,79555000.0,70947000.0,0.18,0.18,0.18,1840068000.0,,1840068000.0,3303317810.0,5.0,3.76,-229661000.0,-0.938,1.0,141331000.0,0.616,0.0,8608000.0,4043812000.0,,0.0,329750000.0,249746000.0,80004000.0,1749606000.0,386067000.0,1363539000.0,2697704810.0,-158241000.0,0.0,2285000.0,72653000.0,0.0,76993000.0,-376982000.0,0.0,141748000.0,0.0,43793000.0,43793000.0,43793000.0,0.0,0.0,0.191,301624000.0,-160293000.0,288466000.0,0.0,1.466,6.946,6.868,3002197000.0,0.0,10.92,1.968,1.943,148384000.0,1139575000.0,229278000.0,229278000.0,0.0,,,,,3089000.0,14553000.0,1.0,247042565.0,244928000,251996000.0,0.936,3589674000.0,0.0,27154000.0,0.0,14.656,29132000.0
47,DNRCQ,MRQ,2008-09-30,2008-09-30,2008-09-30,2020-11-19,-645000.0,3468532000.0,,424408000.0,3044124000.0,,7.315,-236165000.0,175310000.0,175310000.0,105883000.0,157548000.0,1.39,0.94,780923000.0,3932000.0,776991000.0,780923000.0,25111000.0,56324000.0,0.0,0.0,0.0,264623000.0,320947000.0,0.788,320947000.0,264623000.0,253717000.0,0.64,0.63,0.64,1787985000.0,,1787985000.0,5335179531.0,7.0,5.591,26277000.0,0.108,1.0,301591000.0,0.74,0.0,10906000.0,3768746000.0,,0.0,1673000.0,1673000.0,0.0,1680547000.0,305399000.0,1375148000.0,4701172531.0,28301000.0,-2725000.0,1977000.0,63000.0,0.0,1464000.0,-235605000.0,0.0,262442000.0,0.0,157548000.0,157548000.0,157548000.0,0.0,0.0,0.387,101755000.0,199836000.0,289516000.0,0.0,2.629,10.434,10.292,2874628000.0,0.0,19.04,3.208,3.175,216921000.0,1095782000.0,407474000.0,407474000.0,0.0,,,,,3594000.0,15005000.0,1.0,246910322.0,244426000,251831000.0,1.667,3468532000.0,30504000.0,96169000.0,0.0,14.191,119009000.0
48,DNRCQ,MRQ,2008-06-30,2008-06-30,2008-06-30,2020-11-19,-661000.0,3273114000.0,,444958000.0,2828156000.0,,6.669,-222175000.0,147009000.0,147009000.0,97808000.0,114053000.0,1.316,1.015,781016000.0,3838000.0,777178000.0,781016000.0,26312000.0,54733000.0,0.0,0.0,0.0,191816000.0,246549000.0,0.59,246549000.0,191816000.0,183675000.0,0.47,0.45,0.47,1624668000.0,,1624668000.0,9546613857.0,16.0,11.845,-58103000.0,-0.238,1.0,320177000.0,0.766,0.0,8141000.0,3569099000.0,,0.0,0.0,0.0,0.0,1648446000.0,338022000.0,1310424000.0,8978732857.0,72970000.0,1475000.0,4556000.0,114248000.0,0.0,127282000.0,-218384000.0,0.0,164072000.0,0.0,114053000.0,114053000.0,114053000.0,0.0,0.0,0.273,69544000.0,250633000.0,237828000.0,0.0,5.527,24.871,24.497,2658793000.0,0.0,36.5,6.845,6.779,252866000.0,938234000.0,417985000.0,417985000.0,0.0,,,,,3499000.0,14811000.0,1.0,245992681.0,243623000,252401000.0,1.716,3273114000.0,45083000.0,69622000.0,0.0,13.435,106936000.0
49,DNRCQ,MRQ,2008-03-31,2008-03-31,2008-03-31,2020-11-19,-2053000.0,2924278000.0,,284294000.0,2639984000.0,,6.146,-145005000.0,74039000.0,74039000.0,83880000.0,73002000.0,0.899,0.96,641920000.0,980000.0,640940000.0,641920000.0,27450000.0,49839000.0,0.0,0.0,0.0,120830000.0,170669000.0,0.538,170669000.0,120830000.0,115889000.0,0.3,0.29,0.3,1492008000.0,,1492008000.0,7621221777.0,15.0,10.637,61252000.0,0.252,1.0,233455000.0,0.736,0.0,4941000.0,3176045000.0,,0.0,0.0,0.0,0.0,1432270000.0,316114000.0,1116156000.0,7000261777.0,13932000.0,1250000.0,5154000.0,-39000000.0,0.0,-28637000.0,-163688000.0,0.0,206257000.0,0.0,73002000.0,73002000.0,73002000.0,0.0,0.0,0.23,65844000.0,167611000.0,246407000.0,0.0,4.692,22.616,22.305,2496185000.0,0.0,28.55,6.271,6.209,177672000.0,824181000.0,317335000.0,317335000.0,0.0,,,,,3886000.0,16005000.0,1.0,245193057.0,242757000,252109000.0,1.307,2924278000.0,32583000.0,42887000.0,0.0,12.046,-31820000.0
50,DNRCQ,MRQ,2007-12-31,2007-12-31,2007-12-31,2020-11-19,-1591000.0,2771077000.0,,240359000.0,2530718000.0,,5.808,-182817000.0,60107000.0,60107000.0,80673000.0,105976000.0,0.908,0.973,681067000.0,737000.0,680330000.0,681067000.0,28494000.0,55841000.0,0.0,0.0,0.0,160247000.0,216088000.0,0.669,216088000.0,160247000.0,152476000.0,0.44,0.41,0.44,1404378000.0,,1404378000.0,7988827370.0,19.0,12.882,22586000.0,0.093,1.0,242213000.0,0.75,0.0,7771000.0,3127404000.0,,0.0,58691000.0,2283000.0,56408000.0,1366699000.0,264633000.0,1102066000.0,7267031370.0,20693000.0,83233000.0,3164000.0,-81988000.0,0.0,-74261000.0,-110449000.0,0.0,205403000.0,0.0,105976000.0,105976000.0,105976000.0,0.0,0.0,0.328,70144000.0,172069000.0,231730000.0,0.0,5.175,28.707,28.333,2392875000.0,0.0,29.75,7.468,7.34,165261000.0,751179000.0,322886000.0,322886000.0,0.0,,,,,2325000.0,14303000.0,1.0,244269962.0,241793000,255977000.0,1.335,2771077000.0,12708000.0,46500000.0,0.0,11.461,-24274000.0
51,DNRCQ,MRQ,2007-09-30,2007-09-30,2007-09-30,2020-11-19,-659000.0,2674364000.0,,201289000.0,2473075000.0,,5.358,-168726000.0,39414000.0,39414000.0,73303000.0,67988000.0,0.898,1.072,761210000.0,719000.0,760491000.0,761210000.0,29661000.0,52797000.0,0.0,0.0,0.0,119841000.0,172638000.0,0.681,172638000.0,119841000.0,111213000.0,0.28,0.27,0.28,1290480000.0,,1290480000.0,6122653912.0,17.0,11.402,488000.0,0.002,1.0,180206000.0,0.711,0.0,8628000.0,3172046000.0,,0.0,7940000.0,7940000.0,0.0,1383884000.0,224114000.0,1159770000.0,5453882912.0,6837000.0,-62544000.0,4371000.0,60000000.0,0.0,68668000.0,-231045000.0,0.0,169214000.0,0.0,67988000.0,67988000.0,67988000.0,0.0,0.0,0.268,64338000.0,115868000.0,204031000.0,0.0,4.226,26.96,26.444,2363260000.0,0.0,22.345,6.677,6.589,150379000.0,645203000.0,253509000.0,253509000.0,0.0,,,,,2820000.0,11541000.0,1.0,244076210.0,240867000,250449000.0,1.052,2674364000.0,3556000.0,43225000.0,0.0,11.103,-22825000.0
52,DNRCQ,MRQ,2007-06-30,2007-06-30,2007-06-30,2020-11-19,57000.0,2466851000.0,,178291000.0,2288560000.0,,5.055,-161978000.0,32577000.0,32577000.0,68797000.0,62567000.0,0.909,1.037,701348000.0,702000.0,700646000.0,701348000.0,30891000.0,46235000.0,0.0,0.0,0.0,110833000.0,157068000.0,0.706,157068000.0,110833000.0,102477000.0,0.26,0.25,0.26,1210992000.0,,1210992000.0,5116658025.0,15.0,10.122,-59726000.0,-0.249,1.0,153713000.0,0.691,0.0,8356000.0,2939454000.0,,0.0,18936000.0,8830000.0,10106000.0,1255859000.0,196168000.0,1059691000.0,4540931025.0,-2430000.0,-37011000.0,5477000.0,90584000.0,0.0,100722000.0,-205404000.0,0.0,102252000.0,0.0,62567000.0,62567000.0,62567000.0,0.0,0.0,0.281,57929000.0,95784000.0,181772000.0,0.0,3.75,23.455,23.006,2209749000.0,0.0,18.75,6.011,5.946,130618000.0,577215000.0,222510000.0,222510000.0,0.0,,,,,2664000.0,11694000.0,1.0,242182988.0,239586000,249537000.0,0.929,2466851000.0,6266000.0,39910000.0,0.0,10.296,-17877000.0
53,DNRCQ,MRQ,2007-03-31,2007-03-31,2007-03-31,2020-11-19,-513000.0,2275200000.0,,144786000.0,2130414000.0,,4.761,-178151000.0,35007000.0,35007000.0,61464000.0,16616000.0,0.709,1.008,610734000.0,686000.0,610048000.0,610734000.0,31957000.0,41027000.0,0.0,0.0,0.0,33323000.0,74350000.0,0.427,74350000.0,33323000.0,27248000.0,0.07,0.07,0.07,1133091000.0,,1133091000.0,4049786838.0,13.0,8.73,-84806000.0,-0.356,1.0,112691000.0,0.647,0.0,6075000.0,2646658000.0,,0.0,10543000.0,0.0,10543000.0,1142109000.0,204269000.0,937840000.0,3588815838.0,-18866000.0,-31416000.0,5210000.0,95634000.0,0.0,103404000.0,-215615000.0,0.0,93345000.0,0.0,16616000.0,16616000.0,16616000.0,0.0,0.0,0.095,52461000.0,60230000.0,186234000.0,0.0,3.167,20.473,19.993,2052808000.0,0.0,14.895,4.942,4.881,104209000.0,514648000.0,174155000.0,174155000.0,0.0,,,,,2786000.0,11434000.0,1.0,240940976.0,237984000,247907000.0,0.732,2275200000.0,5570000.0,10632000.0,0.0,9.56,-59483000.0
54,DNRCQ,MRQ,2006-12-31,2006-12-31,2006-12-31,2020-11-19,0.0,2139837000.0,,183269000.0,1956568000.0,,4.663,-162444000.0,53873000.0,53873000.0,57120000.0,55123000.0,0.915,0.935,514844000.0,671000.0,514173000.0,514844000.0,32913000.0,39082000.0,0.0,0.0,0.0,93835000.0,132917000.0,0.798,132917000.0,93835000.0,89274000.0,0.235,0.22,0.235,1106059000.0,,1106059000.0,3756051484.0,11.0,7.477,-44928000.0,-0.189,1.0,109503000.0,0.657,0.0,4561000.0,2400410000.0,,0.0,26883000.0,26883000.0,0.0,1033778000.0,200398000.0,833380000.0,3335015484.0,24949000.0,42617000.0,8116000.0,64842000.0,0.0,67532000.0,-160099000.0,0.0,117516000.0,0.0,55123000.0,55123000.0,55123000.0,0.0,0.0,0.331,47056000.0,62447000.0,191355000.0,0.0,3.015,16.473,15.971,1879768000.0,0.0,13.895,4.559,4.428,96658000.0,498032000.0,166623000.0,166623000.0,0.0,,,,,2549000.0,7974000.0,1.0,240015508.0,237220000,251858000.0,0.702,2139837000.0,5855000.0,34151000.0,0.0,9.02,-17129000.0
55,DNRCQ,MRQ,2006-09-30,2006-09-30,2006-09-30,2020-11-19,0.0,1961644000.0,,141937000.0,1819707000.0,,4.427,-122309000.0,28924000.0,28924000.0,52816000.0,59294000.0,0.81,0.879,449960000.0,616000.0,449344000.0,449960000.0,33909000.0,41188000.0,0.0,0.0,0.0,99973000.0,141161000.0,0.734,141161000.0,99973000.0,94964000.0,0.25,0.24,0.25,1043980000.0,,1043980000.0,3865911482.0,11.0,7.928,13056000.0,0.055,1.0,139385000.0,0.725,0.0,5009000.0,2207542000.0,,0.0,10834000.0,0.0,10834000.0,917664000.0,175138000.0,742526000.0,3446872482.0,-1888000.0,-14450000.0,1529000.0,-474000.0,0.0,6096000.0,-143349000.0,0.0,135365000.0,0.0,59294000.0,59294000.0,59294000.0,0.0,0.0,0.308,51787000.0,87598000.0,164877000.0,0.0,3.302,16.853,16.328,1793182000.0,0.0,14.45,4.646,4.594,102389000.0,442909000.0,192201000.0,192201000.0,0.0,,,,,3440000.0,10599000.0,1.0,238537888.0,235834000,247932000.0,0.815,1961644000.0,10624000.0,35670000.0,0.0,8.318,-33201000.0
56,DNRCQ,MRQ,2006-06-30,2006-06-30,2006-06-30,2020-11-19,0.0,1869468000.0,,151319000.0,1718149000.0,,4.182,-191389000.0,30812000.0,30812000.0,51972000.0,44262000.0,0.916,0.919,449851000.0,602000.0,449249000.0,449851000.0,35088000.0,36152000.0,0.0,0.0,0.0,79339000.0,115491000.0,0.598,115491000.0,79339000.0,73588000.0,0.19,0.18,0.19,974263000.0,,974263000.0,4220453721.0,14.0,9.727,-84972000.0,-0.365,1.0,141275000.0,0.731,0.0,5751000.0,2123395000.0,,0.0,10932000.0,0.0,10932000.0,895205000.0,165112000.0,730093000.0,3770492721.0,828000.0,-17143000.0,125731000.0,-30142000.0,0.0,99906000.0,-205495000.0,0.0,106417000.0,0.0,44262000.0,44262000.0,44262000.0,0.0,0.0,0.229,50726000.0,90549000.0,147327000.0,0.0,3.87,20.517,19.671,1693068000.0,0.0,15.835,5.453,5.334,103910000.0,383615000.0,193247000.0,193247000.0,0.0,,,,,8285000.0,14574000.0,1.0,238111318.0,232942000,245976000.0,0.83,1869468000.0,16597000.0,29326000.0,0.0,8.025,-13793000.0
57,DNRCQ,MRQ,2006-03-31,2006-03-31,2006-03-31,2020-11-19,0.0,1706065000.0,,166510000.0,1539555000.0,,3.496,-371009000.0,29984000.0,29984000.0,44904000.0,43778000.0,0.983,1.156,479945000.0,588000.0,479357000.0,479945000.0,36152000.0,32743000.0,0.0,0.0,0.0,80002000.0,112745000.0,0.63,112745000.0,80002000.0,71748000.0,0.195,0.185,0.195,791234000.0,,791234000.0,3867740396.0,13.0,9.487,-268497000.0,-1.186,1.0,134002000.0,0.749,0.0,8254000.0,1986565000.0,,0.0,10845000.0,0.0,10845000.0,914831000.0,169461000.0,745370000.0,3652794396.0,-135105000.0,-11024000.0,4458000.0,99774000.0,0.0,110067000.0,-347684000.0,0.0,102512000.0,0.0,43778000.0,43778000.0,43778000.0,0.0,0.0,0.245,42610000.0,91392000.0,157175000.0,0.0,4.617,20.273,19.794,1515876000.0,0.0,15.835,5.833,5.722,88395000.0,339353000.0,178906000.0,178906000.0,0.0,,,,,2972000.0,9867000.0,1.0,230678522.0,226302000,239850000.0,0.791,1706065000.0,38131000.0,27970000.0,0.0,7.539,-2951000.0
58,DNRCQ,MRQ,2005-12-31,2005-12-31,2005-12-31,2020-11-19,0.0,1505069000.0,,299183000.0,1205886000.0,,3.259,-31641000.0,165089000.0,165089000.0,41533000.0,57186000.0,1.942,1.051,380035000.0,574000.0,379461000.0,380035000.0,37093000.0,28529000.0,0.0,0.0,0.0,89716000.0,118245000.0,0.666,118245000.0,89716000.0,85056000.0,0.25,0.24,0.25,733662000.0,,733662000.0,2822910492.0,11.0,7.738,98018000.0,0.435,1.0,135970000.0,0.766,0.0,4660000.0,1565951000.0,,0.0,10829000.0,0.0,10829000.0,771407000.0,154064000.0,617343000.0,2609779492.0,128099000.0,-73127000.0,1253000.0,127890000.0,0.0,129143000.0,-130703000.0,0.0,129659000.0,0.0,57186000.0,57186000.0,57186000.0,0.0,0.0,0.322,35630000.0,100340000.0,146661000.0,0.0,3.557,15.677,15.392,1155970000.0,0.0,11.39,4.654,4.54,92810000.0,295575000.0,177503000.0,177503000.0,0.0,,,,,1573000.0,7101000.0,1.0,229129016.0,225144000,242480000.0,0.788,1505069000.0,41284000.0,27870000.0,0.0,6.685,145119000.0
59,DNRCQ,MRQ,2005-09-30,2005-09-30,2005-09-30,2020-11-19,-1384000.0,1230175000.0,,143229000.0,1086946000.0,,2.997,-87583000.0,36990000.0,36990000.0,33632000.0,38546000.0,1.248,0.83,250121000.0,560000.0,249561000.0,250121000.0,23836000.0,24340000.0,0.0,0.0,0.0,63061000.0,87401000.0,0.616,87401000.0,63061000.0,58554000.0,0.17,0.16,0.17,672281000.0,,672281000.0,3096563887.0,14.0,10.115,-11296000.0,-0.05,1.0,108226000.0,0.763,0.0,4507000.0,1328500000.0,,0.0,6669000.0,0.0,6669000.0,557894000.0,114806000.0,443088000.0,2881675887.0,11674000.0,0.0,1359000.0,9868000.0,0.0,11227000.0,-75840000.0,2000000.0,76287000.0,0.0,38546000.0,38546000.0,38546000.0,0.0,0.0,0.272,33292000.0,74934000.0,100424000.0,0.0,4.286,21.87,21.373,1069486000.0,0.0,12.61,6.077,5.965,70818000.0,238389000.0,141858000.0,141858000.0,0.0,,,,,4273000.0,8952000.0,1.0,228523068.0,224318000,238974000.0,0.632,1230175000.0,35421000.0,20008000.0,0.0,5.484,28423000.0
60,DNRCQ,MRQ,2005-06-30,2005-06-30,2005-06-30,2020-11-19,-2547000.0,1150505000.0,,128348000.0,1022157000.0,,2.816,-126608000.0,25316000.0,25316000.0,33784000.0,40672000.0,1.16,0.835,240204000.0,547000.0,239657000.0,240204000.0,24518000.0,24405000.0,0.0,0.0,0.0,64871000.0,89276000.0,0.698,89276000.0,64871000.0,60536000.0,0.185,0.17,0.185,626860000.0,,626860000.0,2444914329.0,13.0,9.042,-38223000.0,-0.172,1.0,94199000.0,0.736,0.0,4335000.0,1254791000.0,,0.0,8856000.0,2000000.0,6856000.0,523645000.0,110602000.0,413043000.0,2257371329.0,-17426000.0,0.0,1848000.0,9871000.0,0.0,11719000.0,-117530000.0,12558000.0,88385000.0,0.0,40672000.0,40672000.0,40672000.0,0.0,0.0,0.318,30397000.0,63802000.0,102411000.0,0.0,3.601,20.247,19.688,1004433000.0,0.0,9.943,5.371,5.266,72403000.0,199843000.0,127983000.0,127983000.0,0.0,,,,,4385000.0,5992000.0,1.0,227042628.0,222612000,235888000.0,0.575,1150505000.0,28629000.0,19864000.0,0.0,5.168,17746000.0
61,DNRCQ,MRQ,2005-03-31,2005-03-31,2005-03-31,2020-11-19,-3661000.0,1069974000.0,,154277000.0,915697000.0,,2.609,-104718000.0,42742000.0,42742000.0,29434000.0,30067000.0,1.461,0.849,230285000.0,534000.0,229751000.0,230285000.0,22756000.0,21528000.0,0.0,0.0,0.0,48371000.0,69899000.0,0.617,69899000.0,48371000.0,43895000.0,0.135,0.13,0.135,578813000.0,,578813000.0,2189357936.0,14.0,8.995,-38089000.0,-0.172,1.0,83928000.0,0.74,0.0,4476000.0,1151886000.0,,0.0,21522000.0,14577000.0,6945000.0,491161000.0,105631000.0,385530000.0,1994440936.0,9703000.0,4507000.0,2813000.0,-125000.0,0.0,2688000.0,-59614000.0,42575000.0,66629000.0,0.0,30067000.0,30067000.0,30067000.0,0.0,0.0,0.265,28023000.0,55905000.0,95318000.0,0.0,3.446,22.109,21.64,897789000.0,0.0,8.807,5.004,4.902,65506000.0,159172000.0,113362000.0,113362000.0,0.0,,,,,3108000.0,6495000.0,1.0,226448020.0,221838000,234414000.0,0.511,1069974000.0,31452000.0,13828000.0,0.0,4.823,48646000.0
62,DNRCQ,MRQ,2004-12-31,2004-12-31,2004-12-31,2020-11-19,-4788000.0,992706000.0,,172846000.0,819860000.0,,2.45,3018000.0,33039000.0,33039000.0,26254000.0,22481000.0,2.085,0.833,227956000.0,375000.0,227581000.0,227956000.0,25809000.0,21262000.0,0.0,0.0,0.0,38302000.0,59564000.0,0.655,59564000.0,38302000.0,33751000.0,0.1,0.095,0.1,541672000.0,,541672000.0,1677160412.0,12.0,7.022,20699000.0,0.094,1.0,64728000.0,0.711,0.0,4551000.0,1104717000.0,,0.0,64911000.0,58120000.0,6791000.0,451034000.0,82906000.0,368128000.0,1546954412.0,-60103000.0,-49485000.0,805000.0,-30000.0,0.0,775000.0,-78559000.0,-25210000.0,17681000.0,0.0,22481000.0,22481000.0,22481000.0,0.0,0.0,0.247,27600000.0,37128000.0,74285000.0,0.0,2.856,18.763,18.3,797362000.0,0.0,6.862,4.039,3.933,56498000.0,129104000.0,90982000.0,90982000.0,0.0,,,,,1726000.0,6338000.0,1.0,225421408.0,221048000,232584000.0,0.412,992706000.0,25189000.0,11270000.0,0.0,4.491,89940000.0
63,DNRCQ,MRQ,2004-09-30,2004-09-30,2004-09-30,2020-11-19,-20779000.0,991709000.0,,209463000.0,782246000.0,,2.272,-53089000.0,93142000.0,93142000.0,24936000.0,18274000.0,1.488,0.981,223348000.0,0.0,223348000.0,223348000.0,24018000.0,20780000.0,0.0,0.0,0.0,30874000.0,51654000.0,0.587,51654000.0,30874000.0,26106000.0,0.085,0.08,0.085,500630000.0,,500630000.0,1678321111.0,13.0,7.227,-8323000.0,-0.038,1.0,63049000.0,0.717,0.0,4768000.0,981130000.0,,0.0,40877000.0,33843000.0,7034000.0,491079000.0,140785000.0,350294000.0,1397961111.0,65202000.0,191389000.0,1373000.0,-85408000.0,0.0,-84035000.0,104471000.0,-31957000.0,44766000.0,0.0,18274000.0,18274000.0,18274000.0,0.0,0.0,0.208,26977000.0,36072000.0,102989000.0,0.0,2.792,18.596,18.567,763936000.0,0.0,6.35,3.728,3.731,50814000.0,106623000.0,87985000.0,87985000.0,0.0,,,,,1581000.0,6197000.0,1.0,220151356.0,220340000,230196000.0,0.399,991709000.0,31664000.0,7832000.0,0.0,4.501,68678000.0
64,DNRCQ,MRQ,2004-06-30,2004-06-30,2004-06-30,2020-11-19,-22056000.0,1081184000.0,,139647000.0,941537000.0,,2.183,-50353000.0,27940000.0,27940000.0,29253000.0,19389000.0,1.064,1.261,308300000.0,0.0,308300000.0,308300000.0,20362000.0,28161000.0,0.0,0.0,0.0,34106000.0,62267000.0,0.586,62267000.0,34106000.0,29038000.0,0.087,0.085,0.087,478107000.0,,478107000.0,1431443314.0,11.0,6.191,2857000.0,0.013,1.0,77004000.0,0.725,0.0,5068000.0,1230259000.0,,0.0,12241000.0,5053000.0,7188000.0,603077000.0,131285000.0,471792000.0,1145400314.0,10732000.0,0.0,3877000.0,4996000.0,0.0,8873000.0,-51351000.0,0.0,53210000.0,0.0,19389000.0,19389000.0,19389000.0,0.0,0.0,0.182,32339000.0,44665000.0,90083000.0,0.0,2.396,15.897,15.968,918180000.0,0.0,5.237,3.126,3.13,71560000.0,88349000.0,106257000.0,106257000.0,0.0,,,,,0.0,4178000.0,1.0,218692184.0,218976000,228408000.0,0.485,1081184000.0,35094000.0,9649000.0,0.0,4.937,8362000.0
65,DNRCQ,MRQ,2004-03-31,2004-03-31,2004-03-31,2020-11-19,-29271000.0,1039830000.0,,124330000.0,915500000.0,,2.05,-67604000.0,17208000.0,17208000.0,26739000.0,22304000.0,0.925,1.331,303251000.0,0.0,303251000.0,303251000.0,20957000.0,27324000.0,0.0,0.0,0.0,38026000.0,65350000.0,0.669,65350000.0,38026000.0,32945000.0,0.102,0.1,0.102,446017000.0,,446017000.0,1192216754.0,11.0,5.791,-14609000.0,-0.067,1.0,71009000.0,0.726,0.0,5081000.0,1191397000.0,,0.0,7226000.0,0.0,7226000.0,593813000.0,134476000.0,459337000.0,918201754.0,-6980000.0,0.0,3136000.0,5000000.0,0.0,8136000.0,-68111000.0,0.0,52995000.0,0.0,22304000.0,22304000.0,22304000.0,0.0,0.0,0.228,32072000.0,38937000.0,87685000.0,0.0,2.059,15.888,15.906,886089000.0,0.0,4.215,2.667,2.663,67604000.0,68960000.0,97748000.0,97748000.0,0.0,,,,,0.0,4748000.0,1.0,217841460.0,217552000,225252000.0,0.449,1039830000.0,39518000.0,10641000.0,0.0,4.78,-10146000.0
66,DNRCQ,MRQ,2003-12-31,2003-12-31,2003-12-31,2020-11-19,-27113000.0,982621000.0,,108155000.0,874466000.0,,1.948,-45443000.0,24188000.0,24188000.0,25541000.0,15210000.0,0.854,1.333,298203000.0,0.0,298203000.0,298203000.0,21468000.0,25459000.0,0.0,0.0,0.0,27508000.0,52967000.0,0.638,52967000.0,27508000.0,22353000.0,0.068,0.068,0.068,421202000.0,,421202000.0,1051099331.0,10.0,5.238,6332000.0,0.029,1.0,57438000.0,0.692,0.0,5155000.0,1130062000.0,,0.0,7450000.0,0.0,7450000.0,561419000.0,126574000.0,434845000.0,752053331.0,-3920000.0,18869000.0,802000.0,-28995000.0,0.0,-28193000.0,-27502000.0,0.0,51775000.0,0.0,15210000.0,15210000.0,15210000.0,0.0,0.0,0.183,30036000.0,27402000.0,84564000.0,0.0,1.785,13.298,13.375,852511000.0,0.0,3.478,2.258,2.251,58951000.0,46656000.0,82979000.0,82979000.0,0.0,,,,,0.0,4577000.0,1.0,216262640.0,216216000,222924000.0,0.384,982621000.0,25016000.0,7143000.0,0.0,4.545,-18419000.0
67,DNRCQ,MRQ,2003-09-30,2003-09-30,2003-09-30,2020-11-19,-21512000.0,942558000.0,,97140000.0,845418000.0,,1.899,-40712000.0,28108000.0,28108000.0,26763000.0,15149000.0,0.976,1.297,327154000.0,0.0,327154000.0,327154000.0,0.0,22566000.0,0.0,0.0,0.0,28057000.0,50623000.0,0.637,50623000.0,28057000.0,22699000.0,0.07,0.068,0.07,410386000.0,,410386000.0,981396341.0,9.0,4.856,9077000.0,0.042,1.0,52652000.0,0.663,0.0,5358000.0,1142125000.0,,0.0,2202000.0,0.0,2202000.0,532172000.0,99479000.0,432693000.0,667638341.0,8760000.0,0.0,497000.0,-6031000.0,0.0,-5534000.0,-35495000.0,0.0,49789000.0,0.0,15149000.0,15149000.0,15149000.0,0.0,0.0,0.191,26011000.0,26641000.0,71873000.0,0.0,1.627,11.788,11.66,821312000.0,0.0,3.09,2.012,2.012,52942000.0,31446000.0,79415000.0,79415000.0,0.0,,,,,0.0,3445000.0,1.0,216064188.0,216056000,222872000.0,0.368,942558000.0,16090000.0,7550000.0,0.0,4.363,-2339000.0
68,DNRCQ,MRQ,2003-06-30,2003-06-30,2003-06-30,2020-11-19,-34869000.0,944685000.0,,116679000.0,828006000.0,,1.771,-48653000.0,19348000.0,19348000.0,27049000.0,5129000.0,0.974,1.478,333106000.0,0.0,333106000.0,333106000.0,0.0,23130000.0,0.0,0.0,0.0,13790000.0,36920000.0,0.439,36920000.0,13790000.0,7563000.0,0.025,0.022,0.025,381213000.0,,381213000.0,1028948648.0,9.0,5.069,11889000.0,0.055,1.0,57139000.0,0.679,0.0,6227000.0,1138658000.0,,0.0,2237000.0,0.0,2237000.0,563472000.0,119785000.0,443687000.0,721925648.0,-141822000.0,0.0,1645000.0,-149267000.0,0.0,-147622000.0,-54742000.0,0.0,60542000.0,0.0,5129000.0,5129000.0,5129000.0,0.0,0.0,0.061,25755000.0,31384000.0,74408000.0,0.0,1.894,13.139,13.014,803661000.0,0.0,3.357,2.208,2.211,60155000.0,16319000.0,84188000.0,84188000.0,0.0,,,,,0.0,3376000.0,1.0,215018808.0,215260000,221348000.0,0.391,944685000.0,31642000.0,2434000.0,0.0,4.389,-3106000.0
69,DNRCQ,MRQ,2003-03-31,2003-03-31,2003-03-31,2020-11-19,-28993000.0,1082077000.0,,277769000.0,804308000.0,,1.77,-16899000.0,161170000.0,161170000.0,26615000.0,21065000.0,0.883,1.849,468193000.0,200000000.0,268193000.0,468193000.0,0.0,23553000.0,0.0,0.0,0.0,36611000.0,60164000.0,0.696,60164000.0,36611000.0,30150000.0,0.098,0.095,0.098,379844000.0,,379844000.0,902325472.0,7.0,4.169,18610000.0,0.087,1.0,59817000.0,0.692,0.0,6461000.0,1074421000.0,,0.0,2241000.0,0.0,2241000.0,702233000.0,314679000.0,387554000.0,581376472.0,137230000.0,0.0,1325000.0,118535000.0,0.0,119860000.0,-18139000.0,0.0,35509000.0,0.0,21065000.0,21065000.0,21065000.0,0.0,0.0,0.244,25834000.0,33983000.0,74567000.0,0.0,1.531,9.182,9.178,776358000.0,0.0,2.708,1.839,1.838,72070000.0,11190000.0,86432000.0,86432000.0,0.0,,,,,0.0,3791000.0,1.0,214728152.0,214556000,220196000.0,0.403,1082077000.0,44529000.0,9085000.0,0.0,5.043,-36910000.0
70,DNRCQ,MRQ,2002-12-31,2002-12-31,2002-12-31,2020-11-19,-19288000.0,895292000.0,,128464000.0,766828000.0,,1.715,-28217000.0,23940000.0,23940000.0,24384000.0,15292000.0,1.34,1.441,344889000.0,0.0,344889000.0,344889000.0,0.0,24074000.0,0.0,0.0,0.0,30308000.0,54382000.0,0.665,54382000.0,30308000.0,23561000.0,0.073,0.07,0.073,366797000.0,,366797000.0,950753505.0,10.0,4.968,28400000.0,0.133,1.0,57364000.0,0.702,0.0,6747000.0,1120362000.0,,0.0,2224000.0,0.0,2224000.0,528495000.0,95879000.0,432616000.0,604036505.0,1016000.0,-1000.0,740000.0,-25000000.0,0.0,-24260000.0,-31341000.0,0.0,56617000.0,0.0,15292000.0,15292000.0,15292000.0,0.0,0.0,0.187,30182000.0,27182000.0,66590000.0,0.0,1.647,12.908,12.841,744085000.0,0.0,2.825,2.118,2.11,54638000.0,-9875000.0,81748000.0,81748000.0,0.0,,,,,0.0,2882000.0,1.0,213818232.0,213848000,219524000.0,0.382,895292000.0,49886000.0,8269000.0,0.0,4.187,32585000.0
71,DNRCQ,MRQ,2002-09-30,2002-09-30,2002-09-30,2020-11-19,-11001000.0,862748000.0,,102968000.0,759780000.0,,1.682,-82877000.0,22924000.0,22924000.0,21114000.0,13459000.0,1.599,1.404,369641000.0,0.0,369641000.0,369641000.0,0.0,23031000.0,0.0,0.0,0.0,28480000.0,51511000.0,0.691,51511000.0,28480000.0,21620000.0,0.063,0.063,0.063,358934000.0,,358934000.0,852671250.0,14.0,5.554,-38498000.0,-0.18,1.0,53410000.0,0.717,0.0,6860000.0,1145064000.0,,0.0,2715000.0,41000.0,2674000.0,503814000.0,64401000.0,439413000.0,542452250.0,2749000.0,-129000.0,711000.0,38281000.0,0.0,38992000.0,-80622000.0,0.0,44379000.0,0.0,13459000.0,13459000.0,13459000.0,0.0,0.0,0.181,24932000.0,28478000.0,47725000.0,0.0,1.511,19.356,20.84,738817000.0,0.0,2.542,2.027,2.028,44201000.0,-25167000.0,74524000.0,74524000.0,0.0,,,,,0.0,3034000.0,1.0,213353884.0,213416000,218248000.0,0.349,862748000.0,35802000.0,8161000.0,0.0,4.043,38567000.0
72,DNRCQ,MRQ,2002-06-30,2002-06-30,2002-06-30,2020-11-19,-4488000.0,780352000.0,,78722000.0,701630000.0,,1.651,-26689000.0,20175000.0,20175000.0,20783000.0,13498000.0,1.453,1.223,330394000.0,0.0,330394000.0,330394000.0,0.0,24205000.0,0.0,0.0,0.0,26183000.0,50388000.0,0.686,50388000.0,26183000.0,19611000.0,0.063,0.063,0.063,351018000.0,,351018000.0,872322521.0,15.0,5.695,19883000.0,0.094,1.0,52650000.0,0.717,0.0,6572000.0,1036395000.0,,0.0,2688000.0,628000.0,2060000.0,429334000.0,54176000.0,375158000.0,546544521.0,5806000.0,-2040000.0,1301000.0,-9998000.0,0.0,-8697000.0,-32069000.0,0.0,46572000.0,0.0,13498000.0,13498000.0,13498000.0,0.0,0.0,0.184,26487000.0,26163000.0,46633000.0,0.0,1.557,19.168,20.256,678058000.0,0.0,2.572,2.044,2.046,42785000.0,-38626000.0,73433000.0,73433000.0,0.0,,,,,0.0,3294000.0,1.0,212456568.0,212632000,217204000.0,0.345,780352000.0,15134000.0,6113000.0,0.0,3.67,24546000.0
73,DNRCQ,MRQ,2002-03-31,2002-03-31,2002-03-31,2020-11-19,-1919000.0,764581000.0,,71803000.0,692778000.0,,1.597,-26611000.0,14369000.0,14369000.0,18209000.0,4546000.0,1.532,1.259,340147000.0,0.0,340147000.0,340147000.0,0.0,22926000.0,0.0,0.0,0.0,12177000.0,35103000.0,0.633,35103000.0,12177000.0,5523000.0,0.022,0.02,0.022,338430000.0,,338430000.0,760782926.0,11.0,5.007,-14579000.0,-0.069,1.0,37238000.0,0.672,0.0,6654000.0,1043501000.0,,0.0,1878000.0,1878000.0,0.0,426151000.0,46858000.0,379293000.0,449509926.0,-9127000.0,0.0,842000.0,5128000.0,0.0,5970000.0,-27129000.0,0.0,12032000.0,0.0,4546000.0,4546000.0,4546000.0,0.0,0.0,0.082,25061000.0,12177000.0,40893000.0,0.0,1.328,12.797,12.114,674367000.0,0.0,2.12,1.72,1.719,41570000.0,-52124000.0,55447000.0,55447000.0,0.0,,,,,0.0,3216000.0,1.0,212032984.0,211976000,214896000.0,0.262,764581000.0,13986000.0,977000.0,0.0,3.607,24945000.0
74,DNRCQ,MRQ,2001-12-31,2001-12-31,2001-12-31,2020-11-19,14228000.0,789988000.0,,103278000.0,686710000.0,,1.65,-61807000.0,23496000.0,23496000.0,18205000.0,-3478000.0,1.292,1.262,334769000.0,0.0,334769000.0,334769000.0,0.0,23658000.0,0.0,0.0,0.0,-7149000.0,16509000.0,0.257,16509000.0,-7149000.0,-13909000.0,-0.025,-0.025,-0.025,349168000.0,,349168000.0,676995889.0,7.0,3.867,-18832000.0,-0.089,1.0,46001000.0,0.716,0.0,6760000.0,1021323000.0,,0.0,23458000.0,23458000.0,0.0,440820000.0,79938000.0,360882000.0,386210889.0,-241000.0,0.0,553000.0,19766000.0,0.0,20339000.0,-63555000.0,0.0,42975000.0,0.0,-3478000.0,-3478000.0,-3478000.0,0.0,0.0,-0.054,53150000.0,-7149000.0,79938000.0,0.0,1.106,6.83,6.368,668007000.0,0.0,1.827,1.355,1.265,55335000.0,-56670000.0,64206000.0,64206000.0,0.0,,,,,0.0,3250000.0,1.0,211332908.0,211676000,214848000.0,0.303,789988000.0,989000.0,-10431000.0,0.0,3.732,23340000.0
75,DNRCQ,MRQ,2001-09-30,2001-09-30,2001-09-30,2020-11-19,17972000.0,795765000.0,,129744000.0,666021000.0,,1.703,-137503000.0,23737000.0,23737000.0,18336000.0,13948000.0,1.657,1.239,314522000.0,0.0,314522000.0,314522000.0,0.0,22694000.0,0.0,0.0,0.0,28470000.0,51164000.0,0.688,51164000.0,28470000.0,22140000.0,0.068,0.065,0.068,355441000.0,,355441000.0,631308457.0,4.0,3.059,-92406000.0,-0.443,1.0,55982000.0,0.753,0.0,6330000.0,1008233000.0,,0.0,32844000.0,32844000.0,0.0,440324000.0,78317000.0,362007000.0,437774457.0,401000.0,0.0,436000.0,94861000.0,0.0,95297000.0,-139993000.0,0.0,45097000.0,0.0,13948000.0,13948000.0,13948000.0,0.0,0.0,0.188,27512000.0,28470000.0,78317000.0,0.0,1.232,2.769,2.43,630469000.0,0.0,2.072,1.539,1.52,59055000.0,-53192000.0,74318000.0,74318000.0,0.0,,,,,0.0,2519000.0,1.0,211230136.0,208676000,212616000.0,0.356,795765000.0,11156000.0,8192000.0,40443000.0,3.813,51427000.0
76,DNRCQ,MRQ,2001-06-30,2001-06-30,2001-06-30,2020-11-19,9769000.0,553430000.0,,119534000.0,433896000.0,,1.483,-44217000.0,23336000.0,23336000.0,15226000.0,20111000.0,2.016,1.022,216870000.0,0.0,216870000.0,216870000.0,0.0,12648000.0,0.0,0.0,0.0,36505000.0,49153000.0,0.729,49153000.0,36505000.0,31923000.0,0.11,0.105,0.11,273638000.0,,273638000.0,613689733.0,4.0,3.298,-13331000.0,-0.072,1.0,52181000.0,0.774,0.0,4582000.0,687684000.0,,0.0,18657000.0,18657000.0,0.0,279792000.0,59280000.0,220512000.0,433340733.0,-3185000.0,0.0,945000.0,9875000.0,0.0,10820000.0,-44891000.0,0.0,30886000.0,0.0,20111000.0,20111000.0,20111000.0,0.0,0.0,0.298,15676000.0,36505000.0,59280000.0,0.0,1.584,2.655,2.64,397741000.0,0.0,2.35,1.7,1.701,48994000.0,-67140000.0,67407000.0,67407000.0,0.0,,,,,0.0,2004000.0,1.0,184400312.0,184528000,189288000.0,0.365,553430000.0,37452000.0,11812000.0,0.0,2.999,60254000.0
77,DNRCQ,MRQ,2001-03-31,2001-03-31,2001-03-31,2020-11-19,390000.0,505996000.0,,106671000.0,399325000.0,,1.321,-70008000.0,26521000.0,26521000.0,15136000.0,25969000.0,2.043,1.081,206870000.0,0.0,206870000.0,206870000.0,0.0,12345000.0,0.0,0.0,0.0,45883000.0,58228000.0,0.735,58228000.0,45883000.0,41220000.0,0.14,0.138,0.14,243192000.0,,243192000.0,549409125.0,5.0,3.399,-3919000.0,-0.021,1.0,64044000.0,0.809,0.0,4663000.0,634126000.0,,0.0,2356000.0,2356000.0,0.0,262804000.0,52219000.0,210585000.0,372702125.0,4228000.0,0.0,660000.0,7870000.0,0.0,8530000.0,-70391000.0,0.0,66089000.0,0.0,25969000.0,25969000.0,25969000.0,0.0,0.0,0.328,18161000.0,45883000.0,52219000.0,0.0,1.533,2.379,2.368,365778000.0,0.0,2.025,1.656,1.656,45592000.0,-87251000.0,79180000.0,79180000.0,0.0,,,,,0.0,2401000.0,1.0,184050432.0,184048000,189044000.0,0.43,505996000.0,54372000.0,15251000.0,0.0,2.749,54452000.0
78,DNRCQ,MRQ,2000-12-31,2000-12-31,2000-12-31,2020-11-19,0.0,457379000.0,,97990000.0,359389000.0,,1.177,-73347000.0,22293000.0,22293000.0,13484000.0,98070000.0,2.526,1.116,199000000.0,0.0,199000000.0,199000000.0,0.0,12656000.0,0.0,0.0,0.0,35147000.0,47803000.0,0.752,47803000.0,35147000.0,30655000.0,0.535,0.527,0.535,216165000.0,,216165000.0,636774536.0,7.0,5.038,-47055000.0,-0.256,1.0,50101000.0,0.788,0.0,4492000.0,595300000.0,,0.0,4305000.0,4305000.0,0.0,241214000.0,38786000.0,202428000.0,504974536.0,8093000.0,3300000.0,495000.0,52602000.0,0.0,53222000.0,-71421000.0,0.0,26292000.0,0.0,98070000.0,98070000.0,98070000.0,0.0,0.0,1.542,14954000.0,35147000.0,38786000.0,0.0,2.336,3.55,3.548,307514000.0,0.0,2.75,2.78,2.775,43266000.0,-113220000.0,63585000.0,63585000.0,0.0,,,,,0.0,2220000.0,1.0,183627104.0,183664000,188108000.0,0.346,457379000.0,67852000.0,-67415000.0,0.0,2.49,59204000.0
79,DNRCQ,MRQ,2000-09-30,2000-09-30,2000-09-30,2020-11-19,0.0,308259000.0,,46934000.0,261325000.0,,0.641,-20539000.0,14200000.0,14200000.0,11796000.0,19039000.0,1.135,1.622,146000000.0,0.0,146000000.0,146000000.0,0.0,8228000.0,0.0,0.0,0.0,22665000.0,30893000.0,0.69,30893000.0,22665000.0,19120000.0,0.105,0.102,0.105,117581000.0,,117581000.0,455911969.0,7.0,4.807,6298000.0,0.034,1.0,32953000.0,0.736,0.0,3545000.0,398693000.0,,0.0,0.0,0.0,0.0,190678000.0,41366000.0,149312000.0,320974969.0,637000.0,-3300000.0,369000.0,-2500000.0,0.0,-2131000.0,-24069000.0,0.0,26837000.0,0.0,19039000.0,19039000.0,19039000.0,0.0,0.0,0.425,10288000.0,22665000.0,41366000.0,0.0,2.73,6.563,6.434,249674000.0,0.0,1.75,2.208,2.208,32734000.0,-211290000.0,44749000.0,44749000.0,0.0,,,,,0.0,1960000.0,1.0,183414268.0,183424000,186020000.0,0.244,308259000.0,0.0,81000.0,0.0,1.681,5568000.0
80,DNRCQ,MRQ,2000-06-30,2000-06-30,2000-06-30,2020-11-19,0.0,287398000.0,,43231000.0,244167000.0,,0.536,-21173000.0,13563000.0,13563000.0,10758000.0,13603000.0,1.158,1.927,148500000.0,0.0,148500000.0,148500000.0,0.0,7505000.0,0.0,0.0,0.0,17233000.0,24738000.0,0.659,24738000.0,17233000.0,13623000.0,0.075,0.075,0.075,98173000.0,,98173000.0,381754842.0,8.0,4.987,6469000.0,0.035,1.0,26792000.0,0.714,0.0,3610000.0,385002000.0,,0.0,0.0,0.0,0.0,189225000.0,37333000.0,151892000.0,240443842.0,2374000.0,0.0,319000.0,-4000000.0,0.0,-3806000.0,-21462000.0,0.0,27642000.0,0.0,13603000.0,13603000.0,13603000.0,0.0,0.0,0.362,9559000.0,17233000.0,37333000.0,0.0,2.449,7.451,7.292,233622000.0,0.0,1.313,1.955,1.955,29668000.0,-230329000.0,37550000.0,37550000.0,0.0,,,,,0.0,1903000.0,1.0,183195308.0,183196000,184396000.0,0.205,287398000.0,0.0,20000.0,0.0,1.569,5898000.0
81,DNRCQ,MRQ,2000-03-31,2000-03-31,2000-03-31,2020-11-19,0.0,265695000.0,,35521000.0,230174000.0,,0.461,-16030000.0,11189000.0,11189000.0,10689000.0,11515000.0,1.348,2.154,152500000.0,0.0,152500000.0,152500000.0,0.0,7825000.0,0.0,0.0,0.0,15143000.0,22968000.0,0.642,22968000.0,15143000.0,11535000.0,0.063,0.063,0.063,84251000.0,,84251000.0,323605944.0,10.0,5.242,-829000.0,-0.005,1.0,25078000.0,0.701,0.0,3608000.0,380651000.0,,0.0,0.0,0.0,0.0,181444000.0,26355000.0,155089000.0,182873944.0,-579000.0,0.0,308000.0,0.0,0.0,308000.0,-16088000.0,0.0,15201000.0,0.0,11515000.0,11515000.0,11515000.0,0.0,0.0,0.322,9935000.0,15143000.0,26355000.0,0.0,2.171,9.546,9.346,219530000.0,0.0,1.0,1.764,1.764,24332000.0,-243932000.0,35767000.0,35767000.0,0.0,,,,,0.0,1972000.0,1.0,182873944.0,182876000,182880000.0,0.196,265695000.0,0.0,20000.0,0.0,1.453,9166000.0
82,DNRCQ,MRQ,1999-12-31,1999-12-31,1999-12-31,2020-11-19,0.0,252566000.0,,30546000.0,222020000.0,,0.396,6802000.0,11768000.0,11768000.0,9468000.0,4747000.0,1.214,2.487,152500000.0,0.0,152500000.0,152500000.0,0.0,7866000.0,0.0,0.0,0.0,8372000.0,16238000.0,0.594,16238000.0,8372000.0,4747000.0,0.03,0.03,0.03,72428000.0,,72428000.0,340050614.0,17.0,7.405,26589000.0,0.145,1.0,17852000.0,0.653,0.0,3625000.0,368136000.0,,0.0,0.0,0.0,0.0,180138000.0,25162000.0,154976000.0,193999614.0,5319000.0,-20488000.0,277000.0,-765000.0,0.0,39000.0,-14507000.0,0.0,19787000.0,0.0,4747000.0,4747000.0,4747000.0,0.0,0.0,0.174,9480000.0,8372000.0,25162000.0,0.0,2.679,42.046,35.417,210955000.0,0.0,1.063,2.338,2.045,18778000.0,-255447000.0,27320000.0,27320000.0,0.0,,,,,0.0,1696000.0,1.0,182587872.0,182836000,182772000.0,0.149,252566000.0,0.0,0.0,0.0,1.381,5384000.0
83,DNRCQ,MRQ,1999-09-30,1999-09-30,1999-09-30,2020-11-19,0.0,239439000.0,,24278000.0,215161000.0,,0.37,-21491000.0,6449000.0,6449000.0,7881000.0,2404000.0,1.395,2.552,152500000.0,0.0,152500000.0,152500000.0,0.0,6704000.0,0.0,0.0,0.0,5896000.0,12600000.0,0.563,12600000.0,5896000.0,2404000.0,0.013,0.013,0.013,67404000.0,,67404000.0,382350626.0,-3.0,-4.904,-9973000.0,-0.055,1.0,14497000.0,0.648,0.0,3492000.0,368087000.0,,0.0,0.0,0.0,0.0,172035000.0,17403000.0,154632000.0,247899626.0,-1600000.0,0.0,219000.0,10000000.0,0.0,10179000.0,-23297000.0,0.0,11518000.0,0.0,2404000.0,2404000.0,2404000.0,0.0,0.0,0.107,8601000.0,5896000.0,17403000.0,0.0,3.678,-1.528,-0.87,204403000.0,0.0,1.359,3.485,3.485,17829000.0,-260194000.0,22378000.0,22378000.0,0.0,,,,,0.0,1773000.0,1.0,182346176.0,182348000,182356000.0,0.123,239439000.0,0.0,0.0,0.0,1.313,6875000.0
84,DNRCQ,MRQ,1999-06-30,1999-06-30,1999-06-30,2020-11-19,0.0,224756000.0,,26060000.0,198696000.0,,0.391,-12912000.0,8049000.0,8049000.0,6487000.0,492000.0,1.669,2.469,142500000.0,0.0,142500000.0,142500000.0,0.0,5610000.0,0.0,0.0,0.0,4312000.0,9922000.0,0.544,9922000.0,4312000.0,492000.0,0.003,0.003,0.003,64781000.0,,64781000.0,426344801.0,-4.0,-5.363,-5793000.0,-0.035,1.0,11741000.0,0.644,0.0,3820000.0,343593000.0,,0.0,0.0,0.0,0.0,159975000.0,15614000.0,144361000.0,198777801.0,986000.0,0.0,99583000.0,-91655000.0,0.0,7441000.0,-13574000.0,0.0,7119000.0,0.0,492000.0,492000.0,492000.0,0.0,0.0,0.027,7429000.0,4312000.0,15614000.0,0.0,3.068,-1.19,-0.685,189579000.0,0.0,1.094,2.908,2.65,18011000.0,-262598000.0,18228000.0,18228000.0,0.0,,,,,0.0,1669000.0,1.0,181739704.0,165628000,165900000.0,0.11,224756000.0,0.0,0.0,0.0,1.357,10446000.0
85,DNRCQ,MRQ,1999-03-31,1999-03-31,1999-03-31,2020-11-19,0.0,216381000.0,,25512000.0,190869000.0,,-0.329,-6478000.0,7063000.0,7063000.0,5855000.0,-3028000.0,1.643,-7.131,234630000.0,0.0,234630000.0,234630000.0,0.0,5335000.0,0.0,0.0,0.0,1830000.0,7165000.0,0.476,7165000.0,1830000.0,-3028000.0,-0.028,-0.028,-0.028,-35293000.0,,-35293000.0,330157720.0,-1.0,-1.367,-3702000.0,-0.035,1.0,9209000.0,0.611,0.0,4858000.0,428417000.0,,0.0,0.0,0.0,0.0,251674000.0,15531000.0,236143000.0,107206720.0,5014000.0,0.0,0.0,9155000.0,0.0,9155000.0,-6917000.0,0.0,2776000.0,0.0,-3028000.0,-3028000.0,-3028000.0,0.0,0.0,-0.201,7379000.0,1830000.0,15531000.0,0.0,-3.038,-0.37,-0.365,182034000.0,0.0,1.0,1.468,1.468,18449000.0,-263089000.0,15064000.0,15064000.0,0.0,,,,,0.0,1890000.0,1.0,107206720.0,107208000,107208000.0,0.141,216381000.0,0.0,0.0,0.0,2.018,9981000.0
86,DNRCQ,MRQ,1998-12-31,1998-12-31,1998-12-31,2020-11-19,0.0,212859000.0,,23934000.0,188925000.0,,-0.301,-8970000.0,2049000.0,2049000.0,6380000.0,-162103000.0,1.281,-7.597,225000000.0,0.0,225000000.0,225000000.0,0.0,14706000.0,0.0,0.0,0.0,-122359000.0,-107653000.0,-6.959,-107653000.0,-122359000.0,-127105000.0,-1.55,-1.55,-1.55,-32265000.0,,-32265000.0,326345646.0,-1.0,-1.401,-11966000.0,-0.112,1.0,9089000.0,0.588,0.0,4746000.0,417122000.0,,0.0,0.0,0.0,0.0,245124000.0,18688000.0,226436000.0,115595646.0,-2201000.0,0.0,0.0,10000000.0,0.0,10002000.0,-9207000.0,0.0,-2996000.0,0.0,-162103000.0,-162103000.0,-162103000.0,0.0,0.0,-10.479,131448000.0,-122359000.0,18688000.0,0.0,-3.583,-0.403,-0.389,180664000.0,0.0,1.078,1.384,1.339,21885000.0,-260061000.0,15469000.0,15469000.0,0.0,,,,,0.0,1560000.0,1.0,107206720.0,107244000,102372000.0,0.144,212859000.0,0.0,34998000.0,0.0,1.985,5246000.0
87,DNRCQ,MRQ,1998-09-30,1998-09-30,1998-09-30,2020-11-19,0.0,369352000.0,,24901000.0,344451000.0,,1.214,-17429000.0,4250000.0,4250000.0,6819000.0,-2423000.0,1.072,1.845,215000000.0,0.0,215000000.0,215000000.0,0.0,9070000.0,0.0,0.0,0.0,1996000.0,11066000.0,0.565,11066000.0,1996000.0,-2423000.0,-0.022,-0.022,-0.022,129838000.0,,129838000.0,353023481.0,-2.0,-3.263,-24978000.0,-0.234,1.0,12780000.0,0.652,0.0,4419000.0,556880000.0,,0.0,0.0,0.0,0.0,239514000.0,23222000.0,216292000.0,167102481.0,-4829000.0,0.0,500000.0,20000000.0,0.0,20501000.0,-17781000.0,0.0,-7549000.0,0.0,-2423000.0,-2423000.0,-2423000.0,0.0,0.0,-0.124,10784000.0,1996000.0,23222000.0,0.0,1.287,-1.384,-1.395,300999000.0,0.0,1.563,1.789,1.789,20651000.0,-97958000.0,19599000.0,19599000.0,0.0,,,,,0.0,1543000.0,1.0,106945588.0,106972000,107580000.0,0.183,369352000.0,35000000.0,0.0,0.0,3.453,1679000.0
88,DNRCQ,MRQ,1998-06-30,1998-06-30,1998-06-30,2020-11-19,0.0,364806000.0,,28982000.0,335824000.0,,1.234,-49843000.0,9079000.0,9079000.0,8109000.0,-121939000.0,0.787,1.769,195000000.0,0.0,195000000.0,195000000.0,0.0,16071000.0,0.0,0.0,0.0,-168206000.0,-152135000.0,-6.648,-152135000.0,-168206000.0,-172184000.0,-1.143,-1.143,-1.143,131761000.0,,131761000.0,509807878.0,-3.0,-4.818,-25358000.0,-0.238,1.0,14774000.0,0.646,0.0,3978000.0,513887000.0,,0.0,0.0,0.0,0.0,233045000.0,36840000.0,196205000.0,348598878.0,5271000.0,0.0,812000.0,30116000.0,0.0,30906000.0,-50120000.0,0.0,24485000.0,0.0,-121939000.0,-121939000.0,-121939000.0,0.0,0.0,-5.329,182980000.0,-168206000.0,36840000.0,0.0,2.646,-3.028,-3.086,292276000.0,0.0,3.265,3.7,3.699,19903000.0,-95535000.0,22883000.0,22883000.0,0.0,,,,,0.0,1677000.0,1.0,106768416.0,106760000,106760000.0,0.214,364806000.0,35000000.0,-50245000.0,0.0,3.417,-7858000.0
89,DNRCQ,MRQ,1998-03-31,1998-03-31,1998-03-31,2020-11-19,0.0,459334000.0,,27378000.0,431956000.0,,2.699,-26410000.0,3808000.0,3808000.0,7854000.0,-680000.0,1.091,0.816,165017000.0,17000.0,165000000.0,165017000.0,0.0,12387000.0,0.0,0.0,0.0,3338000.0,15725000.0,0.615,15725000.0,3338000.0,-1053000.0,-0.007,-0.007,-0.007,252888000.0,,252888000.0,704411736.0,35.0,12.068,-20065000.0,-0.214,1.0,17701000.0,0.693,0.0,4391000.0,595452000.0,,0.0,0.0,0.0,0.0,206446000.0,25091000.0,181355000.0,473717736.0,-5518000.0,0.0,93345000.0,-78518000.0,0.0,14826000.0,-26689000.0,0.0,6345000.0,0.0,-680000.0,-680000.0,-680000.0,0.0,0.0,-0.027,14363000.0,3338000.0,25074000.0,0.0,1.873,52.589,39.754,423174000.0,0.0,4.452,5.243,4.617,23570000.0,26404000.0,25555000.0,25555000.0,0.0,,,,,0.0,1776000.0,1.0,106393652.0,93700000,93700000.0,0.273,459334000.0,0.0,-373000.0,15249000.0,4.902,2287000.0
90,DNRCQ,MRQ,1997-12-31,1997-12-31,1997-12-31,2020-11-19,0.0,447548000.0,,33380000.0,414168000.0,,1.966,-234654000.0,9326000.0,9326000.0,6481000.0,4270000.0,1.088,1.793,240020000.0,20000.0,240000000.0,240020000.0,0.0,9495000.0,0.0,0.0,0.0,7644000.0,17139000.0,0.675,17139000.0,7644000.0,6920000.0,0.052,0.05,0.052,160223000.0,,160223000.0,,,,-210913000.0,-2.588,1.0,18906000.0,0.745,0.0,724000.0,647554000.0,,0.0,0.0,0.0,0.0,287325000.0,30688000.0,256637000.0,495528434.0,7090000.0,0.0,395000.0,218522000.0,0.0,218897000.0,-235548000.0,0.0,23741000.0,0.0,4270000.0,4270000.0,4270000.0,0.0,0.0,0.168,11262000.0,7644000.0,30668000.0,0.0,3.093,33.25,25.176,408832000.0,0.0,4.657,5.732,4.358,24054000.0,27084000.0,25387000.0,25387000.0,0.0,,,,,0.0,1647000.0,1.0,106393652.0,81484000,101020000.0,0.312,447548000.0,0.0,2650000.0,15620000.0,5.492,2692000.0
91,DNRCQ,MRQ,1997-09-30,1997-09-30,1997-09-30,2020-11-19,,,,,,,,-34617000.0,,,5425000.0,3211000.0,,,,,,,,8126000.0,,0.0,0.0,5332000.0,13458000.0,0.66,13458000.0,5332000.0,5097000.0,0.04,0.037,0.04,,,,,,,-24117000.0,-0.297,1.0,14976000.0,0.734,,235000.0,,,,,,,,,,,-3760000.0,0.0,870000.0,19900000.0,0.0,20752000.0,-35012000.0,0.0,10500000.0,0.0,3211000.0,3211000.0,3211000.0,0.0,0.0,0.157,9644000.0,5332000.0,,0.0,,,,,0.0,5.907,,,,,20401000.0,20401000.0,0.0,,,,,0.0,1415000.0,1.0,,81092000,81092000.0,0.252,,,1886000.0,,,
92,DNRCQ,MRQ,1997-06-30,1997-06-30,1997-06-30,2020-11-19,,,,,,,,-21014000.0,,,5259000.0,2207000.0,,,,,,,,8473000.0,,0.0,0.0,3576000.0,12049000.0,0.634,12049000.0,3576000.0,3503000.0,0.028,0.028,0.028,,,,,,,-11687000.0,-0.145,1.0,13756000.0,0.723,,73000.0,,,,,,,,,,,-11070000.0,0.0,1078000.0,-27000.0,0.0,1030000.0,-21427000.0,0.0,9327000.0,0.0,2207000.0,2207000.0,2207000.0,0.0,0.0,0.116,10180000.0,3576000.0,,0.0,,,,,0.0,4.188,,,,,19015000.0,19015000.0,0.0,,,,,0.0,1599000.0,1.0,,80624000,80624000.0,0.236,,,1296000.0,,,
93,DNRCQ,MRQ,1997-03-31,1997-03-31,1997-03-31,2020-11-19,,,,,,,,-15142000.0,,,5053000.0,5215000.0,,,,,,,,6625000.0,,0.0,0.0,8357000.0,14982000.0,0.692,14982000.0,8357000.0,8278000.0,0.065,0.06,0.065,,,,,,,3607000.0,0.045,1.0,16600000.0,0.767,,79000.0,,,,,,,,,,,3613000.0,0.0,473000.0,-6000.0,0.0,436000.0,-15572000.0,0.0,18749000.0,0.0,5215000.0,5215000.0,5215000.0,0.0,0.0,0.241,8243000.0,8357000.0,,0.0,,,,,0.0,3.28,,,,,21653000.0,21653000.0,0.0,,,,,0.0,1521000.0,1.0,,80376000,80376000.0,0.269,,,3063000.0,,,
94,DNRCQ,MRQ,1996-12-31,1996-12-31,1996-12-31,2020-11-19,0.0,166505000.0,,29002000.0,137503000.0,,2.719,,13453000.0,13453000.0,,,1.756,0.168,192000.0,67000.0,125000.0,192000.0,0.0,,0.0,0.0,0.0,,,,,,,,,,142504000.0,,142504000.0,,,,,,1.0,,,0.0,,136724000.0,,0.0,0.0,0.0,0.0,24001000.0,16520000.0,7481000.0,,,,,,,,,,,,,,,,,,,,16453000.0,,,,21.756,134996000.0,,3.655,,3.571,15549000.0,12181000.0,,,,,,,,,,1.0,,52416000,,,166505000.0,0.0,,6743000.0,3.177,12482000.0
0,DNRCQ,MRT,2020-06-30,2020-06-30,2020-06-30,2020-11-19,0.0,4058035000.0,4527675750.0,389448000.0,3668587000.0,0.218,1.624,-173835000.0,209276000.0,209276000.0,483118000.0,-527517000.0,0.151,4.045,2558643000.0,2374137000.0,184506000.0,2558643000.0,0.0,270531000.0,0.0,0.0,0.0,-505724000.0,-235193000.0,-0.238,-235193000.0,-505724000.0,-590105000.0,-1.06,-1.09,-1.06,804419000.0,1263060750.0,804419000.0,2464274619.0,-5.0,-10.478,180119000.0,0.364,1.0,503024000.0,0.51,0.0,84381000.0,3824228000.0,6049070750.0,0.0,47655000.0,47655000.0,0.0,3253616000.0,2583174000.0,670442000.0,139839619.0,225103000.0,0.0,0.0,53476000.0,0.0,31695000.0,-160546000.0,0.0,353954000.0,0.0,-527517000.0,-527517000.0,-527517000.0,0.0,0.0,-0.535,1178574000.0,-675550000.0,201346000.0,0.0,0.174,-0.265,-0.26,3565471000.0,0.0,0.276,0.142,0.139,111793000.0,-1944772000.0,986142000.0,986142000.0,0.0,-0.117,-0.418,-0.084,-0.513,9145000.0,80107000.0,1.0,506481777.0,495245000,495245000.0,1.991,4058035000.0,0.0,-62588000.0,306186000.0,8.194,-2193726000.0
1,DNRCQ,MRT,2020-03-31,2020-03-31,2020-03-31,2020-11-19,0.0,4607091000.0,4696175500.0,256920000.0,4350171000.0,0.258,3.013,-205564000.0,6917000.0,6917000.0,522415000.0,316649000.0,0.993,2.093,2331352000.0,105256000.0,2226096000.0,2331352000.0,0.0,273381000.0,0.0,0.0,0.0,505324000.0,778705000.0,0.643,778705000.0,505324000.0,421144000.0,0.67,0.64,0.67,1489445000.0,1379625000.0,1489445000.0,2476659283.0,5.0,3.18,286055000.0,0.579,1.0,689217000.0,0.569,0.0,84180000.0,6672803000.0,6842509250.0,0.0,125724000.0,125724000.0,0.0,3117646000.0,258723000.0,2858923000.0,93478283.0,17267000.0,0.0,0.0,-278667000.0,0.0,-280173000.0,-194179000.0,0.0,491619000.0,0.0,316649000.0,316649000.0,316649000.0,0.0,0.0,0.261,518955000.0,170262000.0,153467000.0,0.0,0.063,0.295,0.276,4249058000.0,0.0,0.185,0.077,0.075,113967000.0,-1247298000.0,1211632000.0,1211632000.0,0.0,0.067,0.23,0.074,0.417,11660000.0,73837000.0,1.0,506382897.0,494259000,586190000.0,2.451,4607091000.0,0.0,104495000.0,406021000.0,9.321,-1803000.0
2,DNRCQ,MRT,2019-12-31,2019-12-31,2019-12-31,2020-11-19,0.0,4691867000.0,4717193250.0,180611000.0,4511256000.0,0.27,3.073,-282361000.0,516000.0,516000.0,536076000.0,216959000.0,0.496,2.322,2383697000.0,109195000.0,2274502000.0,2383697000.0,0.0,233816000.0,0.0,0.0,0.0,402943000.0,636759000.0,0.499,636759000.0,402943000.0,321311000.0,0.47,0.45,0.47,1412259000.0,1287093750.0,1412259000.0,3241608899.0,8.0,5.091,211782000.0,0.461,1.0,738807000.0,0.58,0.0,81632000.0,6710806000.0,6962439000.0,0.0,11936000.0,11936000.0,0.0,3279608000.0,364242000.0,2915366000.0,681399899.0,-21904000.0,0.0,0.0,-246703000.0,0.0,-246355000.0,-269692000.0,0.0,494143000.0,0.0,216959000.0,216959000.0,216959000.0,0.0,0.0,0.17,421784000.0,317023000.0,246701000.0,0.0,0.482,3.141,3.0,4406927000.0,0.0,1.41,0.534,0.508,157725000.0,-1321314000.0,1274883000.0,1274883000.0,0.0,0.046,0.169,0.058,0.316,12470000.0,83029000.0,1.0,483262340.0,459524000,510341000.0,2.774,4691867000.0,0.0,104352000.0,410230000.0,10.21,-183631000.0
3,DNRCQ,MRT,2019-09-30,2019-09-30,2019-09-30,2020-11-19,0.0,4753710000.0,4725032000.0,222785000.0,4530925000.0,0.276,2.955,-336457000.0,514000.0,514000.0,545630000.0,368359000.0,0.684,2.531,2560723000.0,107336000.0,2453387000.0,2560723000.0,0.0,230363000.0,0.0,0.0,0.0,586579000.0,816942000.0,0.627,816942000.0,586579000.0,508193000.0,0.82,0.78,0.82,1346120000.0,1219473250.0,1346120000.0,3178642105.0,5.0,3.891,143276000.0,0.315,1.0,756995000.0,0.581,0.0,78386000.0,6988446000.0,7057038750.0,0.0,67098000.0,55615000.0,11483000.0,3407590000.0,325473000.0,3082117000.0,558897105.0,-49936000.0,0.0,0.0,-203819000.0,0.0,-198547000.0,-331122000.0,0.0,479733000.0,0.0,368359000.0,368359000.0,368359000.0,0.0,0.0,0.283,471862000.0,285133000.0,218137000.0,0.0,0.415,1.517,1.451,4407429000.0,0.0,1.19,0.429,0.416,155165000.0,-1339232000.0,1302625000.0,1302625000.0,0.0,0.078,0.302,0.083,0.45,13106000.0,64969000.0,1.0,469661433.0,455487000,547205000.0,2.86,4753710000.0,0.0,139834000.0,400213000.0,10.437,-102688000.0
4,DNRCQ,MRT,2019-06-30,2019-06-30,2019-06-30,2020-11-19,0.0,4732034000.0,4697608750.0,203943000.0,4528091000.0,0.294,2.807,-356563000.0,341000.0,341000.0,546013000.0,373916000.0,0.576,2.724,2620086000.0,108568000.0,2511518000.0,2620086000.0,0.0,226615000.0,0.0,0.0,0.0,566371000.0,792986000.0,0.574,792986000.0,566371000.0,492316000.0,0.83,0.81,0.83,1270676000.0,1123739250.0,1270676000.0,3383860552.0,6.0,4.267,140496000.0,0.31,1.0,836132000.0,0.605,0.0,74055000.0,6997982000.0,7027722000.0,0.0,33935000.0,24447000.0,9488000.0,3461358000.0,353797000.0,3107561000.0,571918552.0,6305000.0,0.0,0.0,-133278000.0,0.0,-133237000.0,-357517000.0,0.0,497059000.0,0.0,373916000.0,373916000.0,373916000.0,0.0,0.0,0.271,477601000.0,358531000.0,243317000.0,0.0,0.45,1.53,1.494,4416103000.0,0.0,1.24,0.414,0.406,164166000.0,-1412094000.0,1382145000.0,1382145000.0,0.0,0.08,0.333,0.081,0.41,13664000.0,68282000.0,1.0,461224639.0,452612000,467427000.0,3.054,4732034000.0,0.0,118400000.0,362303000.0,10.455,-149854000.0
5,DNRCQ,MRT,2019-03-31,2019-03-31,2019-03-31,2020-11-19,0.0,4691162000.0,4648159000.0,206046000.0,4485116000.0,0.307,2.478,-371673000.0,5749000.0,5749000.0,544935000.0,257446000.0,0.588,3.191,2817691000.0,127328000.0,2690363000.0,2817691000.0,0.0,221295000.0,0.0,0.0,0.0,389747000.0,611042000.0,0.429,611042000.0,389747000.0,319900000.0,0.58,0.56,0.58,1119320000.0,1027481500.0,1119320000.0,3674682615.0,9.0,6.014,130751000.0,0.289,1.0,880908000.0,0.618,0.0,69847000.0,7152522000.0,6981047000.0,0.0,16034000.0,14012000.0,2022000.0,3571842000.0,350582000.0,3221260000.0,943906615.0,6642000.0,0.0,0.0,-116787000.0,0.0,-122081000.0,-373701000.0,0.0,502424000.0,0.0,257446000.0,257446000.0,257446000.0,0.0,0.0,0.181,477696000.0,403212000.0,213217000.0,0.0,0.843,3.666,3.534,4379631000.0,0.0,2.05,0.662,0.649,176003000.0,-1558786000.0,1425843000.0,1425843000.0,0.0,0.055,0.251,0.056,0.273,12622000.0,70188000.0,1.0,460442251.0,451720000,451720000.0,3.156,4691162000.0,0.0,62454000.0,300280000.0,10.385,-144536000.0
6,DNRCQ,MRT,2018-12-31,2018-12-31,2018-12-31,2020-11-19,0.0,4723222000.0,4597064000.0,296294000.0,4426928000.0,0.321,2.64,-338412000.0,38560000.0,38560000.0,538154000.0,322698000.0,0.812,3.137,2769336000.0,105125000.0,2664211000.0,2769336000.0,0.0,216449000.0,0.0,0.0,0.0,479619000.0,696068000.0,0.472,696068000.0,479619000.0,409931000.0,0.75,0.71,0.75,1141777000.0,920206000.0,1141777000.0,3541131462.0,7.0,5.087,191273000.0,0.442,1.0,935471000.0,0.635,0.0,69688000.0,7089205000.0,6960409500.0,0.0,97275000.0,93080000.0,4195000.0,3581445000.0,364793000.0,3216652000.0,787534462.0,38957000.0,0.0,0.0,-143966000.0,0.0,-157452000.0,-333276000.0,0.0,529685000.0,0.0,322698000.0,322698000.0,322698000.0,0.0,0.0,0.219,476939000.0,458532000.0,259668000.0,0.0,0.69,2.44,2.28,4318610000.0,0.0,1.71,0.534,0.502,152758000.0,-1533112000.0,1473625000.0,1473625000.0,0.0,0.07,0.351,0.069,0.325,11951000.0,71495000.0,1.0,460546469.0,432483000,456169000.0,3.407,4723222000.0,0.0,87233000.0,309758000.0,10.921,-68499000.0
7,DNRCQ,MRT,2018-09-30,2018-09-30,2018-09-30,2020-11-19,0.0,4644017000.0,4534083250.0,288185000.0,4355832000.0,0.322,2.134,-287913000.0,66711000.0,66711000.0,510222000.0,275000000.0,0.547,3.822,2820308000.0,126884000.0,2693424000.0,2820308000.0,0.0,209976000.0,0.0,0.0,0.0,255849000.0,465825000.0,0.319,465825000.0,255849000.0,180397000.0,0.67,0.65,0.67,963184000.0,796803000.0,963184000.0,5656817396.0,22.0,12.144,229901000.0,0.509,1.0,951637000.0,0.651,0.0,75452000.0,6871179000.0,6962472750.0,0.0,0.0,0.0,0.0,3680833000.0,526435000.0,3154398000.0,2855951396.0,67285000.0,0.0,0.0,-157460000.0,0.0,-170794000.0,-279735000.0,0.0,517814000.0,0.0,275000000.0,275000000.0,275000000.0,0.0,0.0,0.188,418899000.0,532738000.0,274197000.0,0.0,2.965,10.385,9.254,4255818000.0,0.0,6.2,1.954,1.914,206970000.0,-1707591000.0,1461859000.0,1461859000.0,0.0,0.061,0.345,0.037,0.175,11650000.0,81726000.0,1.0,460637322.0,451256000,458450000.0,3.24,4644017000.0,0.0,-94603000.0,249264000.0,10.291,-238250000.0
8,DNRCQ,MRT,2018-06-30,2018-06-30,2018-06-30,2020-11-19,0.0,4534235000.0,4483311250.0,224237000.0,4309998000.0,0.297,2.043,-276018000.0,116000.0,116000.0,506537000.0,197023000.0,0.428,4.12,2800982000.0,111335000.0,2689647000.0,2800982000.0,0.0,210761000.0,0.0,0.0,0.0,154046000.0,364807000.0,0.274,364807000.0,154046000.0,72575000.0,0.5,0.48,0.5,885645000.0,685368750.0,885645000.0,5172411209.0,34.0,14.178,159543000.0,0.368,1.0,826908000.0,0.62,0.0,81471000.0,6811282000.0,7051869250.0,0.0,0.0,0.0,0.0,3648590000.0,523819000.0,3124771000.0,2119451209.0,-3573000.0,0.0,0.0,-172594000.0,0.0,-167717000.0,-271417000.0,0.0,435561000.0,0.0,197023000.0,197023000.0,197023000.0,0.0,0.0,0.148,415287000.0,411621000.0,267230000.0,0.0,2.393,10.757,9.62,4211027000.0,0.0,4.81,1.589,1.564,208567000.0,-1786010000.0,1333445000.0,1333445000.0,0.0,0.044,0.287,0.022,0.116,11365000.0,87420000.0,1.0,440634347.0,433467000,457165000.0,3.076,4534235000.0,0.0,-124448000.0,231761000.0,10.46,-299582000.0
9,DNRCQ,MRT,2018-03-31,2018-03-31,2018-03-31,2020-11-19,0.0,4486782000.0,4456087750.0,214854000.0,4271928000.0,0.271,1.757,-341854000.0,85000.0,85000.0,501010000.0,181200000.0,0.457,5.501,3053045000.0,129667000.0,2923378000.0,3053045000.0,0.0,208969000.0,0.0,0.0,0.0,146918000.0,355887000.0,0.295,355887000.0,146918000.0,57594000.0,0.47,0.45,0.47,690218000.0,592507250.0,690218000.0,4185473444.0,28.0,11.761,-7346000.0,-0.019,1.0,706556000.0,0.585,0.0,89324000.0,7069972000.0,7158048250.0,0.0,1859000.0,1859000.0,0.0,3796564000.0,469770000.0,3326794000.0,1101257444.0,-1710000.0,0.0,0.0,9165000.0,0.0,4559000.0,-340777000.0,0.0,334508000.0,0.0,181200000.0,181200000.0,181200000.0,0.0,0.0,0.15,408635000.0,297921000.0,225591000.0,0.0,1.596,6.078,5.83,4172154000.0,0.0,2.74,0.912,0.891,201398000.0,-1816232000.0,1207566000.0,1207566000.0,0.0,0.041,0.306,0.021,0.122,13640000.0,93797000.0,1.0,401918775.0,392742000,451543000.0,3.075,4486782000.0,0.0,-123606000.0,213151000.0,11.424,-254916000.0
10,DNRCQ,MRT,2017-12-31,2017-12-31,2017-12-31,2020-11-19,0.0,4471299000.0,4411557000.0,202255000.0,4269044000.0,0.256,1.658,-354756000.0,58000.0,58000.0,498266000.0,163152000.0,0.442,5.898,3084274000.0,105188000.0,2979086000.0,3084274000.0,0.0,207713000.0,0.0,0.0,0.0,145763000.0,353476000.0,0.313,353476000.0,145763000.0,46500000.0,0.42,0.41,0.42,648165000.0,543392500.0,648165000.0,4031180493.0,28.0,11.404,-87613000.0,-0.224,1.0,631520000.0,0.559,0.0,99263000.0,7097458000.0,7138235000.0,0.0,0.0,0.0,0.0,3823134000.0,458057000.0,3365077000.0,888796493.0,-1058000.0,0.0,0.0,87397000.0,0.0,88613000.0,-356814000.0,0.0,267143000.0,0.0,163152000.0,163152000.0,163152000.0,0.0,0.0,0.144,408181000.0,223339000.0,253808000.0,0.0,1.371,5.448,5.262,4166866000.0,0.0,2.21,0.787,0.765,191527000.0,-1855810000.0,1129786000.0,1129786000.0,0.0,0.037,0.3,0.02,0.129,15154000.0,101806000.0,1.0,402170359.0,390928000,395921000.0,2.89,4471299000.0,0.0,-116652000.0,198099000.0,11.438,-255802000.0
11,DNRCQ,MRT,2017-09-30,2017-09-30,2017-09-30,2020-11-19,0.0,4440929000.0,4362376750.0,187592000.0,4253337000.0,0.246,1.32,-360813000.0,57000.0,57000.0,508729000.0,-349355000.0,0.529,7.582,3142441000.0,85002000.0,3057439000.0,3142441000.0,0.0,801572000.0,0.0,0.0,0.0,-445959000.0,355613000.0,0.331,355613000.0,-445959000.0,-543882000.0,-0.91,-0.92,-0.91,517447000.0,498463250.0,517447000.0,3680079542.0,-8.0,10.349,-158090000.0,-0.403,1.0,566087000.0,0.527,0.0,97923000.0,7228765000.0,7072014000.0,0.0,60000.0,60000.0,0.0,3923482000.0,354548000.0,3568934000.0,540081542.0,-2265000.0,0.0,0.0,156164000.0,0.0,159479000.0,-364467000.0,0.0,202723000.0,0.0,-349355000.0,-349355000.0,-349355000.0,0.0,0.0,-0.325,993625000.0,-427538000.0,252800000.0,0.0,1.044,-1.546,-1.473,4147174000.0,0.0,1.34,0.502,0.489,176664000.0,-1982592000.0,1074816000.0,1074816000.0,0.0,-0.08,-0.701,-0.063,-0.415,17528000.0,110140000.0,1.0,403045927.0,392013000,393023000.0,2.742,4440929000.0,0.0,-194527000.0,329724000.0,11.329,-166956000.0
12,DNRCQ,MRT,2017-06-30,2017-06-30,2017-06-30,2020-11-19,0.0,4425341000.0,4456344750.0,186229000.0,4239112000.0,0.238,1.319,-293394000.0,3508000.0,3508000.0,499634000.0,-374387000.0,0.565,7.606,3143506000.0,83458000.0,3060048000.0,3143506000.0,0.0,804483000.0,0.0,0.0,0.0,-471095000.0,333388000.0,0.314,333388000.0,-471095000.0,-569250000.0,-0.97,-0.98,-0.97,514199000.0,580937500.0,514199000.0,3647795222.0,-8.0,10.942,-59907000.0,-0.154,1.0,562608000.0,0.53,0.0,98155000.0,7235998000.0,7113456250.0,0.0,4809000.0,3572000.0,1237000.0,3911142000.0,329341000.0,3581801000.0,609456222.0,2572000.0,0.0,0.0,69598000.0,0.0,66523000.0,-297438000.0,0.0,233487000.0,0.0,-374387000.0,-374387000.0,-374387000.0,0.0,0.0,-0.352,1069595000.0,-506987000.0,245883000.0,0.0,1.185,-1.628,-1.577,4129184000.0,0.0,1.53,0.574,0.562,164215000.0,-1983056000.0,1062242000.0,1062242000.0,0.0,-0.084,-0.644,-0.066,-0.443,19814000.0,107510000.0,1.0,398337400.0,389904000,391827000.0,2.724,4425341000.0,0.0,-194863000.0,345025000.0,11.35,-143112000.0
13,DNRCQ,MRT,2017-03-31,2017-03-31,2017-03-31,2020-11-19,0.0,4308659000.0,4597502750.0,188269000.0,4120390000.0,0.23,1.268,-203253000.0,1747000.0,1747000.0,488015000.0,-769454000.0,0.528,7.726,3040086000.0,83701000.0,2956385000.0,3040086000.0,0.0,819872000.0,0.0,0.0,0.0,-1087378000.0,-267506000.0,-0.253,-267506000.0,-1087378000.0,-1197530000.0,-2.04,-2.05,-2.04,493759000.0,668713750.0,493759000.0,4018708912.0,-4.0,-15.023,38203000.0,0.098,1.0,568191000.0,0.538,0.0,110152000.0,6990719000.0,7212592750.0,0.0,1062000.0,1062000.0,0.0,3814900000.0,356279000.0,3458621000.0,1027216912.0,-5567000.0,0.0,0.0,-30539000.0,0.0,-41901000.0,-205122000.0,0.0,241456000.0,0.0,-769454000.0,-769454000.0,-769454000.0,0.0,0.0,-0.729,1595157000.0,-1026966000.0,253779000.0,0.0,2.08,-1.335,-1.265,4018388000.0,0.0,2.58,0.973,0.951,174136000.0,-1997455000.0,1056206000.0,1056206000.0,0.0,-0.167,-1.151,-0.151,-1.03,18242000.0,104266000.0,1.0,398146090.0,389397000,392997000.0,2.712,4308659000.0,0.0,-428076000.0,328786000.0,11.065,-168010000.0
14,DNRCQ,MRT,2016-12-31,2016-12-31,2016-12-31,2020-11-19,0.0,4274578000.0,4904974750.0,181126000.0,4093452000.0,0.199,1.253,-201599000.0,1606000.0,1606000.0,475765000.0,-976177000.0,0.418,8.125,2993098000.0,83366000.0,2909732000.0,2993098000.0,0.0,846043000.0,0.0,0.0,0.0,-1395202000.0,-549159000.0,-0.563,-549159000.0,-1395202000.0,-1520347000.0,-2.61,-2.61,-2.61,468448000.0,815593500.0,468448000.0,4449109644.0,-3.0,-8.102,17624000.0,0.047,1.0,499831000.0,0.512,0.0,125145000.0,6832574000.0,7580239750.0,0.0,0.0,0.0,0.0,3806130000.0,433496000.0,3372634000.0,1466131644.0,-452000.0,0.0,0.0,-5392000.0,0.0,-15012000.0,-204663000.0,0.0,219223000.0,0.0,-976177000.0,-976177000.0,-976177000.0,0.0,0.0,-1.001,1882184000.0,-1382353000.0,280851000.0,0.0,3.13,-1.502,-1.41,3988374000.0,0.0,3.68,1.503,1.41,168836000.0,-2018989000.0,975596000.0,975596000.0,0.0,-0.199,-1.197,-0.184,-1.43,14995000.0,109926000.0,1.0,398405338.0,373859000,373859000.0,2.61,4274578000.0,0.0,-544170000.0,293878000.0,11.434,-252370000.0
15,DNRCQ,MRT,2016-09-30,2016-09-30,2016-09-30,2020-11-19,0.0,4816801000.0,5307713500.0,162717000.0,4654084000.0,0.183,2.181,-252246000.0,3273000.0,3273000.0,497095000.0,-1475528000.0,0.402,4.685,2986251000.0,83200000.0,2903051000.0,2986251000.0,0.0,311275000.0,0.0,0.0,0.0,-2174090000.0,-1862815000.0,-1.913,-1862815000.0,-2174090000.0,-2317178000.0,-4.18,-4.18,-4.18,847344000.0,1010709500.0,847344000.0,4366080296.0,-2.0,-2.344,72020000.0,0.185,1.0,476499000.0,0.489,0.0,143088000.0,7394534000.0,8068921500.0,0.0,307000.0,307000.0,0.0,3969457000.0,405245000.0,3564212000.0,1286595296.0,-8939000.0,0.0,0.0,-56707000.0,-4000.0,-76553000.0,-256652000.0,0.0,324266000.0,0.0,-1475528000.0,-1475528000.0,-1475528000.0,0.0,0.0,-1.516,2687694000.0,-2211195000.0,247816000.0,0.0,1.518,-0.872,-0.773,4489338000.0,0.0,3.23,1.321,1.289,147899000.0,-1633264000.0,973594000.0,973594000.0,0.0,-0.278,-1.46,-0.269,-2.233,17649000.0,108519000.0,1.0,398326717.0,388572000,388572000.0,2.506,4816801000.0,0.0,-841650000.0,505689000.0,12.396,-242528000.0
16,DNRCQ,MRT,2016-06-30,2016-06-30,2016-06-30,2020-11-19,0.0,4989973000.0,5942301250.0,212819000.0,4777154000.0,0.172,2.335,-370206000.0,2545000.0,2545000.0,504637000.0,-3695064000.0,0.487,4.767,3082030000.0,83762000.0,2998268000.0,3082030000.0,0.0,377669000.0,0.0,0.018,0.063,-5095494000.0,-4717825000.0,-4.611,-4717825000.0,-5095494000.0,-5253029000.0,-10.53,-10.53,-10.53,865304000.0,1332956500.0,865304000.0,4505794302.0,-1.0,-0.955,130321000.0,0.352,1.0,518572000.0,0.507,0.0,157535000.0,7632544000.0,8796329250.0,0.0,4730000.0,4699000.0,31000.0,4124669000.0,436914000.0,3687755000.0,1258632302.0,-1868000.0,0.0,0.0,-116862000.0,-21898000.0,-161202000.0,-341193000.0,0.0,500527000.0,0.0,-3695064000.0,-3695064000.0,-3695064000.0,0.0,0.0,-3.611,5714149000.0,-5195577000.0,246047000.0,-0.006,1.455,-0.341,-0.341,4615047000.0,0.0,3.59,1.23,1.3,191173000.0,-1608701000.0,1023209000.0,1023209000.0,0.0,-0.622,-2.772,-0.579,-4.98,19759000.0,116783000.0,1.0,350593956.0,370566000,370566000.0,2.761,4989973000.0,0.0,-1557965000.0,519207000.0,13.466,-224095000.0
17,DNRCQ,MRT,2016-03-31,2016-03-31,2016-03-31,2020-11-19,0.0,5538547000.0,7318633750.0,272975000.0,5265572000.0,0.156,3.114,-432789000.0,8252000.0,8252000.0,537878000.0,-4462895000.0,0.841,4.122,3255414000.0,32917000.0,3222497000.0,3255414000.0,0.0,459068000.0,0.0,0.057,0.126,-6272748000.0,-5813680000.0,-5.079,-5813680000.0,-6272748000.0,-6434088000.0,-12.78,-12.78,-12.78,1081278000.0,2216639000.0,1081278000.0,4086338874.0,-1.0,-0.703,295780000.0,0.852,1.0,606877000.0,0.53,0.0,161340000.0,8461307000.0,9977189000.0,0.0,72798000.0,72798000.0,0.0,4457269000.0,324402000.0,4132867000.0,778803874.0,2231000.0,0.0,0.0,-252035000.0,-43358000.0,-301777000.0,-424561000.0,0.0,728569000.0,0.0,-4462895000.0,-4462895000.0,-4462895000.0,0.0,0.0,-3.899,7016713000.0,-6409836000.0,266480000.0,-0.01,0.72,-0.175,-0.174,5101797000.0,0.0,2.22,0.68,0.673,183162000.0,-1228039000.0,1144755000.0,1144755000.0,0.0,-0.61,-2.013,-0.629,-5.48,23614000.0,132185000.0,1.0,350812556.0,347235000,347235000.0,3.297,5538547000.0,0.0,-1971193000.0,742148000.0,15.95,-51427000.0
18,DNRCQ,MRT,2015-12-31,2015-12-31,2015-12-31,2020-11-19,0.0,5885533000.0,9051011000.0,343169000.0,5542364000.0,0.139,3.581,-555740000.0,2812000.0,2812000.0,575346000.0,-4385448000.0,0.92,3.713,3277595000.0,32481000.0,3245114000.0,3277595000.0,0.0,531660000.0,0.0,0.094,0.189,-6166714000.0,-5635054000.0,-4.481,-5635054000.0,-6166714000.0,-6325982000.0,-12.57,-12.57,-12.57,1248912000.0,3342189750.0,1248912000.0,4054488357.0,-1.0,-0.72,308564000.0,0.885,1.0,682214000.0,0.542,0.0,159268000.0,8787301000.0,11469246000.0,0.0,142846000.0,142846000.0,0.0,4636621000.0,373015000.0,4263606000.0,709347357.0,-20341000.0,0.0,0.0,-254127000.0,-65426000.0,-334460000.0,-550185000.0,0.0,864304000.0,0.0,-4385448000.0,-4385448000.0,-4385448000.0,0.0,0.0,-3.487,6996927000.0,-6314713000.0,340534000.0,-0.015,0.568,-0.162,-0.161,5375809000.0,0.0,2.02,0.564,0.56,187506000.0,-1058954000.0,1257560000.0,1257560000.0,0.0,-0.485,-1.312,-0.538,-4.904,30604000.0,144564000.0,1.0,351162058.0,348802000,348802000.0,3.605,5885533000.0,0.0,-1940534000.0,852089000.0,16.874,-29846000.0
19,DNRCQ,MRT,2015-09-30,2015-09-30,2015-09-30,2020-11-19,-157000.0,7355152000.0,10761578250.0,465617000.0,6889535000.0,0.137,6.103,-722426000.0,12212000.0,12212000.0,606264000.0,-3136738000.0,1.175,2.443,3357353000.0,36038000.0,3321315000.0,3357353000.0,0.0,576422000.0,0.0,0.103,0.252,-4188626000.0,-3612204000.0,-2.455,-3612204000.0,-4188626000.0,-4350680000.0,-8.96,-8.96,-8.96,2136332000.0,4455925750.0,2136332000.0,4372132569.0,-1.0,-1.21,314699000.0,0.899,1.0,865363000.0,0.588,0.0,162054000.0,10304165000.0,12860496750.0,0.0,199431000.0,199431000.0,0.0,5218820000.0,396128000.0,4822692000.0,867299569.0,-7224000.0,0.0,0.0,-265875000.0,-87225000.0,-328977000.0,-715372000.0,0.0,1037125000.0,0.0,-3136738000.0,-3136738000.0,-3136738000.0,0.0,0.0,-2.131,5734597000.0,-4869234000.0,352206000.0,-0.028,0.406,-0.276,-0.272,6681858000.0,0.0,2.44,0.589,0.58,242216000.0,-173892000.0,1471627000.0,1471627000.0,0.0,-0.291,-0.704,-0.326,-2.846,27046000.0,152466000.0,1.0,355450643.0,350052000,350052000.0,4.204,7355152000.0,0.0,-1213942000.0,1344131000.0,21.012,69489000.0
20,DNRCQ,MRT,2015-06-30,2015-06-30,2015-06-30,2020-11-19,-174000.0,10495303000.0,11957803500.0,558382000.0,9936921000.0,0.151,12.57,-870932000.0,4413000.0,4413000.0,658847000.0,-623864000.0,1.459,1.385,3509246000.0,38105000.0,3471141000.0,3509246000.0,0.0,601576000.0,0.0,0.039,0.251,-771775000.0,-170199000.0,-0.094,-170199000.0,-771775000.0,-939356000.0,-1.78,-1.78,-1.78,4400034000.0,5259285000.0,4400034000.0,5896835474.0,-8.0,-34.647,233909000.0,0.668,1.0,1146837000.0,0.635,1261512000.0,167581000.0,12355983000.0,13752731000.0,0.0,268721000.0,268025000.0,696000.0,6095269000.0,382641000.0,5712628000.0,2270092474.0,-7633000.0,0.0,0.0,-152359000.0,-87111000.0,-216109000.0,-896365000.0,0.0,1104841000.0,0.0,-623864000.0,-623864000.0,-623864000.0,0.0,0.0,-0.346,2759457000.0,-1612620000.0,343895000.0,-0.141,0.516,-3.639,-3.573,8461793000.0,0.0,6.36,1.257,1.233,262799000.0,2092350000.0,1805684000.0,1805684000.0,0.0,-0.052,-0.119,-0.056,-0.427,28263000.0,159925000.0,1.0,356932779.0,350039000,350039000.0,5.159,9233791000.0,8060000.0,-315492000.0,2084208000.0,26.379,175741000.0
21,DNRCQ,MRT,2015-03-31,2015-03-31,2015-03-31,2020-11-19,-192000.0,12468056000.0,12333897000.0,768654000.0,11699402000.0,0.17,15.922,-1025210000.0,6021000.0,6021000.0,698506000.0,469435000.0,2.014,1.233,3632764000.0,36679000.0,3596085000.0,3632764000.0,0.0,601800000.0,0.0,0.034,0.251,931515000.0,1533315000.0,0.73,1533315000.0,931515000.0,757247000.0,1.34,1.34,1.34,5583481000.0,5431263000.0,5583481000.0,6148089824.0,7.0,4.01,120521000.0,0.344,1.0,1402604000.0,0.668,1283590000.0,174268000.0,14429535000.0,14065160750.0,0.0,441158000.0,421702000.0,19456000.0,6884575000.0,381674000.0,6502901000.0,2599872824.0,-1871000.0,0.0,0.0,-41475000.0,-87385000.0,-115023000.0,-1032579000.0,0.0,1145731000.0,0.0,469435000.0,469435000.0,469435000.0,0.0,0.0,0.223,1072181000.0,330423000.0,344995000.0,0.187,0.466,5.538,5.44,10180074000.0,0.0,7.29,1.237,1.217,288029000.0,3262508000.0,2101110000.0,2101110000.0,0.0,0.038,0.086,0.066,0.443,30016000.0,160930000.0,1.0,356635504.0,350688000,350688000.0,5.991,11184466000.0,42268000.0,287812000.0,2752857000.0,31.893,386980000.0
22,DNRCQ,MRT,2014-12-31,2014-12-31,2014-12-31,2020-11-19,-209000.0,12727802000.0,12183872500.0,812680000.0,11915122000.0,0.2,16.345,-1072451000.0,23153000.0,23153000.0,737160000.0,635491000.0,1.27,1.231,3571370000.0,35470000.0,3535900000.0,3571370000.0,0.0,592972000.0,0.0,0.031,0.251,1205560000.0,1798532000.0,0.739,1798532000.0,1205560000.0,1022557000.0,1.82,1.81,1.82,5703856000.0,5322369750.0,5703856000.0,6441824166.0,5.0,3.582,150374000.0,0.431,1.0,1698045000.0,0.697,1283590000.0,183003000.0,14352304000.0,13830686000.0,0.0,506546000.0,440359000.0,66187000.0,7023946000.0,640125000.0,6383821000.0,2866334166.0,10966000.0,0.0,-211356000.0,148525000.0,-87044000.0,-135104000.0,-1076755000.0,0.0,1222825000.0,0.0,635491000.0,635491000.0,635491000.0,0.0,0.0,0.261,933832000.0,764213000.0,522928000.0,0.138,0.503,4.51,4.467,10352244000.0,0.0,8.13,1.177,1.165,338716000.0,3392465000.0,2435205000.0,2435205000.0,0.0,0.052,0.119,0.087,0.495,30513000.0,158343000.0,1.0,352562628.0,348962000,351167000.0,6.978,11444212000.0,0.0,387066000.0,2776569000.0,32.795,172555000.0
23,DNRCQ,MRT,2014-09-30,2014-09-30,2014-09-30,2020-11-19,-226000.0,12140053000.0,11949106250.0,416486000.0,11723567000.0,0.213,15.353,-1071394000.0,19436000.0,19436000.0,768468000.0,361850000.0,0.745,1.269,3594926000.0,34712000.0,3560214000.0,3594926000.0,0.0,580397000.0,0.0,0.013,0.188,750839000.0,1331236000.0,0.522,1331236000.0,750839000.0,571131000.0,1.03,1.03,1.03,5349769000.0,5221757250.0,5349769000.0,8920551209.0,12.0,6.701,162689000.0,0.467,1.0,1782175000.0,0.699,1283590000.0,179708000.0,13873102000.0,13521245750.0,0.0,56326000.0,29862000.0,26464000.0,6790284000.0,558851000.0,6231433000.0,5294908209.0,-7112000.0,0.0,-278117000.0,233627000.0,-65241000.0,-128666000.0,-1112529000.0,0.0,1234083000.0,0.0,361850000.0,361850000.0,361850000.0,0.0,0.0,0.142,924103000.0,858072000.0,523605000.0,0.183,0.99,14.633,14.592,10196682000.0,0.0,15.03,2.076,2.053,346868000.0,3050743000.0,2550643000.0,2550643000.0,0.0,0.03,0.069,0.056,0.294,35333000.0,156982000.0,1.0,352289302.0,348454000,350918000.0,7.32,10856463000.0,6127000.0,209281000.0,2521670000.0,31.156,-142365000.0
24,DNRCQ,MRT,2014-06-30,2014-06-30,2014-06-30,2020-11-19,-244000.0,11999677000.0,11816504250.0,422973000.0,11576704000.0,0.22,14.629,-1070861000.0,12046000.0,12046000.0,784726000.0,195156000.0,0.575,1.358,3637689000.0,35533000.0,3602156000.0,3637689000.0,0.0,559432000.0,0.0,0.007,0.125,463635000.0,1023067000.0,0.394,1023067000.0,463635000.0,294178000.0,0.54,0.54,0.54,5087946000.0,5202522000.0,5087946000.0,10032633353.0,22.0,9.806,128295000.0,0.369,1.0,1813095000.0,0.698,1283590000.0,169457000.0,13605702000.0,13295547500.0,0.0,94000.0,0.0,94000.0,6911731000.0,736028000.0,6175703000.0,6492101353.0,-63819000.0,0.0,-392891000.0,318627000.0,-43461000.0,-136337000.0,-1126638000.0,0.0,1199156000.0,0.0,195156000.0,195156000.0,195156000.0,0.0,0.0,0.075,909516000.0,903579000.0,515041000.0,0.231,1.276,33.266,34.185,10071423000.0,0.0,18.46,2.499,2.471,353284000.0,2803876000.0,2597821000.0,2597821000.0,0.0,0.017,0.038,0.035,0.178,34549000.0,152585000.0,1.0,351684797.0,347803000,347803000.0,7.469,10716087000.0,42301000.0,99022000.0,2390501000.0,30.811,-313055000.0
25,DNRCQ,MRT,2014-03-31,2014-03-31,2014-03-31,2020-11-19,-261000.0,11867958000.0,11693712500.0,423584000.0,11444374000.0,0.22,14.677,-1112415000.0,7892000.0,7892000.0,835046000.0,380336000.0,0.669,1.305,3548424000.0,36383000.0,3512041000.0,3548424000.0,0.0,538175000.0,0.0,0.004,0.063,747057000.0,1285232000.0,0.499,1285232000.0,747057000.0,593548000.0,1.05,1.05,1.05,5147908000.0,5248232000.0,5147908000.0,9122715003.0,12.0,7.098,194462000.0,0.554,1.0,1740739000.0,0.676,1283590000.0,153509000.0,13491636000.0,13086062500.0,0.0,541000.0,0.0,541000.0,6720050000.0,633264000.0,6086786000.0,5838120003.0,-54377000.0,0.0,-411912000.0,284818000.0,-21727000.0,-169837000.0,-1191417000.0,0.0,1306877000.0,0.0,380336000.0,380336000.0,380336000.0,0.0,0.0,0.148,887490000.0,853249000.0,507696000.0,0.06,1.134,15.35,15.619,9931977000.0,0.0,16.4,2.267,2.233,359648000.0,2880911000.0,2575785000.0,2575785000.0,0.0,0.033,0.072,0.057,0.29,33441000.0,147015000.0,1.0,355982927.0,350747000,352925000.0,7.344,10584368000.0,45264000.0,213212000.0,2422004000.0,30.177,-209680000.0
26,DNRCQ,MRT,2013-12-31,2013-12-31,2013-12-31,2020-11-19,-276000.0,11788737000.0,11555914250.0,414559000.0,11374178000.0,0.218,14.459,-1179457000.0,12187000.0,12187000.0,796736000.0,409597000.0,0.614,1.224,3296782000.0,36157000.0,3260625000.0,3296782000.0,0.0,509943000.0,0.0,0.0,0.0,783089000.0,1293032000.0,0.514,1293032000.0,783089000.0,642380000.0,1.12,1.11,1.12,5301406000.0,5247725000.0,5301406000.0,9272704012.0,12.0,7.171,181738000.0,0.496,1.0,1720391000.0,0.683,1283590000.0,140709000.0,13114543000.0,12877332750.0,0.0,9947000.0,5000.0,9942000.0,6487331000.0,675199000.0,5812132000.0,6024702012.0,-86324000.0,0.0,-281958000.0,132094000.0,0.0,-172210000.0,-1275309000.0,0.0,1361195000.0,0.0,409597000.0,409597000.0,409597000.0,0.0,0.0,0.163,851627000.0,868764000.0,585220000.0,0.0,1.136,14.709,14.67,9851278000.0,0.0,16.43,2.393,2.393,340342000.0,2844432000.0,2517127000.0,2517127000.0,0.0,0.035,0.078,0.061,0.311,33003000.0,145211000.0,1.0,366689106.0,366659000,369877000.0,6.865,10505147000.0,52754000.0,232783000.0,2399294000.0,28.651,-260640000.0
27,DNRCQ,MRT,2013-09-30,2013-09-30,2013-09-30,2020-11-19,-294000.0,11609645000.0,11393565500.0,439794000.0,11169851000.0,0.222,14.403,-1301263000.0,26548000.0,26548000.0,750297000.0,434266000.0,0.728,1.202,3274550000.0,35581000.0,3238969000.0,3274550000.0,0.0,482819000.0,0.0,0.0,0.0,846944000.0,1329763000.0,0.526,1329763000.0,846944000.0,707971000.0,1.17,1.16,1.17,5272828000.0,5201095750.0,5272828000.0,10022505945.0,12.0,7.537,95711000.0,0.261,1.0,1776912000.0,0.703,1283590000.0,138973000.0,12970309000.0,12406755250.0,0.0,3137000.0,167000.0,2970000.0,6336817000.0,603748000.0,5733069000.0,6865311945.0,2514000.0,281669000.0,-449930000.0,177212000.0,0.0,-303888000.0,-1090572000.0,0.0,1396974000.0,0.0,434266000.0,434266000.0,434266000.0,0.0,0.0,0.172,811074000.0,965838000.0,527906000.0,0.0,1.302,15.809,15.735,9642947000.0,0.0,18.41,2.717,2.667,365776000.0,2754440000.0,2527209000.0,2527209000.0,0.0,0.038,0.083,0.068,0.335,30422000.0,145628000.0,1.0,372912110.0,366088000,369142000.0,6.903,10326055000.0,34422000.0,273705000.0,2328131000.0,28.206,-163954000.0
28,DNRCQ,MRT,2013-06-30,2013-06-30,2013-06-30,2020-11-19,-311000.0,11508510000.0,11267640750.0,484058000.0,11024452000.0,0.217,14.29,-1409202000.0,75865000.0,75865000.0,698468000.0,417579000.0,0.788,1.183,3233059000.0,34148000.0,3198911000.0,3233059000.0,0.0,494159000.0,0.0,0.0,0.0,830284000.0,1324443000.0,0.542,1324443000.0,830284000.0,687985000.0,1.11,1.1,1.11,5270786000.0,5187693750.0,5270786000.0,9647016643.0,12.0,7.284,-24187000.0,-0.066,1.0,1744277000.0,0.714,1283590000.0,142299000.0,12767762000.0,12201991750.0,0.0,28627000.0,9915000.0,18712000.0,6237724000.0,614352000.0,5623372000.0,6463213643.0,47752000.0,281669000.0,-351903000.0,232206000.0,0.0,-144073000.0,-1193190000.0,0.0,1385015000.0,0.0,417579000.0,417579000.0,417579000.0,0.0,0.0,0.171,813914000.0,930363000.0,578309000.0,0.0,1.226,15.478,15.604,9473887000.0,0.0,17.32,2.646,2.615,351386000.0,2652386000.0,2442745000.0,2442745000.0,0.0,0.037,0.08,0.068,0.34,29732000.0,147857000.0,1.0,373164760.0,368850000,371969000.0,6.623,10224920000.0,30392000.0,270406000.0,2283028000.0,27.721,-130294000.0
29,DNRCQ,MRT,2013-03-31,2013-03-31,2013-03-31,2020-11-19,-328000.0,11316765000.0,11124367250.0,499846000.0,10816919000.0,0.215,13.931,-1641792000.0,112729000.0,112729000.0,598950000.0,499464000.0,0.892,1.199,3296532000.0,34033000.0,3262499000.0,3296532000.0,0.0,499541000.0,0.0,0.0,0.0,972781000.0,1472322000.0,0.615,1472322000.0,972781000.0,819480000.0,1.31,1.29,1.31,5145880000.0,5158296500.0,5145880000.0,8957979434.0,9.0,6.084,-253379000.0,-0.686,1.0,1795492000.0,0.75,1283590000.0,153301000.0,12656717000.0,11969398500.0,0.0,4376000.0,3981000.0,395000.0,6170885000.0,560261000.0,5610624000.0,6965077434.0,-15097000.0,281669000.0,-332882000.0,362253000.0,0.0,5094000.0,-1408604000.0,0.0,1388413000.0,0.0,499464000.0,499464000.0,499464000.0,0.0,0.0,0.209,816668000.0,978824000.0,518556000.0,0.0,1.354,13.945,14.237,9285701000.0,0.0,18.65,2.909,2.877,341911000.0,2522406000.0,2394442000.0,2394442000.0,0.0,0.045,0.097,0.081,0.406,29305000.0,149301000.0,1.0,373462597.0,369396000,372867000.0,6.482,10033175000.0,24799000.0,320016000.0,2192946000.0,27.161,-60415000.0
30,DNRCQ,MRT,2012-12-31,2012-12-31,2012-12-31,2020-11-19,-348000.0,11139342000.0,10880691500.0,1542754000.0,9596588000.0,0.226,13.278,-1705407000.0,1148526000.0,1148526000.0,599889000.0,525360000.0,2.503,1.178,3141428000.0,36966000.0,3104462000.0,3141428000.0,0.0,507538000.0,0.0,0.0,0.0,1010438000.0,1517976000.0,0.618,1517976000.0,1010438000.0,856857000.0,1.36,1.35,1.36,5114889000.0,5103937000.0,5114889000.0,9320808555.0,9.0,6.14,-294516000.0,-0.765,1.0,1856583000.0,0.756,1283590000.0,153581000.0,11232233000.0,11559772250.0,0.0,19513000.0,19477000.0,36000.0,6024453000.0,616421000.0,5408032000.0,6269342555.0,79818000.0,281669000.0,-251480000.0,314966000.0,0.0,45768000.0,-1376841000.0,83545000.0,1410891000.0,0.0,525360000.0,525360000.0,525360000.0,0.0,0.0,0.214,850979000.0,1005604000.0,576613000.0,0.0,1.226,11.933,11.912,8077110000.0,0.0,16.2,2.552,2.54,335102000.0,2434835000.0,2456472000.0,2456472000.0,0.0,0.048,0.103,0.087,0.411,29310000.0,144019000.0,1.0,386996454.0,385205000,388938000.0,6.377,9855752000.0,29156000.0,331497000.0,2153452000.0,25.586,926333000.0
31,DNRCQ,MRT,2012-09-30,2012-09-30,2012-09-30,2020-11-19,-366000.0,11105946000.0,10641962000.0,508768000.0,10597178000.0,0.232,13.469,-1732494000.0,24034000.0,24034000.0,580836000.0,463306000.0,0.792,1.128,3075500000.0,36635000.0,3038865000.0,3075500000.0,0.0,500248000.0,0.0,0.0,0.0,892823000.0,1393071000.0,0.565,1393071000.0,892823000.0,741361000.0,1.2,1.19,1.2,5219220000.0,5026839250.0,5219220000.0,9271865886.0,10.0,6.656,-340646000.0,-0.879,1.0,1883689000.0,0.764,1363547000.0,151462000.0,12151255000.0,11488261750.0,0.0,29640000.0,16820000.0,12820000.0,5886726000.0,642610000.0,5244116000.0,6321740886.0,-329000.0,-30000.0,-224322000.0,514964000.0,0.0,293501000.0,-1685678000.0,83545000.0,1391848000.0,0.0,463306000.0,463306000.0,463306000.0,0.0,0.0,0.188,863258000.0,1020431000.0,603580000.0,0.0,1.211,13.645,13.467,8981651000.0,0.0,16.16,2.565,2.541,439901000.0,2320174000.0,2464525000.0,2464525000.0,0.0,0.044,0.092,0.078,0.362,28332000.0,137515000.0,1.0,391196837.0,387512000,390909000.0,6.36,9742399000.0,18168000.0,278055000.0,2095850000.0,25.141,-133842000.0
32,DNRCQ,MRT,2012-06-30,2012-06-30,2012-06-30,2020-11-19,-383000.0,10935416000.0,10337208750.0,545760000.0,10389656000.0,0.236,13.31,-1672840000.0,28113000.0,28113000.0,575398000.0,653609000.0,0.797,1.122,2978238000.0,36168000.0,2942070000.0,2978238000.0,0.0,465291000.0,0.0,0.0,0.0,1196554000.0,1661845000.0,0.681,1661845000.0,1196554000.0,1045302000.0,1.67,1.65,1.67,5153197000.0,4955977250.0,5153197000.0,8421561261.0,7.0,5.068,-258759000.0,-0.668,1.0,1865261000.0,0.764,1363547000.0,151252000.0,11837389000.0,11047368500.0,0.0,94436000.0,57764000.0,36672000.0,5782219000.0,684605000.0,5097614000.0,5902505261.0,-93679000.0,-199263000.0,-204430000.0,520140000.0,0.0,314582000.0,-1822342000.0,83545000.0,1414081000.0,0.0,653609000.0,653609000.0,653609000.0,0.0,0.0,0.268,812884000.0,1052377000.0,646621000.0,0.0,1.145,9.031,9.048,8754309000.0,0.0,15.11,2.418,2.397,429564000.0,2234807000.0,2440659000.0,2440659000.0,0.0,0.063,0.132,0.108,0.49,30307000.0,125930000.0,1.0,390635689.0,387159000,390702000.0,6.304,9571869000.0,12152000.0,391693000.0,2047967000.0,24.723,-138845000.0
33,DNRCQ,MRT,2012-03-31,2012-03-31,2012-03-31,2020-11-19,-400000.0,10342062000.0,9938210500.0,758035000.0,9584027000.0,0.246,12.756,-1462955000.0,217497000.0,217497000.0,571655000.0,700990000.0,1.25,1.098,2736553000.0,8853000.0,2727700000.0,2736553000.0,0.0,436497000.0,0.0,0.0,0.0,1278200000.0,1714697000.0,0.703,1714697000.0,1278200000.0,1126303000.0,1.77,1.75,1.77,4928442000.0,4829756500.0,4928442000.0,9774206861.0,8.0,5.7,-91319000.0,-0.236,1.0,1868620000.0,0.766,1236318000.0,151897000.0,11018212000.0,10508230750.0,0.0,24260000.0,23015000.0,1245000.0,5413620000.0,606588000.0,4807032000.0,7114854861.0,-50491000.0,-199263000.0,-200480000.0,384859000.0,0.0,187671000.0,-1609798000.0,83545000.0,1371636000.0,0.0,700990000.0,700990000.0,700990000.0,0.0,0.0,0.287,768044000.0,1100576000.0,555763000.0,0.0,1.444,10.15,10.299,8104670000.0,0.0,18.23,2.916,2.886,453931000.0,2022942000.0,2440275000.0,2440275000.0,0.0,0.071,0.145,0.122,0.524,30902000.0,119813000.0,1.0,390282768.0,386367000,390943000.0,6.316,9105744000.0,47641000.0,425313000.0,1953253000.0,23.568,151447000.0
34,DNRCQ,MRT,2011-12-31,2011-12-31,2011-12-31,2020-11-19,-418000.0,10184424000.0,9630549750.0,684113000.0,9500311000.0,0.24,12.137,-1369710000.0,18693000.0,18693000.0,547702000.0,573333000.0,1.035,1.119,2678045000.0,8316000.0,2669729000.0,2678045000.0,0.0,409196000.0,0.0,0.0,0.0,1088405000.0,1497601000.0,0.649,1497601000.0,1088405000.0,924045000.0,1.45,1.43,1.45,4806498000.0,4692987250.0,4806498000.0,8293892180.0,8.0,5.538,-164896000.0,-0.416,1.0,1761622000.0,0.763,1236318000.0,164360000.0,10946191000.0,10120152250.0,0.0,134113000.0,134084000.0,29000.0,5377926000.0,661267000.0,4716659000.0,5913529180.0,-363176000.0,-199263000.0,-195227000.0,233740000.0,0.0,37968000.0,-1605958000.0,0.0,1204814000.0,0.0,573333000.0,573333000.0,573333000.0,0.0,0.0,0.248,709583000.0,1052039000.0,626428000.0,0.0,1.23,10.314,10.414,8011625000.0,0.0,15.1,2.561,2.589,459135000.0,1909475000.0,2309324000.0,2309324000.0,0.0,0.06,0.122,0.108,0.471,33190000.0,125525000.0,1.0,391624449.0,396023000,400958000.0,5.831,8948106000.0,50156000.0,350712000.0,1918576000.0,22.595,22846000.0
35,DNRCQ,MRT,2011-09-30,2011-09-30,2011-09-30,2020-11-19,-7361000.0,9886933000.0,9350709500.0,664708000.0,9222225000.0,0.236,12.369,-622259000.0,24363000.0,24363000.0,461019000.0,524486000.0,1.033,1.003,2404726000.0,8177000.0,2396549000.0,2404726000.0,0.0,410691000.0,0.0,0.0,0.0,1051006000.0,1461697000.0,0.661,1461697000.0,1051006000.0,869480000.0,1.31,1.29,1.31,4935772000.0,4586539500.0,4935772000.0,6801970393.0,6.0,4.653,479869000.0,1.203,1.0,1750105000.0,0.792,1236094000.0,181526000.0,10387682000.0,9707501250.0,0.0,255072000.0,198612000.0,56460000.0,4951161000.0,643520000.0,4307641000.0,4627028393.0,-61982000.0,-332580000.0,3734000.0,-167260000.0,0.0,-171231000.0,-992879000.0,0.0,1102128000.0,0.0,531090000.0,531090000.0,531090000.0,0.0,-6604000.0,0.24,787668000.0,962437000.0,588764000.0,0.0,0.937,8.712,8.779,7681644000.0,0.0,11.5,2.093,2.075,441733000.0,1856868000.0,2211124000.0,2211124000.0,0.0,0.057,0.116,0.108,0.475,35560000.0,130746000.0,1.0,402350295.0,399040000,403311000.0,5.541,8650839000.0,0.0,338390000.0,1837119000.0,21.679,21188000.0
36,DNRCQ,MRT,2011-06-30,2011-06-30,2011-06-30,2020-11-19,-3429000.0,9339423000.0,9339777000.0,659483000.0,8679940000.0,0.225,11.661,-543716000.0,121792000.0,121792000.0,489866000.0,280050000.0,1.097,1.009,2296734000.0,8622000.0,2288112000.0,2296734000.0,0.0,420315000.0,0.0,0.0,0.0,672803000.0,1093118000.0,0.52,1093118000.0,672803000.0,475563000.0,0.69,0.68,0.69,4648314000.0,4440824500.0,4648314000.0,10263117460.0,15.0,9.389,451157000.0,1.132,1.0,1611456000.0,0.767,1232418000.0,197240000.0,9680838000.0,9809322250.0,0.0,125151000.0,107542000.0,17609000.0,4691109000.0,601109000.0,4090000000.0,8037747460.0,54318000.0,-145755000.0,3663000.0,-202429000.0,0.0,-211549000.0,-729006000.0,0.0,994873000.0,0.0,284524000.0,284524000.0,284524000.0,0.0,-4474000.0,0.135,783084000.0,828372000.0,506790000.0,0.0,1.729,28.25,28.986,7214481000.0,0.0,20.0,3.825,3.794,408052000.0,1581198000.0,2101322000.0,2101322000.0,0.0,0.03,0.064,0.069,0.32,36368000.0,141248000.0,1.0,401887373.0,398631000,403919000.0,5.271,8107005000.0,22097000.0,191039000.0,1687839000.0,20.337,58374000.0
37,DNRCQ,MRT,2011-03-31,2011-03-31,2011-03-31,2020-11-19,3692000.0,9111419000.0,9441380500.0,721663000.0,8389756000.0,0.212,11.025,351170000.0,127857000.0,127857000.0,523342000.0,171133000.0,1.13,1.08,2353227000.0,8446000.0,2344781000.0,2353227000.0,0.0,446029000.0,0.0,0.0,0.0,466965000.0,912994000.0,0.457,912994000.0,466965000.0,268491000.0,0.38,0.38,0.38,4381365000.0,4356306250.0,4381365000.0,11827223678.0,25.0,12.954,1218645000.0,3.067,1.0,1473793000.0,0.738,1232418000.0,198474000.0,9465898000.0,10034440000.0,0.0,128281000.0,119078000.0,9203000.0,4730054000.0,638473000.0,4091581000.0,9784936678.0,18672000.0,-190755000.0,5253000.0,-1009450000.0,0.0,-973307000.0,124504000.0,0.0,867475000.0,0.0,160645000.0,160645000.0,160645000.0,0.0,10488000.0,0.08,792415000.0,681378000.0,407616000.0,0.0,2.233,60.91,64.211,6928028000.0,0.0,24.4,4.899,4.855,402176000.0,1321952000.0,1997135000.0,1997135000.0,0.0,0.017,0.037,0.047,0.234,37761000.0,143731000.0,1.0,401021995.0,397386000,397386000.0,5.026,7879001000.0,72552000.0,107846000.0,1589912000.0,19.827,83190000.0
38,DNRCQ,MRT,2010-12-31,2010-12-31,2010-12-31,2020-11-19,-488000.0,9065063000.0,9798526500.0,864318000.0,8200745000.0,0.196,11.812,459691000.0,381869000.0,381869000.0,509201000.0,285527000.0,1.492,1.069,2424156000.0,7948000.0,2416208000.0,2424156000.0,0.0,434307000.0,0.0,0.0,0.0,641379000.0,1075686000.0,0.56,1075686000.0,641379000.0,465266000.0,0.73,0.72,0.73,4380707000.0,4301469000.0,4380707000.0,10329381742.0,16.0,9.603,1315502000.0,3.547,1.0,1412590000.0,0.735,1232418000.0,176113000.0,9295587000.0,10663307500.0,0.0,130181000.0,117262000.0,12919000.0,4684356000.0,579345000.0,4105011000.0,7629877742.0,361278000.0,-784622000.0,0.0,-108888000.0,0.0,-139753000.0,-354780000.0,0.0,855811000.0,0.0,271723000.0,271723000.0,271723000.0,0.0,13804000.0,0.141,781240000.0,631350000.0,493213000.0,0.0,1.742,28.08,26.151,6737358000.0,0.0,19.09,3.97,3.684,326678000.0,1336142000.0,1921791000.0,1921791000.0,0.0,0.028,0.063,0.06,0.334,35366000.0,134121000.0,1.0,399679295.0,370876000,376255000.0,5.182,7832645000.0,27454000.0,193543000.0,1547992000.0,21.119,284973000.0
39,DNRCQ,MRT,2010-09-30,2010-09-30,2010-09-30,2020-11-19,-561000.0,9843203000.0,8599755250.0,459018000.0,9384185000.0,0.195,10.995,-69220000.0,86345000.0,86345000.0,514281000.0,285263000.0,0.888,1.144,2785849000.0,7602000.0,2778247000.0,2785849000.0,0.0,383861000.0,0.0,0.0,0.0,579854000.0,963715000.0,0.576,963715000.0,579854000.0,446154000.0,0.76,0.75,0.76,4352912000.0,3699351500.0,4352912000.0,8988858860.0,16.0,9.327,647720000.0,1.636,1.0,1159203000.0,0.693,1230721000.0,133700000.0,10794966000.0,9587524750.0,0.0,0.0,0.0,0.0,4979285000.0,517020000.0,4462265000.0,6344463860.0,64656000.0,-651275000.0,11010000.0,122131000.0,0.0,101193000.0,-753477000.0,0.0,716940000.0,0.0,264855000.0,264855000.0,264855000.0,0.0,20408000.0,0.158,637821000.0,521382000.0,464213000.0,0.0,1.458,23.954,20.908,7902417000.0,0.0,15.89,3.791,3.759,300022000.0,1325778000.0,1673484000.0,1673484000.0,0.0,0.031,0.072,0.06,0.346,37457000.0,122973000.0,1.0,399274000.0,395913000,401093000.0,4.227,8612482000.0,6060000.0,181299000.0,1535871000.0,21.753,-58002000.0
40,DNRCQ,MRT,2010-06-30,2010-06-30,2010-06-30,2020-11-19,-567000.0,9745837000.0,7114769500.0,457954000.0,9287883000.0,0.202,10.897,13344000.0,67474000.0,67474000.0,439291000.0,280914000.0,0.778,1.14,2711869000.0,7464000.0,2704405000.0,2711869000.0,0.0,325784000.0,0.0,0.0,0.0,528241000.0,854025000.0,0.596,854025000.0,528241000.0,438013000.0,0.8,0.79,0.8,4310241000.0,3058788250.0,4310241000.0,9310904080.0,18.0,10.902,667445000.0,1.687,1.0,994739000.0,0.694,1220172000.0,90228000.0,10581309000.0,8035198250.0,0.0,0.0,0.0,0.0,4914359000.0,588751000.0,4325608000.0,5844976080.0,7515000.0,-638867000.0,11274000.0,22130000.0,0.0,6902000.0,-653488000.0,0.0,654101000.0,0.0,262636000.0,262636000.0,262636000.0,0.0,18278000.0,0.183,555197000.0,439542000.0,511391000.0,0.0,1.356,22.255,18.3,7791818000.0,0.0,14.64,4.076,4.038,313186000.0,1296674000.0,1434030000.0,1434030000.0,0.0,0.037,0.086,0.066,0.368,36145000.0,109896000.0,1.0,399247000.0,395548000,400867000.0,3.625,8525665000.0,0.0,175377000.0,1505254000.0,21.554,-130797000.0
41,DNRCQ,MRT,2010-03-31,2010-03-31,2010-03-31,2020-11-19,-536000.0,10540003000.0,5642959750.0,575507000.0,9964496000.0,0.205,14.15,-585273000.0,109185000.0,109185000.0,367304000.0,43345000.0,0.722,1.408,3575113000.0,105931000.0,3469182000.0,3575113000.0,0.0,258270000.0,0.0,0.0,0.0,142264000.0,400534000.0,0.347,400534000.0,142264000.0,80615000.0,0.11,0.1,0.11,4162016000.0,2419961750.0,4162016000.0,5711867114.0,40.0,14.261,-54125000.0,-0.184,1.0,786908000.0,0.682,1227324000.0,61649000.0,11981368000.0,6518368500.0,0.0,0.0,0.0,0.0,5859492000.0,797239000.0,5062253000.0,4426082114.0,90978000.0,-593867000.0,12991000.0,844322000.0,0.0,784332000.0,-1224502000.0,0.0,531148000.0,0.0,40029000.0,40029000.0,40029000.0,0.0,3316000.0,0.035,466842000.0,320066000.0,554583000.0,0.0,1.063,110.572,153.364,8467561000.0,0.0,16.87,3.835,4.299,343957000.0,1161307000.0,1154212000.0,1154212000.0,0.0,0.007,0.017,0.022,0.123,37850000.0,111839000.0,1.0,262364085.0,294143000,299224000.0,3.924,9312679000.0,0.0,40586000.0,1438844000.0,31.66,-221732000.0
42,DNRCQ,MRT,2009-12-31,2009-12-31,2009-12-31,2020-11-19,-557000.0,4269978000.0,3991682750.0,255762000.0,4014216000.0,0.223,7.987,-945704000.0,20591000.0,20591000.0,335841000.0,-75156000.0,0.649,1.165,1306376000.0,5308000.0,1301068000.0,1306376000.0,0.0,238323000.0,0.0,0.0,0.0,-74759000.0,163564000.0,0.184,163564000.0,-74759000.0,-122189000.0,-0.3,-0.3,-0.3,1972237000.0,1837366000.0,1972237000.0,4876450400.0,-65.0,29.814,-415105000.0,-1.681,1.0,553309000.0,0.622,169517000.0,47430000.0,4992456000.0,4708974000.0,0.0,815000.0,309000.0,506000.0,2297741000.0,393790000.0,1903951000.0,3697380400.0,3522000.0,0.0,12991000.0,429747000.0,0.0,442637000.0,-969714000.0,0.0,530599000.0,0.0,-75156000.0,-75156000.0,-75156000.0,0.0,0.0,-0.085,391842000.0,161467000.0,260092000.0,0.0,1.875,-49.196,-49.333,3702872000.0,0.0,14.8,4.158,4.11,188541000.0,1064419000.0,889150000.0,889150000.0,0.0,-0.019,-0.041,-0.016,-0.084,35581000.0,101785000.0,1.0,249823000.0,246917000,246917000.0,3.601,4100461000.0,46321000.0,-47033000.0,515516000.0,16.607,-138028000.0
43,DNRCQ,MRT,2009-09-30,2009-09-30,2009-09-30,2020-11-19,-575000.0,3903260000.0,3821606750.0,214157000.0,3689103000.0,0.222,7.256,-1098844000.0,21689000.0,21689000.0,363734000.0,-34859000.0,0.598,1.18,1200759000.0,4698000.0,1196061000.0,1200759000.0,20866000.0,238041000.0,0.0,0.0,0.0,-11866000.0,226175000.0,0.267,226175000.0,-11866000.0,-57434000.0,-0.13,-0.13,-0.13,1790659000.0,1804323750.0,1790659000.0,4938727940.0,-416.0,21.836,-550662000.0,-2.231,1.0,483944000.0,0.571,138830000.0,45568000.0,4585660000.0,4471813000.0,0.0,95506000.0,17900000.0,77606000.0,2112601000.0,357840000.0,1754761000.0,3773996940.0,-153621000.0,0.0,12880000.0,397400000.0,0.0,411569000.0,-1113372000.0,0.0,548182000.0,0.0,-34859000.0,-34859000.0,-34859000.0,0.0,0.0,-0.041,558597000.0,-74653000.0,274458000.0,0.0,2.108,-108.265,-116.385,3420324000.0,0.0,15.13,4.452,4.405,168931000.0,1060923000.0,847678000.0,847678000.0,0.0,-0.009,-0.019,-0.003,-0.014,28539000.0,94381000.0,1.0,249438000.0,246795000,252189000.0,3.435,3764430000.0,5637000.0,-22575000.0,0.0,15.253,-143683000.0
44,DNRCQ,MRT,2009-06-30,2009-06-30,2009-06-30,2020-11-19,-592000.0,3858598000.0,3712924750.0,261361000.0,3597237000.0,0.277,7.131,-1179145000.0,59959000.0,59959000.0,374809000.0,95804000.0,0.705,1.199,1224690000.0,4586000.0,1220104000.0,1224690000.0,22029000.0,240840000.0,0.0,0.0,0.0,201636000.0,442476000.0,0.43,442476000.0,201636000.0,155021000.0,0.4,0.39,0.4,1754935000.0,1803655250.0,1754935000.0,4909652880.0,24.0,11.096,-514166000.0,-2.089,1.0,653094000.0,0.635,138740000.0,46615000.0,4513990000.0,4267584500.0,0.0,39279000.0,39279000.0,0.0,2103663000.0,370599000.0,1733064000.0,3665648880.0,-87050000.0,-2725000.0,11519000.0,422463000.0,0.0,435398000.0,-1187427000.0,0.0,664979000.0,0.0,95804000.0,95804000.0,95804000.0,0.0,0.0,0.093,582789000.0,70305000.0,272163000.0,0.0,2.089,38.262,36.825,3326746000.0,0.0,14.73,3.566,3.526,162123000.0,1034038000.0,1027903000.0,1027903000.0,0.0,0.026,0.053,0.047,0.196,23249000.0,85348000.0,1.0,248856000.0,246084000,246084000.0,4.177,3719858000.0,0.0,59217000.0,0.0,15.116,-109238000.0
45,DNRCQ,MRT,2009-03-31,2009-03-31,2009-03-31,2020-11-19,-609000.0,3934895000.0,3566553750.0,361512000.0,3573383000.0,0.344,7.459,-1355814000.0,18207000.0,18207000.0,377080000.0,297097000.0,1.22,1.148,1262211000.0,4562000.0,1257649000.0,1262211000.0,23044000.0,233878000.0,0.0,0.0,0.0,519216000.0,753094000.0,0.613,753094000.0,519216000.0,479364000.0,1.22,1.19,1.22,1831633000.0,1771088500.0,1831633000.0,4531597304.0,9.0,6.017,-674933000.0,-2.748,1.0,851416000.0,0.693,138737000.0,39852000.0,4743790000.0,4031361750.0,0.0,172732000.0,172732000.0,0.0,2103262000.0,296372000.0,1806890000.0,3691392304.0,-55832000.0,-1250000.0,8818000.0,581821000.0,0.0,603797000.0,-1340510000.0,0.0,680881000.0,0.0,297097000.0,297097000.0,297097000.0,0.0,0.0,0.242,557503000.0,293913000.0,216439000.0,0.0,2.015,12.425,12.18,3301585000.0,0.0,14.86,3.005,2.97,170573000.0,1121278000.0,1228496000.0,1228496000.0,0.0,0.083,0.168,0.129,0.423,15719000.0,67024000.0,1.0,248411326.0,245573000,245573000.0,5.003,3796158000.0,0.0,182267000.0,0.0,15.458,65140000.0
46,DNRCQ,MRT,2008-12-31,2008-12-31,2008-12-31,2020-11-19,-627000.0,3589674000.0,3313899500.0,415199000.0,3174475000.0,0.414,7.543,-974754000.0,17069000.0,17069000.0,375518000.0,388396000.0,1.075,0.951,857274000.0,4507000.0,852767000.0,857274000.0,24027000.0,221792000.0,0.0,0.0,0.0,656824000.0,878616000.0,0.641,878616000.0,656824000.0,624228000.0,1.59,1.54,1.59,1840068000.0,1686182250.0,1840068000.0,3303317810.0,5.0,3.76,-200235000.0,-0.821,1.0,995538000.0,0.726,0.0,32596000.0,4043812000.0,3639425500.0,0.0,329750000.0,249746000.0,80004000.0,1749606000.0,386067000.0,1363539000.0,2697704810.0,-43038000.0,0.0,13972000.0,147964000.0,0.0,177102000.0,-994659000.0,0.0,774519000.0,0.0,388396000.0,388396000.0,388396000.0,0.0,0.0,0.283,538767000.0,456771000.0,288466000.0,0.0,1.466,6.946,6.868,3002197000.0,0.0,10.92,1.968,1.943,148384000.0,1139575000.0,1371056000.0,1371056000.0,0.0,0.117,0.23,0.18,0.479,14068000.0,60374000.0,1.0,247042565.0,243935000,252530000.0,5.621,3589674000.0,0.0,235832000.0,0.0,14.716,29132000.0
47,DNRCQ,MRT,2008-09-30,2008-09-30,2008-09-30,2020-11-19,-645000.0,3468532000.0,3109250250.0,424408000.0,3044124000.0,0.471,7.315,-786162000.0,175310000.0,175310000.0,368244000.0,450579000.0,1.39,0.94,780923000.0,3932000.0,776991000.0,780923000.0,25111000.0,216737000.0,0.0,0.0,0.0,737516000.0,954253000.0,0.651,954253000.0,737516000.0,705757000.0,1.85,1.78,1.85,1787985000.0,1577259750.0,1787985000.0,5335179531.0,7.0,5.591,52012000.0,0.213,1.0,1097436000.0,0.749,0.0,31759000.0,3768746000.0,3410323500.0,0.0,1673000.0,1673000.0,0.0,1680547000.0,305399000.0,1375148000.0,4701172531.0,135896000.0,83233000.0,14851000.0,-6677000.0,0.0,25848000.0,-728126000.0,0.0,838174000.0,0.0,450579000.0,450579000.0,450579000.0,0.0,0.0,0.307,307287000.0,790149000.0,289516000.0,0.0,2.629,10.434,10.292,2874628000.0,0.0,19.04,3.208,3.175,216921000.0,1095782000.0,1465680000.0,1465680000.0,0.0,0.145,0.286,0.216,0.503,13304000.0,60124000.0,1.0,246910322.0,244426000,251831000.0,5.996,3468532000.0,30504000.0,255178000.0,0.0,14.191,119009000.0
48,DNRCQ,MRT,2008-06-30,2008-06-30,2008-06-30,2020-11-19,-661000.0,3273114000.0,2910708250.0,444958000.0,2828156000.0,0.451,6.669,-718723000.0,147009000.0,147009000.0,335664000.0,361019000.0,1.316,1.015,781016000.0,3838000.0,777178000.0,781016000.0,26312000.0,213210000.0,0.0,0.0,0.0,592734000.0,805944000.0,0.614,805944000.0,592734000.0,563253000.0,1.49,1.42,1.49,1624668000.0,1452883500.0,1624668000.0,9546613857.0,16.0,11.845,26223000.0,0.108,1.0,976051000.0,0.744,0.0,29481000.0,3569099000.0,3261148500.0,0.0,0.0,0.0,0.0,1648446000.0,338022000.0,1310424000.0,8978732857.0,114432000.0,23414000.0,17245000.0,53260000.0,0.0,93052000.0,-723566000.0,0.0,744946000.0,0.0,361019000.0,361019000.0,361019000.0,0.0,0.0,0.275,269870000.0,706181000.0,237828000.0,0.0,5.527,24.871,24.497,2658793000.0,0.0,36.5,6.845,6.779,252866000.0,938234000.0,1311715000.0,1311715000.0,0.0,0.124,0.248,0.182,0.452,12530000.0,56660000.0,1.0,245992681.0,243623000,252401000.0,5.384,3273114000.0,45083000.0,202234000.0,0.0,13.435,106936000.0
49,DNRCQ,MRT,2008-03-31,2008-03-31,2008-03-31,2020-11-19,-2053000.0,2924278000.0,2709142500.0,284294000.0,2639984000.0,0.412,6.146,-658526000.0,74039000.0,74039000.0,306653000.0,309533000.0,0.899,0.96,641920000.0,980000.0,640940000.0,641920000.0,27450000.0,204712000.0,0.0,0.0,0.0,511751000.0,716463000.0,0.642,716463000.0,511751000.0,482055000.0,1.28,1.22,1.28,1492008000.0,1349464500.0,1492008000.0,7621221777.0,15.0,10.637,24600000.0,0.101,1.0,809587000.0,0.725,0.0,29696000.0,3176045000.0,3103737250.0,0.0,0.0,0.0,0.0,1432270000.0,316114000.0,1116156000.0,7000261777.0,39032000.0,-15072000.0,18166000.0,29596000.0,0.0,66492000.0,-710586000.0,0.0,683126000.0,0.0,309533000.0,309533000.0,309533000.0,0.0,0.0,0.277,258255000.0,551332000.0,246407000.0,0.0,4.692,22.616,22.305,2496185000.0,0.0,28.55,6.271,6.209,177672000.0,824181000.0,1116240000.0,1116240000.0,0.0,0.114,0.229,0.165,0.458,11695000.0,53543000.0,1.0,245193057.0,242757000,252109000.0,4.598,2924278000.0,32583000.0,172522000.0,0.0,12.046,-31820000.0
50,DNRCQ,MRT,2007-12-31,2007-12-31,2007-12-31,2020-11-19,-1591000.0,2771077000.0,2546873000.0,240359000.0,2530718000.0,0.382,5.85,-691672000.0,60107000.0,60107000.0,284237000.0,253147000.0,0.908,0.973,681067000.0,737000.0,680330000.0,681067000.0,28494000.0,195900000.0,0.0,0.0,0.0,424244000.0,620144000.0,0.637,620144000.0,424244000.0,393414000.0,1.05,1.0,1.05,1404378000.0,1259735250.0,1404378000.0,7988827370.0,19.0,12.882,-121458000.0,-0.506,1.0,688823000.0,0.708,0.0,30830000.0,3127404000.0,2971390500.0,0.0,58691000.0,2283000.0,56408000.0,1366699000.0,264633000.0,1102066000.0,7267031370.0,6234000.0,-47738000.0,18222000.0,164762000.0,0.0,198533000.0,-762513000.0,0.0,570214000.0,0.0,253147000.0,253147000.0,253147000.0,0.0,0.0,0.26,244872000.0,443951000.0,231730000.0,0.0,5.175,28.707,28.333,2392875000.0,0.0,29.75,7.468,7.34,165261000.0,751179000.0,973060000.0,973060000.0,0.0,0.099,0.201,0.143,0.436,10595000.0,48972000.0,1.0,244269962.0,240065000,252101000.0,4.053,2771077000.0,12708000.0,140267000.0,0.0,11.543,-24274000.0
51,DNRCQ,MRT,2007-09-30,2007-09-30,2007-09-30,2020-11-19,-659000.0,2674364000.0,2389063000.0,201289000.0,2473075000.0,0.342,5.358,-671299000.0,39414000.0,39414000.0,260684000.0,202294000.0,0.898,1.072,761210000.0,719000.0,760491000.0,761210000.0,29661000.0,179141000.0,0.0,0.0,0.0,357832000.0,536973000.0,0.657,536973000.0,357832000.0,330212000.0,0.845,0.81,0.845,1290480000.0,1185155500.0,1290480000.0,6122653912.0,17.0,11.402,-188972000.0,-0.785,1.0,556113000.0,0.681,0.0,27620000.0,3172046000.0,2789642000.0,0.0,7940000.0,7940000.0,0.0,1383884000.0,224114000.0,1159770000.0,5453882912.0,10490000.0,-88354000.0,23174000.0,311060000.0,0.0,340326000.0,-812163000.0,0.0,482327000.0,0.0,202294000.0,202294000.0,202294000.0,0.0,0.0,0.248,221784000.0,334329000.0,204031000.0,0.0,4.226,26.96,26.444,2363260000.0,0.0,22.345,6.677,6.589,150379000.0,645203000.0,816797000.0,816797000.0,0.0,0.085,0.171,0.128,0.438,10819000.0,42643000.0,1.0,244076210.0,240867000,250449000.0,3.391,2674364000.0,3556000.0,127918000.0,0.0,11.103,-22825000.0
52,DNRCQ,MRT,2007-06-30,2007-06-30,2007-06-30,2020-11-19,57000.0,2466851000.0,2210883000.0,178291000.0,2288560000.0,0.342,5.055,-624882000.0,32577000.0,32577000.0,240197000.0,193600000.0,0.909,1.037,701348000.0,702000.0,700646000.0,701348000.0,30891000.0,167532000.0,0.0,0.0,0.0,337964000.0,505496000.0,0.669,505496000.0,337964000.0,313963000.0,0.815,0.78,0.815,1210992000.0,1123530500.0,1210992000.0,5116658025.0,15.0,10.122,-176404000.0,-0.736,1.0,515292000.0,0.682,0.0,24001000.0,2939454000.0,2548516000.0,0.0,18936000.0,8830000.0,10106000.0,1255859000.0,196168000.0,1059691000.0,4540931025.0,1765000.0,-40260000.0,20332000.0,250586000.0,0.0,277754000.0,-724467000.0,0.0,448478000.0,0.0,193600000.0,193600000.0,193600000.0,0.0,0.0,0.256,209233000.0,306059000.0,181772000.0,0.0,3.75,23.455,23.006,2209749000.0,0.0,18.75,6.011,5.946,130618000.0,577215000.0,755489000.0,755489000.0,0.0,0.088,0.172,0.133,0.447,11439000.0,41701000.0,1.0,242182988.0,239586000,249537000.0,3.153,2466851000.0,6266000.0,120363000.0,0.0,10.296,-17877000.0
53,DNRCQ,MRT,2007-03-31,2007-03-31,2007-03-31,2020-11-19,-513000.0,2275200000.0,2061537250.0,144786000.0,2130414000.0,0.352,4.761,-654293000.0,35007000.0,35007000.0,223372000.0,175295000.0,0.709,1.008,610734000.0,686000.0,610048000.0,610734000.0,31957000.0,157449000.0,0.0,0.0,0.0,306470000.0,463919000.0,0.639,463919000.0,306470000.0,285074000.0,0.745,0.71,0.745,1133091000.0,1064348250.0,1133091000.0,4049786838.0,13.0,8.73,-201650000.0,-0.847,1.0,502854000.0,0.692,0.0,21396000.0,2646658000.0,2344501250.0,0.0,10543000.0,0.0,10543000.0,1142109000.0,204269000.0,937840000.0,3588815838.0,5023000.0,-20392000.0,140586000.0,129860000.0,0.0,276938000.0,-724558000.0,0.0,452643000.0,0.0,175295000.0,175295000.0,175295000.0,0.0,0.0,0.241,202030000.0,300824000.0,186234000.0,0.0,3.167,20.473,19.993,2052808000.0,0.0,14.895,4.942,4.881,104209000.0,514648000.0,726226000.0,726226000.0,0.0,0.085,0.165,0.131,0.422,17060000.0,44581000.0,1.0,240940976.0,237984000,247907000.0,3.052,2275200000.0,5570000.0,109779000.0,0.0,9.56,-59483000.0
54,DNRCQ,MRT,2006-12-31,2006-12-31,2006-12-31,2020-11-19,0.0,2139837000.0,1919253500.0,183269000.0,1956568000.0,0.381,4.745,-847151000.0,53873000.0,53873000.0,206812000.0,202457000.0,0.915,0.935,514844000.0,671000.0,514173000.0,514844000.0,32913000.0,149165000.0,0.0,0.0,0.0,353149000.0,502314000.0,0.687,502314000.0,353149000.0,329574000.0,0.87,0.82,0.87,1106059000.0,978884000.0,1106059000.0,3756051484.0,11.0,7.477,-385341000.0,-1.653,1.0,524724000.0,0.717,0.0,23575000.0,2400410000.0,2179478000.0,0.0,26883000.0,26883000.0,0.0,1033778000.0,200398000.0,833380000.0,3335015484.0,-111216000.0,0.0,139834000.0,134000000.0,0.0,283601000.0,-856627000.0,0.0,461810000.0,0.0,202457000.0,202457000.0,202457000.0,0.0,0.0,0.277,192179000.0,332545000.0,191355000.0,0.0,3.015,16.473,15.971,1879768000.0,0.0,13.895,4.559,4.428,96658000.0,498032000.0,731536000.0,731536000.0,0.0,0.105,0.207,0.162,0.483,17246000.0,43014000.0,1.0,240015508.0,233101000,247547000.0,3.138,2139837000.0,5855000.0,127117000.0,0.0,9.18,-17129000.0
55,DNRCQ,MRT,2006-09-30,2006-09-30,2006-09-30,2020-11-19,0.0,1961644000.0,1760561500.0,141937000.0,1819707000.0,0.421,4.427,-716348000.0,28924000.0,28924000.0,191225000.0,204520000.0,0.81,0.879,449960000.0,616000.0,449344000.0,449960000.0,33909000.0,138612000.0,0.0,0.0,0.0,349030000.0,487642000.0,0.657,487642000.0,349030000.0,325356000.0,0.885,0.845,0.885,1043980000.0,885784750.0,1043980000.0,3865911482.0,11.0,7.928,-242395000.0,-1.028,1.0,550632000.0,0.742,0.0,23674000.0,2207542000.0,1970863250.0,0.0,10834000.0,0.0,10834000.0,917664000.0,175138000.0,742526000.0,3446872482.0,-8066000.0,-115744000.0,132971000.0,197048000.0,0.0,345212000.0,-827231000.0,0.0,473953000.0,0.0,204520000.0,204520000.0,204520000.0,0.0,0.0,0.276,180753000.0,369879000.0,164877000.0,0.0,3.302,16.853,16.328,1793182000.0,0.0,14.45,4.646,4.594,102389000.0,442909000.0,741857000.0,741857000.0,0.0,0.116,0.231,0.177,0.47,16270000.0,42141000.0,1.0,238537888.0,235834000,247932000.0,3.146,1961644000.0,10624000.0,120836000.0,0.0,8.318,-33201000.0
56,DNRCQ,MRT,2006-06-30,2006-06-30,2006-06-30,2020-11-19,0.0,1869468000.0,1577694250.0,151319000.0,1718149000.0,0.438,4.182,-681622000.0,30812000.0,30812000.0,172041000.0,183772000.0,0.916,0.919,449851000.0,602000.0,449249000.0,449851000.0,35088000.0,121764000.0,0.0,0.0,0.0,312118000.0,433882000.0,0.627,433882000.0,312118000.0,288946000.0,0.805,0.765,0.805,974263000.0,792860000.0,974263000.0,4220453721.0,14.0,9.727,-266747000.0,-1.145,1.0,519473000.0,0.751,0.0,23172000.0,2123395000.0,1751102750.0,0.0,10932000.0,0.0,10932000.0,895205000.0,165112000.0,730093000.0,3770492721.0,5496000.0,-101294000.0,132801000.0,207390000.0,0.0,350343000.0,-759722000.0,2000000.0,414875000.0,0.0,183772000.0,183772000.0,183772000.0,0.0,0.0,0.266,162258000.0,357215000.0,147327000.0,0.0,3.87,20.517,19.671,1693068000.0,0.0,15.835,5.453,5.334,103910000.0,383615000.0,691514000.0,691514000.0,0.0,0.116,0.232,0.178,0.451,17103000.0,40494000.0,1.0,238111318.0,232942000,245976000.0,2.969,1869468000.0,16597000.0,105174000.0,0.0,8.025,-13793000.0
57,DNRCQ,MRT,2006-03-31,2006-03-31,2006-03-31,2020-11-19,0.0,1706065000.0,1397953500.0,166510000.0,1539555000.0,0.448,3.496,-616841000.0,29984000.0,29984000.0,153853000.0,180182000.0,0.983,1.156,479945000.0,588000.0,479357000.0,479945000.0,36152000.0,110017000.0,0.0,0.0,0.0,297650000.0,407667000.0,0.651,407667000.0,297650000.0,275894000.0,0.8,0.755,0.8,791234000.0,706009250.0,791234000.0,3867740396.0,13.0,9.487,-219998000.0,-0.972,1.0,472397000.0,0.754,0.0,21756000.0,1986565000.0,1533951750.0,0.0,10845000.0,0.0,10845000.0,914831000.0,169461000.0,745370000.0,3652794396.0,-12758000.0,-84151000.0,8918000.0,247403000.0,0.0,262156000.0,-671757000.0,14558000.0,396843000.0,0.0,180182000.0,180182000.0,180182000.0,0.0,0.0,0.288,141929000.0,330468000.0,157175000.0,0.0,4.617,20.273,19.794,1515876000.0,0.0,15.835,5.833,5.722,88395000.0,339353000.0,626250000.0,626250000.0,0.0,0.129,0.255,0.194,0.475,13203000.0,31912000.0,1.0,230678522.0,226302000,239850000.0,2.767,1706065000.0,38131000.0,95712000.0,0.0,7.539,-2951000.0
58,DNRCQ,MRT,2005-12-31,2005-12-31,2005-12-31,2020-11-19,0.0,1505069000.0,1238930750.0,299183000.0,1205886000.0,0.453,3.283,-361789000.0,165089000.0,165089000.0,138383000.0,166471000.0,1.942,1.051,380035000.0,574000.0,379461000.0,380035000.0,37093000.0,98802000.0,0.0,0.0,0.0,266019000.0,364821000.0,0.651,364821000.0,266019000.0,248041000.0,0.74,0.7,0.74,733662000.0,652904000.0,733662000.0,2822910492.0,11.0,7.738,-829000.0,-0.004,1.0,422323000.0,0.753,0.0,17978000.0,1565951000.0,1325282000.0,0.0,10829000.0,0.0,10829000.0,771407000.0,154064000.0,617343000.0,2609779492.0,132050000.0,-68620000.0,7273000.0,147504000.0,0.0,154777000.0,-383687000.0,57133000.0,360960000.0,0.0,166471000.0,166471000.0,166471000.0,0.0,0.0,0.297,127342000.0,294981000.0,146661000.0,0.0,3.557,15.677,15.392,1155970000.0,0.0,11.39,4.654,4.54,92810000.0,295575000.0,560706000.0,560706000.0,0.0,0.134,0.255,0.201,0.474,13339000.0,28540000.0,1.0,229129016.0,223485000,239267000.0,2.509,1505069000.0,41284000.0,81570000.0,0.0,6.735,145119000.0
59,DNRCQ,MRT,2005-09-30,2005-09-30,2005-09-30,2020-11-19,-1384000.0,1230175000.0,1110840000.0,143229000.0,1086946000.0,0.427,2.997,-315891000.0,36990000.0,36990000.0,123104000.0,131766000.0,1.248,0.83,250121000.0,560000.0,249561000.0,250121000.0,23836000.0,91535000.0,0.0,0.0,0.0,214605000.0,306140000.0,0.646,306140000.0,214605000.0,196736000.0,0.59,0.555,0.59,672281000.0,604906500.0,672281000.0,3096563887.0,14.0,10.115,-66909000.0,-0.298,1.0,351081000.0,0.74,0.0,17869000.0,1328500000.0,1209973500.0,0.0,6669000.0,0.0,6669000.0,557894000.0,114806000.0,443088000.0,2881675887.0,-56152000.0,-44978000.0,6825000.0,19584000.0,0.0,26409000.0,-331543000.0,31923000.0,248982000.0,0.0,131766000.0,131766000.0,131766000.0,0.0,0.0,0.278,119312000.0,231769000.0,100424000.0,0.0,4.286,21.87,21.373,1069486000.0,0.0,12.61,6.077,5.965,70818000.0,238389000.0,474185000.0,474185000.0,0.0,0.119,0.218,0.177,0.453,13492000.0,27777000.0,1.0,228523068.0,224318000,238974000.0,2.114,1230175000.0,35421000.0,64970000.0,0.0,5.484,28423000.0
60,DNRCQ,MRT,2005-06-30,2005-06-30,2005-06-30,2020-11-19,-2547000.0,1150505000.0,1051223500.0,128348000.0,1022157000.0,0.4,2.816,-281397000.0,25316000.0,25316000.0,114408000.0,111494000.0,1.16,0.835,240204000.0,547000.0,239657000.0,240204000.0,24518000.0,87975000.0,0.0,0.0,0.0,182418000.0,270393000.0,0.643,270393000.0,182418000.0,164288000.0,0.505,0.475,0.505,626860000.0,561993750.0,626860000.0,2444914329.0,13.0,9.042,-63936000.0,-0.287,1.0,305904000.0,0.728,0.0,18130000.0,1254791000.0,1123131000.0,0.0,8856000.0,2000000.0,6856000.0,523645000.0,110602000.0,413043000.0,2257371329.0,-2624000.0,146411000.0,6839000.0,-75692000.0,0.0,-68853000.0,-151232000.0,-2034000.0,217461000.0,0.0,111494000.0,111494000.0,111494000.0,0.0,0.0,0.265,112997000.0,192907000.0,102411000.0,0.0,3.601,20.247,19.688,1004433000.0,0.0,9.943,5.371,5.266,72403000.0,199843000.0,420312000.0,420312000.0,0.0,0.106,0.198,0.162,0.434,10800000.0,25022000.0,1.0,227042628.0,222612000,235888000.0,1.888,1150505000.0,28629000.0,52794000.0,0.0,5.168,17746000.0
61,DNRCQ,MRT,2005-03-31,2005-03-31,2005-03-31,2020-11-19,-3661000.0,1069974000.0,1033893250.0,154277000.0,915697000.0,0.386,2.609,-205142000.0,42742000.0,42742000.0,109877000.0,90211000.0,1.461,0.849,230285000.0,534000.0,229751000.0,230285000.0,22756000.0,91731000.0,0.0,0.0,0.0,151653000.0,243384000.0,0.611,243384000.0,151653000.0,132790000.0,0.407,0.39,0.407,578813000.0,524805500.0,578813000.0,2189357936.0,14.0,8.995,-22856000.0,-0.103,1.0,288709000.0,0.724,0.0,18863000.0,1151886000.0,1116998000.0,0.0,21522000.0,14577000.0,6945000.0,491161000.0,105631000.0,385530000.0,1994440936.0,25534000.0,146411000.0,8868000.0,-80567000.0,0.0,-71699000.0,-85053000.0,-14592000.0,182286000.0,0.0,90211000.0,90211000.0,90211000.0,0.0,0.0,0.226,114939000.0,173770000.0,95318000.0,0.0,3.446,22.109,21.64,897789000.0,0.0,8.807,5.004,4.902,65506000.0,159172000.0,398586000.0,398586000.0,0.0,0.087,0.172,0.136,0.38,6415000.0,23208000.0,1.0,226448020.0,221838000,234414000.0,1.797,1069974000.0,31452000.0,42579000.0,0.0,4.823,48646000.0
62,DNRCQ,MRT,2004-12-31,2004-12-31,2004-12-31,2020-11-19,-4788000.0,992706000.0,1026357250.0,172846000.0,819860000.0,0.373,2.468,-168028000.0,33039000.0,33039000.0,107182000.0,82448000.0,2.085,0.833,227956000.0,375000.0,227581000.0,227956000.0,25809000.0,97527000.0,0.0,0.0,0.0,141308000.0,238835000.0,0.624,238835000.0,141308000.0,121840000.0,0.375,0.36,0.375,541672000.0,491606500.0,541672000.0,1677160412.0,12.0,7.022,624000.0,0.003,1.0,275790000.0,0.72,0.0,19468000.0,1104717000.0,1126875750.0,0.0,64911000.0,58120000.0,6791000.0,451034000.0,82906000.0,368128000.0,1546954412.0,8851000.0,141904000.0,9191000.0,-75442000.0,0.0,-66251000.0,-93550000.0,-57167000.0,168652000.0,0.0,82448000.0,82448000.0,82448000.0,0.0,0.0,0.215,118988000.0,156802000.0,74285000.0,0.0,2.856,18.763,18.3,797362000.0,0.0,6.862,4.039,3.933,56498000.0,129104000.0,382972000.0,382972000.0,0.0,0.08,0.168,0.125,0.369,3307000.0,21461000.0,1.0,225421408.0,219482000,229206000.0,1.745,992706000.0,25189000.0,39392000.0,0.0,4.523,89940000.0
63,DNRCQ,MRT,2004-09-30,2004-09-30,2004-09-30,2020-11-19,-20779000.0,991709000.0,1023836000.0,209463000.0,782246000.0,0.366,2.272,-216489000.0,93142000.0,93142000.0,106469000.0,75177000.0,1.488,0.981,223348000.0,0.0,223348000.0,223348000.0,24018000.0,101724000.0,0.0,0.0,0.0,130514000.0,232238000.0,0.619,232238000.0,130514000.0,110442000.0,0.342,0.333,0.342,500630000.0,461489000.0,500630000.0,1678321111.0,13.0,7.227,-13743000.0,-0.062,1.0,268500000.0,0.716,0.0,20072000.0,981130000.0,1133212000.0,0.0,40877000.0,33843000.0,7034000.0,491079000.0,140785000.0,350294000.0,1397961111.0,65034000.0,210258000.0,9188000.0,-104407000.0,0.0,-95219000.0,-42493000.0,-31957000.0,202746000.0,0.0,75177000.0,75177000.0,75177000.0,0.0,0.0,0.2,121424000.0,147076000.0,102989000.0,0.0,2.792,18.596,18.567,763936000.0,0.0,6.35,3.728,3.731,50814000.0,106623000.0,374969000.0,374969000.0,0.0,0.073,0.163,0.115,0.348,1581000.0,19700000.0,1.0,220151356.0,220340000,230196000.0,1.702,991709000.0,31664000.0,35265000.0,0.0,4.501,68678000.0
64,DNRCQ,MRT,2004-06-30,2004-06-30,2004-06-30,2020-11-19,-22056000.0,1081184000.0,1011548250.0,139647000.0,941537000.0,0.362,2.183,-204112000.0,27940000.0,27940000.0,108296000.0,72052000.0,1.064,1.261,308300000.0,0.0,308300000.0,308300000.0,20362000.0,103510000.0,0.0,0.0,0.0,127697000.0,231207000.0,0.631,231207000.0,127697000.0,107035000.0,0.328,0.32,0.328,478107000.0,438928000.0,478107000.0,1431443314.0,11.0,6.191,3657000.0,0.017,1.0,258103000.0,0.704,0.0,20662000.0,1230259000.0,1173460750.0,0.0,12241000.0,5053000.0,7188000.0,603077000.0,131285000.0,471792000.0,1145400314.0,8592000.0,18869000.0,8312000.0,-25030000.0,0.0,-16718000.0,-182459000.0,0.0,207769000.0,0.0,72052000.0,72052000.0,72052000.0,0.0,0.0,0.197,120458000.0,137645000.0,90083000.0,0.0,2.396,15.897,15.968,918180000.0,0.0,5.237,3.126,3.13,71560000.0,88349000.0,366399000.0,366399000.0,0.0,0.071,0.164,0.109,0.349,0.0,16948000.0,1.0,218692184.0,218976000,228408000.0,1.673,1081184000.0,35094000.0,34983000.0,0.0,4.937,8362000.0
65,DNRCQ,MRT,2004-03-31,2004-03-31,2004-03-31,2020-11-19,-29271000.0,1039830000.0,977423500.0,124330000.0,915500000.0,0.352,2.05,-202412000.0,17208000.0,17208000.0,106092000.0,57792000.0,0.925,1.331,303251000.0,0.0,303251000.0,303251000.0,20957000.0,98479000.0,0.0,0.0,0.0,107381000.0,205860000.0,0.598,205860000.0,107381000.0,85560000.0,0.265,0.258,0.265,446017000.0,414704500.0,446017000.0,1192216754.0,11.0,5.791,12689000.0,0.058,1.0,238238000.0,0.692,0.0,21821000.0,1191397000.0,1150560500.0,0.0,7226000.0,0.0,7226000.0,593813000.0,134476000.0,459337000.0,918201754.0,-143962000.0,18869000.0,6080000.0,-179293000.0,0.0,-173213000.0,-185850000.0,0.0,215101000.0,0.0,57792000.0,57792000.0,57792000.0,0.0,0.0,0.168,113874000.0,124364000.0,87685000.0,0.0,2.059,15.888,15.906,886089000.0,0.0,4.215,2.667,2.663,67604000.0,68960000.0,344330000.0,344330000.0,0.0,0.059,0.139,0.093,0.312,0.0,16146000.0,1.0,217841460.0,217552000,225252000.0,1.583,1039830000.0,39518000.0,27768000.0,0.0,4.78,-10146000.0
66,DNRCQ,MRT,2003-12-31,2003-12-31,2003-12-31,2020-11-19,-27113000.0,982621000.0,987985250.0,108155000.0,874466000.0,0.337,1.954,-151707000.0,24188000.0,24188000.0,105968000.0,56553000.0,0.854,1.333,298203000.0,0.0,298203000.0,298203000.0,21468000.0,94708000.0,0.0,0.0,0.0,105966000.0,200674000.0,0.603,200674000.0,105966000.0,82765000.0,0.26,0.255,0.26,421202000.0,398161250.0,421202000.0,1051099331.0,10.0,5.238,45908000.0,0.213,1.0,227046000.0,0.682,0.0,23201000.0,1130062000.0,1121316500.0,0.0,7450000.0,0.0,7450000.0,561419000.0,126574000.0,434845000.0,752053331.0,248000.0,18869000.0,4269000.0,-65758000.0,0.0,-61489000.0,-135878000.0,0.0,197615000.0,0.0,56553000.0,56553000.0,56553000.0,0.0,0.0,0.17,109897000.0,117149000.0,84564000.0,0.0,1.785,13.298,13.375,852511000.0,0.0,3.478,2.258,2.251,58951000.0,46656000.0,333014000.0,333014000.0,0.0,0.057,0.142,0.095,0.318,0.0,15189000.0,1.0,216262640.0,215526000,221856000.0,1.545,982621000.0,25016000.0,26212000.0,0.0,4.559,-18419000.0
67,DNRCQ,MRT,2003-09-30,2003-09-30,2003-09-30,2020-11-19,-21512000.0,942558000.0,966153000.0,97140000.0,845418000.0,0.343,1.899,-134481000.0,28108000.0,28108000.0,104811000.0,56635000.0,0.976,1.297,327154000.0,0.0,327154000.0,327154000.0,0.0,93323000.0,0.0,0.0,0.0,108766000.0,202089000.0,0.609,202089000.0,108766000.0,83973000.0,0.265,0.255,0.265,410386000.0,384560000.0,410386000.0,981396341.0,9.0,4.856,67976000.0,0.315,1.0,226972000.0,0.684,0.0,24793000.0,1142125000.0,1118891500.0,0.0,2202000.0,0.0,2202000.0,532172000.0,99479000.0,432693000.0,667638341.0,5184000.0,-1000.0,4207000.0,-61763000.0,0.0,-57556000.0,-139717000.0,0.0,202457000.0,0.0,56635000.0,56635000.0,56635000.0,0.0,0.0,0.171,107782000.0,119190000.0,71873000.0,0.0,1.627,11.788,11.66,821312000.0,0.0,3.09,2.012,2.012,52942000.0,31446000.0,331783000.0,331783000.0,0.0,0.059,0.147,0.097,0.328,0.0,13494000.0,1.0,216064188.0,216056000,222872000.0,1.536,942558000.0,16090000.0,27338000.0,0.0,4.363,-2339000.0
68,DNRCQ,MRT,2003-06-30,2003-06-30,2003-06-30,2020-11-19,-34869000.0,944685000.0,946200500.0,116679000.0,828006000.0,0.345,1.771,-176646000.0,19348000.0,19348000.0,99162000.0,54945000.0,0.974,1.478,333106000.0,0.0,333106000.0,333106000.0,0.0,93788000.0,0.0,0.0,0.0,109189000.0,202977000.0,0.621,202977000.0,109189000.0,82894000.0,0.258,0.25,0.258,381213000.0,371697000.0,381213000.0,1028948648.0,9.0,5.069,20401000.0,0.095,1.0,227730000.0,0.697,0.0,26295000.0,1138658000.0,1119626250.0,0.0,2237000.0,0.0,2237000.0,563472000.0,119785000.0,443687000.0,721925648.0,-827000.0,-130000.0,4421000.0,-17451000.0,0.0,-13030000.0,-184844000.0,0.0,197047000.0,0.0,54945000.0,54945000.0,54945000.0,0.0,0.0,0.168,106703000.0,121027000.0,74408000.0,0.0,1.894,13.139,13.014,803661000.0,0.0,3.357,2.208,2.211,60155000.0,16319000.0,326892000.0,326892000.0,0.0,0.058,0.148,0.098,0.334,0.0,13083000.0,1.0,215018808.0,215260000,221348000.0,1.519,944685000.0,31642000.0,27949000.0,0.0,4.389,-3106000.0
69,DNRCQ,MRT,2003-03-31,2003-03-31,2003-03-31,2020-11-19,-28993000.0,1082077000.0,905117250.0,277769000.0,804308000.0,0.349,1.77,-154682000.0,161170000.0,161170000.0,92896000.0,63314000.0,0.883,1.849,468193000.0,200000000.0,268193000.0,468193000.0,0.0,94863000.0,0.0,0.0,0.0,121582000.0,216445000.0,0.685,216445000.0,121582000.0,94942000.0,0.295,0.29,0.295,379844000.0,364148250.0,379844000.0,902325472.0,7.0,4.169,28395000.0,0.132,1.0,223241000.0,0.706,0.0,26640000.0,1074421000.0,1094060500.0,0.0,2241000.0,0.0,2241000.0,702233000.0,314679000.0,387554000.0,581376472.0,146801000.0,-2170000.0,4077000.0,121818000.0,0.0,125895000.0,-162171000.0,0.0,183077000.0,0.0,63314000.0,63314000.0,63314000.0,0.0,0.0,0.2,107435000.0,115806000.0,74567000.0,0.0,1.531,9.182,9.178,776358000.0,0.0,2.708,1.839,1.838,72070000.0,11190000.0,316137000.0,316137000.0,0.0,0.07,0.174,0.111,0.385,0.0,13001000.0,1.0,214728152.0,214556000,220196000.0,1.473,1082077000.0,44529000.0,31628000.0,0.0,5.043,-36910000.0
70,DNRCQ,MRT,2002-12-31,2002-12-31,2002-12-31,2020-11-19,-19288000.0,895292000.0,825743250.0,128464000.0,766828000.0,0.345,1.722,-164394000.0,23940000.0,23940000.0,84490000.0,46795000.0,1.34,1.441,344889000.0,0.0,344889000.0,344889000.0,0.0,94236000.0,0.0,0.0,0.0,97148000.0,191384000.0,0.671,191384000.0,97148000.0,70315000.0,0.22,0.215,0.22,366797000.0,353794750.0,366797000.0,950753505.0,10.0,4.968,-4794000.0,-0.023,1.0,200662000.0,0.704,0.0,26833000.0,1120362000.0,1086330500.0,0.0,2224000.0,0.0,2224000.0,528495000.0,95879000.0,432616000.0,604036505.0,444000.0,-2170000.0,3594000.0,8411000.0,0.0,12005000.0,-171161000.0,0.0,159600000.0,0.0,46795000.0,46795000.0,46795000.0,0.0,0.0,0.164,106662000.0,94000000.0,66590000.0,0.0,1.647,12.908,12.841,744085000.0,0.0,2.825,2.118,2.11,54638000.0,-9875000.0,285152000.0,285152000.0,0.0,0.057,0.132,0.089,0.341,0.0,12426000.0,1.0,213818232.0,212972000,217460000.0,1.339,895292000.0,49886000.0,23520000.0,0.0,4.204,32585000.0
71,DNRCQ,MRT,2002-09-30,2002-09-30,2002-09-30,2020-11-19,-11001000.0,862748000.0,799417250.0,102968000.0,759780000.0,0.335,1.682,-197984000.0,22924000.0,22924000.0,78311000.0,28025000.0,1.599,1.404,369641000.0,0.0,369641000.0,369641000.0,0.0,93820000.0,0.0,0.0,0.0,59691000.0,153511000.0,0.574,153511000.0,59691000.0,32845000.0,0.122,0.12,0.122,358934000.0,349387500.0,358934000.0,852671250.0,14.0,5.554,-52026000.0,-0.244,1.0,189299000.0,0.707,0.0,26846000.0,1145064000.0,1061570750.0,0.0,2715000.0,41000.0,2674000.0,503814000.0,64401000.0,439413000.0,542452250.0,-813000.0,-2169000.0,3407000.0,53177000.0,0.0,56604000.0,-203375000.0,0.0,145958000.0,0.0,28025000.0,28025000.0,28025000.0,0.0,0.0,0.105,129630000.0,59669000.0,47725000.0,0.0,1.511,19.356,20.84,738817000.0,0.0,2.542,2.027,2.028,44201000.0,-25167000.0,267610000.0,267610000.0,0.0,0.035,0.08,0.056,0.223,0.0,12794000.0,1.0,213353884.0,213416000,218248000.0,1.254,862748000.0,35802000.0,4820000.0,0.0,4.043,38567000.0
72,DNRCQ,MRT,2002-06-30,2002-06-30,2002-06-30,2020-11-19,-4488000.0,780352000.0,782671500.0,78722000.0,701630000.0,0.342,1.651,-252610000.0,20175000.0,20175000.0,75533000.0,28514000.0,1.453,1.223,330394000.0,0.0,330394000.0,330394000.0,0.0,93483000.0,0.0,0.0,0.0,59681000.0,153164000.0,0.573,153164000.0,59681000.0,33365000.0,0.127,0.123,0.127,351018000.0,348514250.0,351018000.0,872322521.0,15.0,5.695,-105934000.0,-0.498,1.0,191871000.0,0.718,0.0,26316000.0,1036395000.0,1027363000.0,0.0,2688000.0,628000.0,2060000.0,429334000.0,54176000.0,375158000.0,546544521.0,-3161000.0,-2040000.0,3132000.0,109757000.0,0.0,112909000.0,-262746000.0,0.0,146676000.0,0.0,28514000.0,28514000.0,28514000.0,0.0,0.0,0.107,132210000.0,59661000.0,46633000.0,0.0,1.557,19.168,20.256,678058000.0,0.0,2.572,2.044,2.046,42785000.0,-38626000.0,267404000.0,267404000.0,0.0,0.036,0.082,0.058,0.223,0.0,12279000.0,1.0,212456568.0,212632000,217204000.0,1.258,780352000.0,15134000.0,4851000.0,0.0,3.67,24546000.0
73,DNRCQ,MRT,2002-03-31,2002-03-31,2002-03-31,2020-11-19,-1919000.0,764581000.0,725941000.0,71803000.0,692778000.0,0.36,1.597,-270138000.0,14369000.0,14369000.0,69976000.0,35127000.0,1.532,1.259,340147000.0,0.0,340147000.0,340147000.0,0.0,81926000.0,0.0,0.0,0.0,70003000.0,151929000.0,0.581,151929000.0,70003000.0,45677000.0,0.175,0.165,0.175,338430000.0,329169250.0,338430000.0,760782926.0,11.0,5.007,-139148000.0,-0.656,1.0,191402000.0,0.732,0.0,24326000.0,1043501000.0,940185250.0,0.0,1878000.0,1878000.0,0.0,426151000.0,46858000.0,379293000.0,449509926.0,-12152000.0,0.0,2776000.0,129630000.0,0.0,132426000.0,-275568000.0,0.0,130990000.0,0.0,35127000.0,35127000.0,35127000.0,0.0,0.0,0.134,121399000.0,70003000.0,40893000.0,0.0,1.328,12.797,12.114,674367000.0,0.0,2.12,1.72,1.719,41570000.0,-52124000.0,261378000.0,261378000.0,0.0,0.048,0.107,0.074,0.268,0.0,10989000.0,1.0,212032984.0,211976000,214896000.0,1.233,764581000.0,13986000.0,10550000.0,0.0,3.607,24945000.0
74,DNRCQ,MRT,2001-12-31,2001-12-31,2001-12-31,2020-11-19,14228000.0,789988000.0,661294750.0,103278000.0,686710000.0,0.431,1.77,-313535000.0,23496000.0,23496000.0,66903000.0,56550000.0,1.292,1.262,334769000.0,0.0,334769000.0,334769000.0,0.0,71345000.0,0.0,0.0,0.0,103709000.0,175054000.0,0.614,175054000.0,103709000.0,81374000.0,0.287,0.28,0.287,349168000.0,305359750.0,349168000.0,676995889.0,7.0,3.867,-128488000.0,-0.651,1.0,218208000.0,0.765,0.0,22335000.0,1021323000.0,837841500.0,0.0,23458000.0,23458000.0,0.0,440820000.0,79938000.0,360882000.0,386210889.0,1203000.0,0.0,2594000.0,132372000.0,0.0,134986000.0,-318830000.0,0.0,185047000.0,0.0,56550000.0,56550000.0,56550000.0,0.0,0.0,0.198,114499000.0,103709000.0,79938000.0,0.0,1.106,6.83,6.368,668007000.0,0.0,1.827,1.355,1.265,55335000.0,-56670000.0,285111000.0,285111000.0,0.0,0.086,0.185,0.124,0.364,0.0,10174000.0,1.0,211332908.0,197300000,201444000.0,1.445,789988000.0,989000.0,24824000.0,0.0,4.004,23340000.0
75,DNRCQ,MRT,2001-09-30,2001-09-30,2001-09-30,2020-11-19,17972000.0,795765000.0,578142500.0,129744000.0,666021000.0,0.492,1.703,-325075000.0,23737000.0,23737000.0,62182000.0,158098000.0,1.657,1.239,314522000.0,0.0,314522000.0,314522000.0,0.0,60343000.0,0.0,0.0,0.0,146005000.0,206348000.0,0.725,206348000.0,146005000.0,125938000.0,0.853,0.835,0.853,355441000.0,272109000.0,355441000.0,631308457.0,4.0,3.059,-156711000.0,-0.751,1.0,222308000.0,0.781,0.0,20067000.0,1008233000.0,731335750.0,0.0,32844000.0,32844000.0,0.0,440324000.0,78317000.0,362007000.0,437774457.0,9537000.0,3300000.0,2536000.0,165208000.0,0.0,167869000.0,-326696000.0,0.0,168364000.0,0.0,158098000.0,158098000.0,158098000.0,0.0,0.0,0.556,76303000.0,146005000.0,78317000.0,0.0,1.232,2.769,2.43,630469000.0,0.0,2.072,1.539,1.52,59055000.0,-53192000.0,284490000.0,284490000.0,0.0,0.273,0.581,0.2,0.513,0.0,9144000.0,1.0,211230136.0,208676000,212616000.0,1.363,795765000.0,11156000.0,-32160000.0,40443000.0,3.813,51427000.0
76,DNRCQ,MRT,2001-06-30,2001-06-30,2001-06-30,2020-11-19,9769000.0,553430000.0,456266000.0,119534000.0,433896000.0,0.559,1.483,-208111000.0,23336000.0,23336000.0,55642000.0,163189000.0,2.016,1.022,216870000.0,0.0,216870000.0,216870000.0,0.0,45877000.0,0.0,0.0,0.0,140200000.0,186077000.0,0.73,186077000.0,140200000.0,122918000.0,0.89,0.873,0.89,273638000.0,212644000.0,273638000.0,613689733.0,4.0,3.298,-58007000.0,-0.314,1.0,199279000.0,0.782,0.0,17282000.0,687684000.0,578950750.0,0.0,18657000.0,18657000.0,0.0,279792000.0,59280000.0,220512000.0,433340733.0,9773000.0,0.0,2469000.0,67847000.0,0.0,70441000.0,-210772000.0,0.0,150104000.0,0.0,163189000.0,163189000.0,163189000.0,0.0,0.0,0.64,59079000.0,140200000.0,59280000.0,0.0,1.584,2.655,2.64,397741000.0,0.0,2.35,1.7,1.701,48994000.0,-67140000.0,254921000.0,254921000.0,0.0,0.358,0.767,0.242,0.55,0.0,8585000.0,1.0,184400312.0,184528000,189288000.0,1.381,553430000.0,37452000.0,-40271000.0,0.0,2.999,60254000.0
77,DNRCQ,MRT,2001-03-31,2001-03-31,2001-03-31,2020-11-19,390000.0,505996000.0,389758000.0,106671000.0,399325000.0,0.577,1.321,-185067000.0,26521000.0,26521000.0,51174000.0,156681000.0,2.043,1.081,206870000.0,0.0,206870000.0,206870000.0,0.0,40734000.0,0.0,0.0,0.0,120928000.0,161662000.0,0.718,161662000.0,120928000.0,104618000.0,0.855,0.843,0.855,243192000.0,168777750.0,243192000.0,549409125.0,5.0,3.399,-38207000.0,-0.208,1.0,173890000.0,0.773,0.0,16310000.0,634126000.0,503280250.0,0.0,2356000.0,2356000.0,0.0,262804000.0,52219000.0,210585000.0,372702125.0,15332000.0,0.0,1843000.0,53972000.0,0.0,55815000.0,-187343000.0,0.0,146860000.0,0.0,156681000.0,156681000.0,156681000.0,0.0,0.0,0.696,52962000.0,120928000.0,52219000.0,0.0,1.533,2.379,2.368,365778000.0,0.0,2.025,1.656,1.656,45592000.0,-87251000.0,225064000.0,225064000.0,0.0,0.402,0.928,0.24,0.537,0.0,8484000.0,1.0,184050432.0,184048000,189044000.0,1.223,505996000.0,54372000.0,-52063000.0,0.0,2.749,54452000.0
78,DNRCQ,MRT,2000-12-31,2000-12-31,2000-12-31,2020-11-19,0.0,457379000.0,329682750.0,97990000.0,359389000.0,0.551,1.179,-131089000.0,22293000.0,22293000.0,46727000.0,142227000.0,2.526,1.116,199000000.0,0.0,199000000.0,199000000.0,0.0,36214000.0,0.0,0.0,0.0,90188000.0,126402000.0,0.696,126402000.0,90188000.0,74933000.0,0.775,0.767,0.775,216165000.0,129042500.0,216165000.0,636774536.0,7.0,5.038,-35117000.0,-0.192,1.0,134924000.0,0.743,0.0,15255000.0,595300000.0,439911500.0,0.0,4305000.0,4305000.0,0.0,241214000.0,38786000.0,202428000.0,504974536.0,10525000.0,0.0,1491000.0,46102000.0,0.0,47593000.0,-133040000.0,0.0,95972000.0,0.0,142227000.0,142227000.0,142227000.0,0.0,0.0,0.783,44736000.0,90188000.0,38786000.0,0.0,2.336,3.55,3.548,307514000.0,0.0,2.75,2.78,2.775,43266000.0,-113220000.0,181651000.0,181651000.0,0.0,0.431,1.102,0.205,0.496,0.0,8055000.0,1.0,183627104.0,183292000,185408000.0,0.991,457379000.0,67852000.0,-67294000.0,0.0,2.495,59204000.0
79,DNRCQ,MRT,2000-09-30,2000-09-30,2000-09-30,2020-11-19,0.0,308259000.0,278479500.0,46934000.0,261325000.0,0.522,0.641,-50940000.0,14200000.0,14200000.0,42711000.0,48904000.0,1.135,1.622,146000000.0,0.0,146000000.0,146000000.0,0.0,31424000.0,0.0,0.0,0.0,63413000.0,94837000.0,0.652,94837000.0,63413000.0,49025000.0,0.272,0.27,0.272,117581000.0,93108250.0,117581000.0,455911969.0,7.0,4.807,38527000.0,0.21,1.0,102675000.0,0.706,0.0,14388000.0,398693000.0,383120500.0,0.0,0.0,0.0,0.0,190678000.0,41366000.0,149312000.0,320974969.0,7751000.0,-23788000.0,1273000.0,-7265000.0,0.0,-5590000.0,-76126000.0,0.0,89467000.0,0.0,48904000.0,48904000.0,48904000.0,0.0,0.0,0.336,39262000.0,63413000.0,41366000.0,0.0,2.73,6.563,6.434,249674000.0,0.0,1.75,2.208,2.208,32734000.0,-211290000.0,145386000.0,145386000.0,0.0,0.176,0.525,0.166,0.436,0.0,7531000.0,1.0,183414268.0,183424000,186020000.0,0.793,308259000.0,0.0,121000.0,0.0,1.681,5568000.0
80,DNRCQ,MRT,2000-06-30,2000-06-30,2000-06-30,2020-11-19,0.0,287398000.0,261274500.0,43231000.0,244167000.0,0.471,0.536,-51892000.0,13563000.0,13563000.0,38796000.0,32269000.0,1.158,1.927,148500000.0,0.0,148500000.0,148500000.0,0.0,29900000.0,0.0,0.0,0.0,46644000.0,76544000.0,0.622,76544000.0,46644000.0,32309000.0,0.18,0.18,0.18,98173000.0,80564000.0,98173000.0,381754842.0,8.0,4.987,22256000.0,0.121,1.0,84219000.0,0.685,0.0,14335000.0,385002000.0,375469000.0,0.0,0.0,0.0,0.0,189225000.0,37333000.0,151892000.0,240443842.0,5514000.0,-20488000.0,1123000.0,5235000.0,0.0,6720000.0,-75354000.0,0.0,74148000.0,0.0,32269000.0,32269000.0,32269000.0,0.0,0.0,0.262,37575000.0,46644000.0,37333000.0,0.0,2.449,7.451,7.292,233622000.0,0.0,1.313,1.955,1.955,29668000.0,-230329000.0,123015000.0,123015000.0,0.0,0.124,0.401,0.124,0.379,0.0,7344000.0,1.0,183195308.0,183196000,184396000.0,0.671,287398000.0,0.0,40000.0,0.0,1.569,5898000.0
81,DNRCQ,MRT,2000-03-31,2000-03-31,2000-03-31,2020-11-19,0.0,265695000.0,245614000.0,35521000.0,230174000.0,0.422,0.461,-43631000.0,11189000.0,11189000.0,34525000.0,19158000.0,1.348,2.154,152500000.0,0.0,152500000.0,152500000.0,0.0,28005000.0,0.0,0.0,0.0,33723000.0,61728000.0,0.595,61728000.0,33723000.0,19178000.0,0.107,0.107,0.107,84251000.0,72216000.0,84251000.0,323605944.0,10.0,5.242,9994000.0,0.055,1.0,69168000.0,0.667,0.0,14545000.0,380651000.0,365116750.0,0.0,0.0,0.0,0.0,181444000.0,26355000.0,155089000.0,182873944.0,4126000.0,-20488000.0,100387000.0,-82420000.0,0.0,17967000.0,-67466000.0,0.0,53625000.0,0.0,19158000.0,19158000.0,19158000.0,0.0,0.0,0.185,35445000.0,33723000.0,26355000.0,0.0,2.171,9.546,9.346,219530000.0,0.0,1.0,1.764,1.764,24332000.0,-243932000.0,103693000.0,103693000.0,0.0,0.078,0.265,0.092,0.325,0.0,7110000.0,1.0,182873944.0,182876000,182880000.0,0.567,265695000.0,0.0,20000.0,0.0,1.453,9166000.0
82,DNRCQ,MRT,1999-12-31,1999-12-31,1999-12-31,2020-11-19,0.0,252566000.0,233285500.0,30546000.0,222020000.0,0.356,0.453,-34079000.0,11768000.0,11768000.0,29691000.0,4614000.0,1.214,2.487,152500000.0,0.0,152500000.0,152500000.0,0.0,25515000.0,0.0,0.0,0.0,20409000.0,45924000.0,0.553,45924000.0,20409000.0,4614000.0,0.03,0.03,0.03,72428000.0,42330000.0,72428000.0,340050614.0,17.0,7.405,7121000.0,0.045,1.0,53299000.0,0.642,0.0,15795000.0,368136000.0,377058250.0,0.0,0.0,0.0,0.0,180138000.0,25162000.0,154976000.0,193999614.0,9719000.0,-20488000.0,100079000.0,-73265000.0,0.0,26814000.0,-58295000.0,0.0,41200000.0,0.0,4614000.0,4614000.0,4614000.0,0.0,0.0,0.056,32890000.0,20409000.0,25162000.0,0.0,2.679,42.046,35.417,210955000.0,0.0,1.063,2.338,2.045,18778000.0,-255447000.0,82990000.0,82990000.0,0.0,0.02,0.109,0.054,0.246,0.0,7029000.0,1.0,182587872.0,159712000,159948000.0,0.52,252566000.0,0.0,0.0,0.0,1.581,5384000.0
83,DNRCQ,MRT,1999-09-30,1999-09-30,1999-09-30,2020-11-19,0.0,239439000.0,223358750.0,24278000.0,215161000.0,0.318,0.37,-49851000.0,6449000.0,6449000.0,26603000.0,-162235000.0,1.395,2.552,152500000.0,0.0,152500000.0,152500000.0,0.0,32355000.0,0.0,0.0,0.0,-110321000.0,-77966000.0,-1.096,-77966000.0,-110321000.0,-127237000.0,-1.563,-1.563,-1.563,67404000.0,16156750.0,67404000.0,382350626.0,-3.0,-4.904,-31434000.0,-0.172,1.0,44536000.0,0.626,0.0,16916000.0,368087000.0,389304750.0,0.0,0.0,0.0,0.0,172035000.0,17403000.0,154632000.0,247899626.0,2199000.0,0.0,99802000.0,-62500000.0,0.0,36777000.0,-52995000.0,0.0,18417000.0,0.0,-162235000.0,-162235000.0,-162235000.0,0.0,0.0,-2.281,154857000.0,-110321000.0,17403000.0,0.0,3.678,-1.528,-0.87,204403000.0,0.0,1.359,3.485,3.485,17829000.0,-260194000.0,71139000.0,71139000.0,0.0,-0.726,-10.041,-0.283,-1.551,0.0,6892000.0,1.0,182346176.0,182348000,182356000.0,0.39,239439000.0,0.0,34998000.0,0.0,1.313,6875000.0
84,DNRCQ,MRT,1999-06-30,1999-06-30,1999-06-30,2020-11-19,0.0,224756000.0,255837000.0,26060000.0,198696000.0,0.267,0.391,-45789000.0,8049000.0,8049000.0,25541000.0,-167062000.0,1.669,2.469,142500000.0,0.0,142500000.0,142500000.0,0.0,34721000.0,0.0,0.0,0.0,-114221000.0,-79500000.0,-1.163,-79500000.0,-114221000.0,-132064000.0,-1.597,-1.597,-1.597,64781000.0,31765250.0,64781000.0,426344801.0,-4.0,-5.363,-46439000.0,-0.28,1.0,42819000.0,0.626,0.0,17843000.0,343593000.0,436503000.0,0.0,0.0,0.0,0.0,159975000.0,15614000.0,144361000.0,198777801.0,-1030000.0,0.0,100083000.0,-52500000.0,0.0,47099000.0,-47479000.0,0.0,-650000.0,0.0,-167062000.0,-167062000.0,-167062000.0,0.0,0.0,-2.444,157040000.0,-114221000.0,15614000.0,0.0,3.068,-1.19,-0.685,189579000.0,0.0,1.094,2.908,2.65,18011000.0,-262598000.0,68360000.0,68360000.0,0.0,-0.653,-5.259,-0.262,-1.671,0.0,6662000.0,1.0,181739704.0,165628000,165900000.0,0.413,224756000.0,0.0,34998000.0,0.0,1.357,10446000.0
85,DNRCQ,MRT,1999-03-31,1999-03-31,1999-03-31,2020-11-19,0.0,216381000.0,290849500.0,25512000.0,190869000.0,0.251,-0.329,-82720000.0,7063000.0,7063000.0,27163000.0,-289493000.0,1.643,-7.131,234630000.0,0.0,234630000.0,234630000.0,0.0,45182000.0,0.0,0.0,0.0,-286739000.0,-241557000.0,-3.308,-241557000.0,-286739000.0,-304740000.0,-2.743,-2.743,-2.743,-35293000.0,48510250.0,-35293000.0,330157720.0,-1.0,-1.367,-66004000.0,-0.616,1.0,45852000.0,0.628,0.0,18001000.0,428417000.0,479076500.0,0.0,0.0,0.0,0.0,251674000.0,15531000.0,236143000.0,107206720.0,3255000.0,0.0,1312000.0,69271000.0,0.0,70564000.0,-84025000.0,0.0,16716000.0,0.0,-289493000.0,-289493000.0,-289493000.0,0.0,0.0,-3.965,332591000.0,-286739000.0,15531000.0,0.0,-3.038,-0.37,-0.365,182034000.0,0.0,1.0,1.468,1.468,18449000.0,-263089000.0,73015000.0,73015000.0,0.0,-0.995,-5.968,-0.599,-3.927,0.0,6670000.0,1.0,107206720.0,107208000,107208000.0,0.681,216381000.0,0.0,-15247000.0,0.0,2.018,9981000.0
86,DNRCQ,MRT,1998-12-31,1998-12-31,1998-12-31,2020-11-19,0.0,212859000.0,351587750.0,23934000.0,188925000.0,0.238,-0.311,-102652000.0,2049000.0,2049000.0,29162000.0,-287145000.0,1.281,-7.597,225000000.0,0.0,225000000.0,225000000.0,0.0,52234000.0,0.0,0.0,0.0,-285231000.0,-232997000.0,-2.79,-232997000.0,-285231000.0,-302765000.0,-2.77,-2.77,-2.77,-32265000.0,120555500.0,-32265000.0,326345646.0,-1.0,-1.401,-82367000.0,-0.794,1.0,54344000.0,0.651,0.0,17534000.0,417122000.0,520835250.0,0.0,0.0,0.0,0.0,245124000.0,18688000.0,226436000.0,115595646.0,-7277000.0,0.0,94657000.0,-18402000.0,0.0,76235000.0,-103797000.0,0.0,20285000.0,0.0,-287145000.0,-287145000.0,-287145000.0,0.0,0.0,-3.439,339575000.0,-285231000.0,18688000.0,0.0,-3.583,-0.403,-0.389,180664000.0,0.0,1.078,1.384,1.339,21885000.0,-260061000.0,83506000.0,83506000.0,0.0,-0.817,-2.382,-0.548,-3.416,0.0,6556000.0,1.0,107206720.0,103704000,103704000.0,0.805,212859000.0,0.0,-15620000.0,0.0,2.053,5246000.0
87,DNRCQ,MRT,1998-09-30,1998-09-30,1998-09-30,2020-11-19,0.0,369352000.0,410260000.0,24901000.0,344451000.0,0.228,1.214,-328336000.0,4250000.0,4250000.0,29263000.0,-120772000.0,1.072,1.845,215000000.0,0.0,215000000.0,215000000.0,0.0,47023000.0,0.0,0.0,0.0,-155228000.0,-108205000.0,-1.158,-108205000.0,-155228000.0,-168740000.0,-1.12,-1.123,-1.12,129838000.0,168677500.0,129838000.0,353023481.0,-2.0,-3.263,-281314000.0,-2.63,1.0,64161000.0,0.687,0.0,13512000.0,556880000.0,578443250.0,0.0,0.0,0.0,0.0,239514000.0,23222000.0,216292000.0,167102481.0,2014000.0,0.0,95052000.0,190120000.0,0.0,285130000.0,-330138000.0,0.0,47022000.0,0.0,-120772000.0,-120772000.0,-120772000.0,0.0,0.0,-1.293,219389000.0,-155228000.0,23222000.0,0.0,1.287,-1.384,-1.395,300999000.0,0.0,1.563,1.789,1.789,20651000.0,-97958000.0,93424000.0,93424000.0,0.0,-0.294,-0.716,-0.268,-1.662,0.0,6643000.0,1.0,106945588.0,106972000,107580000.0,0.873,369352000.0,35000000.0,-47968000.0,0.0,3.453,1679000.0
88,DNRCQ,MRT,1998-06-30,1998-06-30,1998-06-30,2020-11-19,0.0,364806000.0,,28982000.0,335824000.0,,1.234,-345524000.0,9079000.0,9079000.0,27869000.0,-115138000.0,0.787,1.769,195000000.0,0.0,195000000.0,195000000.0,0.0,46079000.0,0.0,0.0,0.0,-151892000.0,-105813000.0,-1.123,-105813000.0,-151892000.0,-161220000.0,-1.058,-1.063,-1.058,131761000.0,,131761000.0,509807878.0,-3.0,-4.818,-280453000.0,-2.627,1.0,66357000.0,0.704,0.0,9328000.0,513887000.0,,0.0,0.0,0.0,0.0,233045000.0,36840000.0,196205000.0,348598878.0,3083000.0,0.0,95422000.0,190020000.0,0.0,285381000.0,-347369000.0,0.0,65071000.0,0.0,-115138000.0,-115138000.0,-115138000.0,0.0,0.0,-1.222,218249000.0,-151892000.0,36840000.0,0.0,2.646,-3.028,-3.086,292276000.0,0.0,3.265,3.7,3.699,19903000.0,-95535000.0,94226000.0,94226000.0,0.0,,,,-1.612,0.0,6515000.0,1.0,106768416.0,106760000,106760000.0,0.883,364806000.0,35000000.0,-46082000.0,0.0,3.417,-7858000.0
89,DNRCQ,MRT,1998-03-31,1998-03-31,1998-03-31,2020-11-19,0.0,459334000.0,,27378000.0,431956000.0,,2.699,-316695000.0,3808000.0,3808000.0,25019000.0,9008000.0,1.091,0.816,165017000.0,17000.0,165000000.0,165017000.0,0.0,38481000.0,0.0,0.0,0.0,19890000.0,58371000.0,0.646,58371000.0,19890000.0,14467000.0,0.112,0.107,0.112,252888000.0,,252888000.0,704411736.0,35.0,12.068,-266782000.0,-2.847,1.0,65339000.0,0.723,0.0,5423000.0,595452000.0,,0.0,0.0,0.0,0.0,206446000.0,25091000.0,181355000.0,473717736.0,-13258000.0,0.0,95688000.0,159877000.0,0.0,255505000.0,-318676000.0,0.0,49913000.0,0.0,9008000.0,9008000.0,9008000.0,0.0,0.0,0.1,45449000.0,19890000.0,25074000.0,0.0,1.873,52.589,39.754,423174000.0,0.0,4.452,5.243,4.617,23570000.0,26404000.0,90358000.0,90358000.0,0.0,,,,0.22,0.0,6437000.0,1.0,106393652.0,93700000,93700000.0,0.964,459334000.0,0.0,5459000.0,15249000.0,4.902,2287000.0
90,DNRCQ,MRT,1997-12-31,1997-12-31,1997-12-31,2020-11-19,0.0,447548000.0,307026500.0,33380000.0,414168000.0,0.282,1.981,-305427000.0,9326000.0,9326000.0,22218000.0,14903000.0,1.088,1.793,240020000.0,20000.0,240000000.0,240020000.0,0.0,32719000.0,0.0,0.0,0.0,24909000.0,57628000.0,0.667,57628000.0,24909000.0,23798000.0,0.185,0.175,0.185,160223000.0,151363500.0,160223000.0,,,,-243110000.0,-3.005,1.0,64238000.0,0.743,0.0,1111000.0,647554000.0,392139000.0,0.0,0.0,0.0,0.0,287325000.0,30688000.0,256637000.0,495528434.0,-4127000.0,0.0,2816000.0,238389000.0,0.0,241115000.0,-307559000.0,0.0,62317000.0,0.0,14903000.0,14903000.0,14903000.0,0.0,0.0,0.172,39329000.0,24909000.0,30668000.0,0.0,3.093,33.25,25.176,408832000.0,0.0,4.657,5.732,4.358,24054000.0,27084000.0,86456000.0,86456000.0,0.0,0.049,0.098,0.064,0.288,0.0,6182000.0,1.0,106393652.0,80896000,85780000.0,1.069,447548000.0,0.0,8895000.0,15620000.0,5.532,2692000.0
91,DNRCQ,MRT,1997-09-30,1997-09-30,1997-09-30,2020-11-19,,,,,,,,,,,,,,,,,,,,,,0.0,0.0,,,,,,,,,,,,,,,,,,1.0,,,,,,,,,,,,,,,,,,,,,,,,,,,,,,,,,,,,,,,,5.907,,,,,,,,,,,,,,1.0,,81092000,,,,,,,,
92,DNRCQ,MRT,1997-06-30,1997-06-30,1997-06-30,2020-11-19,,,,,,,,,,,,,,,,,,,,,,0.0,0.0,,,,,,,,,,,,,,,,,,1.0,,,,,,,,,,,,,,,,,,,,,,,,,,,,,,,,,,,,,,,,4.188,,,,,,,,,,,,,,1.0,,80624000,,,,,,,,
93,DNRCQ,MRT,1997-03-31,1997-03-31,1997-03-31,2020-11-19,,,,,,,,,,,,,,,,,,,,,,0.0,0.0,,,,,,,,,,,,,,,,,,1.0,,,,,,,,,,,,,,,,,,,,,,,,,,,,,,,,,,,,,,,,3.28,,,,,,,,,,,,,,1.0,,80376000,,,,,,,,
94,DNRCQ,MRT,1996-12-31,1996-12-31,1996-12-31,2020-11-19,0.0,166505000.0,,29002000.0,137503000.0,,2.719,-86857000.0,13453000.0,13453000.0,13495000.0,8744000.0,1.756,0.168,192000.0,67000.0,125000.0,192000.0,0.0,17904000.0,0.0,0.0,0.0,16049000.0,33953000.0,0.633,33953000.0,16049000.0,14056000.0,0.168,0.155,0.168,142504000.0,,142504000.0,,,,-51672000.0,-0.986,1.0,40154000.0,0.748,0.0,1993000.0,136724000.0,,0.0,0.0,0.0,0.0,24001000.0,16520000.0,7481000.0,,6900000.0,209000.0,60664000.0,-411000.0,0.0,60089000.0,-88374000.0,0.0,35185000.0,0.0,8744000.0,8744000.0,8744000.0,0.0,0.0,0.163,22384000.0,17770000.0,16453000.0,0.0,,,21.756,134996000.0,0.0,3.655,,3.571,15549000.0,12181000.0,53649000.0,53649000.0,0.0,,,,0.299,0.0,4267000.0,1.0,,52416000,52416000.0,1.024,166505000.0,0.0,5312000.0,6743000.0,3.177,12482000.0
95,DNRCQ,MRT,1995-12-31,1995-12-31,1995-12-31,2020-11-19,,,,,,,,-28524000.0,,,6789000.0,714000.0,,,,,,,,8113000.0,,0.0,0.0,3166000.0,11279000.0,0.561,11279000.0,3166000.0,1081000.0,0.025,0.025,0.025,,,,,,,-21771000.0,-0.792,1.0,13320000.0,0.662,,2085000.0,,,,,,,,,,,5841000.0,0.0,26825000.0,-13571000.0,0.0,28172000.0,-29084000.0,0.0,6753000.0,0.0,714000.0,714000.0,714000.0,0.0,0.0,0.036,9954000.0,3366000.0,,0.0,,,62.4,,0.0,1.56,,2.132,,,20109000.0,20109000.0,0.0,,,,0.157,0.0,1832000.0,1.0,,27480000,27480000.0,0.732,,,367000.0,,,
