None,ticker,dimension,calendardate,datekey,reportperiod,lastupdated,accoci,assets,assetsavg,assetsc,assetsnc,assetturnover,bvps,capex,cashneq,cashnequsd,cor,consolinc,currentratio,de,debt,debtc,debtnc,debtusd,deferredrev,depamor,deposits,divyield,dps,ebit,ebitda,ebitdamargin,ebitdausd,ebitusd,ebt,eps,epsdil,epsusd,equity,equityavg,equityusd,ev,evebit,evebitda,fcf,fcfps,fxusd,gp,grossmargin,intangibles,intexp,invcap,invcapavg,inventory,investments,investmentsc,investmentsnc,liabilities,liabilitiesc,liabilitiesnc,marketcap,ncf,ncfbus,ncfcommon,ncfdebt,ncfdiv,ncff,ncfi,ncfinv,ncfo,ncfx,netinc,netinccmn,netinccmnusd,netincdis,netincnci,netmargin,opex,opinc,payables,payoutratio,pb,pe,pe1,ppnenet,prefdivis,price,ps,ps1,receivables,retearn,revenue,revenueusd,rnd,roa,roe,roic,ros,sbcomp,sgna,sharefactor,sharesbas,shareswa,shareswadil,sps,tangibles,taxassets,taxexp,taxliabilities,tbvps,workingcapital
0,RHI,MRY,2020-12-31,2020-12-31,2020-12-31,2021-08-04,-4732000.0,2557424000.0,2449436250.0,1842738000.0,714686000.0,2.086,10.692,-33377000.0,574426000.0,574426000.0,3096389000.0,306276000.0,1.761,1.122,302712000.0,78843000.0,223869000.0,302712000.0,0.0,81899000.0,0.0,0.022,1.36,421882000.0,503781000.0,0.099,503781000.0,421882000.0,421882000.0,2.72,2.7,2.72,1205289000.0,1171487250.0,1205289000.0,6834473587.0,16.0,13.566,563151000.0,4.996,1.0,2012611000.0,0.394,228649000.0,0.0,1010435000.0,1048319500.0,0.0,0.0,0.0,0.0,1352135000.0,1046626000.0,305509000.0,7121472587.0,303948000.0,-15836000.0,-159172000.0,-218000.0,-155935000.0,-315325000.0,9461000.0,0.0,596528000.0,13284000.0,306276000.0,306276000.0,306276000.0,0.0,0.0,0.06,1667260000.0,345351000.0,130770000.0,0.5,5.909,23.252,22.971,372505000.0,0.0,62.48,1.394,1.379,714163000.0,29936000.0,5109000000.0,5109000000.0,0.0,0.125,0.261,0.402,0.083,52486000.0,1666041000.0,1.0,113980035.0,112729000.0,113318000.0,45.321,2328775000.0,113532000.0,115606000.0,4015000.0,20.658,796112000.0
1,RHI,MRY,2019-12-31,2019-12-31,2019-12-31,2021-08-04,-19986000.0,2311408000.0,2266751000.0,1628849000.0,682559000.0,2.68,9.889,-59464000.0,270478000.0,270478000.0,3549303000.0,454433000.0,1.732,1.021,273826000.0,71626000.0,202200000.0,273826000.0,0.0,69249000.0,0.0,0.02,1.24,625515000.0,694764000.0,0.114,694764000.0,625515000.0,625515000.0,3.93,3.9,3.93,1143683000.0,1110442250.0,1143683000.0,7290885479.0,12.0,10.494,460165000.0,3.979,1.0,2525129000.0,0.416,212116000.0,0.0,1161948000.0,1115094250.0,0.0,0.0,0.0,0.0,1167725000.0,940692000.0,227033000.0,7331500479.0,-6101000.0,0.0,-277535000.0,-200000.0,-145631000.0,-423366000.0,-102138000.0,0.0,519629000.0,-226000.0,454433000.0,454433000.0,454433000.0,0.0,0.0,0.075,1959656000.0,565473000.0,123841000.0,0.316,6.41,16.133,16.069,369414000.0,0.0,63.15,1.207,1.202,832797000.0,36067000.0,6074432000.0,6074432000.0,0.0,0.2,0.409,0.561,0.103,48300000.0,1958295000.0,1.0,116096603.0,115656000.0,116411000.0,52.522,2099292000.0,101029000.0,171082000.0,1623000.0,18.151,688157000.0
2,RHI,MRY,2018-12-31,2018-12-31,2018-12-31,2021-08-04,-16109000.0,1903097000.0,1941361750.0,1473610000.0,429487000.0,2.988,8.822,-42484000.0,276579000.0,276579000.0,3389259000.0,434288000.0,1.798,0.79,657000.0,200000.0,457000.0,657000.0,0.0,65949000.0,0.0,0.02,1.12,591602000.0,657551000.0,0.113,657551000.0,591602000.0,591602000.0,3.6,3.57,3.6,1063198000.0,1101683750.0,1063198000.0,6587335830.0,11.0,10.018,529838000.0,4.397,1.0,2411012000.0,0.416,213107000.0,0.0,594532000.0,595840500.0,0.0,0.0,0.0,0.0,839899000.0,819536000.0,20363000.0,6948371830.0,-18174000.0,0.0,-353509000.0,-183000.0,-136423000.0,-490115000.0,-88509000.0,0.0,572322000.0,-11872000.0,434288000.0,434288000.0,434288000.0,0.0,0.0,0.075,1812306000.0,598706000.0,168031000.0,0.311,6.535,15.999,15.889,125176000.0,0.0,57.2,1.198,1.188,794446000.0,0.0,5800271000.0,5800271000.0,0.0,0.224,0.394,0.993,0.102,44953000.0,1810601000.0,1.0,121475032.0,120513000.0,121602000.0,48.13,1689990000.0,91204000.0,157314000.0,12536000.0,14.023,654074000.0
3,RHI,MRY,2017-12-31,2017-12-31,2017-12-31,2021-08-04,3507000.0,1867454000.0,1852913500.0,1431869000.0,435585000.0,2.842,8.903,-40753000.0,294753000.0,294753000.0,3102977000.0,290584000.0,1.915,0.69,840000.0,183000.0,657000.0,840000.0,0.0,65493000.0,0.0,0.017,0.96,517516000.0,583009000.0,0.111,583009000.0,517516000.0,517516000.0,2.34,2.33,2.34,1105265000.0,1107602500.0,1105265000.0,6614474614.0,13.0,11.345,412238000.0,3.32,1.0,2163812000.0,0.411,215831000.0,0.0,609814000.0,605853750.0,0.0,0.0,0.0,0.0,762189000.0,747896000.0,14293000.0,6961927614.0,34552000.0,-1160000.0,-231724000.0,-167000.0,-121000000.0,-352891000.0,-78497000.0,0.0,452991000.0,12949000.0,290584000.0,290584000.0,290584000.0,0.0,0.0,0.055,1648095000.0,515717000.0,126937000.0,0.41,6.299,23.958,23.735,144887000.0,0.0,55.54,1.322,1.309,732405000.0,37033000.0,5266789000.0,5266789000.0,0.0,0.157,0.262,0.854,0.098,42191000.0,1646532000.0,1.0,125349795.0,124152000.0,124892000.0,42.422,1651623000.0,74867000.0,226932000.0,7877000.0,13.303,683973000.0
4,RHI,MRY,2016-12-31,2016-12-31,2016-12-31,2021-08-04,-20502000.0,1777971000.0,1794456000.0,1284234000.0,493737000.0,2.926,8.49,-82956000.0,260201000.0,260201000.0,3089723000.0,343389000.0,1.889,0.636,1007000.0,167000.0,840000.0,1007000.0,0.0,64315000.0,0.0,0.018,0.88,554110000.0,618425000.0,0.118,618425000.0,554110000.0,554110000.0,2.68,2.67,2.68,1086599000.0,1073997500.0,1086599000.0,5995670275.0,11.0,9.695,359125000.0,2.806,1.0,2160676000.0,0.412,213464000.0,0.0,625417000.0,647106500.0,0.0,0.0,0.0,0.0,691372000.0,679896000.0,11476000.0,6287075275.0,35624000.0,-2200000.0,-175808000.0,-154000.0,-114164000.0,-288304000.0,-112235000.0,0.0,442081000.0,-5918000.0,343389000.0,343389000.0,343389000.0,0.0,0.0,0.065,1607454000.0,553222000.0,135540000.0,0.328,5.786,18.309,18.201,161509000.0,0.0,48.78,1.197,1.189,703228000.0,84562000.0,5250399000.0,5250399000.0,0.0,0.191,0.32,0.856,0.106,40877000.0,1606217000.0,1.0,128886332.0,127991000.0,128766000.0,41.022,1564507000.0,118764000.0,210721000.0,5141000.0,12.224,604338000.0
5,RHI,MRY,2015-12-31,2015-12-31,2015-12-31,2021-08-04,-10294000.0,1671044000.0,1686700500.0,1197997000.0,473047000.0,3.021,7.619,-75057000.0,224577000.0,224577000.0,2980462000.0,357796000.0,1.827,0.665,1160000.0,153000.0,1007000.0,1160000.0,0.0,53465000.0,0.0,0.017,0.8,581030000.0,634495000.0,0.125,634495000.0,581030000.0,581030000.0,2.72,2.69,2.72,1003781000.0,1002388750.0,1003781000.0,6004207825.0,10.0,9.463,363179000.0,2.757,1.0,2114471000.0,0.415,213087000.0,0.0,578991000.0,575492500.0,0.0,0.0,0.0,0.0,667263000.0,655549000.0,11714000.0,6254829825.0,-62542000.0,-14668000.0,-269609000.0,-140000.0,-107561000.0,-368548000.0,-117950000.0,0.0,438236000.0,-14280000.0,357796000.0,357796000.0,357796000.0,0.0,0.0,0.07,1533991000.0,580480000.0,148108000.0,0.294,6.231,17.482,17.331,142906000.0,0.0,47.14,1.228,1.219,704640000.0,34467000.0,5094933000.0,5094933000.0,0.0,0.212,0.357,1.01,0.114,32530000.0,1533799000.0,1.0,132686250.0,131749000.0,132930000.0,38.672,1457957000.0,117054000.0,223234000.0,2506000.0,11.066,542448000.0
6,RHI,MRY,2014-12-31,2014-12-31,2014-12-31,2021-08-04,14730000.0,1647267000.0,1591514000.0,1323283000.0,323984000.0,2.95,7.293,-62830000.0,287119000.0,287119000.0,2772098000.0,305928000.0,2.123,0.681,1299000.0,140000.0,1159000.0,1299000.0,0.0,49681000.0,0.0,0.012,0.72,497349000.0,547030000.0,0.117,547030000.0,497349000.0,497349000.0,2.28,2.26,2.28,979858000.0,965037000.0,979858000.0,7647682063.0,15.0,13.98,277868000.0,2.068,1.0,1922916000.0,0.41,199488000.0,0.0,538597000.0,512767000.0,0.0,0.0,0.0,0.0,667409000.0,623362000.0,44047000.0,7937225063.0,11355000.0,0.0,-139497000.0,-128000.0,-97604000.0,-230055000.0,-88641000.0,0.0,340698000.0,-10647000.0,305928000.0,305928000.0,305928000.0,0.0,0.0,0.065,1426291000.0,496625000.0,175107000.0,0.316,8.1,25.945,25.605,121754000.0,0.0,58.38,1.691,1.671,657676000.0,36836000.0,4695014000.0,4695014000.0,0.0,0.192,0.317,0.97,0.106,33647000.0,1425734000.0,1.0,135957949.0,134358000.0,135541000.0,34.944,1447779000.0,133151000.0,191421000.0,0.0,10.776,699921000.0
7,RHI,MRY,2013-12-31,2013-12-31,2013-12-31,2021-08-04,38071000.0,1490271000.0,1445261000.0,1172528000.0,317743000.0,2.938,6.754,-53725000.0,275764000.0,275764000.0,2522803000.0,252195000.0,2.188,0.62,1428000.0,128000.0,1300000.0,1428000.0,0.0,48772000.0,0.0,0.015,0.64,397579000.0,446351000.0,0.105,446351000.0,397579000.0,397579000.0,1.85,1.83,1.85,919643000.0,883675500.0,919643000.0,5541396007.0,14.0,12.415,255492000.0,1.877,1.0,1723092000.0,0.406,201389000.0,0.0,478693000.0,457775000.0,0.0,0.0,0.0,0.0,570628000.0,535853000.0,34775000.0,5819685007.0,-11871000.0,0.0,-134690000.0,-4496000.0,-89187000.0,-220270000.0,-97777000.0,0.0,309217000.0,-3041000.0,252195000.0,252195000.0,252195000.0,0.0,0.0,0.059,1326515000.0,396577000.0,139683000.0,0.346,6.328,23.076,22.697,112644000.0,0.0,41.99,1.371,1.346,551905000.0,13315000.0,4245895000.0,4245895000.0,0.0,0.174,0.285,0.869,0.094,30764000.0,1324815000.0,1.0,138596928.0,136153000.0,137589000.0,31.185,1288882000.0,112881000.0,145384000.0,0.0,9.466,636675000.0
8,RHI,MRY,2012-12-31,2012-12-31,2012-12-31,2021-08-04,43779000.0,1381271000.0,1360253500.0,1064685000.0,316586000.0,3.022,6.093,-50056000.0,287635000.0,287635000.0,2462153000.0,209942000.0,2.122,0.64,1545000.0,117000.0,1428000.0,1545000.0,0.0,48724000.0,0.0,0.019,0.6,344245000.0,392969000.0,0.096,392969000.0,344245000.0,344245000.0,1.51,1.5,1.51,842011000.0,825730750.0,842011000.0,4190456857.0,12.0,10.664,239121000.0,1.73,1.0,1649060000.0,0.401,203595000.0,0.0,389949000.0,401486750.0,0.0,0.0,0.0,0.0,539260000.0,501637000.0,37623000.0,4478309857.0,8299000.0,-14393000.0,-133855000.0,-107000.0,-84129000.0,-209616000.0,-73026000.0,0.0,289177000.0,1764000.0,209942000.0,209942000.0,209942000.0,0.0,0.0,0.051,1306012000.0,343048000.0,139879000.0,0.397,5.319,21.331,21.073,107680000.0,0.0,31.82,1.089,1.07,512852000.0,0.0,4111213000.0,4111213000.0,0.0,0.154,0.254,0.857,0.084,32989000.0,1305614000.0,1.0,140738839.0,138201000.0,139409000.0,29.748,1177676000.0,102993000.0,134303000.0,0.0,8.521,563048000.0
9,RHI,MRY,2011-12-31,2011-12-31,2011-12-31,2021-08-04,40887000.0,1311836000.0,1303186750.0,1006678000.0,305158000.0,2.898,5.698,-56535000.0,279336000.0,279336000.0,2287374000.0,149922000.0,2.128,0.639,1656000.0,111000.0,1545000.0,1656000.0,0.0,51415000.0,0.0,0.02,0.56,250216000.0,301631000.0,0.08,301631000.0,250216000.0,250216000.0,1.05,1.04,1.05,800505000.0,812261000.0,800505000.0,3827603283.0,15.0,12.69,199781000.0,1.422,1.0,1489602000.0,0.394,189473000.0,0.0,371682000.0,391096500.0,0.0,0.0,0.0,0.0,511331000.0,473001000.0,38330000.0,4068642283.0,-35801000.0,0.0,-149794000.0,-91000.0,-80303000.0,-225977000.0,-63402000.0,0.0,256316000.0,-2738000.0,149922000.0,149922000.0,149922000.0,0.0,0.0,0.04,1240337000.0,249265000.0,117596000.0,0.533,5.083,27.138,27.105,107972000.0,0.0,28.46,1.077,1.059,493327000.0,0.0,3776976000.0,3776976000.0,0.0,0.115,0.185,0.64,0.066,46695000.0,1240184000.0,1.0,142960024.0,140479000.0,141790000.0,26.886,1122363000.0,88578000.0,100294000.0,0.0,7.99,533677000.0
10,RHI,MRY,2010-12-31,2010-12-31,2010-12-31,2021-08-04,47120000.0,1273984000.0,1260882750.0,971860000.0,302124000.0,2.518,5.842,-35088000.0,315137000.0,315137000.0,1981060000.0,66069000.0,2.379,0.527,1779000.0,123000.0,1656000.0,1779000.0,0.0,55958000.0,0.0,0.017,0.52,115168000.0,171126000.0,0.054,171126000.0,115168000.0,115168000.0,0.45,0.44,0.45,834371000.0,852574750.0,834371000.0,4193689125.0,36.0,24.506,140795000.0,0.986,1.0,1194033000.0,0.376,190006000.0,0.0,362160000.0,377581000.0,0.0,0.0,0.0,0.0,439613000.0,408460000.0,31153000.0,4502937125.0,-50657000.0,-585000.0,-117105000.0,-113000.0,-76591000.0,-187995000.0,-39097000.0,0.0,175883000.0,552000.0,66069000.0,66069000.0,66069000.0,0.0,0.0,0.021,1079444000.0,114589000.0,93690000.0,1.156,5.397,68.155,68.0,103651000.0,0.0,30.6,1.418,1.377,423175000.0,0.0,3175093000.0,3175093000.0,0.0,0.052,0.077,0.305,0.036,51305000.0,1079033000.0,1.0,147154808.0,142833000.0,144028000.0,22.229,1083978000.0,92087000.0,49099000.0,0.0,7.589,563400000.0
11,RHI,MRY,2009-12-31,2009-12-31,2009-12-31,2021-08-04,45580000.0,1283535000.0,1319676750.0,922634000.0,360901000.0,2.301,6.167,-41248000.0,365794000.0,365794000.0,1932868000.0,37263000.0,2.514,0.426,1892000.0,113000.0,1779000.0,1892000.0,0.0,65266000.0,0.0,0.018,0.48,66763000.0,132029000.0,0.043,132029000.0,66763000.0,66763000.0,0.24,0.24,0.24,899810000.0,943352250.0,899810000.0,3629681161.0,54.0,27.492,198905000.0,1.363,1.0,1103679000.0,0.363,189728000.0,0.0,362937000.0,392424000.0,0.0,0.0,0.0,0.0,383725000.0,366968000.0,16757000.0,4035403161.0,11038000.0,0.0,-124867000.0,-105000.0,-72149000.0,-192370000.0,-45967000.0,0.0,240153000.0,9222000.0,37263000.0,37263000.0,37263000.0,0.0,0.0,0.012,1038359000.0,65320000.0,101610000.0,2.0,4.485,108.295,111.375,124658000.0,0.0,26.73,1.329,1.284,362392000.0,0.0,3036547000.0,3036547000.0,0.0,0.028,0.04,0.17,0.022,56397000.0,1036899000.0,1.0,150969067.0,145912000.0,146611000.0,20.811,1093807000.0,98158000.0,29500000.0,0.0,7.496,555666000.0
12,RHI,MRY,2008-12-31,2008-12-31,2008-12-31,2021-08-04,34263000.0,1411850000.0,1503426750.0,1032899000.0,378951000.0,3.06,6.49,-73413000.0,354756000.0,354756000.0,2686983000.0,250181000.0,2.502,0.435,1997000.0,105000.0,1892000.0,1997000.0,0.0,73210000.0,0.0,0.021,0.44,411839000.0,485049000.0,0.105,485049000.0,411839000.0,411839000.0,1.6,1.59,1.6,983888000.0,1017065250.0,983888000.0,2860019204.0,7.0,5.896,373712000.0,2.465,1.0,1913571000.0,0.416,189382000.0,0.0,456857000.0,484400250.0,0.0,0.0,0.0,0.0,427962000.0,412852000.0,15110000.0,3230067204.0,44756000.0,-272000.0,-218017000.0,-1980000.0,-68608000.0,-284917000.0,-94801000.0,0.0,447125000.0,-22651000.0,242744000.0,242744000.0,242744000.0,0.0,7437000.0,0.053,1499456000.0,414115000.0,111645000.0,0.275,3.283,13.306,13.012,145699000.0,0.0,20.82,0.702,0.686,484808000.0,0.0,4600554000.0,4600554000.0,0.0,0.161,0.239,0.85,0.09,64992000.0,1496839000.0,1.0,155142517.0,151607000.0,152528000.0,30.345,1222468000.0,237205000.0,169095000.0,0.0,8.063,620047000.0
13,RHI,MRY,2007-12-31,2007-12-31,2007-12-31,2021-08-04,68853000.0,1450298000.0,1481271500.0,1059638000.0,390660000.0,3.136,6.159,-103301000.0,310000000.0,310000000.0,2667838000.0,296212000.0,2.366,0.474,4123000.0,370000.0,3753000.0,4123000.0,0.0,71441000.0,0.0,0.015,0.4,482955000.0,554396000.0,0.119,554396000.0,482955000.0,482955000.0,1.81,1.78,1.81,984049000.0,1004364250.0,984049000.0,4030567693.0,8.0,7.27,307923000.0,1.927,1.0,1977828000.0,0.426,195143000.0,0.0,501326000.0,463924000.0,0.0,0.0,0.0,0.0,466249000.0,447952000.0,18297000.0,4355110693.0,-137479000.0,0.0,-400558000.0,-352000.0,-65520000.0,-451740000.0,-116250000.0,0.0,411224000.0,19287000.0,288763000.0,288763000.0,288763000.0,0.0,7449000.0,0.062,1500551000.0,477277000.0,108070000.0,0.221,4.426,15.082,14.939,152311000.0,0.0,27.04,0.937,0.93,593169000.0,0.0,4645666000.0,4645666000.0,0.0,0.195,0.288,1.041,0.104,48369000.0,1497957000.0,1.0,161061786.0,159767000.0,162568000.0,29.078,1255155000.0,199675000.0,194192000.0,16248000.0,7.856,611686000.0
14,RHI,MRY,2006-12-31,2006-12-31,2006-12-31,2021-08-04,38577000.0,1459021000.0,1437567500.0,1112355000.0,346666000.0,2.792,6.281,-92404000.0,447479000.0,447479000.0,2319293000.0,283178000.0,2.762,0.399,4194000.0,363000.0,3831000.0,4194000.0,0.0,61085000.0,0.0,0.009,0.32,466202000.0,527287000.0,0.131,527287000.0,466202000.0,466202000.0,1.71,1.65,1.71,1042671000.0,1022976250.0,1042671000.0,5793108233.0,12.0,10.987,283814000.0,1.71,1.0,1694253000.0,0.422,178665000.0,0.0,434331000.0,393060500.0,0.0,0.0,0.0,0.0,416350000.0,402740000.0,13610000.0,6220488233.0,-10879000.0,0.0,-294444000.0,-348000.0,-54403000.0,-299266000.0,-96022000.0,0.0,376218000.0,8191000.0,283178000.0,283178000.0,283178000.0,0.0,0.0,0.071,1244803000.0,449450000.0,99484000.0,0.187,5.966,21.967,21.708,132081000.0,0.0,37.12,1.55,1.535,531824000.0,0.0,4013546000.0,4013546000.0,0.0,0.197,0.277,1.186,0.116,8534000.0,1243952000.0,1.0,167577808.0,166003000.0,171712000.0,24.178,1280356000.0,168972000.0,183024000.0,8568000.0,7.713,709615000.0
15,RHI,MRY,2005-12-31,2005-12-31,2005-12-31,2021-08-04,24987000.0,1318686000.0,1267045250.0,1016908000.0,301778000.0,2.635,5.791,-66225000.0,458358000.0,458358000.0,1965390000.0,237870000.0,3.02,0.358,3054000.0,356000.0,2698000.0,3054000.0,0.0,51329000.0,0.0,0.007,0.28,392174000.0,443503000.0,0.133,443503000.0,392174000.0,392174000.0,1.42,1.36,1.42,970873000.0,919644250.0,970873000.0,6035234203.0,15.0,13.608,261303000.0,1.558,1.0,1373049000.0,0.411,165857000.0,0.0,360824000.0,325507750.0,0.0,0.0,0.0,0.0,347813000.0,336701000.0,11112000.0,6452893203.0,113075000.0,0.0,-185382000.0,711000.0,-47781000.0,-232452000.0,22336000.0,91526000.0,327528000.0,-4337000.0,237870000.0,237870000.0,237870000.0,0.0,0.0,0.071,991823000.0,381226000.0,89133000.0,0.197,6.646,27.128,26.683,110515000.0,0.0,37.89,1.933,1.903,451260000.0,156050000.0,3338439000.0,3338439000.0,0.0,0.188,0.259,1.205,0.117,74285000.0,991488000.0,1.0,170305970.0,167664000.0,174382000.0,19.911,1152829000.0,132696000.0,154304000.0,7703000.0,6.876,680207000.0
16,RHI,MRY,2004-12-31,2004-12-31,2004-12-31,2021-08-04,32570000.0,1198657000.0,1112035000.0,916316000.0,282341000.0,2.406,5.372,-34597000.0,345283000.0,345283000.0,1619394000.0,140604000.0,3.284,0.315,2343000.0,77000.0,2266000.0,2343000.0,0.0,49972000.0,0.0,0.006,0.18,234665000.0,284637000.0,0.106,284637000.0,234665000.0,234665000.0,0.83,0.79,0.83,911870000.0,846962250.0,911870000.0,4692372377.0,20.0,16.485,127236000.0,0.75,1.0,1056302000.0,0.395,167931000.0,0.0,408779000.0,304357250.0,0.0,91526000.0,91526000.0,0.0,286787000.0,279007000.0,7780000.0,5102583377.0,58781000.0,0.0,-45270000.0,-71000.0,-31095000.0,-76436000.0,-36511000.0,-1505000.0,161833000.0,9895000.0,140604000.0,140604000.0,140604000.0,0.0,0.0,0.053,825407000.0,230895000.0,70696000.0,0.217,5.596,36.29,35.458,95783000.0,0.0,29.43,1.907,1.867,391641000.0,240740000.0,2675696000.0,2675696000.0,0.0,0.126,0.166,0.771,0.088,46418000.0,824382000.0,1.0,173380339.0,169742000.0,176866000.0,15.763,1030726000.0,106493000.0,94061000.0,12600000.0,6.072,637309000.0
17,RHI,MRY,2003-12-31,2003-12-31,2003-12-31,2021-08-04,20018000.0,985647000.0,956464250.0,698619000.0,287028000.0,2.065,4.674,-54945000.0,376523000.0,376523000.0,1248253000.0,6390000.0,3.76,0.25,2414000.0,71000.0,2343000.0,2414000.0,0.0,65904000.0,0.0,0.0,0.0,11715000.0,77619000.0,0.039,77619000.0,11715000.0,11715000.0,0.04,0.04,0.04,788661000.0,754388750.0,788661000.0,3654546282.0,312.0,47.083,57860000.0,0.343,1.0,726738000.0,0.368,162508000.0,0.0,263230000.0,261745250.0,0.0,0.0,0.0,0.0,196986000.0,185800000.0,11186000.0,3996305282.0,58995000.0,0.0,-8071000.0,-66000.0,0.0,-8137000.0,-57077000.0,-601000.0,112805000.0,11404000.0,6390000.0,6390000.0,6390000.0,0.0,0.0,0.003,717626000.0,9112000.0,45094000.0,0.0,5.067,625.4,583.5,113119000.0,0.0,23.34,2.023,1.994,242348000.0,220828000.0,1974991000.0,1974991000.0,0.0,0.007,0.008,0.045,0.006,25241000.0,707349000.0,1.0,171221306.0,168719000.0,173175000.0,11.706,823139000.0,91149000.0,5325000.0,0.0,4.879,512819000.0
18,RHI,MRY,2002-12-31,2002-12-31,2002-12-31,2021-08-04,846000.0,937996000.0,984009750.0,645497000.0,292499000.0,1.936,4.319,-66620000.0,316927000.0,316927000.0,1190216000.0,2168000.0,3.46,0.259,2480000.0,66000.0,2414000.0,2480000.0,0.0,72308000.0,0.0,0.0,0.0,3497000.0,75805000.0,0.04,75805000.0,3497000.0,3497000.0,0.01,0.01,0.01,744966000.0,787405000.0,744966000.0,2491818731.0,713.0,32.871,94567000.0,0.548,1.0,714735000.0,0.375,161912000.0,0.0,275097000.0,293639750.0,0.0,0.0,0.0,0.0,193030000.0,186540000.0,6490000.0,2791790731.0,-29841000.0,0.0,-106362000.0,-208000.0,0.0,-106570000.0,-87956000.0,0.0,161187000.0,3498000.0,2168000.0,2168000.0,2168000.0,0.0,0.0,0.001,715823000.0,-1088000.0,50132000.0,0.0,3.748,1287.726,1611.0,130587000.0,0.0,16.11,1.466,1.459,225721000.0,246803000.0,1904951000.0,1904951000.0,0.0,0.002,0.003,0.012,0.002,35556000.0,709542000.0,1.0,173295514.0,172484000.0,177791000.0,11.044,776084000.0,102849000.0,1329000.0,4076000.0,4.499,458957000.0
19,RHI,MRY,2001-12-31,2001-12-31,2001-12-31,2021-08-04,-8025000.0,994162000.0,992924000.0,686006000.0,308156000.0,2.47,4.594,-84695000.0,346768000.0,346768000.0,1436272000.0,121107000.0,3.883,0.234,2682000.0,202000.0,2480000.0,2682000.0,0.0,73116000.0,0.0,0.0,0.0,196284000.0,269400000.0,0.11,269400000.0,196284000.0,196284000.0,0.69,0.67,0.69,805696000.0,771613250.0,805696000.0,4384341830.0,22.0,16.274,191135000.0,1.09,1.0,1016578000.0,0.414,160632000.0,0.0,312797000.0,340160750.0,0.0,0.0,0.0,0.0,188466000.0,176647000.0,11819000.0,4682712830.0,107576000.0,0.0,-82477000.0,-1082000.0,0.0,-83559000.0,-84695000.0,0.0,275830000.0,0.0,121107000.0,121107000.0,121107000.0,0.0,0.0,0.049,828813000.0,187765000.0,33384000.0,0.0,5.812,38.666,38.696,147524000.0,0.0,26.7,1.909,1.909,272886000.0,391255000.0,2452850000.0,2452850000.0,0.0,0.122,0.157,0.577,0.08,21554000.0,823478000.0,1.0,175382503.0,175382503.0,,13.986,833530000.0,66352000.0,75177000.0,9339000.0,4.753,509359000.0
20,RHI,MRY,2000-12-31,2000-12-31,2000-12-31,2021-08-04,-4192000.0,971029000.0,928345000.0,671610000.0,299419000.0,2.908,4.044,-73992000.0,239192000.0,239192000.0,1538556000.0,186103000.0,2.832,0.351,3764000.0,1223000.0,2541000.0,3764000.0,0.0,56639000.0,0.0,0.0,0.0,301627000.0,358266000.0,0.133,358266000.0,301627000.0,301627000.0,1.0,1.0,1.0,718539000.0,681688750.0,718539000.0,4452106891.0,15.0,12.427,193076000.0,1.087,1.0,1160763000.0,0.43,168050000.0,0.0,330395000.0,295075500.0,0.0,0.0,0.0,0.0,252490000.0,237156000.0,15334000.0,4708776891.0,88118000.0,0.0,25366000.0,-548000.0,0.0,-101805000.0,-77145000.0,0.0,267068000.0,0.0,186103000.0,186103000.0,186103000.0,0.0,0.0,0.069,869575000.0,291188000.0,51073000.0,0.0,6.553,25.302,26.5,131369000.0,0.0,26.5,1.744,1.744,390369000.0,388954000.0,2699319000.0,2699319000.0,0.0,0.2,0.273,1.022,0.112,24678000.0,864418000.0,1.0,177689694.0,177689694.0,,15.191,802979000.0,42049000.0,115524000.0,15412000.0,4.519,434454000.0
21,RHI,MRY,1999-12-31,1999-12-31,1999-12-31,2021-08-04,-2419000.0,777188000.0,762434750.0,490539000.0,286649000.0,2.73,3.211,-52558000.0,151074000.0,151074000.0,1219270000.0,141441000.0,2.784,0.349,3495000.0,898000.0,2597000.0,3495000.0,0.0,39114000.0,0.0,0.0,0.0,234697000.0,273811000.0,0.132,273811000.0,234697000.0,234697000.0,0.78,0.77,0.78,576103000.0,567801000.0,576103000.0,2382966188.0,10.0,8.703,104785000.0,0.584,1.0,862051000.0,0.414,175747000.0,0.0,277655000.0,247994750.0,0.0,0.0,0.0,0.0,201085000.0,176207000.0,24878000.0,2562004188.0,-14986000.0,0.0,1968000.0,41000.0,0.0,-119771000.0,-52558000.0,0.0,157343000.0,0.0,141441000.0,141441000.0,141441000.0,0.0,0.0,0.068,633395000.0,228656000.0,29835000.0,0.0,4.447,18.114,18.308,110902000.0,0.0,14.28,1.231,1.231,309278000.0,329469000.0,2081321000.0,2081321000.0,0.0,0.186,0.249,0.946,0.113,9853000.0,628405000.0,1.0,179412058.0,179412058.0,,11.601,601441000.0,0.0,93256000.0,22345000.0,3.352,314332000.0
22,RHI,MRY,1998-12-31,1998-12-31,1998-12-31,2021-08-04,-1244000.0,703719000.0,672968250.0,430406000.0,273313000.0,2.664,2.855,-67229000.0,166060000.0,166060000.0,1070834000.0,131580000.0,2.816,0.347,4712000.0,1308000.0,3404000.0,4712000.0,0.0,24636000.0,0.0,0.0,0.0,221176000.0,245812000.0,0.137,245812000.0,221176000.0,221176000.0,0.72,0.69,0.72,522470000.0,497881750.0,522470000.0,3909579083.0,18.0,15.905,121854000.0,0.666,1.0,722207000.0,0.403,178363000.0,0.0,211163000.0,182137500.0,0.0,0.0,0.0,0.0,181249000.0,152845000.0,28404000.0,4071407083.0,34711000.0,-4187000.0,0.0,-2186000.0,0.0,-82956000.0,-71416000.0,0.0,189083000.0,0.0,131580000.0,131580000.0,131580000.0,0.0,0.0,0.073,506619000.0,215588000.0,29438000.0,0.0,7.793,30.942,30.903,94950000.0,0.0,22.25,2.271,2.271,240690000.0,309804000.0,1793041000.0,1793041000.0,0.0,0.196,0.264,1.214,0.123,33756000.0,501626000.0,1.0,182984588.0,182984588.0,,9.799,525356000.0,0.0,89596000.0,28810000.0,2.871,277561000.0
23,RHI,MRY,1997-12-31,1997-12-31,1997-12-31,2021-08-04,-1347000.0,561367000.0,488689500.0,334005000.0,227362000.0,2.666,2.285,-31958000.0,131349000.0,131349000.0,785546000.0,93697000.0,2.736,0.34,8157000.0,3627000.0,4530000.0,8157000.0,0.0,17652000.0,0.0,0.0,0.0,158828000.0,176480000.0,0.135,176480000.0,158828000.0,158828000.0,0.515,0.5,0.515,418800000.0,363622500.0,418800000.0,,,,49999000.0,0.273,1.0,517330000.0,0.397,177425000.0,0.0,138655000.0,109936500.0,0.0,0.0,0.0,0.0,142567000.0,122095000.0,20472000.0,3665837080.0,51168000.0,-3338000.0,0.0,-1405000.0,0.0,4507000.0,-35296000.0,0.0,81957000.0,0.0,93697000.0,93697000.0,93697000.0,0.0,0.0,0.072,362692000.0,154638000.0,20285000.0,0.0,8.753,39.124,38.835,49937000.0,0.0,20.0,2.814,2.814,186899000.0,267444000.0,1302876000.0,1302876000.0,0.0,0.192,0.258,1.445,0.122,0.0,357766000.0,1.0,183291854.0,183291854.0,,7.108,383942000.0,0.0,65131000.0,18200000.0,2.095,211910000.0
24,RHI,MRY,1996-12-31,1996-12-31,1996-12-31,2021-08-04,23000.0,416012000.0,,214630000.0,201382000.0,,,-18027000.0,80181000.0,80181000.0,545343000.0,61102000.0,2.48,0.349,6611000.0,1542000.0,5069000.0,6611000.0,0.0,11862000.0,0.0,0.0,0.0,103645000.0,115507000.0,0.129,115507000.0,103645000.0,103645000.0,0.345,0.335,0.345,308445000.0,,308445000.0,,,,36398000.0,,1.0,353292000.0,0.393,174663000.0,0.0,81218000.0,,0.0,0.0,0.0,0.0,107567000.0,86561000.0,21006000.0,,38835000.0,-4620000.0,0.0,-4239000.0,0.0,7057000.0,-22647000.0,0.0,54425000.0,0.0,61102000.0,61102000.0,61102000.0,0.0,0.0,0.068,251890000.0,101402000.0,15049000.0,0.0,,,32.966,26719000.0,0.0,11.373,,,125383000.0,194691000.0,898635000.0,898635000.0,0.0,,,,0.115,0.0,246485000.0,1.0,,,,,241349000.0,0.0,42543000.0,19820000.0,,128069000.0
25,RHI,MRY,1995-12-31,1995-12-31,1995-12-31,2021-08-04,,,,,,,,-8417000.0,,,384449000.0,40298000.0,,,,,,,,8331000.0,,0.0,0.0,69089000.0,77420000.0,0.123,77420000.0,69089000.0,69089000.0,0.235,0.23,0.235,,,,,,,33754000.0,,1.0,244077000.0,0.388,,0.0,,,,,,,,,,,38708000.0,-1024000.0,10256000.0,-1289000.0,0.0,5978000.0,-9441000.0,0.0,42171000.0,0.0,40298000.0,40298000.0,40298000.0,0.0,0.0,0.064,175451000.0,68626000.0,,0.0,,,29.702,,0.0,6.98,,,,,628526000.0,628526000.0,0.0,,,,0.11,0.0,170684000.0,1.0,,,,,,,28791000.0,,,
0,RHI,MRQ,2021-06-30,2021-06-30,2021-06-30,2021-08-04,-9092000.0,2741368000.0,,2053229000.0,688139000.0,,11.359,-6375000.0,542805000.0,542805000.0,915709000.0,149213000.0,1.716,1.177,281125000.0,79668000.0,201457000.0,281125000.0,0.0,17725000.0,0.0,0.016,0.38,204013000.0,221738000.0,0.14,221738000.0,204013000.0,203862000.0,1.35,1.33,1.35,1259250000.0,,1259250000.0,9823745270.0,17.0,14.649,159041000.0,1.435,1.0,664872000.0,0.421,227667000.0,151000.0,1055709000.0,,0.0,0.0,0.0,0.0,1482118000.0,1196312000.0,285806000.0,10034089270.0,44875000.0,0.0,-65849000.0,-59000.0,-42202000.0,-108110000.0,-15664000.0,0.0,165416000.0,3233000.0,149213000.0,149213000.0,149213000.0,0.0,0.0,0.094,488669000.0,176203000.0,146215000.0,0.281,7.968,23.336,23.109,341399000.0,0.0,88.97,1.833,1.802,907947000.0,60174000.0,1580581000.0,1580581000.0,0.0,,,,,13903000.0,488093000.0,1.0,112780592.0,110861000.0,111889000.0,14.257,2513701000.0,119073000.0,54649000.0,25203000.0,22.674,856917000.0
1,RHI,MRQ,2021-03-31,2021-03-31,2021-03-31,2021-08-04,-13529000.0,2565169000.0,,1873920000.0,691249000.0,,10.749,-9739000.0,497930000.0,497930000.0,836669000.0,110598000.0,1.741,1.142,287586000.0,79392000.0,208194000.0,287586000.0,0.0,24495000.0,0.0,0.018,0.38,150106000.0,174601000.0,0.125,174601000.0,150106000.0,150106000.0,0.99,0.98,0.99,1197699000.0,,1197699000.0,8559943352.0,19.0,16.244,58317000.0,0.523,1.0,561711000.0,0.402,228043000.0,0.0,1050196000.0,,0.0,0.0,0.0,0.0,1367470000.0,1076586000.0,290884000.0,8831657352.0,-76496000.0,0.0,-79465000.0,-58000.0,-44277000.0,-123800000.0,-15449000.0,0.0,68056000.0,-5303000.0,110598000.0,110598000.0,110598000.0,0.0,0.0,0.079,423638000.0,138073000.0,121686000.0,0.384,7.374,27.012,26.828,352313000.0,0.0,78.07,1.766,1.74,799673000.0,16962000.0,1398380000.0,1398380000.0,0.0,,,,,14182000.0,423062000.0,1.0,113124854.0,111424000.0,112496000.0,12.55,2337126000.0,110893000.0,39508000.0,29957000.0,20.975,797334000.0
2,RHI,MRQ,2020-12-31,2020-12-31,2020-12-31,2021-08-04,-4732000.0,2557424000.0,,1842738000.0,714686000.0,,10.756,-4499000.0,574426000.0,574426000.0,789759000.0,94416000.0,1.761,1.122,302712000.0,78843000.0,223869000.0,302712000.0,0.0,21169000.0,0.0,0.022,0.34,129585000.0,150754000.0,0.116,150754000.0,129585000.0,129585000.0,0.84,0.83,0.84,1205289000.0,,1205289000.0,6834473587.0,16.0,13.566,27388000.0,0.244,1.0,514327000.0,0.394,228649000.0,0.0,1010435000.0,,0.0,0.0,0.0,0.0,1352135000.0,1046626000.0,305509000.0,7121472587.0,-12574000.0,-15836000.0,-68159000.0,-56000.0,-38634000.0,-106849000.0,52893000.0,0.0,31887000.0,9495000.0,94416000.0,94416000.0,94416000.0,0.0,0.0,0.072,425379000.0,88948000.0,130770000.0,0.405,5.909,23.252,22.971,372505000.0,0.0,62.48,1.394,1.379,714163000.0,29936000.0,1304086000.0,1304086000.0,0.0,,,,,12863000.0,425162000.0,1.0,113980035.0,112057000.0,112940000.0,11.638,2328775000.0,113532000.0,35169000.0,4015000.0,20.782,796112000.0
3,RHI,MRQ,2020-09-30,2020-09-30,2020-09-30,2021-08-04,-15996000.0,2563092000.0,,1853681000.0,709411000.0,,10.585,-6614000.0,587000000.0,587000000.0,722551000.0,75749000.0,1.761,1.147,300001000.0,76803000.0,223198000.0,300001000.0,0.0,20984000.0,0.0,0.025,0.34,102510000.0,123494000.0,0.104,123494000.0,102510000.0,102510000.0,0.67,0.67,0.67,1194029000.0,,1194029000.0,5848025941.0,13.0,11.134,132085000.0,1.171,1.0,467346000.0,0.393,210986000.0,0.0,1012322000.0,,0.0,0.0,0.0,0.0,1369063000.0,1052785000.0,316278000.0,6068783941.0,85515000.0,0.0,-21036000.0,-55000.0,-38385000.0,-59476000.0,-417000.0,0.0,138699000.0,6709000.0,75749000.0,75749000.0,75749000.0,0.0,0.0,0.064,391133000.0,76213000.0,132651000.0,0.507,5.083,18.69,18.51,377622000.0,0.0,52.94,1.136,1.118,690259000.0,42802000.0,1189897000.0,1189897000.0,0.0,,,,,13063000.0,390799000.0,1.0,114635133.0,112809000.0,113355000.0,10.548,2352106000.0,120803000.0,26761000.0,15583000.0,20.85,800896000.0
4,RHI,MRQ,2020-06-30,2020-06-30,2020-06-30,2021-08-04,-27152000.0,2402377000.0,,1720148000.0,682229000.0,,10.249,-7988000.0,501485000.0,501485000.0,691791000.0,46196000.0,1.76,1.077,280727000.0,75324000.0,205403000.0,280727000.0,0.0,20207000.0,0.0,0.025,0.34,57919000.0,78126000.0,0.07,78126000.0,57919000.0,58024000.0,0.41,0.41,0.41,1156706000.0,,1156706000.0,6080812445.0,12.0,10.414,293028000.0,2.596,1.0,416535000.0,0.376,210910000.0,-105000.0,993542000.0,,0.0,0.0,0.0,0.0,1245671000.0,977167000.0,268504000.0,6054436445.0,251571000.0,0.0,-9000.0,-54000.0,-38440000.0,-38503000.0,-14665000.0,0.0,301016000.0,3723000.0,46196000.0,46196000.0,46196000.0,0.0,0.0,0.042,407543000.0,8992000.0,142492000.0,0.829,5.234,16.536,16.458,366250000.0,0.0,52.83,1.061,1.045,665409000.0,29697000.0,1108326000.0,1108326000.0,0.0,,,,,13035000.0,407213000.0,1.0,114602242.0,112865000.0,113121000.0,9.82,2191467000.0,105069000.0,11828000.0,44439000.0,19.417,742981000.0
5,RHI,MRQ,2020-03-31,2020-03-31,2020-03-31,2021-08-04,-33686000.0,2274852000.0,,1606655000.0,668197000.0,,9.983,-14276000.0,249914000.0,249914000.0,892303000.0,89915000.0,1.759,1.013,276290000.0,71522000.0,204768000.0,276290000.0,0.0,19539000.0,0.0,0.034,0.34,131763000.0,151302000.0,0.1,151302000.0,131763000.0,131763000.0,0.79,0.79,0.79,1129925000.0,,1129925000.0,4349143213.0,7.0,6.371,110650000.0,0.978,1.0,614388000.0,0.408,210895000.0,0.0,1176979000.0,,0.0,0.0,0.0,0.0,1144927000.0,913354000.0,231573000.0,4345795213.0,-20564000.0,0.0,-69968000.0,-53000.0,-40476000.0,-110497000.0,-28350000.0,0.0,124926000.0,-6643000.0,89915000.0,89915000.0,89915000.0,0.0,0.0,0.06,443206000.0,171182000.0,137345000.0,0.43,3.846,10.001,9.987,368480000.0,0.0,37.75,0.711,0.699,853529000.0,22485000.0,1506691000.0,1506691000.0,0.0,,,,,13525000.0,442868000.0,1.0,115120403.0,113187000.0,113858000.0,13.312,2063957000.0,88822000.0,41848000.0,19758000.0,18.235,693301000.0
6,RHI,MRQ,2019-12-31,2019-12-31,2019-12-31,2021-08-04,-19986000.0,2311408000.0,,1628849000.0,682559000.0,,10.031,-14326000.0,270478000.0,270478000.0,900524000.0,112842000.0,1.732,1.021,273826000.0,71626000.0,202200000.0,273826000.0,0.0,18082000.0,0.0,0.02,0.31,154247000.0,172329000.0,0.112,172329000.0,154247000.0,154247000.0,0.99,0.98,0.99,1143683000.0,,1143683000.0,7290885479.0,12.0,10.494,66297000.0,0.581,1.0,636861000.0,0.414,212116000.0,0.0,1161948000.0,,0.0,0.0,0.0,0.0,1167725000.0,940692000.0,227033000.0,7331500479.0,-42263000.0,0.0,-63488000.0,-52000.0,-35929000.0,-99469000.0,-28609000.0,0.0,80623000.0,5192000.0,112842000.0,112842000.0,112842000.0,0.0,0.0,0.073,504260000.0,132601000.0,123841000.0,0.313,6.41,16.133,16.069,369414000.0,0.0,63.15,1.207,1.202,832797000.0,36067000.0,1537385000.0,1537385000.0,0.0,,,,,13497000.0,503921000.0,1.0,116096603.0,114015000.0,114842000.0,13.484,2099292000.0,101029000.0,41405000.0,1623000.0,18.412,688157000.0
7,RHI,MRQ,2019-09-30,2019-09-30,2019-09-30,2021-08-04,-25871000.0,2311570000.0,,1631183000.0,680387000.0,,9.653,-16513000.0,312741000.0,312741000.0,905854000.0,117181000.0,1.669,1.079,272126000.0,71067000.0,201059000.0,272126000.0,0.0,18372000.0,0.0,0.022,0.31,163782000.0,182154000.0,0.117,182154000.0,163782000.0,163782000.0,1.02,1.01,1.02,1111830000.0,,1111830000.0,6544576483.0,10.0,9.434,174666000.0,1.516,1.0,646278000.0,0.416,212043000.0,0.0,1081472000.0,,0.0,0.0,0.0,0.0,1199740000.0,977440000.0,222300000.0,6543445483.0,43301000.0,0.0,-80430000.0,-50000.0,-35742000.0,-116222000.0,-25800000.0,0.0,191179000.0,-5856000.0,117181000.0,117181000.0,117181000.0,0.0,0.0,0.075,485176000.0,161102000.0,126820000.0,0.304,5.885,14.376,14.308,367589000.0,0.0,55.66,1.087,1.065,852843000.0,23595000.0,1552132000.0,1552132000.0,0.0,,,,,11889000.0,484837000.0,1.0,117561004.0,115181000.0,115868000.0,13.476,2099527000.0,100755000.0,46601000.0,6122000.0,18.228,653743000.0
8,RHI,MRQ,2019-06-30,2019-06-30,2019-06-30,2021-08-04,-15860000.0,2239419000.0,,1564919000.0,674500000.0,,9.531,-15955000.0,269440000.0,269440000.0,878844000.0,114612000.0,1.721,1.019,270571000.0,70384000.0,200187000.0,270571000.0,0.0,16801000.0,0.0,0.021,0.31,160103000.0,176904000.0,0.117,176904000.0,160103000.0,160103000.0,0.98,0.98,0.98,1109227000.0,,1109227000.0,6766606811.0,11.0,9.954,104793000.0,0.9,1.0,637541000.0,0.42,212701000.0,0.0,1118339000.0,,0.0,0.0,0.0,0.0,1130192000.0,909510000.0,220682000.0,6758965811.0,-205000.0,0.0,-61274000.0,-49000.0,-36073000.0,-97396000.0,-24649000.0,0.0,120748000.0,1092000.0,114612000.0,114612000.0,114612000.0,0.0,0.0,0.076,478480000.0,159061000.0,127482000.0,0.316,6.093,14.913,14.885,368694000.0,0.0,57.01,1.139,1.118,842294000.0,22868000.0,1516385000.0,1516385000.0,0.0,,,,,11670000.0,478139000.0,1.0,118557548.0,116381000.0,116988000.0,13.029,2026718000.0,93105000.0,45491000.0,15013000.0,17.415,655409000.0
9,RHI,MRQ,2019-03-31,2019-03-31,2019-03-31,2021-08-04,-18006000.0,2204607000.0,,1532017000.0,672590000.0,,9.2,-12670000.0,269645000.0,269645000.0,860942000.0,109798000.0,1.701,1.047,277286000.0,71269000.0,206017000.0,277286000.0,0.0,15994000.0,0.0,0.018,0.31,147383000.0,163377000.0,0.111,163377000.0,147383000.0,147383000.0,0.94,0.93,0.94,1077029000.0,,1077029000.0,7483232408.0,12.0,11.176,114409000.0,0.977,1.0,607588000.0,0.414,212900000.0,0.0,1098618000.0,,0.0,0.0,0.0,0.0,1127578000.0,900730000.0,226848000.0,7759154408.0,-6934000.0,0.0,-72343000.0,-49000.0,-37887000.0,-110279000.0,-23080000.0,0.0,127079000.0,-654000.0,109798000.0,109798000.0,109798000.0,0.0,0.0,0.075,461701000.0,145887000.0,131722000.0,0.33,7.204,17.323,17.376,374213000.0,0.0,65.16,1.321,1.299,826366000.0,4485000.0,1468530000.0,1468530000.0,0.0,,,,,11244000.0,461359000.0,1.0,119078490.0,117068000.0,117966000.0,12.544,1991707000.0,85477000.0,37585000.0,27394000.0,17.013,631287000.0
10,RHI,MRQ,2018-12-31,2018-12-31,2018-12-31,2021-08-04,-16109000.0,1903097000.0,,1473610000.0,429487000.0,,8.956,-15298000.0,276579000.0,276579000.0,860598000.0,113564000.0,1.798,0.79,657000.0,200000.0,457000.0,657000.0,0.0,16271000.0,0.0,0.02,0.28,154983000.0,171254000.0,0.116,171254000.0,154983000.0,154983000.0,0.95,0.95,0.95,1063198000.0,,1063198000.0,6587335830.0,11.0,10.018,107747000.0,0.908,1.0,621060000.0,0.419,213107000.0,0.0,594532000.0,,0.0,0.0,0.0,0.0,839899000.0,819536000.0,20363000.0,6948371830.0,-85161000.0,0.0,-137108000.0,-47000.0,-33727000.0,-170882000.0,-33339000.0,0.0,123045000.0,-3985000.0,113564000.0,113564000.0,113564000.0,0.0,0.0,0.077,456036000.0,165024000.0,168031000.0,0.295,6.535,15.999,15.889,125176000.0,0.0,57.2,1.198,1.188,794446000.0,0.0,1481658000.0,1481658000.0,0.0,,,,,11953000.0,455665000.0,1.0,121475032.0,118716000.0,119829000.0,12.481,1689990000.0,91204000.0,41419000.0,12536000.0,14.236,654074000.0
11,RHI,MRQ,2018-09-30,2018-09-30,2018-09-30,2021-08-04,-9792000.0,2034907000.0,,1612400000.0,422507000.0,,9.318,-9925000.0,361740000.0,361740000.0,855758000.0,115242000.0,1.799,0.818,704000.0,195000.0,509000.0,704000.0,0.0,16370000.0,0.0,0.015,0.28,151905000.0,168275000.0,0.115,168275000.0,151905000.0,151905000.0,0.96,0.95,0.96,1119242000.0,,1119242000.0,8309786050.0,15.0,13.153,175388000.0,1.46,1.0,610468000.0,0.416,214028000.0,0.0,563563000.0,,0.0,0.0,0.0,0.0,915665000.0,896280000.0,19385000.0,8617692050.0,53084000.0,0.0,-78399000.0,-46000.0,-33711000.0,-112156000.0,-18082000.0,0.0,185313000.0,-1991000.0,115242000.0,115242000.0,115242000.0,0.0,0.0,0.079,459759000.0,150709000.0,167197000.0,0.292,7.7,23.432,23.228,125175000.0,0.0,70.38,1.521,1.492,834347000.0,31313000.0,1466226000.0,1466226000.0,0.0,,,,,11055000.0,459330000.0,1.0,122445184.0,120115000.0,121443000.0,12.207,1820879000.0,83304000.0,36663000.0,9932000.0,15.159,716120000.0
12,RHI,MRQ,2018-06-30,2018-06-30,2018-06-30,2021-08-04,-6409000.0,1933583000.0,,1504129000.0,429454000.0,,9.146,-9296000.0,308656000.0,308656000.0,849936000.0,109315000.0,1.86,0.743,750000.0,191000.0,559000.0,750000.0,0.0,16592000.0,0.0,0.016,0.28,150075000.0,166667000.0,0.114,166667000.0,150075000.0,150075000.0,0.9,0.89,0.9,1109498000.0,,1109498000.0,7752731307.0,14.0,12.661,138450000.0,1.141,1.0,607118000.0,0.417,214377000.0,0.0,602424000.0,,0.0,0.0,0.0,0.0,824085000.0,808876000.0,15209000.0,8043923307.0,16669000.0,0.0,-69513000.0,-46000.0,-34066000.0,-103625000.0,-18538000.0,0.0,147746000.0,-8914000.0,109315000.0,109315000.0,109315000.0,0.0,0.0,0.075,458049000.0,149069000.0,160864000.0,0.311,7.25,23.853,23.587,130010000.0,0.0,65.1,1.456,1.43,801875000.0,29240000.0,1457054000.0,1457054000.0,0.0,,,,,11389000.0,457607000.0,1.0,123562570.0,121307000.0,122268000.0,12.011,1719206000.0,85067000.0,40760000.0,17336000.0,14.172,695253000.0
13,RHI,MRQ,2018-03-31,2018-03-31,2018-03-31,2021-08-04,9015000.0,1893860000.0,,1468456000.0,425404000.0,,9.143,-7965000.0,291987000.0,291987000.0,822967000.0,96167000.0,1.921,0.699,795000.0,187000.0,608000.0,795000.0,0.0,16716000.0,0.0,0.017,0.28,134639000.0,151355000.0,0.108,151355000.0,134639000.0,134639000.0,0.79,0.78,0.79,1114797000.0,,1114797000.0,6899588014.0,13.0,11.642,108253000.0,0.888,1.0,572366000.0,0.41,215385000.0,0.0,622843000.0,,0.0,0.0,0.0,0.0,779063000.0,764440000.0,14623000.0,7193501014.0,-2766000.0,0.0,-68489000.0,-44000.0,-34919000.0,-103452000.0,-18550000.0,0.0,116218000.0,3018000.0,96167000.0,96167000.0,96167000.0,0.0,0.0,0.069,438462000.0,133904000.0,146110000.0,0.354,6.453,23.338,23.156,136837000.0,0.0,57.89,1.338,1.313,784889000.0,30502000.0,1395333000.0,1395333000.0,0.0,,,,,10556000.0,437999000.0,1.0,124261548.0,121934000.0,122887000.0,11.443,1678475000.0,73182000.0,38472000.0,9726000.0,13.765,704016000.0
14,RHI,MRQ,2017-12-31,2017-12-31,2017-12-31,2021-08-04,3507000.0,1867454000.0,,1431869000.0,435585000.0,,8.993,-12213000.0,294753000.0,294753000.0,793136000.0,47047000.0,1.915,0.69,840000.0,183000.0,657000.0,840000.0,0.0,16430000.0,0.0,0.017,0.24,129038000.0,145468000.0,0.108,145468000.0,129038000.0,129038000.0,0.38,0.39,0.38,1105265000.0,,1105265000.0,6614474614.0,13.0,11.345,52315000.0,0.426,1.0,553146000.0,0.411,215831000.0,0.0,609814000.0,,0.0,0.0,0.0,0.0,762189000.0,747896000.0,14293000.0,6961927614.0,-53583000.0,539000.0,-64382000.0,-43000.0,-29922000.0,-94347000.0,-24421000.0,0.0,64528000.0,657000.0,47047000.0,47047000.0,47047000.0,0.0,0.0,0.035,424799000.0,128347000.0,126937000.0,0.632,6.299,23.958,23.735,144887000.0,0.0,55.54,1.322,1.309,732405000.0,37033000.0,1346282000.0,1346282000.0,0.0,,,,,11028000.0,424383000.0,1.0,125349795.0,122907000.0,123869000.0,10.954,1651623000.0,74867000.0,81991000.0,7877000.0,13.438,683973000.0
15,RHI,MRQ,2017-09-30,2017-09-30,2017-09-30,2021-08-04,1704000.0,1932852000.0,,1437323000.0,495529000.0,,9.224,-7354000.0,348336000.0,348336000.0,778309000.0,84700000.0,1.847,0.696,883000.0,179000.0,704000.0,883000.0,0.0,16552000.0,0.0,0.019,0.24,132270000.0,148822000.0,0.112,148822000.0,132270000.0,132270000.0,0.69,0.68,0.69,1139818000.0,,1139818000.0,6055244108.0,12.0,10.463,123049000.0,0.996,1.0,546400000.0,0.412,216762000.0,0.0,590289000.0,,0.0,0.0,0.0,0.0,793034000.0,778348000.0,14686000.0,6352117108.0,50538000.0,-56000.0,-38099000.0,-42000.0,-29630000.0,-67771000.0,-16002000.0,0.0,130403000.0,3908000.0,84700000.0,84700000.0,84700000.0,0.0,0.0,0.064,414660000.0,131740000.0,132343000.0,0.348,5.573,19.769,19.588,146607000.0,0.0,50.34,1.225,1.2,737901000.0,84416000.0,1324709000.0,1324709000.0,0.0,,,,,10436000.0,414179000.0,1.0,126184289.0,123569000.0,124200000.0,10.72,1716090000.0,132160000.0,47570000.0,23906000.0,13.888,658975000.0
16,RHI,MRQ,2017-06-30,2017-06-30,2017-06-30,2021-08-04,-5506000.0,1836138000.0,,1347106000.0,489032000.0,,8.862,-10851000.0,297798000.0,297798000.0,769990000.0,80316000.0,1.872,0.663,925000.0,175000.0,750000.0,925000.0,0.0,16311000.0,0.0,0.019,0.24,130707000.0,147018000.0,0.112,147018000.0,130707000.0,130707000.0,0.64,0.64,0.64,1104384000.0,,1104384000.0,5836535093.0,11.0,9.849,123709000.0,0.993,1.0,538438000.0,0.412,216648000.0,0.0,603174000.0,,0.0,0.0,0.0,0.0,731754000.0,719443000.0,12311000.0,6095712093.0,37655000.0,-1643000.0,-48556000.0,-41000.0,-30851000.0,-79448000.0,-22800000.0,0.0,134560000.0,5343000.0,80316000.0,80316000.0,80316000.0,0.0,0.0,0.061,408086000.0,130352000.0,127664000.0,0.375,5.52,18.63,18.506,153563000.0,0.0,47.93,1.172,1.149,708493000.0,66627000.0,1308428000.0,1308428000.0,0.0,,,,,10870000.0,407721000.0,1.0,127179472.0,124617000.0,125104000.0,10.5,1619490000.0,118821000.0,50391000.0,39972000.0,12.996,627663000.0
17,RHI,MRQ,2017-03-31,2017-03-31,2017-03-31,2021-08-04,-15638000.0,1775210000.0,,1295922000.0,479288000.0,,8.611,-10335000.0,260143000.0,260143000.0,761542000.0,78521000.0,1.899,0.642,966000.0,171000.0,795000.0,966000.0,0.0,16200000.0,0.0,0.018,0.24,125501000.0,141701000.0,0.11,141701000.0,125501000.0,125501000.0,0.63,0.62,0.63,1080943000.0,,1080943000.0,5981111878.0,11.0,9.79,113165000.0,0.901,1.0,525828000.0,0.408,213295000.0,0.0,620138000.0,,0.0,0.0,0.0,0.0,694267000.0,682600000.0,11667000.0,6240305878.0,-58000.0,0.0,-80687000.0,-41000.0,-30597000.0,-111325000.0,-15274000.0,0.0,123500000.0,3041000.0,78521000.0,78521000.0,78521000.0,0.0,0.0,0.061,400550000.0,125278000.0,117308000.0,0.381,5.773,18.435,18.357,157782000.0,0.0,48.83,1.192,1.171,700419000.0,64187000.0,1287370000.0,1287370000.0,0.0,,,,,9857000.0,400249000.0,1.0,127796557.0,125537000.0,126418000.0,10.255,1561915000.0,108211000.0,46980000.0,18221000.0,12.442,613322000.0
18,RHI,MRQ,2016-12-31,2016-12-31,2016-12-31,2021-08-04,-20502000.0,1777971000.0,,1284234000.0,493737000.0,,8.59,-19676000.0,260201000.0,260201000.0,745871000.0,77788000.0,1.889,0.636,1007000.0,167000.0,840000.0,1007000.0,0.0,16616000.0,0.0,0.018,0.22,124581000.0,141197000.0,0.112,141197000.0,124581000.0,124581000.0,0.61,0.61,0.61,1086599000.0,,1086599000.0,5995670275.0,11.0,9.695,61985000.0,0.49,1.0,519202000.0,0.41,213464000.0,0.0,625417000.0,,0.0,0.0,0.0,0.0,691372000.0,679896000.0,11476000.0,6287075275.0,-32250000.0,-300000.0,-49705000.0,-40000.0,-28202000.0,-76937000.0,-29220000.0,0.0,81661000.0,-7754000.0,77788000.0,77788000.0,77788000.0,0.0,0.0,0.061,394814000.0,124388000.0,135540000.0,0.361,5.786,18.309,18.201,161509000.0,0.0,48.78,1.197,1.189,703228000.0,84562000.0,1265073000.0,1265073000.0,0.0,,,,,8886000.0,394505000.0,1.0,128886332.0,126491000.0,127416000.0,10.001,1564507000.0,118764000.0,46793000.0,5141000.0,12.369,604338000.0
19,RHI,MRQ,2016-09-30,2016-09-30,2016-09-30,2021-08-04,-7239000.0,1871981000.0,,1493573000.0,378408000.0,,8.58,-19540000.0,292451000.0,292451000.0,786032000.0,90569000.0,2.047,0.71,1046000.0,163000.0,883000.0,1046000.0,0.0,16387000.0,0.0,0.023,0.22,146324000.0,162711000.0,0.122,162711000.0,146324000.0,146324000.0,0.71,0.71,0.71,1094930000.0,,1094930000.0,4689478556.0,8.0,7.379,133686000.0,1.048,1.0,552509000.0,0.413,213928000.0,0.0,636972000.0,,0.0,0.0,0.0,0.0,777051000.0,729676000.0,47375000.0,4927107556.0,53737000.0,-500000.0,-44637000.0,-39000.0,-28067000.0,-72733000.0,-26624000.0,0.0,153226000.0,-132000.0,90569000.0,90569000.0,90569000.0,0.0,0.0,0.068,406468000.0,146041000.0,156301000.0,0.31,4.5,13.723,13.57,161215000.0,0.0,37.86,0.931,0.913,742824000.0,90333000.0,1338541000.0,1338541000.0,0.0,,,,,10700000.0,406142000.0,1.0,130140189.0,127615000.0,128191000.0,10.489,1658053000.0,156434000.0,55755000.0,12014000.0,12.993,763897000.0
20,RHI,MRQ,2016-06-30,2016-06-30,2016-06-30,2021-08-04,-6501000.0,1783008000.0,,1408112000.0,374896000.0,,8.317,-24930000.0,238714000.0,238714000.0,787167000.0,91616000.0,2.107,0.667,1085000.0,160000.0,925000.0,1085000.0,0.0,15901000.0,0.0,0.022,0.22,149414000.0,165315000.0,0.123,165315000.0,149414000.0,149414000.0,0.71,0.71,0.71,1069508000.0,,1069508000.0,4798120662.0,8.0,7.439,103778000.0,0.807,1.0,556993000.0,0.414,214378000.0,0.0,662822000.0,,0.0,0.0,0.0,0.0,713500000.0,668179000.0,45321000.0,5011117662.0,24595000.0,-1400000.0,-41344000.0,-37000.0,-29147000.0,-70121000.0,-32224000.0,0.0,128708000.0,-1768000.0,91616000.0,91616000.0,91616000.0,0.0,0.0,0.068,407810000.0,149183000.0,151179000.0,0.31,4.685,13.722,13.532,157170000.0,0.0,38.16,0.952,0.932,732193000.0,74919000.0,1344160000.0,1344160000.0,0.0,,,,,11338000.0,407496000.0,1.0,131318597.0,128586000.0,129329000.0,10.453,1568630000.0,147917000.0,57798000.0,9900000.0,12.199,739933000.0
21,RHI,MRQ,2016-03-31,2016-03-31,2016-03-31,2021-08-04,-2308000.0,1744864000.0,,1380201000.0,364663000.0,,8.083,-18810000.0,214119000.0,214119000.0,770653000.0,83416000.0,2.106,0.67,1122000.0,156000.0,966000.0,1122000.0,0.0,15411000.0,0.0,0.018,0.22,133791000.0,149202000.0,0.115,149202000.0,133791000.0,133791000.0,0.65,0.64,0.65,1044953000.0,,1044953000.0,5885868048.0,10.0,9.161,59676000.0,0.462,1.0,531972000.0,0.408,213335000.0,0.0,663215000.0,,0.0,0.0,0.0,0.0,699911000.0,655317000.0,44594000.0,6109285048.0,-10458000.0,0.0,-40122000.0,-38000.0,-28748000.0,-68513000.0,-24167000.0,0.0,78486000.0,3736000.0,83416000.0,83416000.0,83416000.0,0.0,0.0,0.064,398362000.0,133610000.0,139026000.0,0.338,5.846,16.817,16.695,147934000.0,0.0,46.58,1.177,1.16,734378000.0,57705000.0,1302625000.0,1302625000.0,0.0,,,,,9953000.0,398074000.0,1.0,131156828.0,129281000.0,130137000.0,10.076,1531529000.0,145397000.0,50375000.0,43419000.0,11.847,724884000.0
22,RHI,MRQ,2015-12-31,2015-12-31,2015-12-31,2021-08-04,-10294000.0,1671044000.0,,1197997000.0,473047000.0,,7.712,-26781000.0,224577000.0,224577000.0,764513000.0,93443000.0,1.827,0.665,1160000.0,153000.0,1007000.0,1160000.0,0.0,13978000.0,0.0,0.017,0.2,144315000.0,158293000.0,0.121,158293000.0,144315000.0,144315000.0,0.72,0.71,0.72,1003781000.0,,1003781000.0,6004207825.0,10.0,9.463,91214000.0,0.701,1.0,540081000.0,0.414,213087000.0,0.0,578991000.0,,0.0,0.0,0.0,0.0,667263000.0,655549000.0,11714000.0,6254829825.0,-27241000.0,-14668000.0,-69911000.0,-36000.0,-27392000.0,-93222000.0,-50096000.0,0.0,117995000.0,-1918000.0,93443000.0,93443000.0,93443000.0,0.0,0.0,0.072,395916000.0,144165000.0,148108000.0,0.278,6.231,17.482,17.331,142906000.0,0.0,47.14,1.228,1.219,704640000.0,34467000.0,1304594000.0,1304594000.0,0.0,,,,,6635000.0,395724000.0,1.0,132686250.0,130156000.0,131412000.0,10.023,1457957000.0,117054000.0,50872000.0,2506000.0,11.202,542448000.0
23,RHI,MRQ,2015-09-30,2015-09-30,2015-09-30,2021-08-04,-6227000.0,1715272000.0,,1383372000.0,331900000.0,,7.666,-18753000.0,251818000.0,251818000.0,762917000.0,96725000.0,2.083,0.704,1196000.0,150000.0,1046000.0,1196000.0,0.0,12919000.0,0.0,0.015,0.2,159306000.0,172225000.0,0.131,172225000.0,159306000.0,159306000.0,0.74,0.73,0.74,1006476000.0,,1006476000.0,6569106494.0,12.0,10.553,75093000.0,0.572,1.0,549801000.0,0.419,197992000.0,0.0,602489000.0,,0.0,0.0,0.0,0.0,708796000.0,664169000.0,44627000.0,6881006494.0,-61313000.0,0.0,-96812000.0,-35000.0,-26288000.0,-123121000.0,-25318000.0,0.0,93846000.0,-6720000.0,96725000.0,96725000.0,96725000.0,0.0,0.0,0.074,390735000.0,159066000.0,134991000.0,0.27,6.837,19.75,19.379,129229000.0,0.0,51.16,1.373,1.34,731574000.0,47729000.0,1312718000.0,1312718000.0,0.0,,,,,10838000.0,390735000.0,1.0,134499736.0,131285000.0,132488000.0,9.999,1517280000.0,141738000.0,62581000.0,20113000.0,11.557,719203000.0
24,RHI,MRQ,2015-06-30,2015-06-30,2015-06-30,2021-08-04,1151000.0,1723200000.0,,1397434000.0,325766000.0,,7.658,-16177000.0,313131000.0,313131000.0,741556000.0,89706000.0,2.105,0.698,1231000.0,146000.0,1085000.0,1231000.0,0.0,13562000.0,0.0,0.014,0.2,149235000.0,162797000.0,0.128,162797000.0,149235000.0,149235000.0,0.68,0.67,0.68,1014675000.0,,1014675000.0,7237081518.0,13.0,12.047,125738000.0,0.949,1.0,530502000.0,0.417,198713000.0,0.0,548788000.0,,0.0,0.0,0.0,0.0,708525000.0,663799000.0,44726000.0,7496700518.0,52246000.0,0.0,-44803000.0,-35000.0,-26506000.0,-70969000.0,-21735000.0,0.0,141915000.0,3035000.0,89706000.0,89706000.0,89706000.0,0.0,0.0,0.071,381355000.0,149147000.0,152900000.0,0.294,7.388,22.254,21.85,124649000.0,0.0,55.5,1.523,1.494,687029000.0,59588000.0,1272058000.0,1272058000.0,0.0,,,,,10470000.0,381355000.0,1.0,135075685.0,132499000.0,133553000.0,9.601,1524487000.0,137039000.0,59529000.0,29095000.0,11.506,733635000.0
25,RHI,MRQ,2015-03-31,2015-03-31,2015-03-31,2021-08-04,-5232000.0,1637286000.0,,1316289000.0,320997000.0,,7.399,-13346000.0,260885000.0,260885000.0,711476000.0,77922000.0,2.166,0.663,1266000.0,143000.0,1123000.0,1266000.0,0.0,13006000.0,0.0,0.012,0.2,128174000.0,141180000.0,0.117,141180000.0,128174000.0,128174000.0,0.59,0.58,0.59,984623000.0,,984623000.0,7892885299.0,15.0,13.759,71134000.0,0.535,1.0,494087000.0,0.41,198260000.0,0.0,571702000.0,,0.0,0.0,0.0,0.0,652663000.0,607705000.0,44958000.0,8178705299.0,-26234000.0,0.0,-58083000.0,-34000.0,-27375000.0,-81236000.0,-20801000.0,0.0,84480000.0,-8677000.0,77922000.0,77922000.0,77922000.0,0.0,0.0,0.065,365985000.0,128102000.0,141702000.0,0.339,8.306,25.376,25.008,120348000.0,0.0,60.52,1.698,1.672,661251000.0,47359000.0,1205563000.0,1205563000.0,0.0,,,,,4587000.0,365985000.0,1.0,135140537.0,133077000.0,134286000.0,9.059,1439026000.0,128970000.0,50252000.0,35134000.0,10.813,708584000.0
26,RHI,MRQ,2014-12-31,2014-12-31,2014-12-31,2021-08-04,14730000.0,1647267000.0,,1323283000.0,323984000.0,,7.347,-26623000.0,287119000.0,287119000.0,720693000.0,84053000.0,2.123,0.681,1299000.0,140000.0,1159000.0,1299000.0,0.0,12954000.0,0.0,0.012,0.18,133321000.0,146275000.0,0.12,146275000.0,133321000.0,133321000.0,0.63,0.63,0.63,979858000.0,,979858000.0,7647682063.0,15.0,13.98,56255000.0,0.422,1.0,500757000.0,0.41,199488000.0,0.0,538597000.0,,0.0,0.0,0.0,0.0,667409000.0,623362000.0,44047000.0,7937225063.0,-3757000.0,0.0,-27504000.0,-33000.0,-24852000.0,-46859000.0,-34214000.0,0.0,82878000.0,-5562000.0,84053000.0,84053000.0,84053000.0,0.0,0.0,0.069,367590000.0,133167000.0,175107000.0,0.286,8.1,25.945,25.605,121754000.0,0.0,58.38,1.691,1.671,657676000.0,36836000.0,1221450000.0,1221450000.0,0.0,,,,,5331000.0,367590000.0,1.0,135957949.0,133362000.0,134944000.0,9.159,1447779000.0,133151000.0,49268000.0,0.0,10.856,699921000.0
27,RHI,MRQ,2014-09-30,2014-09-30,2014-09-30,2021-08-04,25076000.0,1627013000.0,,1314505000.0,312508000.0,,7.255,-13122000.0,290876000.0,290876000.0,719088000.0,85184000.0,2.107,0.673,1333000.0,137000.0,1196000.0,1333000.0,0.0,12107000.0,0.0,0.014,0.18,138361000.0,150468000.0,0.123,150468000.0,138361000.0,138361000.0,0.64,0.63,0.64,972583000.0,,972583000.0,6411094461.0,14.0,12.398,80559000.0,0.601,1.0,505220000.0,0.413,200074000.0,0.0,513491000.0,,0.0,0.0,0.0,0.0,654430000.0,623905000.0,30525000.0,6717507461.0,-16902000.0,0.0,-57463000.0,-32000.0,-24098000.0,-81207000.0,-21536000.0,0.0,93681000.0,-7840000.0,85184000.0,85184000.0,85184000.0,0.0,0.0,0.07,366967000.0,138253000.0,142661000.0,0.281,6.907,23.263,22.897,109708000.0,0.0,49.0,1.474,1.441,657105000.0,34393000.0,1224308000.0,1224308000.0,0.0,,,,,10425000.0,366967000.0,1.0,137091989.0,134054000.0,135366000.0,9.133,1426939000.0,126894000.0,53177000.0,13060000.0,10.645,690600000.0
28,RHI,MRQ,2014-06-30,2014-06-30,2014-06-30,2021-08-04,40357000.0,1588445000.0,,1273919000.0,314526000.0,,7.243,-10642000.0,307778000.0,307778000.0,686470000.0,75140000.0,2.193,0.628,1365000.0,134000.0,1231000.0,1365000.0,0.0,12087000.0,0.0,0.014,0.18,123653000.0,135740000.0,0.117,135740000.0,123653000.0,123653000.0,0.56,0.55,0.56,975561000.0,,975561000.0,6297210370.0,15.0,13.052,94272000.0,0.7,1.0,478444000.0,0.411,200889000.0,0.0,500253000.0,,0.0,0.0,0.0,0.0,612884000.0,580890000.0,31994000.0,6563550370.0,40041000.0,0.0,-28181000.0,-32000.0,-24260000.0,-51922000.0,-15165000.0,0.0,104914000.0,2214000.0,75140000.0,75140000.0,75140000.0,0.0,0.0,0.065,355015000.0,123429000.0,128507000.0,0.321,6.728,24.315,23.99,109918000.0,0.0,47.74,1.489,1.459,617200000.0,35436000.0,1164914000.0,1164914000.0,0.0,,,,,9824000.0,354791000.0,1.0,137485345.0,134699000.0,135708000.0,8.648,1387556000.0,118643000.0,48513000.0,10674000.0,10.301,693029000.0
29,RHI,MRQ,2014-03-31,2014-03-31,2014-03-31,2021-08-04,38476000.0,1503331000.0,,1187317000.0,316014000.0,,6.888,-12443000.0,267737000.0,267737000.0,645847000.0,61551000.0,2.209,0.613,1397000.0,131000.0,1266000.0,1397000.0,0.0,12533000.0,0.0,0.016,0.18,102014000.0,114547000.0,0.106,114547000.0,102014000.0,102014000.0,0.45,0.45,0.45,932146000.0,,932146000.0,5492789457.0,13.0,11.958,46782000.0,0.346,1.0,438495000.0,0.404,200718000.0,0.0,498727000.0,,0.0,0.0,0.0,0.0,571185000.0,537546000.0,33639000.0,5767125457.0,-8027000.0,0.0,-26349000.0,-31000.0,-24394000.0,-50067000.0,-17726000.0,0.0,59225000.0,541000.0,61551000.0,61551000.0,61551000.0,0.0,0.0,0.057,336719000.0,101776000.0,137936000.0,0.4,6.187,22.363,22.196,111587000.0,0.0,41.95,1.339,1.318,587249000.0,6837000.0,1084342000.0,1084342000.0,0.0,,,,,8067000.0,336386000.0,1.0,137476173.0,135333000.0,136161000.0,8.012,1302613000.0,111566000.0,40463000.0,7242000.0,9.625,649771000.0
30,RHI,MRQ,2013-12-31,2013-12-31,2013-12-31,2021-08-04,38071000.0,1490271000.0,,1172528000.0,317743000.0,,6.802,-21608000.0,275764000.0,275764000.0,640648000.0,66885000.0,2.188,0.62,1428000.0,128000.0,1300000.0,1428000.0,0.0,12477000.0,0.0,0.015,0.16,103894000.0,116371000.0,0.107,116371000.0,103894000.0,103894000.0,0.49,0.48,0.49,919643000.0,,919643000.0,5541396007.0,14.0,12.415,76552000.0,0.566,1.0,443216000.0,0.409,201389000.0,0.0,478693000.0,,0.0,0.0,0.0,0.0,570628000.0,535853000.0,34775000.0,5819685007.0,-3983000.0,0.0,-57803000.0,-66000.0,-23575000.0,-74905000.0,-27181000.0,0.0,98160000.0,-57000.0,66885000.0,66885000.0,66885000.0,0.0,0.0,0.062,339551000.0,103665000.0,139683000.0,0.327,6.328,23.076,22.697,112644000.0,0.0,41.99,1.371,1.346,551905000.0,13315000.0,1083864000.0,1083864000.0,0.0,,,,,3769000.0,339151000.0,1.0,138596928.0,135205000.0,137079000.0,8.016,1288882000.0,112881000.0,37009000.0,0.0,9.533,636675000.0
31,RHI,MRQ,2013-09-30,2013-09-30,2013-09-30,2021-08-04,39293000.0,1474704000.0,,1166214000.0,308490000.0,,6.622,-13013000.0,279747000.0,279747000.0,637641000.0,66358000.0,2.113,0.641,1458000.0,125000.0,1333000.0,1458000.0,0.0,12102000.0,0.0,0.016,0.16,103713000.0,115815000.0,0.108,115815000.0,103713000.0,103713000.0,0.49,0.48,0.49,898784000.0,,898784000.0,5173628934.0,13.0,11.773,68109000.0,0.502,1.0,437478000.0,0.407,201978000.0,0.0,442509000.0,,0.0,0.0,0.0,0.0,575920000.0,551928000.0,23992000.0,5419112934.0,32776000.0,0.0,-12902000.0,-42000.0,-21726000.0,-34386000.0,-18416000.0,0.0,81122000.0,4456000.0,66358000.0,66358000.0,66358000.0,0.0,0.0,0.062,333998000.0,103480000.0,144060000.0,0.327,6.029,22.216,21.927,102801000.0,0.0,39.03,1.291,1.262,566077000.0,11635000.0,1075119000.0,1075119000.0,0.0,,,,,10299000.0,333565000.0,1.0,138844810.0,135727000.0,137241000.0,7.921,1272726000.0,113281000.0,37355000.0,9817000.0,9.377,614286000.0
32,RHI,MRQ,2013-06-30,2013-06-30,2013-06-30,2021-08-04,32518000.0,1428324000.0,,1119099000.0,309225000.0,,6.319,-11022000.0,246971000.0,246971000.0,631120000.0,63089000.0,2.092,0.657,1487000.0,122000.0,1365000.0,1487000.0,0.0,12013000.0,0.0,0.019,0.16,100596000.0,112609000.0,0.106,112609000.0,100596000.0,100596000.0,0.46,0.46,0.46,861751000.0,,861751000.0,4414902924.0,12.0,10.262,91028000.0,0.667,1.0,432108000.0,0.406,201911000.0,0.0,446034000.0,,0.0,0.0,0.0,0.0,566573000.0,534895000.0,31678000.0,4637045924.0,21620000.0,0.0,-38250000.0,-1745000.0,-21865000.0,-61572000.0,-14429000.0,0.0,102050000.0,-4429000.0,63089000.0,63089000.0,63089000.0,0.0,0.0,0.059,331748000.0,100360000.0,127483000.0,0.348,5.381,19.713,19.433,101942000.0,0.0,33.23,1.116,1.091,557311000.0,59000.0,1063228000.0,1063228000.0,0.0,,,,,9480000.0,331314000.0,1.0,139543964.0,136385000.0,137659000.0,7.796,1226413000.0,110526000.0,37507000.0,15440000.0,8.992,584204000.0
33,RHI,MRQ,2013-03-31,2013-03-31,2013-03-31,2021-08-04,38008000.0,1387745000.0,,1076401000.0,311344000.0,,6.223,-8082000.0,225351000.0,225351000.0,613394000.0,55863000.0,2.157,0.624,3208000.0,1811000.0,1397000.0,3208000.0,0.0,12180000.0,0.0,0.016,0.16,89376000.0,101556000.0,0.099,101556000.0,89376000.0,89376000.0,0.41,0.4,0.41,854524000.0,,854524000.0,4951248184.0,14.0,12.317,19803000.0,0.144,1.0,410290000.0,0.401,202657000.0,0.0,463864000.0,,0.0,0.0,0.0,0.0,533221000.0,499081000.0,34140000.0,5237338184.0,-62284000.0,0.0,-25735000.0,-2643000.0,-22021000.0,-49407000.0,-37751000.0,0.0,27885000.0,-3011000.0,55863000.0,55863000.0,55863000.0,0.0,0.0,0.055,321218000.0,89072000.0,127773000.0,0.39,6.129,24.083,23.753,103374000.0,0.0,37.53,1.271,1.251,547500000.0,0.0,1023684000.0,1023684000.0,0.0,,,,,7216000.0,320785000.0,1.0,139550711.0,137311000.0,138394000.0,7.455,1185088000.0,104225000.0,33513000.0,25869000.0,8.631,577320000.0
34,RHI,MRQ,2012-12-31,2012-12-31,2012-12-31,2021-08-04,43779000.0,1381271000.0,,1064685000.0,316586000.0,,6.15,-14240000.0,287635000.0,287635000.0,617788000.0,58619000.0,2.122,0.64,1545000.0,117000.0,1428000.0,1545000.0,0.0,12214000.0,0.0,0.019,0.15,97242000.0,109456000.0,0.106,109456000.0,97242000.0,97242000.0,0.42,0.42,0.42,842011000.0,,842011000.0,4190456857.0,12.0,10.664,83683000.0,0.611,1.0,416425000.0,0.403,203595000.0,0.0,389949000.0,,0.0,0.0,0.0,0.0,539260000.0,501637000.0,37623000.0,4478309857.0,-1793000.0,-12868000.0,-54230000.0,-31000.0,-21438000.0,-70328000.0,-29933000.0,0.0,97923000.0,545000.0,58619000.0,58619000.0,58619000.0,0.0,0.0,0.057,319513000.0,96912000.0,139879000.0,0.357,5.319,21.331,21.073,107680000.0,0.0,31.82,1.089,1.07,512852000.0,0.0,1034213000.0,1034213000.0,0.0,,,,,5202000.0,319302000.0,1.0,140738839.0,136923000.0,138431000.0,7.553,1177676000.0,102993000.0,38623000.0,0.0,8.601,563048000.0
35,RHI,MRQ,2012-09-30,2012-09-30,2012-09-30,2021-08-04,42719000.0,1406707000.0,,1104824000.0,301883000.0,,6.061,-11605000.0,289428000.0,289428000.0,617924000.0,57660000.0,2.074,0.683,1575000.0,117000.0,1458000.0,1575000.0,0.0,12143000.0,0.0,0.022,0.15,94467000.0,106610000.0,0.103,106610000.0,94467000.0,94467000.0,0.42,0.41,0.42,835872000.0,,835872000.0,3519243734.0,11.0,9.551,64363000.0,0.467,1.0,415249000.0,0.402,191390000.0,0.0,394822000.0,,0.0,0.0,0.0,0.0,570835000.0,532642000.0,38193000.0,3776220734.0,30850000.0,-41000.0,-13636000.0,-21000.0,-20817000.0,-34265000.0,-13802000.0,0.0,75968000.0,2949000.0,57660000.0,57660000.0,57660000.0,0.0,0.0,0.056,321130000.0,94119000.0,141909000.0,0.357,4.518,19.47,19.158,105184000.0,0.0,26.63,0.932,0.907,556590000.0,8685000.0,1033173000.0,1033173000.0,0.0,,,,,10477000.0,321030000.0,1.0,141803257.0,137918000.0,139141000.0,7.491,1215317000.0,106971000.0,36807000.0,24319000.0,8.812,572182000.0
36,RHI,MRQ,2012-06-30,2012-06-30,2012-06-30,2021-08-04,38507000.0,1344399000.0,,1040664000.0,303735000.0,,5.84,-13839000.0,258578000.0,258578000.0,613080000.0,45329000.0,2.097,0.661,1601000.0,114000.0,1487000.0,1601000.0,0.0,12086000.0,0.0,0.02,0.15,72272000.0,84358000.0,0.082,84358000.0,72272000.0,72272000.0,0.33,0.32,0.33,809360000.0,,809360000.0,3842069888.0,13.0,11.076,78233000.0,0.565,1.0,415303000.0,0.404,190955000.0,0.0,400150000.0,,0.0,0.0,0.0,0.0,535039000.0,496317000.0,38722000.0,4084894888.0,14125000.0,-1484000.0,-35676000.0,-23000.0,-20858000.0,-56100000.0,-17441000.0,0.0,92072000.0,-4406000.0,45329000.0,45329000.0,45329000.0,0.0,0.0,0.044,343316000.0,71987000.0,123706000.0,0.455,5.047,22.637,22.32,105504000.0,0.0,28.57,1.021,0.989,531848000.0,0.0,1028383000.0,1028383000.0,0.0,,,,,10862000.0,343264000.0,1.0,142978470.0,138588000.0,139739000.0,7.42,1153444000.0,101636000.0,26943000.0,25728000.0,8.323,544347000.0
37,RHI,MRQ,2012-03-31,2012-03-31,2012-03-31,2021-08-04,44959000.0,1308637000.0,,1006549000.0,302088000.0,,5.852,-10372000.0,244453000.0,244453000.0,613361000.0,48334000.0,2.213,0.604,1628000.0,112000.0,1516000.0,1628000.0,0.0,12281000.0,0.0,0.019,0.15,80264000.0,92545000.0,0.091,92545000.0,80264000.0,80264000.0,0.34,0.34,0.34,815680000.0,,815680000.0,4029248264.0,14.0,11.963,12842000.0,0.092,1.0,402083000.0,0.396,189875000.0,0.0,421026000.0,,0.0,0.0,0.0,0.0,492957000.0,454911000.0,38046000.0,4306928264.0,-34883000.0,0.0,-30313000.0,-32000.0,-21016000.0,-48923000.0,-11850000.0,0.0,23214000.0,2676000.0,48334000.0,48334000.0,48334000.0,0.0,0.0,0.048,322053000.0,80030000.0,110247000.0,0.441,5.28,25.106,25.25,104486000.0,0.0,30.3,1.101,1.08,523453000.0,0.0,1015444000.0,1015444000.0,0.0,,,,,6448000.0,322018000.0,1.0,142142847.0,139384000.0,140443000.0,7.285,1118762000.0,88862000.0,31930000.0,13776000.0,8.026,551638000.0
38,RHI,MRQ,2011-12-31,2011-12-31,2011-12-31,2021-08-04,40887000.0,1311836000.0,,1006678000.0,305158000.0,,5.777,-14827000.0,279336000.0,279336000.0,586151000.0,42624000.0,2.128,0.639,1656000.0,111000.0,1545000.0,1656000.0,0.0,12788000.0,0.0,0.02,0.14,72161000.0,84949000.0,0.087,84949000.0,72161000.0,72161000.0,0.3,0.3,0.3,800505000.0,,800505000.0,3827603283.0,15.0,12.69,81821000.0,0.591,1.0,387322000.0,0.398,189473000.0,0.0,371682000.0,,0.0,0.0,0.0,0.0,511331000.0,473001000.0,38330000.0,4068642283.0,36610000.0,0.0,-24682000.0,1000.0,-20279000.0,-41836000.0,-16882000.0,0.0,96648000.0,-1320000.0,42624000.0,42624000.0,42624000.0,0.0,0.0,0.044,315514000.0,71808000.0,117596000.0,0.467,5.083,27.138,27.105,107972000.0,0.0,28.46,1.077,1.059,493327000.0,0.0,973473000.0,973473000.0,0.0,,,,,9589000.0,315479000.0,1.0,142960024.0,138562000.0,140041000.0,7.026,1122363000.0,88578000.0,29537000.0,0.0,8.1,533677000.0
39,RHI,MRQ,2011-09-30,2011-09-30,2011-09-30,2021-08-04,43523000.0,1308535000.0,,1004992000.0,303543000.0,,5.679,-13333000.0,242726000.0,242726000.0,592765000.0,44168000.0,2.079,0.652,1687000.0,115000.0,1572000.0,1687000.0,0.0,12845000.0,0.0,0.026,0.14,72195000.0,85040000.0,0.086,85040000.0,72195000.0,72195000.0,0.31,0.31,0.31,791950000.0,,791950000.0,2814889962.0,13.0,10.305,58453000.0,0.419,1.0,391903000.0,0.398,189480000.0,0.0,394618000.0,,0.0,0.0,0.0,0.0,516585000.0,483398000.0,33187000.0,3074241962.0,-18345000.0,0.0,-47260000.0,-32000.0,-19717000.0,-66866000.0,-15360000.0,0.0,71786000.0,-7905000.0,44168000.0,44168000.0,44168000.0,0.0,0.0,0.045,319856000.0,72047000.0,120890000.0,0.452,3.882,23.274,23.319,106424000.0,0.0,21.22,0.841,0.81,516047000.0,0.0,984668000.0,984668000.0,0.0,,,,,12603000.0,319817000.0,1.0,144874739.0,139449000.0,140433000.0,7.061,1119055000.0,112695000.0,28027000.0,19983000.0,8.025,521594000.0
40,RHI,MRQ,2011-06-30,2011-06-30,2011-06-30,2021-08-04,58134000.0,1301781000.0,,995110000.0,306671000.0,,5.78,-13812000.0,261071000.0,261071000.0,565678000.0,36425000.0,2.196,0.594,1719000.0,119000.0,1600000.0,1719000.0,0.0,12987000.0,0.0,0.02,0.14,61284000.0,74271000.0,0.079,74271000.0,61284000.0,61284000.0,0.25,0.25,0.25,816630000.0,,816630000.0,3688747685.0,20.0,15.441,55118000.0,0.39,1.0,372288000.0,0.397,190630000.0,0.0,398571000.0,,0.0,0.0,0.0,0.0,485151000.0,453228000.0,31923000.0,3968828685.0,-20759000.0,0.0,-56546000.0,-30000.0,-20013000.0,-76266000.0,-15582000.0,0.0,68930000.0,2159000.0,36425000.0,36425000.0,36425000.0,0.0,0.0,0.039,311242000.0,61046000.0,110973000.0,0.56,4.86,36.564,36.527,107300000.0,0.0,27.03,1.138,1.095,495381000.0,0.0,937966000.0,937966000.0,0.0,,,,,13011000.0,311202000.0,1.0,146830510.0,141286000.0,142585000.0,6.639,1111151000.0,107809000.0,24859000.0,18483000.0,7.865,541882000.0
41,RHI,MRQ,2011-03-31,2011-03-31,2011-03-31,2021-08-04,54553000.0,1290595000.0,,984641000.0,305954000.0,,5.888,-14563000.0,281830000.0,281830000.0,542780000.0,26705000.0,2.342,0.536,1749000.0,123000.0,1626000.0,1749000.0,0.0,12795000.0,0.0,0.017,0.14,44576000.0,57371000.0,0.065,57371000.0,44576000.0,44576000.0,0.18,0.18,0.18,839959000.0,,839959000.0,4163446388.0,28.0,20.709,4389000.0,0.031,1.0,338089000.0,0.384,190561000.0,0.0,399515000.0,,0.0,0.0,0.0,0.0,450636000.0,420438000.0,30198000.0,4476804388.0,-33307000.0,0.0,-21306000.0,-30000.0,-20294000.0,-41009000.0,-15578000.0,0.0,18952000.0,4328000.0,26705000.0,26705000.0,26705000.0,0.0,0.0,0.03,293725000.0,44364000.0,110802000.0,0.778,5.33,53.106,53.684,106097000.0,0.0,30.6,1.349,1.315,466540000.0,0.0,880869000.0,880869000.0,0.0,,,,,11492000.0,293686000.0,1.0,146300797.0,142653000.0,144136000.0,6.175,1100034000.0,107910000.0,17871000.0,11517000.0,7.711,564203000.0
42,RHI,MRQ,2010-12-31,2010-12-31,2010-12-31,2021-08-04,47120000.0,1273984000.0,,971860000.0,302124000.0,,5.885,-13039000.0,315137000.0,315137000.0,524665000.0,24790000.0,2.379,0.527,1779000.0,123000.0,1656000.0,1779000.0,0.0,13226000.0,0.0,0.017,0.13,43248000.0,56474000.0,0.066,56474000.0,43248000.0,43248000.0,0.17,0.17,0.17,834371000.0,,834371000.0,4193689125.0,36.0,24.506,61371000.0,0.433,1.0,326907000.0,0.384,190006000.0,0.0,362160000.0,,0.0,0.0,0.0,0.0,439613000.0,408460000.0,31153000.0,4502937125.0,4081000.0,-585000.0,-39994000.0,-29000.0,-18979000.0,-54105000.0,-16436000.0,0.0,74410000.0,212000.0,24790000.0,24790000.0,24790000.0,0.0,0.0,0.029,283917000.0,42990000.0,93690000.0,0.765,5.397,68.155,68.0,103651000.0,0.0,30.6,1.418,1.377,423175000.0,0.0,851572000.0,851572000.0,0.0,,,,,9009000.0,283868000.0,1.0,147154808.0,141786000.0,143131000.0,6.006,1083978000.0,92087000.0,18458000.0,0.0,7.645,563400000.0
43,RHI,MRQ,2010-09-30,2010-09-30,2010-09-30,2021-08-04,47428000.0,1284232000.0,,970675000.0,313557000.0,,5.979,-7637000.0,311056000.0,311056000.0,508118000.0,20624000.0,2.398,0.51,1808000.0,120000.0,1688000.0,1808000.0,0.0,13507000.0,0.0,0.02,0.13,37269000.0,50776000.0,0.062,50776000.0,37269000.0,37269000.0,0.14,0.14,0.14,850338000.0,,850338000.0,3549144362.0,37.0,22.961,42852000.0,0.301,1.0,309140000.0,0.378,189342000.0,0.0,380922000.0,,0.0,0.0,0.0,0.0,433894000.0,404720000.0,29174000.0,3837351362.0,21012000.0,0.0,-10735000.0,-29000.0,-18978000.0,-29534000.0,-8858000.0,0.0,50489000.0,8915000.0,20624000.0,20624000.0,20624000.0,0.0,0.0,0.025,272024000.0,37116000.0,106943000.0,0.929,4.513,67.984,72.222,103779000.0,0.0,26.0,1.254,1.208,427770000.0,0.0,817258000.0,817258000.0,0.0,,,,,13881000.0,271978000.0,1.0,147590437.0,142230000.0,143000000.0,5.746,1094890000.0,122380000.0,16645000.0,14184000.0,7.698,565955000.0
44,RHI,MRQ,2010-06-30,2010-06-30,2010-06-30,2021-08-04,30904000.0,1214270000.0,,897623000.0,316647000.0,,5.792,-6136000.0,290044000.0,290044000.0,479232000.0,12181000.0,2.51,0.465,1837000.0,118000.0,1719000.0,1837000.0,0.0,14033000.0,0.0,0.021,0.13,22387000.0,36420000.0,0.047,36420000.0,22387000.0,22387000.0,0.08,0.08,0.08,828821000.0,,828821000.0,3185660871.0,42.0,23.354,30329000.0,0.212,1.0,289858000.0,0.377,188690000.0,0.0,379714000.0,,0.0,0.0,0.0,0.0,385449000.0,357659000.0,27790000.0,3533159871.0,-59320000.0,0.0,-65668000.0,-28000.0,-19042000.0,-84450000.0,-6166000.0,0.0,36465000.0,-5169000.0,12181000.0,12181000.0,12181000.0,0.0,0.0,0.016,267565000.0,22293000.0,96629000.0,1.625,4.263,78.849,84.107,108318000.0,0.0,23.55,1.19,1.135,384642000.0,0.0,769090000.0,769090000.0,0.0,,,,,14675000.0,267519000.0,1.0,150028020.0,143100000.0,144331000.0,5.374,1025580000.0,113797000.0,10206000.0,1597000.0,7.167,539964000.0
45,RHI,MRQ,2010-03-31,2010-03-31,2010-03-31,2021-08-04,40657000.0,1271045000.0,,906452000.0,364593000.0,,6.217,-8276000.0,349364000.0,349364000.0,469045000.0,8475000.0,2.615,0.417,1865000.0,116000.0,1749000.0,1865000.0,0.0,15192000.0,0.0,0.016,0.13,12265000.0,27457000.0,0.037,27457000.0,12265000.0,12265000.0,0.05,0.05,0.05,896769000.0,,896769000.0,4158409787.0,66.0,32.898,6243000.0,0.043,1.0,268128000.0,0.364,189418000.0,0.0,387528000.0,,0.0,0.0,0.0,0.0,374276000.0,346600000.0,27676000.0,4522311787.0,-16430000.0,0.0,-708000.0,-27000.0,-19592000.0,-19906000.0,-7637000.0,0.0,14519000.0,-3406000.0,8475000.0,8475000.0,8475000.0,0.0,0.0,0.011,255937000.0,12191000.0,93893000.0,2.6,5.043,120.824,132.304,116968000.0,0.0,30.43,1.533,1.488,373481000.0,0.0,737173000.0,737173000.0,0.0,,,,,13740000.0,255668000.0,1.0,148613598.0,144239000.0,145673000.0,5.111,1081627000.0,241814000.0,3790000.0,1885000.0,7.499,559852000.0
46,RHI,MRQ,2009-12-31,2009-12-31,2009-12-31,2021-08-04,45580000.0,1283535000.0,,922634000.0,360901000.0,,6.244,-10248000.0,365794000.0,365794000.0,458940000.0,13528000.0,2.514,0.426,1892000.0,113000.0,1779000.0,1892000.0,0.0,15841000.0,0.0,0.018,0.12,24076000.0,39917000.0,0.054,39917000.0,24076000.0,24076000.0,0.09,0.09,0.09,899810000.0,,899810000.0,3629681161.0,54.0,27.492,37557000.0,0.261,1.0,278483000.0,0.378,189728000.0,0.0,362937000.0,,0.0,0.0,0.0,0.0,383725000.0,366968000.0,16757000.0,4035403161.0,-41847000.0,0.0,-60398000.0,-27000.0,-17755000.0,-75801000.0,-11603000.0,0.0,47805000.0,-2248000.0,15165000.0,15165000.0,15165000.0,0.0,-1637000.0,0.021,256253000.0,22230000.0,101610000.0,1.333,4.485,108.295,111.375,124658000.0,0.0,26.73,1.329,1.284,362392000.0,0.0,737423000.0,737423000.0,0.0,,,,,12856000.0,255972000.0,1.0,150969067.0,144106000.0,145141000.0,5.117,1093807000.0,98158000.0,8911000.0,0.0,7.59,555666000.0
47,RHI,MRQ,2009-09-30,2009-09-30,2009-09-30,2021-08-04,50920000.0,1326244000.0,,961552000.0,364692000.0,,6.483,-6852000.0,407641000.0,407641000.0,459501000.0,9531000.0,2.656,0.399,1919000.0,111000.0,1808000.0,1919000.0,0.0,15739000.0,0.0,0.019,0.12,16876000.0,32615000.0,0.045,32615000.0,16876000.0,16876000.0,0.06,0.06,0.06,947998000.0,,947998000.0,3415820850.0,31.0,19.475,59991000.0,0.41,1.0,266411000.0,0.367,189798000.0,0.0,368626000.0,,0.0,0.0,0.0,0.0,378246000.0,362098000.0,16148000.0,3799693850.0,21823000.0,0.0,-24705000.0,-27000.0,-18107000.0,-42244000.0,-8962000.0,0.0,66843000.0,6186000.0,8988000.0,8988000.0,8988000.0,0.0,543000.0,0.012,249151000.0,17260000.0,104257000.0,2.0,4.008,63.472,61.024,129744000.0,0.0,25.02,1.155,1.112,364533000.0,0.0,725912000.0,725912000.0,0.0,,,,,14632000.0,248870000.0,1.0,151866261.0,146227000.0,147123000.0,4.964,1136446000.0,234528000.0,7888000.0,0.0,7.772,599454000.0
48,RHI,MRQ,2009-06-30,2009-06-30,2009-06-30,2021-08-04,41660000.0,1323811000.0,,952488000.0,371323000.0,,6.563,-10245000.0,385818000.0,385818000.0,484830000.0,5416000.0,2.748,0.377,1945000.0,109000.0,1836000.0,1945000.0,0.0,16805000.0,0.0,0.019,0.12,9610000.0,26415000.0,0.035,26415000.0,9610000.0,9610000.0,0.03,0.03,0.03,961169000.0,,961169000.0,3252010493.0,16.0,12.065,67192000.0,0.459,1.0,265057000.0,0.353,189401000.0,0.0,403900000.0,,0.0,0.0,0.0,0.0,362642000.0,346637000.0,16005000.0,3609347493.0,26509000.0,0.0,-32009000.0,-26000.0,-18188000.0,-48622000.0,-12147000.0,0.0,77437000.0,9841000.0,4801000.0,4801000.0,4801000.0,0.0,615000.0,0.006,255287000.0,9770000.0,95222000.0,4.0,3.755,31.464,30.675,137287000.0,0.0,23.62,0.969,0.929,374020000.0,0.0,749887000.0,749887000.0,0.0,,,,,14349000.0,255007000.0,1.0,152808954.0,146443000.0,147044000.0,5.121,1134410000.0,237285000.0,4809000.0,0.0,7.746,605851000.0
49,RHI,MRQ,2009-03-31,2009-03-31,2009-03-31,2021-08-04,25034000.0,1345117000.0,,970768000.0,374349000.0,,6.566,-13903000.0,359309000.0,359309000.0,529597000.0,8788000.0,2.658,0.395,1972000.0,107000.0,1865000.0,1972000.0,0.0,16881000.0,0.0,0.025,0.12,16200000.0,33081000.0,0.04,33081000.0,16200000.0,16200000.0,0.06,0.06,0.06,964432000.0,,964432000.0,2345966282.0,8.0,6.111,34165000.0,0.233,1.0,293728000.0,0.357,188336000.0,0.0,434233000.0,,0.0,0.0,0.0,0.0,380685000.0,365211000.0,15474000.0,2698725282.0,4553000.0,0.0,-7755000.0,-25000.0,-18099000.0,-25703000.0,-13255000.0,0.0,48068000.0,-4557000.0,8308000.0,8308000.0,8308000.0,0.0,480000.0,0.01,277668000.0,16060000.0,111295000.0,2.0,2.798,14.811,14.736,141603000.0,0.0,17.83,0.643,0.624,412115000.0,0.0,823325000.0,823325000.0,0.0,,,,,14560000.0,277050000.0,1.0,151358681.0,146878000.0,147142000.0,5.606,1156781000.0,243754000.0,7892000.0,0.0,7.876,605557000.0
50,RHI,MRQ,2008-12-31,2008-12-31,2008-12-31,2021-08-04,34263000.0,1411850000.0,,1032899000.0,378951000.0,,6.64,-17654000.0,354756000.0,354756000.0,587451000.0,39008000.0,2.502,0.435,1997000.0,105000.0,1892000.0,1997000.0,0.0,17448000.0,0.0,0.021,0.11,65833000.0,83281000.0,0.084,83281000.0,65833000.0,65833000.0,0.26,0.26,0.26,983888000.0,,983888000.0,2860019204.0,7.0,5.896,96104000.0,0.649,1.0,402386000.0,0.407,189382000.0,0.0,456857000.0,,0.0,0.0,0.0,0.0,427962000.0,412852000.0,15110000.0,3230067204.0,-18936000.0,-272000.0,-76290000.0,-1635000.0,-16602000.0,-90883000.0,-31979000.0,0.0,113758000.0,-9832000.0,37767000.0,37767000.0,37767000.0,0.0,1241000.0,0.038,335635000.0,66751000.0,111645000.0,0.423,3.283,13.306,13.012,145699000.0,0.0,20.82,0.702,0.686,484808000.0,0.0,989837000.0,989837000.0,0.0,,,,,12577000.0,334895000.0,1.0,155142517.0,148166000.0,148559000.0,6.681,1222468000.0,237205000.0,28066000.0,0.0,8.251,620047000.0
51,RHI,MRQ,2008-09-30,2008-09-30,2008-09-30,2021-08-04,50723000.0,1523950000.0,,1132311000.0,391639000.0,,6.889,-16650000.0,373692000.0,373692000.0,676513000.0,65821000.0,2.422,0.467,3644000.0,103000.0,3541000.0,3644000.0,0.0,18599000.0,0.0,0.017,0.11,108171000.0,126770000.0,0.109,126770000.0,108171000.0,108171000.0,0.42,0.42,0.42,1039050000.0,,1039050000.0,3505503802.0,7.0,6.413,78935000.0,0.523,1.0,483573000.0,0.417,192143000.0,0.0,494264000.0,,0.0,0.0,0.0,0.0,484900000.0,467495000.0,17405000.0,3858816802.0,16645000.0,0.0,-28508000.0,-24000.0,-17123000.0,-45747000.0,-17846000.0,0.0,95585000.0,-15347000.0,63839000.0,63839000.0,63839000.0,0.0,1982000.0,0.055,374738000.0,108835000.0,121395000.0,0.262,3.714,13.867,13.75,148785000.0,0.0,24.75,0.799,0.773,586762000.0,23574000.0,1160086000.0,1160086000.0,0.0,,,,,17892000.0,374120000.0,1.0,155911790.0,150838000.0,151945000.0,7.691,1331807000.0,222568000.0,44332000.0,183000.0,8.829,664816000.0
52,RHI,MRQ,2008-06-30,2008-06-30,2008-06-30,2021-08-04,76611000.0,1551549000.0,,1154994000.0,396555000.0,,6.659,-22410000.0,357047000.0,357047000.0,708017000.0,74568000.0,2.239,0.524,3734000.0,101000.0,3633000.0,3734000.0,0.0,18912000.0,0.0,0.018,0.11,121844000.0,140756000.0,0.115,140756000.0,121844000.0,121844000.0,0.47,0.47,0.47,1018026000.0,,1018026000.0,3454783605.0,7.0,6.163,96872000.0,0.634,1.0,516624000.0,0.422,193963000.0,0.0,488447000.0,,0.0,0.0,0.0,0.0,533523000.0,515826000.0,17697000.0,3806828605.0,983000.0,0.0,-75772000.0,-300000.0,-17341000.0,-94207000.0,-26300000.0,0.0,119282000.0,2208000.0,72293000.0,72293000.0,72293000.0,0.0,2275000.0,0.059,394011000.0,122613000.0,127972000.0,0.234,3.739,13.2,12.957,153087000.0,0.0,23.97,0.785,0.756,631318000.0,0.0,1224641000.0,1224641000.0,0.0,,,,,18552000.0,393393000.0,1.0,158816379.0,152878000.0,153892000.0,8.011,1357586000.0,216134000.0,49551000.0,14835000.0,8.88,639168000.0
53,RHI,MRQ,2008-03-31,2008-03-31,2008-03-31,2021-08-04,74987000.0,1526358000.0,,1133254000.0,393104000.0,,6.646,-16699000.0,356064000.0,356064000.0,715002000.0,70784000.0,2.352,0.486,4019000.0,375000.0,3644000.0,4019000.0,0.0,18251000.0,0.0,0.016,0.11,117930000.0,136181000.0,0.111,136181000.0,117930000.0,117930000.0,0.45,0.44,0.45,1027297000.0,,1027297000.0,3782394716.0,8.0,6.775,101801000.0,0.659,1.0,510988000.0,0.417,194485000.0,0.0,498033000.0,,0.0,0.0,0.0,0.0,499061000.0,481795000.0,17266000.0,4088271716.0,46064000.0,0.0,-37447000.0,-21000.0,-17542000.0,-54080000.0,-18676000.0,0.0,118500000.0,320000.0,70784000.0,70784000.0,70784000.0,0.0,0.0,0.058,395072000.0,115916000.0,113269000.0,0.244,3.98,14.154,14.066,150494000.0,0.0,25.74,0.856,0.833,622619000.0,0.0,1225990000.0,1225990000.0,0.0,,,,,15971000.0,394431000.0,1.0,158829515.0,154567000.0,155738000.0,7.932,1331873000.0,202696000.0,47146000.0,24697000.0,8.617,651459000.0
54,RHI,MRQ,2007-12-31,2007-12-31,2007-12-31,2021-08-04,68853000.0,1450298000.0,,1059638000.0,390660000.0,,6.307,-20232000.0,310000000.0,310000000.0,696447000.0,78816000.0,2.366,0.474,4123000.0,370000.0,3753000.0,4123000.0,0.0,18516000.0,0.0,0.015,0.1,124419000.0,142935000.0,0.117,142935000.0,124419000.0,124419000.0,0.46,0.46,0.46,984049000.0,,984049000.0,4030567693.0,8.0,7.27,80486000.0,0.516,1.0,523621000.0,0.429,195143000.0,0.0,501326000.0,,0.0,0.0,0.0,0.0,466249000.0,447952000.0,18297000.0,4355110693.0,-18657000.0,0.0,-81222000.0,-21000.0,-16057000.0,-97705000.0,-22698000.0,0.0,100718000.0,1028000.0,71367000.0,71367000.0,71367000.0,0.0,7449000.0,0.058,394665000.0,128956000.0,108070000.0,0.217,4.426,15.082,14.939,152311000.0,0.0,27.04,0.937,0.93,593169000.0,0.0,1220068000.0,1220068000.0,0.0,,,,,16532000.0,393911000.0,1.0,161061786.0,156026000.0,154774000.0,7.82,1255155000.0,199675000.0,53052000.0,16248000.0,8.045,611686000.0
55,RHI,MRQ,2007-09-30,2007-09-30,2007-09-30,2021-08-04,66078000.0,1487523000.0,,1100090000.0,387433000.0,,6.204,-17209000.0,328657000.0,328657000.0,678252000.0,73963000.0,2.252,0.513,4114000.0,366000.0,3748000.0,4114000.0,0.0,18583000.0,0.0,0.013,0.1,122139000.0,140722000.0,0.119,140722000.0,122139000.0,122139000.0,0.47,0.46,0.47,983242000.0,,983242000.0,4509558335.0,9.0,8.192,59183000.0,0.373,1.0,500793000.0,0.425,195666000.0,0.0,478792000.0,,0.0,0.0,0.0,0.0,504281000.0,488522000.0,15759000.0,4895134335.0,-60943000.0,0.0,-110467000.0,-19000.0,-16209000.0,-124929000.0,-20729000.0,0.0,76392000.0,8323000.0,73963000.0,73963000.0,73963000.0,0.0,0.0,0.063,381779000.0,119014000.0,119050000.0,0.213,4.979,16.72,16.497,148637000.0,0.0,29.86,1.091,1.055,628254000.0,0.0,1179045000.0,1179045000.0,0.0,,,,,14618000.0,381031000.0,1.0,163936180.0,158480000.0,161903000.0,7.44,1291857000.0,186309000.0,48176000.0,24896000.0,8.152,611568000.0
56,RHI,MRQ,2007-06-30,2007-06-30,2007-06-30,2021-08-04,52385000.0,1497900000.0,,1117586000.0,380314000.0,,6.254,-41761000.0,389600000.0,389600000.0,656443000.0,72726000.0,2.346,0.49,4024000.0,361000.0,3663000.0,4024000.0,0.0,18149000.0,0.0,0.01,0.1,120304000.0,138453000.0,0.12,138453000.0,120304000.0,120304000.0,0.45,0.44,0.45,1005563000.0,,1005563000.0,5622438542.0,12.0,10.315,78664000.0,0.489,1.0,492685000.0,0.429,195497000.0,0.0,440494000.0,,0.0,0.0,0.0,0.0,492337000.0,476333000.0,16004000.0,6068148542.0,-60302000.0,0.0,-131801000.0,-295000.0,-16371000.0,-142812000.0,-45985000.0,0.0,120425000.0,8070000.0,72726000.0,72726000.0,72726000.0,0.0,0.0,0.063,375454000.0,117231000.0,116053000.0,0.222,6.035,20.749,20.391,146997000.0,0.0,36.5,1.4,1.354,591573000.0,0.0,1149128000.0,1149128000.0,0.0,,,,,9984000.0,374636000.0,1.0,166250645.0,160781000.0,164770000.0,7.147,1302403000.0,174233000.0,47578000.0,13289000.0,8.1,641253000.0
57,RHI,MRQ,2007-03-31,2007-03-31,2007-03-31,2021-08-04,41539000.0,1489365000.0,,1135006000.0,354359000.0,,6.376,-24099000.0,449902000.0,449902000.0,636696000.0,70707000.0,2.639,0.426,4192000.0,367000.0,3825000.0,4192000.0,0.0,16193000.0,0.0,0.009,0.1,116093000.0,132286000.0,0.121,132286000.0,116093000.0,116093000.0,0.43,0.42,0.43,1044603000.0,,1044603000.0,5773377114.0,12.0,10.783,89590000.0,0.547,1.0,460729000.0,0.42,178547000.0,0.0,435084000.0,,0.0,0.0,0.0,0.0,444762000.0,430024000.0,14738000.0,6216662114.0,2423000.0,0.0,-77068000.0,-17000.0,-16883000.0,-86294000.0,-26838000.0,0.0,113689000.0,1866000.0,70707000.0,70707000.0,70707000.0,0.0,0.0,0.064,348653000.0,112076000.0,105889000.0,0.233,5.951,21.557,21.149,140334000.0,0.0,37.01,1.492,1.455,561112000.0,0.0,1097425000.0,1097425000.0,0.0,,,,,7235000.0,348379000.0,1.0,167972497.0,163841000.0,168883000.0,6.698,1310818000.0,159470000.0,45386000.0,13040000.0,8.001,704982000.0
58,RHI,MRQ,2006-12-31,2006-12-31,2006-12-31,2021-08-04,38577000.0,1459021000.0,,1112355000.0,346666000.0,,6.371,-22411000.0,447479000.0,447479000.0,609184000.0,75373000.0,2.762,0.399,4194000.0,363000.0,3831000.0,4194000.0,0.0,15510000.0,0.0,0.009,0.08,123491000.0,139001000.0,0.131,139001000.0,123491000.0,123491000.0,0.46,0.45,0.46,1042671000.0,,1042671000.0,5793108233.0,12.0,10.987,57013000.0,0.348,1.0,451050000.0,0.425,178665000.0,0.0,434331000.0,,0.0,0.0,0.0,0.0,416350000.0,402740000.0,13610000.0,6220488233.0,15822000.0,0.0,-43279000.0,-17000.0,-13481000.0,-39918000.0,-23810000.0,0.0,79424000.0,126000.0,75373000.0,75373000.0,75373000.0,0.0,0.0,0.071,331811000.0,119239000.0,99484000.0,0.174,5.966,21.967,21.708,132081000.0,0.0,37.12,1.55,1.535,531824000.0,0.0,1060234000.0,1060234000.0,0.0,,,,,-2187000.0,331565000.0,1.0,167577808.0,163669000.0,168850000.0,6.478,1280356000.0,168972000.0,48118000.0,8568000.0,7.823,709615000.0
59,RHI,MRQ,2006-09-30,2006-09-30,2006-09-30,2021-08-04,37981000.0,1432243000.0,,1089707000.0,342536000.0,,5.974,-20623000.0,431657000.0,431657000.0,595566000.0,73647000.0,2.519,0.452,4277000.0,359000.0,3918000.0,4277000.0,0.0,15400000.0,0.0,0.009,0.08,119908000.0,135308000.0,0.132,135308000.0,119908000.0,119908000.0,0.45,0.43,0.45,986703000.0,,986703000.0,5295279861.0,12.0,10.405,68736000.0,0.416,1.0,431997000.0,0.42,180204000.0,0.0,392007000.0,,0.0,0.0,0.0,0.0,445540000.0,432652000.0,12888000.0,5819444861.0,-96800000.0,0.0,-152444000.0,-15000.0,-13378000.0,-163747000.0,-21847000.0,0.0,89359000.0,-565000.0,73647000.0,73647000.0,73647000.0,0.0,0.0,0.072,316963000.0,115034000.0,99276000.0,0.178,5.898,21.363,20.713,130050000.0,0.0,33.97,1.516,1.462,536629000.0,1642000.0,1027563000.0,1027563000.0,0.0,,,,,12467000.0,316732000.0,1.0,171311300.0,165177000.0,169983000.0,6.221,1252039000.0,153703000.0,46261000.0,29141000.0,7.58,657055000.0
60,RHI,MRQ,2006-06-30,2006-06-30,2006-06-30,2021-08-04,38898000.0,1483129000.0,,1148133000.0,334996000.0,,6.333,-19202000.0,528457000.0,528457000.0,563823000.0,68655000.0,2.819,0.396,4292000.0,86000.0,4206000.0,4292000.0,0.0,15068000.0,0.0,0.007,0.08,113730000.0,128798000.0,0.131,128798000.0,113730000.0,113730000.0,0.41,0.39,0.41,1062643000.0,,1062643000.0,6747110382.0,15.0,13.679,86982000.0,0.518,1.0,418002000.0,0.426,178421000.0,0.0,373208000.0,,0.0,0.0,0.0,0.0,420486000.0,407335000.0,13151000.0,7215233382.0,55805000.0,0.0,-36824000.0,-305000.0,-13804000.0,-38627000.0,-19238000.0,0.0,106184000.0,7486000.0,68655000.0,68655000.0,68655000.0,0.0,0.0,0.07,308401000.0,109601000.0,88868000.0,0.195,6.79,27.413,26.582,124133000.0,0.0,42.0,1.962,1.916,509509000.0,97802000.0,981825000.0,981825000.0,0.0,,,,,2174000.0,308173000.0,1.0,171791271.0,167799000.0,174096000.0,5.851,1304708000.0,142609000.0,45075000.0,19387000.0,7.775,740798000.0
61,RHI,MRQ,2006-03-31,2006-03-31,2006-03-31,2021-08-04,26474000.0,1375877000.0,,1056112000.0,319765000.0,,5.973,-30168000.0,472652000.0,472652000.0,550720000.0,65503000.0,2.909,0.376,4529000.0,361000.0,4168000.0,4529000.0,0.0,15107000.0,0.0,0.008,0.08,109073000.0,124180000.0,0.132,124180000.0,109073000.0,109073000.0,0.39,0.38,0.39,999888000.0,,999888000.0,6166154398.0,15.0,13.102,71083000.0,0.425,1.0,393204000.0,0.417,172017000.0,0.0,372696000.0,,0.0,0.0,0.0,0.0,375989000.0,363041000.0,12948000.0,6621458398.0,14294000.0,0.0,-61897000.0,-11000.0,-13740000.0,-56974000.0,-31127000.0,0.0,101251000.0,1144000.0,65503000.0,65503000.0,65503000.0,0.0,0.0,0.069,287628000.0,105576000.0,88847000.0,0.205,6.622,26.299,25.57,119088000.0,0.0,38.61,1.885,1.84,480333000.0,117203000.0,943924000.0,943924000.0,0.0,,,,,-3920000.0,287482000.0,1.0,171495944.0,167390000.0,173974000.0,5.639,1203860000.0,131787000.0,43570000.0,3975000.0,7.192,693071000.0
62,RHI,MRQ,2005-12-31,2005-12-31,2005-12-31,2021-08-04,24987000.0,1318686000.0,,1016908000.0,301778000.0,,5.815,-20745000.0,458358000.0,458358000.0,517841000.0,64609000.0,3.02,0.358,3054000.0,356000.0,2698000.0,3054000.0,0.0,13649000.0,0.0,0.007,0.07,106973000.0,120622000.0,0.136,120622000.0,106973000.0,106973000.0,0.39,0.37,0.39,970873000.0,,970873000.0,6035234203.0,15.0,13.608,69199000.0,0.414,1.0,366924000.0,0.415,165857000.0,0.0,360824000.0,,0.0,0.0,0.0,0.0,347813000.0,336701000.0,11112000.0,6452893203.0,37632000.0,0.0,-14893000.0,-13000.0,-11980000.0,-26886000.0,-21749000.0,0.0,89944000.0,-3677000.0,64609000.0,64609000.0,64609000.0,0.0,0.0,0.073,263751000.0,103173000.0,89133000.0,0.179,6.646,27.128,26.683,110515000.0,0.0,37.89,1.933,1.903,451260000.0,156050000.0,884765000.0,884765000.0,0.0,,,,,34190000.0,263657000.0,1.0,170305970.0,166956000.0,173536000.0,5.299,1152829000.0,132696000.0,42364000.0,7703000.0,6.905,680207000.0
63,RHI,MRQ,2005-09-30,2005-09-30,2005-09-30,2021-08-04,28271000.0,1271132000.0,,978542000.0,292590000.0,,5.492,-21261000.0,420726000.0,420726000.0,511005000.0,64439000.0,2.789,0.39,3067000.0,352000.0,2715000.0,3067000.0,0.0,13994000.0,0.0,0.008,0.07,105641000.0,119635000.0,0.138,119635000.0,105641000.0,105641000.0,0.39,0.37,0.39,914637000.0,,914637000.0,5587855909.0,15.0,13.399,33063000.0,0.199,1.0,356010000.0,0.411,168733000.0,0.0,333909000.0,,0.0,0.0,0.0,0.0,356495000.0,350831000.0,5664000.0,6025811909.0,-20331000.0,0.0,-45617000.0,-34000.0,-11897000.0,-57548000.0,-22299000.0,0.0,54324000.0,5192000.0,64439000.0,64439000.0,64439000.0,0.0,0.0,0.074,253538000.0,102472000.0,83935000.0,0.179,6.588,27.03,26.962,100122000.0,0.0,35.59,1.878,1.848,456415000.0,163553000.0,867015000.0,867015000.0,0.0,,,,,23774000.0,253445000.0,1.0,169311939.0,166553000.0,174219000.0,5.206,1102399000.0,125136000.0,41202000.0,16269000.0,6.619,627711000.0
64,RHI,MRQ,2005-06-30,2005-06-30,2005-06-30,2021-08-04,22592000.0,1231444000.0,,950513000.0,280931000.0,,5.246,-11568000.0,441057000.0,441057000.0,480430000.0,57229000.0,2.737,0.403,3101000.0,348000.0,2753000.0,3101000.0,0.0,11906000.0,0.0,0.01,0.07,94283000.0,106189000.0,0.13,106189000.0,94283000.0,94283000.0,0.34,0.33,0.34,877548000.0,,877548000.0,3854116844.0,12.0,10.108,99000000.0,0.592,1.0,336281000.0,0.412,166660000.0,0.0,279509000.0,,0.0,0.0,0.0,0.0,353896000.0,347319000.0,6577000.0,4281797844.0,11052000.0,0.0,-94498000.0,777000.0,-11829000.0,-105550000.0,10197000.0,22580000.0,110568000.0,-4163000.0,57229000.0,57229000.0,57229000.0,0.0,0.0,0.07,244145000.0,92136000.0,76202000.0,0.206,4.879,21.242,21.161,93841000.0,0.0,24.97,1.404,1.37,417248000.0,187154000.0,816711000.0,816711000.0,0.0,,,,,6515000.0,244071000.0,1.0,171477687.0,167285000.0,172387000.0,4.882,1064784000.0,112638000.0,37054000.0,26409000.0,6.365,603194000.0
65,RHI,MRQ,2005-03-31,2005-03-31,2005-03-31,2021-08-04,29696000.0,1246919000.0,,967295000.0,279624000.0,,5.389,-12651000.0,430005000.0,430005000.0,456114000.0,51593000.0,2.977,0.362,2324000.0,78000.0,2246000.0,2324000.0,0.0,11780000.0,0.0,0.009,0.07,85277000.0,97057000.0,0.126,97057000.0,85277000.0,85277000.0,0.3,0.29,0.3,915519000.0,,915519000.0,4232152931.0,14.0,12.337,60041000.0,0.353,1.0,313834000.0,0.408,166499000.0,0.0,327789000.0,,0.0,22580000.0,22580000.0,0.0,331400000.0,324950000.0,6450000.0,4666618931.0,84722000.0,0.0,-30374000.0,-19000.0,-12075000.0,-42468000.0,56187000.0,68946000.0,72692000.0,-1689000.0,51593000.0,51593000.0,51593000.0,0.0,0.0,0.067,230389000.0,83445000.0,84167000.0,0.233,5.097,26.398,26.175,96248000.0,0.0,26.96,1.624,1.594,416687000.0,226971000.0,769948000.0,769948000.0,0.0,,,,,9806000.0,230315000.0,1.0,173094174.0,169898000.0,176207000.0,4.532,1080420000.0,114900000.0,33684000.0,25385000.0,6.359,642345000.0
66,RHI,MRQ,2004-12-31,2004-12-31,2004-12-31,2021-08-04,32570000.0,1198657000.0,,916316000.0,282341000.0,,5.369,-10383000.0,345283000.0,345283000.0,450889000.0,49667000.0,3.284,0.315,2343000.0,77000.0,2266000.0,2343000.0,0.0,11793000.0,0.0,0.006,0.06,82355000.0,94148000.0,0.125,94148000.0,82355000.0,82355000.0,0.29,0.27,0.29,911870000.0,,911870000.0,4692372377.0,20.0,16.485,37098000.0,0.218,1.0,303308000.0,0.402,167931000.0,0.0,408779000.0,,0.0,91526000.0,91526000.0,0.0,286787000.0,279007000.0,7780000.0,5102583377.0,23332000.0,0.0,-9788000.0,-18000.0,-10385000.0,-20191000.0,-11623000.0,-905000.0,47481000.0,7665000.0,49667000.0,49667000.0,49667000.0,0.0,0.0,0.066,222218000.0,81090000.0,70696000.0,0.207,5.596,36.29,35.458,95783000.0,0.0,29.43,1.907,1.867,391641000.0,240740000.0,754197000.0,754197000.0,0.0,,,,,17951000.0,222119000.0,1.0,173380339.0,169826000.0,178762000.0,4.441,1030726000.0,106493000.0,32688000.0,12600000.0,6.069,637309000.0
67,RHI,MRQ,2004-09-30,2004-09-30,2004-09-30,2021-08-04,21970000.0,1141768000.0,,861609000.0,280159000.0,,5.021,-9902000.0,412572000.0,412572000.0,425652000.0,43080000.0,3.05,0.337,2361000.0,75000.0,2286000.0,2361000.0,0.0,12710000.0,0.0,0.005,0.06,71208000.0,83918000.0,0.119,83918000.0,71208000.0,71208000.0,0.25,0.24,0.25,853825000.0,,853825000.0,4023139354.0,25.0,18.772,28932000.0,0.17,1.0,282335000.0,0.399,164619000.0,0.0,284476000.0,,0.0,0.0,0.0,0.0,287943000.0,282462000.0,5481000.0,4440267354.0,-7109000.0,0.0,-29450000.0,-18000.0,-10386000.0,-39854000.0,-10359000.0,-174000.0,38834000.0,4270000.0,43080000.0,43080000.0,43080000.0,0.0,0.0,0.061,212254000.0,70081000.0,68565000.0,0.24,5.2,46.357,46.018,96980000.0,0.0,25.77,1.82,1.797,369237000.0,221792000.0,707987000.0,707987000.0,0.0,,,,,10083000.0,212155000.0,1.0,172303739.0,170041000.0,176636000.0,4.164,977149000.0,98360000.0,28128000.0,14545000.0,5.747,579147000.0
68,RHI,MRQ,2004-06-30,2004-06-30,2004-06-30,2021-08-04,17112000.0,1098677000.0,,820165000.0,278512000.0,,4.922,-5711000.0,419507000.0,419507000.0,386598000.0,32441000.0,3.255,0.315,2379000.0,74000.0,2305000.0,2379000.0,0.0,12267000.0,0.0,0.002,0.06,55661000.0,67928000.0,0.106,67928000.0,55661000.0,55661000.0,0.19,0.18,0.19,835640000.0,,835640000.0,4742236023.0,48.0,30.36,44690000.0,0.263,1.0,254632000.0,0.397,163598000.0,0.0,265989000.0,,0.0,0.0,0.0,0.0,263037000.0,251962000.0,11075000.0,5108309023.0,49626000.0,0.0,18621000.0,-17000.0,-10324000.0,8280000.0,-7479000.0,-1412000.0,50401000.0,-1576000.0,32441000.0,32441000.0,32441000.0,0.0,0.0,0.051,199715000.0,54917000.0,57964000.0,0.316,6.113,88.76,87.559,100827000.0,0.0,29.77,2.288,2.264,321724000.0,224931000.0,641230000.0,641230000.0,0.0,,,,,11180000.0,198977000.0,1.0,171592510.0,169785000.0,176889000.0,3.777,935079000.0,93021000.0,23220000.0,11558000.0,5.507,568203000.0
69,RHI,MRQ,2004-03-31,2004-03-31,2004-03-31,2021-08-04,19904000.0,1009038000.0,,729803000.0,279235000.0,,4.645,-8601000.0,368469000.0,368469000.0,356255000.0,15416000.0,3.314,0.283,2396000.0,72000.0,2324000.0,2396000.0,0.0,13202000.0,0.0,0.0,0.0,25441000.0,38643000.0,0.068,38643000.0,25441000.0,25441000.0,0.09,0.09,0.09,786514000.0,,786514000.0,3685489665.0,87.0,35.108,16516000.0,0.098,1.0,216027000.0,0.377,164580000.0,0.0,258185000.0,,0.0,0.0,0.0,0.0,222524000.0,220200000.0,2324000.0,4059598665.0,-7068000.0,0.0,-24653000.0,-18000.0,0.0,-24671000.0,-7050000.0,986000.0,25117000.0,-464000.0,15416000.0,15416000.0,15416000.0,0.0,0.0,0.027,191220000.0,24807000.0,49971000.0,0.0,5.162,160.808,157.467,108217000.0,0.0,23.62,1.957,1.928,284202000.0,204845000.0,572282000.0,572282000.0,0.0,,,,,7204000.0,191131000.0,1.0,171871239.0,169311000.0,174771000.0,3.38,844458000.0,83570000.0,10025000.0,0.0,4.988,509603000.0
70,RHI,MRQ,2003-12-31,2003-12-31,2003-12-31,2021-08-04,20018000.0,985647000.0,,698619000.0,287028000.0,,4.663,-7275000.0,376523000.0,376523000.0,325064000.0,4848000.0,3.76,0.25,2414000.0,71000.0,2343000.0,2414000.0,0.0,15876000.0,0.0,0.0,0.0,7948000.0,23824000.0,0.046,23824000.0,7948000.0,7948000.0,0.03,0.03,0.03,788661000.0,,788661000.0,3654546282.0,312.0,47.083,24229000.0,0.143,1.0,192600000.0,0.372,162508000.0,0.0,263230000.0,,0.0,0.0,0.0,0.0,196986000.0,185800000.0,11186000.0,3996305282.0,31732000.0,0.0,4316000.0,-17000.0,0.0,4299000.0,-8866000.0,-601000.0,31504000.0,4795000.0,4848000.0,4848000.0,4848000.0,0.0,0.0,0.009,185294000.0,7306000.0,45094000.0,0.0,5.067,625.4,583.5,113119000.0,0.0,23.34,2.023,1.994,242348000.0,220828000.0,517664000.0,517664000.0,0.0,,,,,8107000.0,183342000.0,1.0,171221306.0,169124000.0,176280000.0,3.061,823139000.0,91149000.0,3100000.0,0.0,4.867,512819000.0
71,RHI,MRQ,2003-09-30,2003-09-30,2003-09-30,2021-08-04,11498000.0,965997000.0,,674054000.0,291943000.0,,4.473,-22975000.0,344190000.0,344190000.0,314026000.0,4847000.0,3.231,0.279,2431000.0,70000.0,2361000.0,2431000.0,0.0,16991000.0,0.0,0.0,0.0,8813000.0,25804000.0,0.051,25804000.0,8813000.0,8813000.0,0.03,0.03,0.03,755036000.0,,755036000.0,3007809516.0,-394.0,49.942,11737000.0,0.07,1.0,187111000.0,0.373,170132000.0,0.0,245506000.0,,0.0,0.0,0.0,0.0,210961000.0,208600000.0,2361000.0,3323036516.0,26516000.0,0.0,1112000.0,-16000.0,0.0,1096000.0,-10158000.0,0.0,34712000.0,866000.0,4847000.0,4847000.0,4847000.0,0.0,0.0,0.01,178888000.0,8223000.0,50468000.0,0.0,4.401,-601.455,-650.0,119170000.0,0.0,19.5,1.717,1.7,232774000.0,215980000.0,501137000.0,501137000.0,0.0,,,,,7096000.0,176097000.0,1.0,170412129.0,168797000.0,173694000.0,2.969,795865000.0,99731000.0,3966000.0,0.0,4.715,465454000.0
72,RHI,MRQ,2003-06-30,2003-06-30,2003-06-30,2021-08-04,10367000.0,946729000.0,,649516000.0,297213000.0,,4.382,-8594000.0,317674000.0,317674000.0,305587000.0,134000.0,3.277,0.27,2447000.0,68000.0,2379000.0,2447000.0,0.0,16500000.0,0.0,0.0,0.0,204000.0,16704000.0,0.035,16704000.0,204000.0,204000.0,0.0,0.0,0.0,745498000.0,,745498000.0,2918489590.0,-136.0,60.419,14721000.0,0.087,1.0,177375000.0,0.367,160908000.0,0.0,272405000.0,,0.0,0.0,0.0,0.0,201231000.0,198189000.0,3042000.0,3222483590.0,11216000.0,0.0,6817000.0,-17000.0,0.0,6800000.0,-22823000.0,0.0,23315000.0,3924000.0,134000.0,134000.0,134000.0,0.0,0.0,0.0,177761000.0,-386000.0,39462000.0,,4.323,-239.697,-236.75,123305000.0,0.0,18.94,1.679,1.679,224844000.0,218970000.0,482962000.0,482962000.0,0.0,,,,,6674000.0,175002000.0,1.0,170141689.0,170141689.0,,2.839,785821000.0,106998000.0,70000.0,663000.0,4.619,451327000.0
73,RHI,MRQ,2003-03-31,2003-03-31,2003-03-31,2021-08-04,3668000.0,927484000.0,,635362000.0,292122000.0,,4.264,-16101000.0,306458000.0,306458000.0,303576000.0,-3439000.0,3.282,0.273,2464000.0,67000.0,2397000.0,2464000.0,0.0,16537000.0,0.0,0.0,0.0,-5250000.0,11287000.0,0.024,11287000.0,-5250000.0,-5250000.0,-0.02,-0.02,-0.02,728360000.0,,728360000.0,1959180443.0,-119.0,35.51,7173000.0,0.042,1.0,169652000.0,0.358,164048000.0,0.0,265840000.0,,0.0,0.0,0.0,0.0,199124000.0,193602000.0,5522000.0,2273627443.0,-10469000.0,0.0,-20316000.0,-16000.0,0.0,-20332000.0,-15230000.0,0.0,23274000.0,1819000.0,-3439000.0,-3439000.0,-3439000.0,0.0,0.0,-0.007,175683000.0,-6031000.0,41538000.0,0.0,3.122,-218.976,-221.833,128074000.0,0.0,13.31,1.191,1.191,222479000.0,222069000.0,473228000.0,473228000.0,0.0,,,,,3364000.0,172908000.0,1.0,170820995.0,170820995.0,,2.77,763436000.0,106425000.0,-1811000.0,3125000.0,4.469,441760000.0
74,RHI,MRQ,2002-12-31,2002-12-31,2002-12-31,2021-08-04,846000.0,937996000.0,,645497000.0,292499000.0,,4.319,-25797000.0,316927000.0,316927000.0,307301000.0,-7067000.0,3.46,0.259,2480000.0,66000.0,2414000.0,2480000.0,0.0,17830000.0,0.0,0.0,0.0,-11399000.0,6431000.0,0.013,6431000.0,-11399000.0,-11399000.0,-0.04,-0.04,-0.04,744966000.0,,744966000.0,2491818731.0,713.0,32.871,2383000.0,0.014,1.0,171280000.0,0.358,161912000.0,0.0,275097000.0,,0.0,0.0,0.0,0.0,193030000.0,186540000.0,6490000.0,2791790731.0,14459000.0,0.0,-10254000.0,-22000.0,0.0,-10276000.0,-6943000.0,0.0,28180000.0,3498000.0,-7067000.0,-7067000.0,-7067000.0,0.0,0.0,-0.015,183473000.0,-12193000.0,50132000.0,0.0,3.748,1287.726,1611.0,130587000.0,0.0,16.11,1.466,1.459,225721000.0,246803000.0,478581000.0,478581000.0,0.0,,,,,25065000.0,180736000.0,1.0,173295514.0,172484000.0,,2.775,776084000.0,102849000.0,-4332000.0,4076000.0,4.499,458957000.0
75,RHI,MRQ,2002-09-30,2002-09-30,2002-09-30,2021-08-04,-1846000.0,947664000.0,,646463000.0,301201000.0,,4.278,-16474000.0,302468000.0,302468000.0,309342000.0,-3072000.0,3.364,0.265,2496000.0,65000.0,2431000.0,2496000.0,0.0,18836000.0,0.0,0.0,0.0,-4954000.0,13882000.0,0.029,13882000.0,-4954000.0,-4954000.0,-0.02,-0.02,-0.02,749173000.0,,749173000.0,2408578792.0,68.0,22.104,9867000.0,0.056,1.0,175436000.0,0.362,163254000.0,0.0,292279000.0,,0.0,0.0,0.0,0.0,198491000.0,192159000.0,6332000.0,2779345792.0,-70958000.0,0.0,-78510000.0,-163000.0,0.0,-78673000.0,-18626000.0,0.0,26341000.0,0.0,-3072000.0,-3072000.0,-3072000.0,0.0,0.0,-0.006,181416000.0,-5980000.0,45335000.0,0.0,3.71,126.783,132.25,137947000.0,0.0,15.87,1.435,1.435,238793000.0,266762000.0,484778000.0,484778000.0,0.0,,,,,331000.0,178731000.0,1.0,175132060.0,175132060.0,,2.768,784410000.0,105202000.0,-1882000.0,3901000.0,4.479,454304000.0
76,RHI,MRQ,2002-06-30,2002-06-30,2002-06-30,2021-08-04,-1734000.0,1020902000.0,,719848000.0,301054000.0,,4.652,-12867000.0,373426000.0,373426000.0,290003000.0,3195000.0,3.752,0.246,2659000.0,212000.0,2447000.0,2659000.0,0.0,18420000.0,0.0,0.0,0.0,5153000.0,23573000.0,0.05,23573000.0,5153000.0,5153000.0,0.02,0.02,0.02,819461000.0,,819461000.0,3728492798.0,48.0,24.562,57550000.0,0.327,1.0,183118000.0,0.387,163382000.0,0.0,294913000.0,,0.0,0.0,0.0,0.0,201441000.0,191840000.0,9601000.0,4104617798.0,-5364000.0,0.0,-24870000.0,-6000.0,0.0,-24876000.0,-50905000.0,0.0,70417000.0,0.0,3195000.0,3195000.0,3195000.0,0.0,0.0,0.007,179423000.0,3695000.0,48238000.0,0.0,5.009,85.262,86.296,137672000.0,0.0,23.3,2.025,2.025,245359000.0,344062000.0,473121000.0,473121000.0,0.0,,,,,2468000.0,178564000.0,1.0,176163854.0,176163854.0,,2.686,857520000.0,101063000.0,1958000.0,7154000.0,4.868,528008000.0
77,RHI,MRQ,2002-03-31,2002-03-31,2002-03-31,2021-08-04,-8623000.0,1029477000.0,,728043000.0,301434000.0,,4.776,-11482000.0,378790000.0,378790000.0,283570000.0,9112000.0,4.015,0.231,2665000.0,201000.0,2464000.0,2665000.0,0.0,17222000.0,0.0,0.0,0.0,14697000.0,31919000.0,0.068,31919000.0,14697000.0,14697000.0,0.05,0.05,0.05,836020000.0,,836020000.0,4823334680.0,36.0,23.224,24767000.0,0.141,1.0,184901000.0,0.395,159763000.0,0.0,312270000.0,,0.0,0.0,0.0,0.0,193457000.0,181319000.0,12138000.0,5167420680.0,32022000.0,0.0,7272000.0,-17000.0,0.0,7255000.0,-11482000.0,0.0,36249000.0,0.0,9112000.0,9112000.0,9112000.0,0.0,0.0,0.019,171511000.0,13390000.0,35511000.0,0.0,6.181,62.513,62.809,141671000.0,0.0,29.52,2.347,2.347,252751000.0,385366000.0,468471000.0,468471000.0,0.0,,,,,7692000.0,171511000.0,1.0,175048126.0,175048126.0,,2.676,869714000.0,96502000.0,5585000.0,9674000.0,4.968,546724000.0
78,RHI,MRQ,2001-12-31,2001-12-31,2001-12-31,2021-08-04,-8025000.0,994162000.0,,686006000.0,308156000.0,,4.594,-10989000.0,346768000.0,346768000.0,308219000.0,12687000.0,3.883,0.234,2682000.0,202000.0,2480000.0,2682000.0,0.0,19030000.0,0.0,0.0,0.0,20563000.0,39593000.0,0.078,39593000.0,20563000.0,20563000.0,0.07,0.07,0.07,805696000.0,,805696000.0,4384341830.0,22.0,16.274,40602000.0,0.232,1.0,202264000.0,0.396,160632000.0,0.0,312797000.0,,0.0,0.0,0.0,0.0,188466000.0,176647000.0,11819000.0,4682712830.0,45640000.0,0.0,-110792000.0,-75000.0,0.0,5038000.0,-10989000.0,0.0,51591000.0,0.0,12687000.0,12687000.0,12687000.0,0.0,0.0,0.025,183315000.0,18949000.0,33384000.0,0.0,5.812,38.666,38.696,147524000.0,0.0,26.7,1.909,1.909,272886000.0,391255000.0,510483000.0,510483000.0,0.0,,,,,2815000.0,181982000.0,1.0,175382503.0,175382503.0,,2.911,833530000.0,66352000.0,7876000.0,9339000.0,4.753,509359000.0
79,RHI,MRQ,2001-09-30,2001-09-30,2001-09-30,2021-08-04,-6413000.0,1007261000.0,,691633000.0,315628000.0,,4.435,-20883000.0,301128000.0,301128000.0,344125000.0,23147000.0,3.252,0.293,2757000.0,262000.0,2495000.0,2757000.0,0.0,19196000.0,0.0,0.0,0.0,37516000.0,56712000.0,0.099,56712000.0,37516000.0,37516000.0,0.13,0.13,0.13,779166000.0,,779166000.0,3240708093.0,13.0,10.044,59534000.0,0.339,1.0,230565000.0,0.401,161247000.0,0.0,334965000.0,,0.0,0.0,0.0,0.0,228095000.0,212678000.0,15417000.0,3515383093.0,22785000.0,0.0,7611000.0,-911000.0,0.0,-36749000.0,-20883000.0,0.0,80417000.0,0.0,23147000.0,23147000.0,23147000.0,0.0,0.0,0.04,195293000.0,35272000.0,41342000.0,0.0,4.512,22.497,23.821,154381000.0,0.0,20.01,1.327,1.327,332552000.0,381474000.0,574690000.0,574690000.0,0.0,,,,,3559000.0,193960000.0,1.0,175681314.0,175681314.0,,3.271,846014000.0,0.0,14369000.0,30446000.0,4.816,478955000.0
80,RHI,MRQ,2001-06-30,2001-06-30,2001-06-30,2021-08-04,-7933000.0,1002596000.0,,688042000.0,314554000.0,,4.446,-26684000.0,278343000.0,278343000.0,375641000.0,37716000.0,3.36,0.286,3668000.0,1157000.0,2511000.0,3668000.0,0.0,18334000.0,0.0,0.0,0.0,61128000.0,79462000.0,0.123,79462000.0,61128000.0,61128000.0,0.22,0.21,0.22,779659000.0,,779659000.0,4147065006.0,14.0,11.583,50738000.0,0.289,1.0,272763000.0,0.421,163094000.0,0.0,360023000.0,,0.0,0.0,0.0,0.0,222937000.0,204804000.0,18133000.0,4365122006.0,56596000.0,0.0,11784000.0,-22000.0,0.0,5858000.0,-26684000.0,0.0,77422000.0,0.0,37716000.0,37716000.0,37716000.0,0.0,0.0,0.058,213885000.0,58878000.0,37104000.0,0.0,5.599,24.096,25.398,151460000.0,0.0,24.89,1.58,1.58,353550000.0,401774000.0,648404000.0,648404000.0,0.0,,,,,7526000.0,212552000.0,1.0,175376537.0,175376537.0,,3.697,839502000.0,0.0,23412000.0,23559000.0,4.787,483238000.0
81,RHI,MRQ,2001-03-31,2001-03-31,2001-03-31,2021-08-04,-6207000.0,967677000.0,,660809000.0,306868000.0,,4.097,-26139000.0,221747000.0,221747000.0,408287000.0,47557000.0,2.853,0.34,3690000.0,1164000.0,2526000.0,3690000.0,0.0,16556000.0,0.0,0.0,0.0,77077000.0,93633000.0,0.13,93633000.0,77077000.0,77077000.0,0.27,0.26,0.27,721932000.0,,721932000.0,3702667926.0,12.0,10.057,40261000.0,0.228,1.0,310986000.0,0.432,165140000.0,0.0,352858000.0,,0.0,0.0,0.0,0.0,245745000.0,231622000.0,14123000.0,3938095926.0,-17445000.0,0.0,8920000.0,-74000.0,0.0,-57706000.0,-26139000.0,0.0,66400000.0,0.0,47557000.0,47557000.0,47557000.0,0.0,0.0,0.066,236320000.0,74666000.0,37254000.0,0.0,5.455,20.696,21.912,141728000.0,0.0,22.35,1.414,1.414,391621000.0,369962000.0,719273000.0,719273000.0,0.0,,,,,7654000.0,234984000.0,1.0,176201160.0,176201160.0,,4.082,802537000.0,0.0,29520000.0,27926000.0,4.555,429187000.0
82,RHI,MRQ,2000-12-31,2000-12-31,2000-12-31,2021-08-04,-4192000.0,971029000.0,,671610000.0,299419000.0,,4.044,-26525000.0,239192000.0,239192000.0,401576000.0,47843000.0,2.832,0.351,3764000.0,1223000.0,2541000.0,3764000.0,0.0,15312000.0,0.0,0.0,0.0,77542000.0,92854000.0,0.132,92854000.0,77542000.0,77542000.0,0.22,0.26,0.22,718539000.0,,718539000.0,4452106891.0,15.0,12.427,37848000.0,0.213,1.0,304312000.0,0.431,168050000.0,0.0,330395000.0,,0.0,0.0,0.0,0.0,252490000.0,237156000.0,15334000.0,4708776891.0,-21242000.0,3153000.0,25366000.0,0.0,0.0,-59090000.0,-26525000.0,0.0,64373000.0,0.0,47843000.0,47843000.0,47843000.0,0.0,0.0,0.068,230176000.0,74136000.0,51073000.0,0.0,6.553,25.302,26.5,131369000.0,0.0,26.5,1.744,1.744,390369000.0,388954000.0,705888000.0,705888000.0,0.0,,,,,4565000.0,228842000.0,1.0,177689694.0,177689694.0,,3.973,802979000.0,42049000.0,29699000.0,15412000.0,4.519,434454000.0
83,RHI,MRQ,2000-09-30,2000-09-30,2000-09-30,2021-08-04,-5272000.0,968588000.0,,676725000.0,291863000.0,,3.996,-19471000.0,260434000.0,260434000.0,393649000.0,48037000.0,2.794,0.356,3764000.0,1209000.0,2555000.0,3764000.0,0.0,14239000.0,0.0,0.0,0.0,77856000.0,92095000.0,0.134,92095000.0,77856000.0,77856000.0,0.27,0.26,0.27,714193000.0,,714193000.0,5974396822.0,21.0,17.618,53666000.0,0.3,1.0,295936000.0,0.429,173122000.0,0.0,296632000.0,,0.0,0.0,0.0,0.0,254395000.0,242164000.0,12231000.0,6200400822.0,31806000.0,-2460000.0,0.0,8000.0,0.0,-19400000.0,-21931000.0,0.0,73137000.0,0.0,48037000.0,48037000.0,48037000.0,0.0,0.0,0.07,221199000.0,74737000.0,39753000.0,0.0,8.682,35.249,35.398,118741000.0,0.0,34.69,2.419,2.419,376435000.0,403902000.0,689585000.0,689585000.0,0.0,,,,,5999000.0,219880000.0,1.0,178737412.0,178737412.0,,3.858,795466000.0,0.0,29819000.0,18512000.0,4.45,434561000.0
84,RHI,MRQ,2000-06-30,2000-06-30,2000-06-30,2021-08-04,-3855000.0,914637000.0,,629539000.0,285098000.0,,3.786,-14544000.0,228628000.0,228628000.0,381534000.0,46843000.0,2.759,0.361,2624000.0,44000.0,2580000.0,2624000.0,0.0,13658000.0,0.0,0.0,0.0,75921000.0,89579000.0,0.134,89579000.0,75921000.0,75921000.0,0.26,0.25,0.26,672271000.0,,672271000.0,4855466680.0,18.0,15.425,42375000.0,0.239,1.0,289466000.0,0.431,172068000.0,0.0,288403000.0,,0.0,0.0,0.0,0.0,242366000.0,228162000.0,14204000.0,5057435680.0,24021000.0,-693000.0,0.0,-14000.0,0.0,-17661000.0,-15237000.0,0.0,56919000.0,0.0,46843000.0,46843000.0,46843000.0,0.0,0.0,0.07,216003000.0,73463000.0,39249000.0,0.0,7.523,31.139,31.644,113030000.0,0.0,28.48,2.105,2.105,364254000.0,382142000.0,671000000.0,671000000.0,0.0,,,,,13740000.0,214752000.0,1.0,177578500.0,177578500.0,,3.779,742569000.0,0.0,29078000.0,14139000.0,4.182,401377000.0
85,RHI,MRQ,2000-03-31,2000-03-31,2000-03-31,2021-08-04,-3192000.0,859126000.0,,574044000.0,285082000.0,,3.51,-13452000.0,204607000.0,204607000.0,361797000.0,43380000.0,2.624,0.382,2638000.0,54000.0,2584000.0,2638000.0,0.0,13430000.0,0.0,0.0,0.0,70308000.0,83738000.0,0.132,83738000.0,70308000.0,70308000.0,0.24,0.24,0.24,621752000.0,,621752000.0,4052941940.0,16.0,13.947,59187000.0,0.334,1.0,271049000.0,0.428,173519000.0,0.0,264872000.0,,0.0,0.0,0.0,0.0,237374000.0,218766000.0,18608000.0,4200520940.0,53533000.0,0.0,0.0,-542000.0,0.0,-5654000.0,-13452000.0,0.0,72639000.0,0.0,43380000.0,43380000.0,43380000.0,0.0,0.0,0.069,202197000.0,68852000.0,32830000.0,0.0,6.756,28.095,28.572,111563000.0,0.0,23.715,1.884,1.884,339125000.0,364906000.0,632846000.0,632846000.0,0.0,,,,,374000.0,200944000.0,1.0,177125066.0,177125066.0,,3.573,685607000.0,0.0,26928000.0,34639000.0,3.871,355278000.0
86,RHI,MRQ,1999-12-31,1999-12-31,1999-12-31,2021-08-04,-2419000.0,777188000.0,,490539000.0,286649000.0,,3.211,-17813000.0,151074000.0,151074000.0,331449000.0,37643000.0,2.784,0.349,3495000.0,898000.0,2597000.0,3495000.0,0.0,11159000.0,0.0,0.0,0.0,62528000.0,73687000.0,0.129,73687000.0,62528000.0,62528000.0,0.21,0.21,0.21,576103000.0,,576103000.0,2382966188.0,10.0,8.703,7672000.0,0.043,1.0,238362000.0,0.418,175747000.0,0.0,277655000.0,,0.0,0.0,0.0,0.0,201085000.0,176207000.0,24878000.0,2562004188.0,-31773000.0,0.0,1968000.0,0.0,0.0,-39445000.0,-17813000.0,0.0,25485000.0,0.0,37643000.0,37643000.0,37643000.0,0.0,0.0,0.066,177290000.0,61072000.0,29835000.0,0.0,4.447,18.114,18.308,110902000.0,0.0,14.28,1.231,1.231,309278000.0,329469000.0,569811000.0,569811000.0,0.0,,,,,1068000.0,176037000.0,1.0,179412058.0,179412058.0,,3.176,601441000.0,0.0,24885000.0,22345000.0,3.352,314332000.0
87,RHI,MRQ,1999-09-30,1999-09-30,1999-09-30,2021-08-04,-1726000.0,778198000.0,,502591000.0,275607000.0,,3.124,-9275000.0,182847000.0,182847000.0,308058000.0,34549000.0,2.754,0.362,3809000.0,1198000.0,2611000.0,3809000.0,0.0,10523000.0,0.0,0.0,0.0,57243000.0,67766000.0,0.128,67766000.0,57243000.0,57243000.0,0.19,0.19,0.19,571195000.0,,571195000.0,1988017442.0,9.0,7.456,43958000.0,0.24,1.0,221404000.0,0.418,172527000.0,0.0,244123000.0,,0.0,0.0,0.0,0.0,207003000.0,182510000.0,24493000.0,2171561442.0,-5128000.0,0.0,0.0,7000.0,0.0,-49086000.0,-9275000.0,0.0,53233000.0,0.0,34549000.0,34549000.0,34549000.0,0.0,0.0,0.065,165922000.0,55482000.0,42040000.0,0.0,3.802,15.614,15.422,103080000.0,0.0,11.875,1.091,1.091,291367000.0,331596000.0,529462000.0,529462000.0,0.0,,,,,8785000.0,164668000.0,1.0,182868332.0,182868332.0,,2.895,605671000.0,0.0,22694000.0,25878000.0,3.312,320081000.0
88,RHI,MRQ,1999-06-30,1999-06-30,1999-06-30,2021-08-04,-2577000.0,759691000.0,,481318000.0,278373000.0,,3.121,-9519000.0,187975000.0,187975000.0,292670000.0,33939000.0,2.931,0.332,4431000.0,1807000.0,2624000.0,4431000.0,0.0,9467000.0,0.0,0.0,0.0,55943000.0,65410000.0,0.132,65410000.0,55943000.0,55943000.0,0.19,0.18,0.19,570520000.0,,570520000.0,2186822971.0,9.0,8.289,33718000.0,0.184,1.0,204390000.0,0.411,174382000.0,0.0,237533000.0,,0.0,0.0,0.0,0.0,189171000.0,164232000.0,24939000.0,2358727971.0,11653000.0,0.0,0.0,14000.0,0.0,-22065000.0,-9519000.0,0.0,43237000.0,0.0,33939000.0,33939000.0,33939000.0,0.0,0.0,0.068,149964000.0,54426000.0,27934000.0,0.0,4.134,16.909,16.76,103991000.0,0.0,12.905,1.221,1.221,267508000.0,337906000.0,497060000.0,497060000.0,0.0,,,,,0.0,148710000.0,1.0,182776286.0,182776286.0,,2.719,585309000.0,0.0,22004000.0,32302000.0,3.202,317086000.0
89,RHI,MRQ,1999-03-31,1999-03-31,1999-03-31,2021-08-04,-2173000.0,734662000.0,,455458000.0,279204000.0,,3.037,-15951000.0,176322000.0,176322000.0,287093000.0,35310000.0,2.963,0.328,4417000.0,985000.0,3432000.0,4417000.0,0.0,7965000.0,0.0,0.0,0.0,58983000.0,66948000.0,0.138,66948000.0,58983000.0,58983000.0,0.195,0.19,0.195,553386000.0,,553386000.0,2827628826.0,12.0,10.934,19437000.0,0.107,1.0,197895000.0,0.408,176370000.0,0.0,232668000.0,,0.0,0.0,0.0,0.0,181276000.0,153719000.0,27557000.0,2988976826.0,10262000.0,0.0,0.0,20000.0,0.0,-9175000.0,-15951000.0,0.0,35388000.0,0.0,35310000.0,35310000.0,35310000.0,0.0,0.0,0.073,140219000.0,57676000.0,25228000.0,0.0,5.401,21.684,21.728,102834000.0,0.0,16.405,1.593,1.593,255524000.0,327278000.0,484988000.0,484988000.0,0.0,,,,,0.0,138990000.0,1.0,182199136.0,182199136.0,,2.662,558292000.0,0.0,23673000.0,32336000.0,3.064,301739000.0
90,RHI,MRQ,1998-12-31,1998-12-31,1998-12-31,2021-08-04,-1244000.0,703719000.0,,430406000.0,273313000.0,,2.855,-19709000.0,166060000.0,166060000.0,285432000.0,35276000.0,2.816,0.347,4712000.0,1308000.0,3404000.0,4712000.0,0.0,7238000.0,0.0,0.0,0.0,59278000.0,66516000.0,0.139,66516000.0,59278000.0,59278000.0,0.195,0.185,0.195,522470000.0,,522470000.0,3909579083.0,18.0,15.905,54661000.0,0.299,1.0,193510000.0,0.404,178363000.0,0.0,211163000.0,,0.0,0.0,0.0,0.0,181249000.0,152845000.0,28404000.0,4071407083.0,-759000.0,0.0,0.0,35000.0,0.0,-55420000.0,-19709000.0,0.0,74370000.0,0.0,35276000.0,35276000.0,35276000.0,0.0,0.0,0.074,135395000.0,58115000.0,29438000.0,0.0,7.793,30.942,30.903,94950000.0,0.0,22.25,2.271,2.271,240690000.0,309804000.0,478942000.0,478942000.0,0.0,,,,,33756000.0,134129000.0,1.0,182984588.0,182984588.0,,2.617,525356000.0,0.0,24002000.0,28810000.0,2.871,277561000.0
91,RHI,MRQ,1998-09-30,1998-09-30,1998-09-30,2021-08-04,-1026000.0,691461000.0,,431648000.0,259813000.0,,2.748,-16064000.0,166819000.0,166819000.0,280617000.0,34974000.0,2.774,0.365,4991000.0,1346000.0,3645000.0,4991000.0,0.0,6427000.0,0.0,0.0,0.0,58530000.0,64957000.0,0.138,64957000.0,58530000.0,58530000.0,0.19,0.185,0.19,506380000.0,,506380000.0,3793727384.0,18.0,16.495,17057000.0,0.093,1.0,190033000.0,0.404,177945000.0,0.0,196098000.0,,0.0,0.0,0.0,0.0,185081000.0,155590000.0,29491000.0,3979767384.0,-24506000.0,-4187000.0,0.0,21000.0,0.0,-37376000.0,-20251000.0,0.0,33121000.0,0.0,34974000.0,34974000.0,34974000.0,0.0,0.0,0.074,133236000.0,56797000.0,23081000.0,0.0,7.859,32.293,32.231,81868000.0,0.0,21.595,2.365,2.365,233444000.0,304239000.0,470650000.0,470650000.0,0.0,,,,,0.0,131972000.0,1.0,184291150.0,184291150.0,,2.554,513516000.0,0.0,23556000.0,34432000.0,2.786,276058000.0
92,RHI,MRQ,1998-06-30,1998-06-30,1998-06-30,2021-08-04,-1551000.0,678376000.0,,433346000.0,245030000.0,,2.726,-15315000.0,191325000.0,191325000.0,264460000.0,32280000.0,2.843,0.352,5285000.0,1050000.0,4235000.0,5285000.0,0.0,5758000.0,0.0,0.0,0.0,54426000.0,60184000.0,0.136,60184000.0,54426000.0,54426000.0,0.175,0.17,0.175,501574000.0,,501574000.0,4987167595.0,26.0,23.599,29623000.0,0.161,1.0,177693000.0,0.402,173747000.0,0.0,166145000.0,,0.0,0.0,0.0,0.0,176802000.0,152444000.0,24358000.0,5140038595.0,32893000.0,0.0,0.0,39000.0,0.0,3270000.0,-15315000.0,0.0,44938000.0,0.0,32280000.0,32280000.0,32280000.0,0.0,0.0,0.073,124785000.0,52908000.0,22130000.0,0.0,10.248,45.529,45.431,71283000.0,0.0,27.94,3.313,3.313,217479000.0,312768000.0,442153000.0,442153000.0,0.0,,,,,0.0,123555000.0,1.0,183967022.0,183967022.0,,2.403,504629000.0,0.0,22146000.0,27294000.0,2.743,280902000.0
93,RHI,MRQ,1998-03-31,1998-03-31,1998-03-31,2021-08-04,-1388000.0,618317000.0,,382032000.0,236285000.0,,2.516,-16141000.0,158432000.0,158432000.0,240325000.0,29050000.0,2.836,0.341,5561000.0,1294000.0,4267000.0,5561000.0,0.0,5213000.0,0.0,0.0,0.0,48942000.0,54155000.0,0.135,54155000.0,48942000.0,48942000.0,0.16,0.155,0.16,461103000.0,,461103000.0,4275812496.0,25.0,22.146,20513000.0,0.112,1.0,160971000.0,0.401,175599000.0,0.0,155144000.0,,0.0,0.0,0.0,0.0,157214000.0,134703000.0,22511000.0,4399004496.0,27083000.0,0.0,0.0,-2281000.0,0.0,6570000.0,-16141000.0,0.0,36654000.0,0.0,29050000.0,29050000.0,29050000.0,0.0,0.0,0.072,113203000.0,47768000.0,26193000.0,0.0,9.54,42.781,42.478,60686000.0,0.0,24.0,3.095,3.095,205551000.0,286801000.0,401296000.0,401296000.0,0.0,,,,,0.0,111970000.0,1.0,183291854.0,183291854.0,,2.189,442718000.0,0.0,19892000.0,17757000.0,2.415,247329000.0
94,RHI,MRQ,1997-12-31,1997-12-31,1997-12-31,2021-08-04,-1347000.0,561367000.0,,334005000.0,227362000.0,,2.285,-7408000.0,131349000.0,131349000.0,222381000.0,26936000.0,2.736,0.34,8157000.0,3627000.0,4530000.0,8157000.0,0.0,4964000.0,0.0,0.0,0.0,45728000.0,50692000.0,0.138,50692000.0,45728000.0,45728000.0,0.145,0.145,0.145,418800000.0,,418800000.0,,,,4331000.0,0.024,1.0,146096000.0,0.396,177425000.0,0.0,138655000.0,,0.0,0.0,0.0,0.0,142567000.0,122095000.0,20472000.0,3665837080.0,554000.0,0.0,-9738000.0,49000.0,0.0,-3777000.0,-7408000.0,0.0,11739000.0,0.0,26936000.0,26936000.0,26936000.0,0.0,0.0,0.073,101718000.0,44378000.0,20285000.0,0.0,8.753,39.124,38.835,49937000.0,0.0,20.0,2.814,2.814,186899000.0,267444000.0,368477000.0,368477000.0,0.0,,,,,0.0,100485000.0,1.0,183291854.0,183291854.0,,2.01,383942000.0,0.0,18792000.0,18200000.0,2.095,211910000.0
95,RHI,MRQ,1997-09-30,1997-09-30,1997-09-30,2021-08-04,,,,,,,,-7934000.0,,,204554000.0,24631000.0,,,,,,,,4585000.0,,0.0,0.0,41710000.0,46295000.0,0.136,46295000.0,41710000.0,41710000.0,0.135,0.13,0.135,,,,,,,20547000.0,,1.0,135200000.0,0.398,,0.0,,,,,,,,,,,24364000.0,0.0,3768000.0,49000.0,0.0,3817000.0,-7934000.0,0.0,28481000.0,0.0,24631000.0,24631000.0,24631000.0,0.0,0.0,0.072,94644000.0,40556000.0,,0.0,,,,,0.0,20.69,,,,,339754000.0,339754000.0,0.0,,,,,0.0,93411000.0,1.0,,,,,,,17079000.0,,,
96,RHI,MRQ,1997-06-30,1997-06-30,1997-06-30,2021-08-04,,,,,,,,-6747000.0,,,187482000.0,22210000.0,,,,,,,,4318000.0,,0.0,0.0,37613000.0,41931000.0,0.135,41931000.0,37613000.0,37613000.0,0.125,0.12,0.125,,,,,,,15365000.0,,1.0,124140000.0,0.398,,0.0,,,,,,,,,,,18813000.0,-71000.0,3872000.0,-353000.0,0.0,3519000.0,-6818000.0,0.0,22112000.0,0.0,22210000.0,22210000.0,22210000.0,0.0,0.0,0.071,87464000.0,36676000.0,,0.0,,,,,0.0,15.71,,,,,311622000.0,311622000.0,0.0,,,,,0.0,86229000.0,1.0,,,,,,,15403000.0,,,
97,RHI,MRQ,1997-03-31,1997-03-31,1997-03-31,2021-08-04,,,,,,,,-9869000.0,,,171129000.0,19920000.0,,,,,,,,3785000.0,,0.0,0.0,33777000.0,37562000.0,0.133,37562000.0,33777000.0,33777000.0,0.11,0.105,0.11,,,,,,,9756000.0,,1.0,111894000.0,0.395,,0.0,,,,,,,,,,,7437000.0,-3267000.0,2098000.0,-1150000.0,0.0,948000.0,-13136000.0,0.0,19625000.0,0.0,19920000.0,19920000.0,19920000.0,0.0,0.0,0.07,78866000.0,33028000.0,,0.0,,,,,0.0,11.627,,,,,283023000.0,283023000.0,0.0,,,,,0.0,77641000.0,1.0,,,,,,,13857000.0,,,
98,RHI,MRQ,1996-12-31,1996-12-31,1996-12-31,2021-08-04,23000.0,416012000.0,,214630000.0,201382000.0,,,,80181000.0,80181000.0,,,2.48,0.349,6611000.0,1542000.0,5069000.0,6611000.0,0.0,,0.0,0.0,0.0,,,,,,,,,,308445000.0,,308445000.0,,,,,,1.0,,,174663000.0,,81218000.0,,0.0,0.0,0.0,0.0,107567000.0,86561000.0,21006000.0,,,,,,,,,,,,,,,,,,,,15049000.0,,,,32.966,26719000.0,,11.373,,,125383000.0,194691000.0,,,,,,,,,,1.0,,,,,241349000.0,0.0,,19820000.0,,128069000.0
0,RHI,MRT,2021-06-30,2021-06-30,2021-06-30,2021-08-04,-9092000.0,2741368000.0,2606763250.0,2053229000.0,688139000.0,2.1,11.359,-27227000.0,542805000.0,542805000.0,3264688000.0,429976000.0,1.716,1.177,281125000.0,79668000.0,201457000.0,281125000.0,0.0,84373000.0,0.0,0.016,1.44,586214000.0,670587000.0,0.123,670587000.0,586214000.0,586063000.0,3.85,3.81,3.85,1259250000.0,1214066750.0,1259250000.0,9823745270.0,17.0,14.649,376831000.0,3.399,1.0,2208256000.0,0.403,227667000.0,151000.0,1055709000.0,1032165500.0,0.0,0.0,0.0,0.0,1482118000.0,1196312000.0,285806000.0,10034089270.0,41320000.0,-15836000.0,-234509000.0,-228000.0,-163498000.0,-398235000.0,21363000.0,0.0,404058000.0,14134000.0,429976000.0,429976000.0,429976000.0,0.0,0.0,0.079,1728819000.0,479437000.0,146215000.0,0.374,7.968,23.336,23.109,341399000.0,0.0,88.97,1.833,1.802,907947000.0,60174000.0,5472944000.0,5472944000.0,0.0,0.165,0.354,0.568,0.107,54011000.0,1727116000.0,1.0,112780592.0,110861000.0,111889000.0,49.368,2513701000.0,119073000.0,156087000.0,25203000.0,22.674,856917000.0
1,RHI,MRT,2021-03-31,2021-03-31,2021-03-31,2021-08-04,-13529000.0,2565169000.0,2522015500.0,1873920000.0,691249000.0,1.983,10.749,-28840000.0,497930000.0,497930000.0,3040770000.0,326959000.0,1.741,1.142,287586000.0,79392000.0,208194000.0,287586000.0,0.0,86855000.0,0.0,0.018,1.4,440120000.0,526975000.0,0.105,526975000.0,440120000.0,440225000.0,2.91,2.89,2.91,1197699000.0,1188430750.0,1197699000.0,8559943352.0,19.0,16.244,510818000.0,4.584,1.0,1959919000.0,0.392,228043000.0,-105000.0,1050196000.0,1016623750.0,0.0,0.0,0.0,0.0,1367470000.0,1076586000.0,290884000.0,8831657352.0,248016000.0,-15836000.0,-168669000.0,-223000.0,-159736000.0,-328628000.0,22362000.0,0.0,539658000.0,14624000.0,326959000.0,326959000.0,326959000.0,0.0,0.0,0.065,1647693000.0,312226000.0,121686000.0,0.481,7.374,27.012,26.828,352313000.0,0.0,78.07,1.766,1.74,799673000.0,16962000.0,5000689000.0,5000689000.0,0.0,0.13,0.275,0.433,0.088,53143000.0,1646236000.0,1.0,113124854.0,111424000.0,112496000.0,44.88,2337126000.0,110893000.0,113266000.0,29957000.0,20.975,797334000.0
2,RHI,MRT,2020-12-31,2020-12-31,2020-12-31,2021-08-04,-4732000.0,2557424000.0,2449436250.0,1842738000.0,714686000.0,2.086,10.692,-33377000.0,574426000.0,574426000.0,3096389000.0,306276000.0,1.761,1.122,302712000.0,78843000.0,223869000.0,302712000.0,0.0,81899000.0,0.0,0.022,1.36,421882000.0,503781000.0,0.099,503781000.0,421882000.0,421882000.0,2.72,2.7,2.72,1205289000.0,1171487250.0,1205289000.0,6834473587.0,16.0,13.566,563151000.0,4.996,1.0,2012611000.0,0.394,228649000.0,0.0,1010435000.0,1048319500.0,0.0,0.0,0.0,0.0,1352135000.0,1046626000.0,305509000.0,7121472587.0,303948000.0,-15836000.0,-159172000.0,-218000.0,-155935000.0,-315325000.0,9461000.0,0.0,596528000.0,13284000.0,306276000.0,306276000.0,306276000.0,0.0,0.0,0.06,1667260000.0,345351000.0,130770000.0,0.5,5.909,23.252,22.971,372505000.0,0.0,62.48,1.394,1.379,714163000.0,29936000.0,5109000000.0,5109000000.0,0.0,0.125,0.261,0.402,0.083,52486000.0,1666041000.0,1.0,113980035.0,112729000.0,113318000.0,45.321,2328775000.0,113532000.0,115606000.0,4015000.0,20.658,796112000.0
3,RHI,MRT,2020-09-30,2020-09-30,2020-09-30,2021-08-04,-15996000.0,2563092000.0,2387932250.0,1853681000.0,709411000.0,2.237,10.585,-43204000.0,587000000.0,587000000.0,3207169000.0,324702000.0,1.761,1.147,300001000.0,76803000.0,223198000.0,300001000.0,0.0,78812000.0,0.0,0.025,1.33,446439000.0,525251000.0,0.098,525251000.0,446439000.0,446544000.0,2.86,2.85,2.86,1194029000.0,1156085750.0,1194029000.0,5848025941.0,13.0,11.134,602060000.0,5.337,1.0,2135130000.0,0.4,210986000.0,-105000.0,1012322000.0,1086197750.0,0.0,0.0,0.0,0.0,1369063000.0,1052785000.0,316278000.0,6068783941.0,274259000.0,0.0,-154501000.0,-214000.0,-153230000.0,-307945000.0,-72041000.0,0.0,645264000.0,8981000.0,324702000.0,324702000.0,324702000.0,0.0,0.0,0.061,1746142000.0,388988000.0,132651000.0,0.465,5.083,18.69,18.51,377622000.0,0.0,52.94,1.136,1.118,690259000.0,42802000.0,5342299000.0,5342299000.0,0.0,0.136,0.281,0.411,0.084,53120000.0,1744801000.0,1.0,114635133.0,112809000.0,113355000.0,47.357,2352106000.0,120803000.0,121842000.0,15583000.0,20.85,800896000.0
4,RHI,MRT,2020-06-30,2020-06-30,2020-06-30,2021-08-04,-27152000.0,2402377000.0,2325051750.0,1720148000.0,682229000.0,2.454,10.249,-53103000.0,501485000.0,501485000.0,3390472000.0,366134000.0,1.76,1.077,280727000.0,75324000.0,205403000.0,280727000.0,0.0,76200000.0,0.0,0.025,1.3,507711000.0,583911000.0,0.102,583911000.0,507711000.0,507816000.0,3.21,3.19,3.21,1156706000.0,1135536000.0,1156706000.0,6080812445.0,12.0,10.414,644641000.0,5.712,1.0,2314062000.0,0.406,210910000.0,-105000.0,993542000.0,1103485250.0,0.0,0.0,0.0,0.0,1245671000.0,977167000.0,268504000.0,6054436445.0,232045000.0,0.0,-213895000.0,-209000.0,-150587000.0,-364691000.0,-97424000.0,0.0,697744000.0,-3584000.0,366134000.0,366134000.0,366134000.0,0.0,0.0,0.064,1840185000.0,473877000.0,142492000.0,0.405,5.234,16.536,16.458,366250000.0,0.0,52.83,1.061,1.045,665409000.0,29697000.0,5704534000.0,5704534000.0,0.0,0.157,0.322,0.46,0.089,51946000.0,1838839000.0,1.0,114602242.0,112865000.0,113121000.0,50.543,2191467000.0,105069000.0,141682000.0,44439000.0,19.417,742981000.0
5,RHI,MRT,2020-03-31,2020-03-31,2020-03-31,2021-08-04,-33686000.0,2274852000.0,2284312250.0,1606655000.0,668197000.0,2.676,9.983,-61070000.0,249914000.0,249914000.0,3577525000.0,434550000.0,1.759,1.013,276290000.0,71522000.0,204768000.0,276290000.0,0.0,72794000.0,0.0,0.034,1.27,609895000.0,682689000.0,0.112,682689000.0,609895000.0,609895000.0,3.78,3.76,3.78,1129925000.0,1123666250.0,1129925000.0,4349143213.0,7.0,6.371,456406000.0,4.032,1.0,2535068000.0,0.415,210895000.0,0.0,1176979000.0,1134684500.0,0.0,0.0,0.0,0.0,1144927000.0,913354000.0,231573000.0,4345795213.0,-19731000.0,0.0,-275160000.0,-204000.0,-148220000.0,-423584000.0,-107408000.0,0.0,517476000.0,-6215000.0,434550000.0,434550000.0,434550000.0,0.0,0.0,0.071,1911122000.0,623946000.0,137345000.0,0.336,3.846,10.001,9.987,368480000.0,0.0,37.75,0.711,0.699,853529000.0,22485000.0,6112593000.0,6112593000.0,0.0,0.19,0.387,0.538,0.1,50581000.0,1909765000.0,1.0,115120403.0,113187000.0,113858000.0,54.004,2063957000.0,88822000.0,175345000.0,19758000.0,18.235,693301000.0
6,RHI,MRT,2019-12-31,2019-12-31,2019-12-31,2021-08-04,-19986000.0,2311408000.0,2266751000.0,1628849000.0,682559000.0,2.68,9.889,-59464000.0,270478000.0,270478000.0,3549303000.0,454433000.0,1.732,1.021,273826000.0,71626000.0,202200000.0,273826000.0,0.0,69249000.0,0.0,0.02,1.24,625515000.0,694764000.0,0.114,694764000.0,625515000.0,625515000.0,3.93,3.9,3.93,1143683000.0,1110442250.0,1143683000.0,7290885479.0,12.0,10.494,460165000.0,3.979,1.0,2525129000.0,0.416,212116000.0,0.0,1161948000.0,1115094250.0,0.0,0.0,0.0,0.0,1167725000.0,940692000.0,227033000.0,7331500479.0,-6101000.0,0.0,-277535000.0,-200000.0,-145631000.0,-423366000.0,-102138000.0,0.0,519629000.0,-226000.0,454433000.0,454433000.0,454433000.0,0.0,0.0,0.075,1959656000.0,565473000.0,123841000.0,0.316,6.41,16.133,16.069,369414000.0,0.0,63.15,1.207,1.202,832797000.0,36067000.0,6074432000.0,6074432000.0,0.0,0.2,0.409,0.561,0.103,48300000.0,1958295000.0,1.0,116096603.0,115656000.0,116411000.0,52.522,2099292000.0,101029000.0,171082000.0,1623000.0,18.151,688157000.0
7,RHI,MRT,2019-09-30,2019-09-30,2019-09-30,2021-08-04,-25871000.0,2311570000.0,2164673250.0,1631183000.0,680387000.0,2.78,9.653,-60436000.0,312741000.0,312741000.0,3506238000.0,455155000.0,1.669,1.079,272126000.0,71067000.0,201059000.0,272126000.0,0.0,67438000.0,0.0,0.022,1.21,626251000.0,693689000.0,0.115,693689000.0,626251000.0,626251000.0,3.89,3.87,3.89,1111830000.0,1090321000.0,1111830000.0,6544576483.0,10.0,9.434,501615000.0,4.355,1.0,2512467000.0,0.417,212043000.0,0.0,1081472000.0,973240250.0,0.0,0.0,0.0,0.0,1199740000.0,977440000.0,222300000.0,6543445483.0,-48999000.0,0.0,-351155000.0,-195000.0,-143429000.0,-494779000.0,-106868000.0,0.0,562051000.0,-9403000.0,455155000.0,455155000.0,455155000.0,0.0,0.0,0.076,1881393000.0,631074000.0,126820000.0,0.311,5.885,14.376,14.308,367589000.0,0.0,55.66,1.087,1.065,852843000.0,23595000.0,6018705000.0,6018705000.0,0.0,0.21,0.417,0.643,0.104,46756000.0,1880000000.0,1.0,117561004.0,115181000.0,115868000.0,52.254,2099527000.0,100755000.0,171096000.0,6122000.0,18.228,653743000.0
8,RHI,MRT,2019-06-30,2019-06-30,2019-06-30,2021-08-04,-15860000.0,2239419000.0,2095507500.0,1564919000.0,674500000.0,2.831,9.531,-53848000.0,269440000.0,269440000.0,3456142000.0,453216000.0,1.721,1.019,270571000.0,70384000.0,200187000.0,270571000.0,0.0,65436000.0,0.0,0.021,1.18,614374000.0,679810000.0,0.115,679810000.0,614374000.0,614374000.0,3.83,3.81,3.83,1109227000.0,1092174000.0,1109227000.0,6766606811.0,11.0,9.954,502337000.0,4.316,1.0,2476657000.0,0.417,212701000.0,0.0,1118339000.0,843763000.0,0.0,0.0,0.0,0.0,1130192000.0,909510000.0,220682000.0,6758965811.0,-39216000.0,0.0,-349124000.0,-191000.0,-141398000.0,-490713000.0,-99150000.0,0.0,556185000.0,-5538000.0,453216000.0,453216000.0,453216000.0,0.0,0.0,0.076,1855976000.0,620681000.0,127482000.0,0.308,6.093,14.913,14.885,368694000.0,0.0,57.01,1.139,1.118,842294000.0,22868000.0,5932799000.0,5932799000.0,0.0,0.216,0.415,0.728,0.104,45922000.0,1854493000.0,1.0,118557548.0,116381000.0,116988000.0,50.977,2026718000.0,93105000.0,161158000.0,15013000.0,17.415,655409000.0
9,RHI,MRT,2019-03-31,2019-03-31,2019-03-31,2021-08-04,-18006000.0,2204607000.0,2019048500.0,1532017000.0,672590000.0,2.909,9.2,-47189000.0,269645000.0,269645000.0,3427234000.0,447919000.0,1.701,1.047,277286000.0,71269000.0,206017000.0,277286000.0,0.0,65227000.0,0.0,0.018,1.15,604346000.0,669573000.0,0.114,669573000.0,604346000.0,604346000.0,3.75,3.72,3.75,1077029000.0,1092241750.0,1077029000.0,7483232408.0,12.0,11.176,535994000.0,4.578,1.0,2446234000.0,0.416,212900000.0,0.0,1098618000.0,714784250.0,0.0,0.0,0.0,0.0,1127578000.0,900730000.0,226848000.0,7759154408.0,-22342000.0,0.0,-357363000.0,-188000.0,-139391000.0,-496942000.0,-93039000.0,0.0,583183000.0,-15544000.0,447919000.0,447919000.0,447919000.0,0.0,0.0,0.076,1835545000.0,610689000.0,131722000.0,0.307,7.204,17.323,17.376,374213000.0,0.0,65.16,1.321,1.299,826366000.0,4485000.0,5873468000.0,5873468000.0,0.0,0.222,0.41,0.845,0.103,45641000.0,1833961000.0,1.0,119078490.0,117068000.0,117966000.0,50.171,1991707000.0,85477000.0,156427000.0,27394000.0,17.013,631287000.0
10,RHI,MRT,2018-12-31,2018-12-31,2018-12-31,2021-08-04,-16109000.0,1903097000.0,1941361750.0,1473610000.0,429487000.0,2.988,8.822,-42484000.0,276579000.0,276579000.0,3389259000.0,434288000.0,1.798,0.79,657000.0,200000.0,457000.0,657000.0,0.0,65949000.0,0.0,0.02,1.12,591602000.0,657551000.0,0.113,657551000.0,591602000.0,591602000.0,3.6,3.57,3.6,1063198000.0,1101683750.0,1063198000.0,6587335830.0,11.0,10.018,529838000.0,4.397,1.0,2411012000.0,0.416,213107000.0,0.0,594532000.0,595840500.0,0.0,0.0,0.0,0.0,839899000.0,819536000.0,20363000.0,6948371830.0,-18174000.0,0.0,-353509000.0,-183000.0,-136423000.0,-490115000.0,-88509000.0,0.0,572322000.0,-11872000.0,434288000.0,434288000.0,434288000.0,0.0,0.0,0.075,1812306000.0,598706000.0,168031000.0,0.311,6.535,15.999,15.889,125176000.0,0.0,57.2,1.198,1.188,794446000.0,0.0,5800271000.0,5800271000.0,0.0,0.224,0.394,0.993,0.102,44953000.0,1810601000.0,1.0,121475032.0,120513000.0,121602000.0,48.13,1689990000.0,91204000.0,157314000.0,12536000.0,14.023,654074000.0
11,RHI,MRT,2018-09-30,2018-09-30,2018-09-30,2021-08-04,-9792000.0,2034907000.0,1932451000.0,1612400000.0,422507000.0,2.931,9.318,-39399000.0,361740000.0,361740000.0,3321797000.0,367771000.0,1.799,0.818,704000.0,195000.0,509000.0,704000.0,0.0,66108000.0,0.0,0.015,1.08,565657000.0,631765000.0,0.112,631765000.0,565657000.0,565657000.0,3.03,3.01,3.03,1119242000.0,1112200500.0,1119242000.0,8309786050.0,15.0,13.153,474406000.0,3.95,1.0,2343098000.0,0.414,214028000.0,0.0,563563000.0,599661000.0,0.0,0.0,0.0,0.0,915665000.0,896280000.0,19385000.0,8617692050.0,13404000.0,539000.0,-280783000.0,-179000.0,-132618000.0,-413580000.0,-79591000.0,0.0,513805000.0,-7230000.0,367771000.0,367771000.0,367771000.0,0.0,0.0,0.065,1781069000.0,562029000.0,167197000.0,0.356,7.7,23.432,23.228,125175000.0,0.0,70.38,1.521,1.492,834347000.0,31313000.0,5664895000.0,5664895000.0,0.0,0.19,0.331,0.943,0.1,44028000.0,1779319000.0,1.0,122445184.0,120115000.0,121443000.0,47.162,1820879000.0,83304000.0,197886000.0,9932000.0,15.159,716120000.0
12,RHI,MRT,2018-06-30,2018-06-30,2018-06-30,2021-08-04,-6409000.0,1933583000.0,1906937250.0,1504129000.0,429454000.0,2.896,9.146,-36828000.0,308656000.0,308656000.0,3244348000.0,337229000.0,1.86,0.743,750000.0,191000.0,559000.0,750000.0,0.0,66290000.0,0.0,0.016,1.04,546022000.0,612312000.0,0.111,612312000.0,546022000.0,546022000.0,2.76,2.74,2.76,1109498000.0,1117344500.0,1109498000.0,7752731307.0,14.0,12.661,422067000.0,3.479,1.0,2279030000.0,0.413,214377000.0,0.0,602424000.0,606342500.0,0.0,0.0,0.0,0.0,824085000.0,808876000.0,15209000.0,8043923307.0,10858000.0,483000.0,-240483000.0,-175000.0,-128537000.0,-369195000.0,-77511000.0,0.0,458895000.0,-1331000.0,337229000.0,337229000.0,337229000.0,0.0,0.0,0.061,1735970000.0,543060000.0,160864000.0,0.377,7.25,23.853,23.587,130010000.0,0.0,65.1,1.456,1.43,801875000.0,29240000.0,5523378000.0,5523378000.0,0.0,0.177,0.302,0.901,0.099,43409000.0,1734168000.0,1.0,123562570.0,121307000.0,122268000.0,45.532,1719206000.0,85067000.0,208793000.0,17336000.0,14.172,695253000.0
13,RHI,MRT,2018-03-31,2018-03-31,2018-03-31,2021-08-04,9015000.0,1893860000.0,1882576000.0,1468456000.0,425404000.0,2.855,9.143,-38383000.0,291987000.0,291987000.0,3164402000.0,308230000.0,1.921,0.699,795000.0,187000.0,608000.0,795000.0,0.0,66009000.0,0.0,0.017,1.0,526654000.0,592663000.0,0.11,592663000.0,526654000.0,526654000.0,2.5,2.49,2.5,1114797000.0,1116066000.0,1114797000.0,6899588014.0,13.0,11.642,407326000.0,3.341,1.0,2210350000.0,0.411,215385000.0,0.0,622843000.0,606530000.0,0.0,0.0,0.0,0.0,779063000.0,764440000.0,14623000.0,7193501014.0,31844000.0,-1160000.0,-219526000.0,-170000.0,-125322000.0,-345018000.0,-81773000.0,0.0,445709000.0,12926000.0,308230000.0,308230000.0,308230000.0,0.0,0.0,0.057,1686007000.0,524343000.0,146110000.0,0.4,6.453,23.338,23.156,136837000.0,0.0,57.89,1.338,1.313,784889000.0,30502000.0,5374752000.0,5374752000.0,0.0,0.164,0.276,0.868,0.098,42890000.0,1684282000.0,1.0,124261548.0,121934000.0,122887000.0,44.079,1678475000.0,73182000.0,218424000.0,9726000.0,13.765,704016000.0
14,RHI,MRT,2017-12-31,2017-12-31,2017-12-31,2021-08-04,3507000.0,1867454000.0,1852913500.0,1431869000.0,435585000.0,2.842,8.903,-40753000.0,294753000.0,294753000.0,3102977000.0,290584000.0,1.915,0.69,840000.0,183000.0,657000.0,840000.0,0.0,65493000.0,0.0,0.017,0.96,517516000.0,583009000.0,0.111,583009000.0,517516000.0,517516000.0,2.34,2.33,2.34,1105265000.0,1107602500.0,1105265000.0,6614474614.0,13.0,11.345,412238000.0,3.32,1.0,2163812000.0,0.411,215831000.0,0.0,609814000.0,605853750.0,0.0,0.0,0.0,0.0,762189000.0,747896000.0,14293000.0,6961927614.0,34552000.0,-1160000.0,-231724000.0,-167000.0,-121000000.0,-352891000.0,-78497000.0,0.0,452991000.0,12949000.0,290584000.0,290584000.0,290584000.0,0.0,0.0,0.055,1648095000.0,515717000.0,126937000.0,0.41,6.299,23.958,23.735,144887000.0,0.0,55.54,1.322,1.309,732405000.0,37033000.0,5266789000.0,5266789000.0,0.0,0.157,0.262,0.854,0.098,42191000.0,1646532000.0,1.0,125349795.0,124152000.0,124892000.0,42.422,1651623000.0,74867000.0,226932000.0,7877000.0,13.303,683973000.0
15,RHI,MRT,2017-09-30,2017-09-30,2017-09-30,2021-08-04,1704000.0,1932852000.0,1830542750.0,1437323000.0,495529000.0,2.833,9.224,-48216000.0,348336000.0,348336000.0,3055712000.0,321325000.0,1.847,0.696,883000.0,179000.0,704000.0,883000.0,0.0,65679000.0,0.0,0.019,0.94,513059000.0,578738000.0,0.112,578738000.0,513059000.0,513059000.0,2.57,2.55,2.57,1139818000.0,1102936000.0,1139818000.0,6055244108.0,12.0,10.463,421908000.0,3.414,1.0,2129868000.0,0.411,216762000.0,0.0,590289000.0,609754500.0,0.0,0.0,0.0,0.0,793034000.0,778348000.0,14686000.0,6352117108.0,55885000.0,-1999000.0,-217047000.0,-164000.0,-119280000.0,-335481000.0,-83296000.0,0.0,470124000.0,4538000.0,321325000.0,321325000.0,321325000.0,0.0,0.0,0.062,1618110000.0,511758000.0,132343000.0,0.366,5.573,19.769,19.588,146607000.0,0.0,50.34,1.225,1.2,737901000.0,84416000.0,5185580000.0,5185580000.0,0.0,0.176,0.291,0.841,0.099,40049000.0,1616654000.0,1.0,126184289.0,123569000.0,124200000.0,41.965,1716090000.0,132160000.0,191734000.0,23906000.0,13.888,658975000.0
16,RHI,MRT,2017-06-30,2017-06-30,2017-06-30,2021-08-04,-5506000.0,1836138000.0,1815325000.0,1347106000.0,489032000.0,2.864,8.862,-60402000.0,297798000.0,297798000.0,3063435000.0,327194000.0,1.872,0.663,925000.0,175000.0,750000.0,925000.0,0.0,65514000.0,0.0,0.019,0.92,527113000.0,592627000.0,0.114,592627000.0,527113000.0,527113000.0,2.59,2.58,2.59,1104384000.0,1091714000.0,1104384000.0,5836535093.0,11.0,9.849,432545000.0,3.471,1.0,2135977000.0,0.411,216648000.0,0.0,603174000.0,621425250.0,0.0,0.0,0.0,0.0,731754000.0,719443000.0,12311000.0,6095712093.0,59084000.0,-2443000.0,-223585000.0,-161000.0,-117717000.0,-340443000.0,-93918000.0,0.0,492947000.0,498000.0,327194000.0,327194000.0,327194000.0,0.0,0.0,0.063,1609918000.0,526059000.0,127664000.0,0.355,5.52,18.63,18.506,153563000.0,0.0,47.93,1.172,1.149,708493000.0,66627000.0,5199412000.0,5199412000.0,0.0,0.18,0.3,0.848,0.101,40313000.0,1608617000.0,1.0,127179472.0,124617000.0,125104000.0,41.723,1619490000.0,118821000.0,199919000.0,39972000.0,12.996,627663000.0
17,RHI,MRT,2017-03-31,2017-03-31,2017-03-31,2021-08-04,-15638000.0,1775210000.0,1802042500.0,1295922000.0,479288000.0,2.905,8.611,-74481000.0,260143000.0,260143000.0,3080612000.0,338494000.0,1.899,0.642,966000.0,171000.0,795000.0,966000.0,0.0,65104000.0,0.0,0.018,0.9,545820000.0,610924000.0,0.117,610924000.0,545820000.0,545820000.0,2.66,2.65,2.66,1080943000.0,1082995000.0,1080943000.0,5981111878.0,11.0,9.79,412614000.0,3.287,1.0,2154532000.0,0.412,213295000.0,0.0,620138000.0,636337250.0,0.0,0.0,0.0,0.0,694267000.0,682600000.0,11667000.0,6240305878.0,46024000.0,-2200000.0,-216373000.0,-157000.0,-116013000.0,-331116000.0,-103342000.0,0.0,487095000.0,-6613000.0,338494000.0,338494000.0,338494000.0,0.0,0.0,0.065,1609642000.0,544890000.0,117308000.0,0.338,5.773,18.435,18.357,157782000.0,0.0,48.83,1.192,1.171,700419000.0,64187000.0,5235144000.0,5235144000.0,0.0,0.188,0.313,0.858,0.104,40781000.0,1608392000.0,1.0,127796557.0,125537000.0,126418000.0,41.702,1561915000.0,108211000.0,207326000.0,18221000.0,12.442,613322000.0
18,RHI,MRT,2016-12-31,2016-12-31,2016-12-31,2021-08-04,-20502000.0,1777971000.0,1794456000.0,1284234000.0,493737000.0,2.926,8.49,-82956000.0,260201000.0,260201000.0,3089723000.0,343389000.0,1.889,0.636,1007000.0,167000.0,840000.0,1007000.0,0.0,64315000.0,0.0,0.018,0.88,554110000.0,618425000.0,0.118,618425000.0,554110000.0,554110000.0,2.68,2.67,2.68,1086599000.0,1073997500.0,1086599000.0,5995670275.0,11.0,9.695,359125000.0,2.806,1.0,2160676000.0,0.412,213464000.0,0.0,625417000.0,647106500.0,0.0,0.0,0.0,0.0,691372000.0,679896000.0,11476000.0,6287075275.0,35624000.0,-2200000.0,-175808000.0,-154000.0,-114164000.0,-288304000.0,-112235000.0,0.0,442081000.0,-5918000.0,343389000.0,343389000.0,343389000.0,0.0,0.0,0.065,1607454000.0,553222000.0,135540000.0,0.328,5.786,18.309,18.201,161509000.0,0.0,48.78,1.197,1.189,703228000.0,84562000.0,5250399000.0,5250399000.0,0.0,0.191,0.32,0.856,0.106,40877000.0,1606217000.0,1.0,128886332.0,127991000.0,128766000.0,41.022,1564507000.0,118764000.0,210721000.0,5141000.0,12.224,604338000.0
19,RHI,MRT,2016-09-30,2016-09-30,2016-09-30,2021-08-04,-7239000.0,1871981000.0,1767724250.0,1493573000.0,378408000.0,2.993,8.58,-90061000.0,292451000.0,292451000.0,3108365000.0,359044000.0,2.047,0.71,1046000.0,163000.0,883000.0,1046000.0,0.0,61677000.0,0.0,0.023,0.86,573844000.0,635521000.0,0.12,635521000.0,573844000.0,573844000.0,2.79,2.77,2.79,1094930000.0,1053293000.0,1094930000.0,4689478556.0,8.0,7.379,388354000.0,3.043,1.0,2181555000.0,0.412,213928000.0,0.0,636972000.0,635500000.0,0.0,0.0,0.0,0.0,777051000.0,729676000.0,47375000.0,4927107556.0,40633000.0,-16568000.0,-196014000.0,-150000.0,-113354000.0,-304589000.0,-133111000.0,0.0,478415000.0,-82000.0,359044000.0,359044000.0,359044000.0,0.0,0.0,0.068,1608556000.0,572999000.0,156301000.0,0.308,4.5,13.723,13.57,161215000.0,0.0,37.86,0.931,0.913,742824000.0,90333000.0,5289920000.0,5289920000.0,0.0,0.203,0.341,0.903,0.108,38626000.0,1607436000.0,1.0,130140189.0,127615000.0,128191000.0,41.452,1658053000.0,156434000.0,214800000.0,12014000.0,12.993,763897000.0
20,RHI,MRT,2016-06-30,2016-06-30,2016-06-30,2021-08-04,-6501000.0,1783008000.0,1728547000.0,1408112000.0,374896000.0,3.045,8.317,-89274000.0,238714000.0,238714000.0,3085250000.0,365200000.0,2.107,0.667,1085000.0,160000.0,925000.0,1085000.0,0.0,58209000.0,0.0,0.022,0.84,586826000.0,645035000.0,0.123,645035000.0,586826000.0,586826000.0,2.82,2.79,2.82,1069508000.0,1031179500.0,1069508000.0,4798120662.0,8.0,7.439,329761000.0,2.565,1.0,2178847000.0,0.414,214378000.0,0.0,662822000.0,626879250.0,0.0,0.0,0.0,0.0,713500000.0,668179000.0,45321000.0,5011117662.0,-74417000.0,-16068000.0,-248189000.0,-146000.0,-111575000.0,-354977000.0,-131805000.0,0.0,419035000.0,-6670000.0,365200000.0,365200000.0,365200000.0,0.0,0.0,0.069,1592823000.0,586024000.0,151179000.0,0.298,4.685,13.722,13.532,157170000.0,0.0,38.16,0.952,0.932,732193000.0,74919000.0,5264097000.0,5264097000.0,0.0,0.211,0.354,0.936,0.111,38764000.0,1592029000.0,1.0,131318597.0,128586000.0,129329000.0,40.938,1568630000.0,147917000.0,221626000.0,9900000.0,12.199,739933000.0
21,RHI,MRT,2016-03-31,2016-03-31,2016-03-31,2021-08-04,-2308000.0,1744864000.0,1713595000.0,1380201000.0,364663000.0,3.03,8.083,-80521000.0,214119000.0,214119000.0,3039639000.0,363290000.0,2.106,0.67,1122000.0,156000.0,966000.0,1122000.0,0.0,55870000.0,0.0,0.018,0.82,586647000.0,642517000.0,0.124,642517000.0,586647000.0,586647000.0,2.79,2.75,2.79,1044953000.0,1017471250.0,1044953000.0,5885868048.0,10.0,9.161,351721000.0,2.721,1.0,2152356000.0,0.415,213335000.0,0.0,663215000.0,598370750.0,0.0,0.0,0.0,0.0,699911000.0,655317000.0,44594000.0,6109285048.0,-46766000.0,-14668000.0,-251648000.0,-144000.0,-108934000.0,-355825000.0,-121316000.0,0.0,432242000.0,-1867000.0,363290000.0,363290000.0,363290000.0,0.0,0.0,0.07,1566368000.0,585988000.0,139026000.0,0.294,5.846,16.817,16.695,147934000.0,0.0,46.58,1.177,1.16,734378000.0,57705000.0,5191995000.0,5191995000.0,0.0,0.212,0.357,0.98,0.113,37896000.0,1565888000.0,1.0,131156828.0,129281000.0,130137000.0,40.161,1531529000.0,145397000.0,223357000.0,43419000.0,11.847,724884000.0
22,RHI,MRT,2015-12-31,2015-12-31,2015-12-31,2021-08-04,-10294000.0,1671044000.0,1686700500.0,1197997000.0,473047000.0,3.021,7.619,-75057000.0,224577000.0,224577000.0,2980462000.0,357796000.0,1.827,0.665,1160000.0,153000.0,1007000.0,1160000.0,0.0,53465000.0,0.0,0.017,0.8,581030000.0,634495000.0,0.125,634495000.0,581030000.0,581030000.0,2.72,2.69,2.72,1003781000.0,1002388750.0,1003781000.0,6004207825.0,10.0,9.463,363179000.0,2.757,1.0,2114471000.0,0.415,213087000.0,0.0,578991000.0,575492500.0,0.0,0.0,0.0,0.0,667263000.0,655549000.0,11714000.0,6254829825.0,-62542000.0,-14668000.0,-269609000.0,-140000.0,-107561000.0,-368548000.0,-117950000.0,0.0,438236000.0,-14280000.0,357796000.0,357796000.0,357796000.0,0.0,0.0,0.07,1533991000.0,580480000.0,148108000.0,0.294,6.231,17.482,17.331,142906000.0,0.0,47.14,1.228,1.219,704640000.0,34467000.0,5094933000.0,5094933000.0,0.0,0.212,0.357,1.01,0.114,32530000.0,1533799000.0,1.0,132686250.0,131749000.0,132930000.0,38.672,1457957000.0,117054000.0,223234000.0,2506000.0,11.066,542448000.0
23,RHI,MRT,2015-09-30,2015-09-30,2015-09-30,2021-08-04,-6227000.0,1715272000.0,1680756250.0,1383372000.0,331900000.0,2.982,7.666,-74899000.0,251818000.0,251818000.0,2936642000.0,348406000.0,2.083,0.704,1196000.0,150000.0,1046000.0,1196000.0,0.0,52441000.0,0.0,0.015,0.78,570036000.0,622477000.0,0.124,622477000.0,570036000.0,570036000.0,2.64,2.61,2.64,1006476000.0,996408000.0,1006476000.0,6569106494.0,12.0,10.553,328220000.0,2.5,1.0,2075147000.0,0.414,197992000.0,0.0,602489000.0,565394000.0,0.0,0.0,0.0,0.0,708796000.0,664169000.0,44627000.0,6881006494.0,-39058000.0,0.0,-227202000.0,-137000.0,-105021000.0,-322185000.0,-102068000.0,0.0,403119000.0,-17924000.0,348406000.0,348406000.0,348406000.0,0.0,0.0,0.07,1505665000.0,569482000.0,134991000.0,0.295,6.837,19.75,19.379,129229000.0,0.0,51.16,1.373,1.34,731574000.0,47729000.0,5011789000.0,5011789000.0,0.0,0.207,0.35,1.008,0.114,31226000.0,1505665000.0,1.0,134499736.0,131285000.0,132488000.0,38.175,1517280000.0,141738000.0,221630000.0,20113000.0,11.557,719203000.0
24,RHI,MRT,2015-06-30,2015-06-30,2015-06-30,2021-08-04,1151000.0,1723200000.0,1658691500.0,1397434000.0,325766000.0,2.968,7.658,-69268000.0,313131000.0,313131000.0,2892813000.0,336865000.0,2.105,0.698,1231000.0,146000.0,1085000.0,1231000.0,0.0,51629000.0,0.0,0.014,0.76,549091000.0,600720000.0,0.122,600720000.0,549091000.0,549091000.0,2.54,2.51,2.54,1014675000.0,987934750.0,1014675000.0,7237081518.0,13.0,12.047,333686000.0,2.518,1.0,2030566000.0,0.412,198713000.0,0.0,548788000.0,543144500.0,0.0,0.0,0.0,0.0,708525000.0,663799000.0,44726000.0,7496700518.0,5353000.0,0.0,-187853000.0,-134000.0,-102831000.0,-280271000.0,-98286000.0,0.0,402954000.0,-19044000.0,336865000.0,336865000.0,336865000.0,0.0,0.0,0.068,1481897000.0,548669000.0,152900000.0,0.299,7.388,22.254,21.85,124649000.0,0.0,55.5,1.523,1.494,687029000.0,59588000.0,4923379000.0,4923379000.0,0.0,0.203,0.341,1.011,0.112,30813000.0,1481897000.0,1.0,135075685.0,132499000.0,133553000.0,37.158,1524487000.0,137039000.0,212226000.0,29095000.0,11.506,733635000.0
25,RHI,MRT,2015-03-31,2015-03-31,2015-03-31,2021-08-04,-5232000.0,1637286000.0,1625002750.0,1316289000.0,320997000.0,2.964,7.399,-63733000.0,260885000.0,260885000.0,2837727000.0,322299000.0,2.166,0.663,1266000.0,143000.0,1123000.0,1266000.0,0.0,50154000.0,0.0,0.012,0.74,523509000.0,573663000.0,0.119,573663000.0,523509000.0,523509000.0,2.42,2.39,2.42,984623000.0,978156250.0,984623000.0,7892885299.0,15.0,13.759,302220000.0,2.271,1.0,1978508000.0,0.411,198260000.0,0.0,571702000.0,531010750.0,0.0,0.0,0.0,0.0,652663000.0,607705000.0,44958000.0,8178705299.0,-6852000.0,0.0,-171231000.0,-131000.0,-100585000.0,-261224000.0,-91716000.0,0.0,365953000.0,-19865000.0,322299000.0,322299000.0,322299000.0,0.0,0.0,0.067,1455557000.0,522951000.0,141702000.0,0.306,8.306,25.376,25.008,120348000.0,0.0,60.52,1.698,1.672,661251000.0,47359000.0,4816235000.0,4816235000.0,0.0,0.198,0.329,0.986,0.109,30167000.0,1455333000.0,1.0,135140537.0,133077000.0,134286000.0,36.191,1439026000.0,128970000.0,201210000.0,35134000.0,10.813,708584000.0
26,RHI,MRT,2014-12-31,2014-12-31,2014-12-31,2021-08-04,14730000.0,1647267000.0,1591514000.0,1323283000.0,323984000.0,2.95,7.293,-62830000.0,287119000.0,287119000.0,2772098000.0,305928000.0,2.123,0.681,1299000.0,140000.0,1159000.0,1299000.0,0.0,49681000.0,0.0,0.012,0.72,497349000.0,547030000.0,0.117,547030000.0,497349000.0,497349000.0,2.28,2.26,2.28,979858000.0,965037000.0,979858000.0,7647682063.0,15.0,13.98,277868000.0,2.068,1.0,1922916000.0,0.41,199488000.0,0.0,538597000.0,512767000.0,0.0,0.0,0.0,0.0,667409000.0,623362000.0,44047000.0,7937225063.0,11355000.0,0.0,-139497000.0,-128000.0,-97604000.0,-230055000.0,-88641000.0,0.0,340698000.0,-10647000.0,305928000.0,305928000.0,305928000.0,0.0,0.0,0.065,1426291000.0,496625000.0,175107000.0,0.316,8.1,25.945,25.605,121754000.0,0.0,58.38,1.691,1.671,657676000.0,36836000.0,4695014000.0,4695014000.0,0.0,0.192,0.317,0.97,0.106,33647000.0,1425734000.0,1.0,135957949.0,134358000.0,135541000.0,34.944,1447779000.0,133151000.0,191421000.0,0.0,10.776,699921000.0
27,RHI,MRT,2014-09-30,2014-09-30,2014-09-30,2021-08-04,25076000.0,1627013000.0,1552265000.0,1314505000.0,312508000.0,2.936,7.255,-57815000.0,290876000.0,290876000.0,2692053000.0,288760000.0,2.107,0.673,1333000.0,137000.0,1196000.0,1333000.0,0.0,49204000.0,0.0,0.014,0.7,467922000.0,517126000.0,0.113,517126000.0,467922000.0,467922000.0,2.14,2.11,2.14,972583000.0,949983250.0,972583000.0,6411094461.0,14.0,12.398,298165000.0,2.224,1.0,1865375000.0,0.409,200074000.0,0.0,513491000.0,497791000.0,0.0,0.0,0.0,0.0,654430000.0,623905000.0,30525000.0,6717507461.0,11129000.0,0.0,-169796000.0,-161000.0,-96327000.0,-258101000.0,-81608000.0,0.0,355980000.0,-5142000.0,288760000.0,288760000.0,288760000.0,0.0,0.0,0.063,1398252000.0,467123000.0,142661000.0,0.327,6.907,23.263,22.897,109708000.0,0.0,49.0,1.474,1.441,657105000.0,34393000.0,4557428000.0,4557428000.0,0.0,0.186,0.304,0.94,0.103,32085000.0,1397295000.0,1.0,137091989.0,134054000.0,135366000.0,33.997,1426939000.0,126894000.0,179162000.0,13060000.0,10.645,690600000.0
28,RHI,MRT,2014-06-30,2014-06-30,2014-06-30,2021-08-04,40357000.0,1588445000.0,1514187750.0,1273919000.0,314526000.0,2.911,7.243,-57706000.0,307778000.0,307778000.0,2610606000.0,269934000.0,2.193,0.628,1365000.0,134000.0,1231000.0,1365000.0,0.0,49199000.0,0.0,0.014,0.68,433274000.0,482473000.0,0.109,482473000.0,433274000.0,433274000.0,1.99,1.96,1.99,975561000.0,931533500.0,975561000.0,6297210370.0,15.0,13.052,285715000.0,2.121,1.0,1797633000.0,0.408,200889000.0,0.0,500253000.0,480045500.0,0.0,0.0,0.0,0.0,612884000.0,580890000.0,31994000.0,6563550370.0,60807000.0,0.0,-125235000.0,-171000.0,-93955000.0,-211280000.0,-78488000.0,0.0,343421000.0,7154000.0,269934000.0,269934000.0,269934000.0,0.0,0.0,0.061,1365283000.0,432350000.0,128507000.0,0.342,6.728,24.315,23.99,109918000.0,0.0,47.74,1.489,1.459,617200000.0,35436000.0,4408239000.0,4408239000.0,0.0,0.178,0.29,0.903,0.098,31959000.0,1363893000.0,1.0,137485345.0,134699000.0,135708000.0,32.727,1387556000.0,118643000.0,163340000.0,10674000.0,10.301,693029000.0
29,RHI,MRT,2014-03-31,2014-03-31,2014-03-31,2021-08-04,38476000.0,1503331000.0,1474157500.0,1187317000.0,316014000.0,2.921,6.888,-58086000.0,267737000.0,267737000.0,2555256000.0,257883000.0,2.209,0.613,1397000.0,131000.0,1266000.0,1397000.0,0.0,49125000.0,0.0,0.016,0.66,410217000.0,459342000.0,0.107,459342000.0,410217000.0,410217000.0,1.89,1.87,1.89,932146000.0,903081000.0,932146000.0,5492789457.0,13.0,11.958,282471000.0,2.087,1.0,1751297000.0,0.407,200718000.0,0.0,498727000.0,466490750.0,0.0,0.0,0.0,0.0,571185000.0,537546000.0,33639000.0,5767125457.0,42386000.0,0.0,-135304000.0,-1884000.0,-91560000.0,-220930000.0,-77752000.0,0.0,340557000.0,511000.0,257883000.0,257883000.0,257883000.0,0.0,0.0,0.06,1342016000.0,409281000.0,137936000.0,0.349,6.187,22.363,22.196,111587000.0,0.0,41.95,1.339,1.318,587249000.0,6837000.0,4306553000.0,4306553000.0,0.0,0.175,0.286,0.879,0.095,31615000.0,1340416000.0,1.0,137476173.0,135333000.0,136161000.0,31.822,1302613000.0,111566000.0,152334000.0,7242000.0,9.625,649771000.0
30,RHI,MRT,2013-12-31,2013-12-31,2013-12-31,2021-08-04,38071000.0,1490271000.0,1445261000.0,1172528000.0,317743000.0,2.938,6.754,-53725000.0,275764000.0,275764000.0,2522803000.0,252195000.0,2.188,0.62,1428000.0,128000.0,1300000.0,1428000.0,0.0,48772000.0,0.0,0.015,0.64,397579000.0,446351000.0,0.105,446351000.0,397579000.0,397579000.0,1.85,1.83,1.85,919643000.0,883675500.0,919643000.0,5541396007.0,14.0,12.415,255492000.0,1.877,1.0,1723092000.0,0.406,201389000.0,0.0,478693000.0,457775000.0,0.0,0.0,0.0,0.0,570628000.0,535853000.0,34775000.0,5819685007.0,-11871000.0,0.0,-134690000.0,-4496000.0,-89187000.0,-220270000.0,-97777000.0,0.0,309217000.0,-3041000.0,252195000.0,252195000.0,252195000.0,0.0,0.0,0.059,1326515000.0,396577000.0,139683000.0,0.346,6.328,23.076,22.697,112644000.0,0.0,41.99,1.371,1.346,551905000.0,13315000.0,4245895000.0,4245895000.0,0.0,0.174,0.285,0.869,0.094,30764000.0,1324815000.0,1.0,138596928.0,136153000.0,137589000.0,31.185,1288882000.0,112881000.0,145384000.0,0.0,9.466,636675000.0
31,RHI,MRT,2013-09-30,2013-09-30,2013-09-30,2021-08-04,39293000.0,1474704000.0,1418011000.0,1166214000.0,308490000.0,2.959,6.622,-46357000.0,279747000.0,279747000.0,2499943000.0,243929000.0,2.113,0.641,1458000.0,125000.0,1333000.0,1458000.0,0.0,48509000.0,0.0,0.016,0.63,390927000.0,439436000.0,0.105,439436000.0,390927000.0,390927000.0,1.78,1.76,1.78,898784000.0,864267500.0,898784000.0,5173628934.0,13.0,11.773,262623000.0,1.935,1.0,1696301000.0,0.404,201978000.0,0.0,442509000.0,435589000.0,0.0,0.0,0.0,0.0,575920000.0,551928000.0,23992000.0,5419112934.0,-9681000.0,-12868000.0,-131117000.0,-4461000.0,-87050000.0,-215693000.0,-100529000.0,0.0,308980000.0,-2439000.0,243929000.0,243929000.0,243929000.0,0.0,0.0,0.058,1306477000.0,389824000.0,144060000.0,0.354,6.029,22.216,21.927,102801000.0,0.0,39.03,1.291,1.262,566077000.0,11635000.0,4196244000.0,4196244000.0,0.0,0.172,0.282,0.897,0.093,32197000.0,1304966000.0,1.0,138844810.0,135727000.0,137241000.0,30.917,1272726000.0,113281000.0,146998000.0,9817000.0,9.377,614286000.0
32,RHI,MRT,2013-06-30,2013-06-30,2013-06-30,2021-08-04,32518000.0,1428324000.0,1401011750.0,1119099000.0,309225000.0,2.965,6.319,-44949000.0,246971000.0,246971000.0,2480226000.0,235231000.0,2.092,0.657,1487000.0,122000.0,1365000.0,1487000.0,0.0,48550000.0,0.0,0.019,0.62,381681000.0,430231000.0,0.104,430231000.0,381681000.0,381681000.0,1.71,1.69,1.71,861751000.0,848539500.0,861751000.0,4414902924.0,12.0,10.262,258877000.0,1.898,1.0,1674072000.0,0.403,201911000.0,0.0,446034000.0,423667250.0,0.0,0.0,0.0,0.0,566573000.0,534895000.0,31678000.0,4637045924.0,-11607000.0,-12909000.0,-131851000.0,-4440000.0,-86141000.0,-215572000.0,-95915000.0,0.0,303826000.0,-3946000.0,235231000.0,235231000.0,235231000.0,0.0,0.0,0.057,1293609000.0,380463000.0,127483000.0,0.363,5.381,19.713,19.433,101942000.0,0.0,33.23,1.116,1.091,557311000.0,59000.0,4154298000.0,4154298000.0,0.0,0.168,0.277,0.901,0.092,32375000.0,1292431000.0,1.0,139543964.0,136385000.0,137659000.0,30.46,1226413000.0,110526000.0,146450000.0,15440000.0,8.992,584204000.0
33,RHI,MRT,2013-03-31,2013-03-31,2013-03-31,2021-08-04,38008000.0,1387745000.0,1380030500.0,1076401000.0,311344000.0,2.985,6.223,-47766000.0,225351000.0,225351000.0,2462186000.0,217471000.0,2.157,0.624,3208000.0,1811000.0,1397000.0,3208000.0,0.0,48623000.0,0.0,0.016,0.61,353357000.0,401980000.0,0.098,401980000.0,353357000.0,353357000.0,1.58,1.55,1.58,854524000.0,835441750.0,854524000.0,4951248184.0,14.0,12.317,246082000.0,1.792,1.0,1657267000.0,0.402,202657000.0,0.0,463864000.0,412196250.0,0.0,0.0,0.0,0.0,533221000.0,499081000.0,34140000.0,5237338184.0,-19102000.0,-14393000.0,-129277000.0,-2718000.0,-85134000.0,-210100000.0,-98927000.0,0.0,293848000.0,-3923000.0,217471000.0,217471000.0,217471000.0,0.0,0.0,0.053,1305177000.0,352090000.0,127773000.0,0.386,6.129,24.083,23.753,103374000.0,0.0,37.53,1.271,1.251,547500000.0,0.0,4119453000.0,4119453000.0,0.0,0.158,0.26,0.857,0.086,33757000.0,1304381000.0,1.0,139550711.0,137311000.0,138394000.0,30.001,1185088000.0,104225000.0,135886000.0,25869000.0,8.631,577320000.0
34,RHI,MRT,2012-12-31,2012-12-31,2012-12-31,2021-08-04,43779000.0,1381271000.0,1360253500.0,1064685000.0,316586000.0,3.022,6.093,-50056000.0,287635000.0,287635000.0,2462153000.0,209942000.0,2.122,0.64,1545000.0,117000.0,1428000.0,1545000.0,0.0,48724000.0,0.0,0.019,0.6,344245000.0,392969000.0,0.096,392969000.0,344245000.0,344245000.0,1.51,1.5,1.51,842011000.0,825730750.0,842011000.0,4190456857.0,12.0,10.664,239121000.0,1.73,1.0,1649060000.0,0.401,203595000.0,0.0,389949000.0,401486750.0,0.0,0.0,0.0,0.0,539260000.0,501637000.0,37623000.0,4478309857.0,8299000.0,-14393000.0,-133855000.0,-107000.0,-84129000.0,-209616000.0,-73026000.0,0.0,289177000.0,1764000.0,209942000.0,209942000.0,209942000.0,0.0,0.0,0.051,1306012000.0,343048000.0,139879000.0,0.397,5.319,21.331,21.073,107680000.0,0.0,31.82,1.089,1.07,512852000.0,0.0,4111213000.0,4111213000.0,0.0,0.154,0.254,0.857,0.084,32989000.0,1305614000.0,1.0,140738839.0,138201000.0,139409000.0,29.748,1177676000.0,102993000.0,134303000.0,0.0,8.521,563048000.0
35,RHI,MRT,2012-09-30,2012-09-30,2012-09-30,2021-08-04,42719000.0,1406707000.0,1342894750.0,1104824000.0,301883000.0,3.016,6.061,-50643000.0,289428000.0,289428000.0,2430516000.0,193947000.0,2.074,0.683,1575000.0,117000.0,1458000.0,1575000.0,0.0,49298000.0,0.0,0.022,0.59,319164000.0,368462000.0,0.091,368462000.0,319164000.0,319164000.0,1.39,1.37,1.39,835872000.0,815354250.0,835872000.0,3519243734.0,11.0,9.551,237259000.0,1.72,1.0,1619957000.0,0.4,191390000.0,0.0,394822000.0,396920000.0,0.0,0.0,0.0,0.0,570835000.0,532642000.0,38193000.0,3776220734.0,46702000.0,-1525000.0,-104307000.0,-75000.0,-82970000.0,-181124000.0,-59975000.0,0.0,287902000.0,-101000.0,193947000.0,193947000.0,193947000.0,0.0,0.0,0.048,1302013000.0,317944000.0,141909000.0,0.424,4.518,19.47,19.158,105184000.0,0.0,26.63,0.932,0.907,556590000.0,8685000.0,4050473000.0,4050473000.0,0.0,0.144,0.238,0.804,0.079,37376000.0,1301791000.0,1.0,141803257.0,137918000.0,139141000.0,29.369,1215317000.0,106971000.0,125217000.0,24319000.0,8.812,572182000.0
36,RHI,MRT,2012-06-30,2012-06-30,2012-06-30,2021-08-04,38507000.0,1344399000.0,1318351750.0,1040664000.0,303735000.0,3.036,5.84,-52371000.0,258578000.0,258578000.0,2405357000.0,180455000.0,2.097,0.661,1601000.0,114000.0,1487000.0,1601000.0,0.0,50000000.0,0.0,0.02,0.58,296892000.0,346892000.0,0.087,346892000.0,296892000.0,296892000.0,1.28,1.27,1.28,809360000.0,804373750.0,809360000.0,3842069888.0,13.0,11.076,231349000.0,1.669,1.0,1596611000.0,0.399,190955000.0,0.0,400150000.0,396869000.0,0.0,0.0,0.0,0.0,535039000.0,496317000.0,38722000.0,4084894888.0,-2493000.0,-1484000.0,-137931000.0,-86000.0,-81870000.0,-213725000.0,-61533000.0,0.0,283720000.0,-10955000.0,180455000.0,180455000.0,180455000.0,0.0,0.0,0.045,1300739000.0,295872000.0,123706000.0,0.453,5.047,22.637,22.32,105504000.0,0.0,28.57,1.021,0.989,531848000.0,0.0,4001968000.0,4001968000.0,0.0,0.137,0.224,0.748,0.074,39502000.0,1300578000.0,1.0,142978470.0,138588000.0,139739000.0,28.877,1153444000.0,101636000.0,116437000.0,25728000.0,8.323,544347000.0
37,RHI,MRT,2012-03-31,2012-03-31,2012-03-31,2021-08-04,44959000.0,1308637000.0,1307697250.0,1006549000.0,302088000.0,2.991,5.852,-52344000.0,244453000.0,244453000.0,2357955000.0,171551000.0,2.213,0.604,1628000.0,112000.0,1516000.0,1628000.0,0.0,50901000.0,0.0,0.019,0.57,285904000.0,336805000.0,0.086,336805000.0,285904000.0,285904000.0,1.2,1.2,1.2,815680000.0,806191250.0,815680000.0,4029248264.0,14.0,11.963,208234000.0,1.494,1.0,1553596000.0,0.397,189875000.0,0.0,421026000.0,396474250.0,0.0,0.0,0.0,0.0,492957000.0,454911000.0,38046000.0,4306928264.0,-37377000.0,0.0,-158801000.0,-93000.0,-81025000.0,-233891000.0,-59674000.0,0.0,260578000.0,-4390000.0,171551000.0,171551000.0,171551000.0,0.0,0.0,0.044,1268665000.0,284931000.0,110247000.0,0.475,5.28,25.106,25.25,104486000.0,0.0,30.3,1.101,1.08,523453000.0,0.0,3911551000.0,3911551000.0,0.0,0.131,0.213,0.721,0.073,41651000.0,1268516000.0,1.0,142142847.0,139384000.0,140443000.0,28.063,1118762000.0,88862000.0,114353000.0,13776000.0,8.026,551638000.0
38,RHI,MRT,2011-12-31,2011-12-31,2011-12-31,2021-08-04,40887000.0,1311836000.0,1303186750.0,1006678000.0,305158000.0,2.898,5.698,-56535000.0,279336000.0,279336000.0,2287374000.0,149922000.0,2.128,0.639,1656000.0,111000.0,1545000.0,1656000.0,0.0,51415000.0,0.0,0.02,0.56,250216000.0,301631000.0,0.08,301631000.0,250216000.0,250216000.0,1.05,1.04,1.05,800505000.0,812261000.0,800505000.0,3827603283.0,15.0,12.69,199781000.0,1.422,1.0,1489602000.0,0.394,189473000.0,0.0,371682000.0,391096500.0,0.0,0.0,0.0,0.0,511331000.0,473001000.0,38330000.0,4068642283.0,-35801000.0,0.0,-149794000.0,-91000.0,-80303000.0,-225977000.0,-63402000.0,0.0,256316000.0,-2738000.0,149922000.0,149922000.0,149922000.0,0.0,0.0,0.04,1240337000.0,249265000.0,117596000.0,0.533,5.083,27.138,27.105,107972000.0,0.0,28.46,1.077,1.059,493327000.0,0.0,3776976000.0,3776976000.0,0.0,0.115,0.185,0.64,0.066,46695000.0,1240184000.0,1.0,142960024.0,140479000.0,141790000.0,26.886,1122363000.0,88578000.0,100294000.0,0.0,7.99,533677000.0
39,RHI,MRT,2011-09-30,2011-09-30,2011-09-30,2021-08-04,43523000.0,1308535000.0,1293723750.0,1004992000.0,303543000.0,2.825,5.679,-54747000.0,242726000.0,242726000.0,2225888000.0,132088000.0,2.079,0.652,1687000.0,115000.0,1572000.0,1687000.0,0.0,51853000.0,0.0,0.026,0.55,221303000.0,273156000.0,0.075,273156000.0,221303000.0,221303000.0,0.91,0.91,0.91,791950000.0,820727500.0,791950000.0,2814889962.0,13.0,10.305,179331000.0,1.286,1.0,1429187000.0,0.391,189480000.0,0.0,394618000.0,388716000.0,0.0,0.0,0.0,0.0,516585000.0,483398000.0,33187000.0,3074241962.0,-68330000.0,-585000.0,-165106000.0,-121000.0,-79003000.0,-238246000.0,-62956000.0,0.0,234078000.0,-1206000.0,132088000.0,132088000.0,132088000.0,0.0,0.0,0.036,1208740000.0,220447000.0,120890000.0,0.604,3.882,23.274,23.319,106424000.0,0.0,21.22,0.841,0.81,516047000.0,0.0,3655075000.0,3655075000.0,0.0,0.102,0.161,0.569,0.061,46115000.0,1208573000.0,1.0,144874739.0,139449000.0,140433000.0,26.211,1119055000.0,112695000.0,89215000.0,19983000.0,8.025,521594000.0
40,RHI,MRT,2011-06-30,2011-06-30,2011-06-30,2021-08-04,58134000.0,1301781000.0,1287648000.0,995110000.0,306671000.0,2.709,5.78,-49051000.0,261071000.0,261071000.0,2141241000.0,108544000.0,2.196,0.594,1719000.0,119000.0,1600000.0,1719000.0,0.0,52515000.0,0.0,0.02,0.54,186377000.0,238892000.0,0.068,238892000.0,186377000.0,186377000.0,0.74,0.74,0.74,816630000.0,835324500.0,816630000.0,3688747685.0,20.0,15.441,163730000.0,1.159,1.0,1346424000.0,0.386,190630000.0,0.0,398571000.0,385292000.0,0.0,0.0,0.0,0.0,485151000.0,453228000.0,31923000.0,3968828685.0,-28973000.0,-585000.0,-128581000.0,-118000.0,-78264000.0,-200914000.0,-56454000.0,0.0,212781000.0,15614000.0,108544000.0,108544000.0,108544000.0,0.0,0.0,0.031,1160908000.0,185516000.0,110973000.0,0.73,4.86,36.564,36.527,107300000.0,0.0,27.03,1.138,1.095,495381000.0,0.0,3487665000.0,3487665000.0,0.0,0.084,0.13,0.484,0.053,47393000.0,1160734000.0,1.0,146830510.0,141286000.0,142585000.0,24.685,1111151000.0,107809000.0,77833000.0,18483000.0,7.865,541882000.0
41,RHI,MRT,2011-03-31,2011-03-31,2011-03-31,2021-08-04,54553000.0,1290595000.0,1265770250.0,984641000.0,305954000.0,2.622,5.888,-41375000.0,281830000.0,281830000.0,2054795000.0,84300000.0,2.342,0.536,1749000.0,123000.0,1626000.0,1749000.0,0.0,53561000.0,0.0,0.017,0.53,147480000.0,201041000.0,0.061,201041000.0,147480000.0,147480000.0,0.57,0.57,0.57,839959000.0,838372250.0,839959000.0,4163446388.0,28.0,20.709,138941000.0,0.974,1.0,1263994000.0,0.381,190561000.0,0.0,399515000.0,380577750.0,0.0,0.0,0.0,0.0,450636000.0,420438000.0,30198000.0,4476804388.0,-67534000.0,-585000.0,-137703000.0,-116000.0,-77293000.0,-209098000.0,-47038000.0,0.0,180316000.0,8286000.0,84300000.0,84300000.0,84300000.0,0.0,0.0,0.025,1117231000.0,146763000.0,110802000.0,0.93,5.33,53.106,53.684,106097000.0,0.0,30.6,1.349,1.315,466540000.0,0.0,3318789000.0,3318789000.0,0.0,0.067,0.101,0.388,0.044,49057000.0,1117051000.0,1.0,146300797.0,142653000.0,144136000.0,23.265,1100034000.0,107910000.0,63180000.0,11517000.0,7.711,564203000.0
42,RHI,MRT,2010-12-31,2010-12-31,2010-12-31,2021-08-04,47120000.0,1273984000.0,1260882750.0,971860000.0,302124000.0,2.518,5.842,-35088000.0,315137000.0,315137000.0,1981060000.0,66069000.0,2.379,0.527,1779000.0,123000.0,1656000.0,1779000.0,0.0,55958000.0,0.0,0.017,0.52,115168000.0,171126000.0,0.054,171126000.0,115168000.0,115168000.0,0.45,0.44,0.45,834371000.0,852574750.0,834371000.0,4193689125.0,36.0,24.506,140795000.0,0.986,1.0,1194033000.0,0.376,190006000.0,0.0,362160000.0,377581000.0,0.0,0.0,0.0,0.0,439613000.0,408460000.0,31153000.0,4502937125.0,-50657000.0,-585000.0,-117105000.0,-113000.0,-76591000.0,-187995000.0,-39097000.0,0.0,175883000.0,552000.0,66069000.0,66069000.0,66069000.0,0.0,0.0,0.021,1079444000.0,114589000.0,93690000.0,1.156,5.397,68.155,68.0,103651000.0,0.0,30.6,1.418,1.377,423175000.0,0.0,3175093000.0,3175093000.0,0.0,0.052,0.077,0.305,0.036,51305000.0,1079033000.0,1.0,147154808.0,142833000.0,144028000.0,22.229,1083978000.0,92087000.0,49099000.0,0.0,7.589,563400000.0
43,RHI,MRT,2010-09-30,2010-09-30,2010-09-30,2021-08-04,47428000.0,1284232000.0,1263270500.0,970675000.0,313557000.0,2.423,5.979,-32297000.0,311056000.0,311056000.0,1915335000.0,54808000.0,2.398,0.51,1808000.0,120000.0,1688000.0,1808000.0,0.0,58573000.0,0.0,0.02,0.51,95997000.0,154570000.0,0.05,154570000.0,95997000.0,95997000.0,0.36,0.36,0.36,850338000.0,868934500.0,850338000.0,3549144362.0,37.0,22.961,116981000.0,0.822,1.0,1145609000.0,0.374,189342000.0,0.0,380922000.0,377775250.0,0.0,0.0,0.0,0.0,433894000.0,404720000.0,29174000.0,3837351362.0,-96585000.0,0.0,-137509000.0,-111000.0,-75367000.0,-209691000.0,-34264000.0,0.0,149278000.0,-1908000.0,56445000.0,56445000.0,56445000.0,0.0,-1637000.0,0.018,1051779000.0,93830000.0,106943000.0,1.417,4.513,67.984,72.222,103779000.0,0.0,26.0,1.254,1.208,427770000.0,0.0,3060944000.0,3060944000.0,0.0,0.045,0.065,0.254,0.031,55152000.0,1051137000.0,1.0,147590437.0,142230000.0,143000000.0,21.521,1094890000.0,122380000.0,39552000.0,14184000.0,7.698,565955000.0
44,RHI,MRT,2010-06-30,2010-06-30,2010-06-30,2021-08-04,30904000.0,1214270000.0,1273773500.0,897623000.0,316647000.0,2.331,5.792,-31512000.0,290044000.0,290044000.0,1866718000.0,43715000.0,2.51,0.465,1837000.0,118000.0,1719000.0,1837000.0,0.0,60805000.0,0.0,0.021,0.5,75604000.0,136409000.0,0.046,136409000.0,75604000.0,75604000.0,0.28,0.28,0.28,828821000.0,893349500.0,828821000.0,3185660871.0,42.0,23.354,134120000.0,0.937,1.0,1102880000.0,0.371,188690000.0,0.0,379714000.0,374701250.0,0.0,0.0,0.0,0.0,385449000.0,357659000.0,27790000.0,3533159871.0,-95774000.0,0.0,-151479000.0,-109000.0,-74496000.0,-222401000.0,-34368000.0,0.0,165632000.0,-4637000.0,44809000.0,44809000.0,44809000.0,0.0,-1094000.0,0.015,1028906000.0,73974000.0,96629000.0,1.786,4.263,78.849,84.107,108318000.0,0.0,23.55,1.19,1.135,384642000.0,0.0,2969598000.0,2969598000.0,0.0,0.035,0.05,0.202,0.025,55903000.0,1028029000.0,1.0,150028020.0,143100000.0,144331000.0,20.752,1025580000.0,113797000.0,30795000.0,1597000.0,7.167,539964000.0
45,RHI,MRT,2010-03-31,2010-03-31,2010-03-31,2021-08-04,40657000.0,1271045000.0,1301158750.0,906452000.0,364593000.0,2.268,6.217,-35621000.0,349364000.0,349364000.0,1872316000.0,36950000.0,2.615,0.417,1865000.0,116000.0,1749000.0,1865000.0,0.0,63577000.0,0.0,0.016,0.49,62827000.0,126404000.0,0.043,126404000.0,62827000.0,62827000.0,0.23,0.23,0.23,896769000.0,926436500.0,896769000.0,4158409787.0,66.0,32.898,170983000.0,1.185,1.0,1078079000.0,0.365,189418000.0,0.0,387528000.0,380747750.0,0.0,0.0,0.0,0.0,374276000.0,346600000.0,27676000.0,4522311787.0,-9945000.0,0.0,-117820000.0,-107000.0,-73642000.0,-186573000.0,-40349000.0,0.0,206604000.0,10373000.0,37429000.0,37429000.0,37429000.0,0.0,-479000.0,0.013,1016628000.0,61451000.0,93893000.0,2.13,5.043,120.824,132.304,116968000.0,0.0,30.43,1.533,1.488,373481000.0,0.0,2950395000.0,2950395000.0,0.0,0.029,0.04,0.165,0.021,55577000.0,1015517000.0,1.0,148613598.0,144239000.0,145673000.0,20.455,1081627000.0,241814000.0,25398000.0,1885000.0,7.499,559852000.0
46,RHI,MRT,2009-12-31,2009-12-31,2009-12-31,2021-08-04,45580000.0,1283535000.0,1319676750.0,922634000.0,360901000.0,2.301,6.167,-41248000.0,365794000.0,365794000.0,1932868000.0,37263000.0,2.514,0.426,1892000.0,113000.0,1779000.0,1892000.0,0.0,65266000.0,0.0,0.018,0.48,66763000.0,132029000.0,0.043,132029000.0,66763000.0,66763000.0,0.24,0.24,0.24,899810000.0,943352250.0,899810000.0,3629681161.0,54.0,27.492,198905000.0,1.363,1.0,1103679000.0,0.363,189728000.0,0.0,362937000.0,392424000.0,0.0,0.0,0.0,0.0,383725000.0,366968000.0,16757000.0,4035403161.0,11038000.0,0.0,-124867000.0,-105000.0,-72149000.0,-192370000.0,-45967000.0,0.0,240153000.0,9222000.0,37263000.0,37263000.0,37263000.0,0.0,0.0,0.012,1038359000.0,65320000.0,101610000.0,2.0,4.485,108.295,111.375,124658000.0,0.0,26.73,1.329,1.284,362392000.0,0.0,3036547000.0,3036547000.0,0.0,0.028,0.04,0.17,0.022,56397000.0,1036899000.0,1.0,150969067.0,145912000.0,146611000.0,20.811,1093807000.0,98158000.0,29500000.0,0.0,7.496,555666000.0
47,RHI,MRT,2009-09-30,2009-09-30,2009-09-30,2021-08-04,50920000.0,1326244000.0,1351755500.0,961552000.0,364692000.0,2.433,6.483,-48654000.0,407641000.0,407641000.0,2061379000.0,62743000.0,2.656,0.399,1919000.0,111000.0,1808000.0,1919000.0,0.0,66873000.0,0.0,0.019,0.47,108519000.0,175392000.0,0.053,175392000.0,108519000.0,108519000.0,0.41,0.41,0.41,947998000.0,964371750.0,947998000.0,3415820850.0,31.0,19.475,257452000.0,1.761,1.0,1227582000.0,0.373,189798000.0,0.0,368626000.0,415904000.0,0.0,0.0,0.0,0.0,378246000.0,362098000.0,16148000.0,3799693850.0,33949000.0,-272000.0,-140759000.0,-1713000.0,-70996000.0,-207452000.0,-66343000.0,0.0,306106000.0,1638000.0,59864000.0,59864000.0,59864000.0,0.0,2879000.0,0.018,1117741000.0,109841000.0,104257000.0,1.146,4.008,63.472,61.024,129744000.0,0.0,25.02,1.155,1.112,364533000.0,0.0,3288961000.0,3288961000.0,0.0,0.044,0.062,0.261,0.033,56118000.0,1115822000.0,1.0,151866261.0,146227000.0,147123000.0,22.492,1136446000.0,234528000.0,48655000.0,0.0,7.772,599454000.0
48,RHI,MRT,2009-06-30,2009-06-30,2009-06-30,2021-08-04,41660000.0,1323811000.0,1401182000.0,952488000.0,371323000.0,2.657,6.563,-58452000.0,385818000.0,385818000.0,2278391000.0,119033000.0,2.748,0.377,1945000.0,109000.0,1836000.0,1945000.0,0.0,69733000.0,0.0,0.019,0.46,199814000.0,269547000.0,0.072,269547000.0,199814000.0,199814000.0,0.77,0.77,0.77,961169000.0,987134750.0,961169000.0,3252010493.0,16.0,12.065,276396000.0,1.887,1.0,1444744000.0,0.388,189401000.0,0.0,403900000.0,447313500.0,0.0,0.0,0.0,0.0,362642000.0,346637000.0,16005000.0,3609347493.0,28771000.0,-272000.0,-144562000.0,-1710000.0,-70012000.0,-210955000.0,-75227000.0,0.0,334848000.0,-19895000.0,114715000.0,114715000.0,114715000.0,0.0,4318000.0,0.031,1243328000.0,201416000.0,95222000.0,0.597,3.755,31.464,30.675,137287000.0,0.0,23.62,0.969,0.929,374020000.0,0.0,3723135000.0,3723135000.0,0.0,0.082,0.116,0.447,0.054,59378000.0,1241072000.0,1.0,152808954.0,146443000.0,147044000.0,25.424,1134410000.0,237285000.0,85099000.0,0.0,7.746,605851000.0
49,RHI,MRT,2009-03-31,2009-03-31,2009-03-31,2021-08-04,25034000.0,1345117000.0,1458116500.0,970768000.0,374349000.0,2.879,6.566,-70617000.0,359309000.0,359309000.0,2501578000.0,188185000.0,2.658,0.395,1972000.0,107000.0,1865000.0,1972000.0,0.0,71840000.0,0.0,0.025,0.45,312048000.0,383888000.0,0.091,383888000.0,312048000.0,312048000.0,1.21,1.21,1.21,964432000.0,1001349000.0,964432000.0,2345966282.0,8.0,6.111,306076000.0,2.084,1.0,1696311000.0,0.404,188336000.0,0.0,434233000.0,468450250.0,0.0,0.0,0.0,0.0,380685000.0,365211000.0,15474000.0,2698725282.0,3245000.0,-272000.0,-188325000.0,-1984000.0,-69165000.0,-256540000.0,-89380000.0,0.0,376693000.0,-27528000.0,182207000.0,182207000.0,182207000.0,0.0,5978000.0,0.043,1382052000.0,314259000.0,111295000.0,0.372,2.798,14.811,14.736,141603000.0,0.0,17.83,0.643,0.624,412115000.0,0.0,4197889000.0,4197889000.0,0.0,0.125,0.182,0.666,0.074,63581000.0,1379458000.0,1.0,151358681.0,146878000.0,147142000.0,28.581,1156781000.0,243754000.0,129841000.0,0.0,7.876,605557000.0
50,RHI,MRT,2008-12-31,2008-12-31,2008-12-31,2021-08-04,34263000.0,1411850000.0,1503426750.0,1032899000.0,378951000.0,3.06,6.49,-73413000.0,354756000.0,354756000.0,2686983000.0,250181000.0,2.502,0.435,1997000.0,105000.0,1892000.0,1997000.0,0.0,73210000.0,0.0,0.021,0.44,411839000.0,485049000.0,0.105,485049000.0,411839000.0,411839000.0,1.6,1.59,1.6,983888000.0,1017065250.0,983888000.0,2860019204.0,7.0,5.896,373712000.0,2.465,1.0,1913571000.0,0.416,189382000.0,0.0,456857000.0,484400250.0,0.0,0.0,0.0,0.0,427962000.0,412852000.0,15110000.0,3230067204.0,44756000.0,-272000.0,-218017000.0,-1980000.0,-68608000.0,-284917000.0,-94801000.0,0.0,447125000.0,-22651000.0,242744000.0,242744000.0,242744000.0,0.0,7437000.0,0.053,1499456000.0,414115000.0,111645000.0,0.275,3.283,13.306,13.012,145699000.0,0.0,20.82,0.702,0.686,484808000.0,0.0,4600554000.0,4600554000.0,0.0,0.161,0.239,0.85,0.09,64992000.0,1496839000.0,1.0,155142517.0,151607000.0,152528000.0,30.345,1222468000.0,237205000.0,169095000.0,0.0,8.063,620047000.0
51,RHI,MRT,2008-09-30,2008-09-30,2008-09-30,2021-08-04,50723000.0,1523950000.0,1513038750.0,1132311000.0,391639000.0,3.193,6.889,-75991000.0,373692000.0,373692000.0,2795979000.0,289989000.0,2.422,0.467,3644000.0,103000.0,3541000.0,3644000.0,0.0,74278000.0,0.0,0.017,0.43,472364000.0,546642000.0,0.113,546642000.0,472364000.0,472364000.0,1.8,1.79,1.8,1039050000.0,1017105500.0,1039050000.0,3505503802.0,7.0,6.413,358094000.0,2.374,1.0,2034806000.0,0.421,192143000.0,0.0,494264000.0,495517500.0,0.0,0.0,0.0,0.0,484900000.0,467495000.0,17405000.0,3858816802.0,45035000.0,0.0,-222949000.0,-366000.0,-68063000.0,-291739000.0,-85520000.0,0.0,434085000.0,-11791000.0,278283000.0,278283000.0,278283000.0,0.0,11706000.0,0.058,1558486000.0,476320000.0,121395000.0,0.239,3.714,13.867,13.75,148785000.0,0.0,24.75,0.799,0.773,586762000.0,23574000.0,4830785000.0,4830785000.0,0.0,0.184,0.274,0.953,0.098,68947000.0,1555855000.0,1.0,155911790.0,150838000.0,151945000.0,32.026,1331807000.0,222568000.0,194081000.0,183000.0,8.829,664816000.0
52,RHI,MRT,2008-06-30,2008-06-30,2008-06-30,2021-08-04,76611000.0,1551549000.0,1503932000.0,1154994000.0,396555000.0,3.225,6.659,-76550000.0,357047000.0,357047000.0,2797718000.0,298131000.0,2.239,0.524,3734000.0,101000.0,3633000.0,3734000.0,0.0,74262000.0,0.0,0.018,0.42,486332000.0,560594000.0,0.116,560594000.0,486332000.0,486332000.0,1.85,1.83,1.85,1018026000.0,1003153500.0,1018026000.0,3454783605.0,7.0,6.163,338342000.0,2.213,1.0,2052026000.0,0.423,193963000.0,0.0,488447000.0,491649500.0,0.0,0.0,0.0,0.0,533523000.0,515826000.0,17697000.0,3806828605.0,-32553000.0,0.0,-304908000.0,-361000.0,-67149000.0,-370921000.0,-88403000.0,0.0,414892000.0,11879000.0,288407000.0,288407000.0,288407000.0,0.0,9724000.0,0.059,1565527000.0,486499000.0,127972000.0,0.227,3.739,13.2,12.957,153087000.0,0.0,23.97,0.785,0.756,631318000.0,0.0,4849744000.0,4849744000.0,0.0,0.192,0.288,0.989,0.1,65673000.0,1562766000.0,1.0,158816379.0,152878000.0,153892000.0,31.723,1357586000.0,216134000.0,197925000.0,14835000.0,8.88,639168000.0
53,RHI,MRT,2008-03-31,2008-03-31,2008-03-31,2021-08-04,74987000.0,1526358000.0,1490519750.0,1133254000.0,393104000.0,3.203,6.646,-95901000.0,356064000.0,356064000.0,2746144000.0,296289000.0,2.352,0.486,4019000.0,375000.0,3644000.0,4019000.0,0.0,73499000.0,0.0,0.016,0.41,484792000.0,558291000.0,0.117,558291000.0,484792000.0,484792000.0,1.83,1.8,1.83,1027297000.0,1000037750.0,1027297000.0,3782394716.0,8.0,6.775,320134000.0,2.071,1.0,2028087000.0,0.425,194485000.0,0.0,498033000.0,479661250.0,0.0,0.0,0.0,0.0,499061000.0,481795000.0,17266000.0,4088271716.0,-93838000.0,0.0,-360937000.0,-356000.0,-66179000.0,-419526000.0,-108088000.0,0.0,416035000.0,17741000.0,288840000.0,288840000.0,288840000.0,0.0,7449000.0,0.06,1546970000.0,481117000.0,113269000.0,0.224,3.98,14.154,14.066,150494000.0,0.0,25.74,0.856,0.833,622619000.0,0.0,4774231000.0,4774231000.0,0.0,0.194,0.289,1.011,0.102,57105000.0,1544009000.0,1.0,158829515.0,154567000.0,155738000.0,30.888,1331873000.0,202696000.0,195952000.0,24697000.0,8.617,651459000.0
54,RHI,MRT,2007-12-31,2007-12-31,2007-12-31,2021-08-04,68853000.0,1450298000.0,1481271500.0,1059638000.0,390660000.0,3.136,6.159,-103301000.0,310000000.0,310000000.0,2667838000.0,296212000.0,2.366,0.474,4123000.0,370000.0,3753000.0,4123000.0,0.0,71441000.0,0.0,0.015,0.4,482955000.0,554396000.0,0.119,554396000.0,482955000.0,482955000.0,1.81,1.78,1.81,984049000.0,1004364250.0,984049000.0,4030567693.0,8.0,7.27,307923000.0,1.927,1.0,1977828000.0,0.426,195143000.0,0.0,501326000.0,463924000.0,0.0,0.0,0.0,0.0,466249000.0,447952000.0,18297000.0,4355110693.0,-137479000.0,0.0,-400558000.0,-352000.0,-65520000.0,-451740000.0,-116250000.0,0.0,411224000.0,19287000.0,288763000.0,288763000.0,288763000.0,0.0,7449000.0,0.062,1500551000.0,477277000.0,108070000.0,0.221,4.426,15.082,14.939,152311000.0,0.0,27.04,0.937,0.93,593169000.0,0.0,4645666000.0,4645666000.0,0.0,0.195,0.288,1.041,0.104,48369000.0,1497957000.0,1.0,161061786.0,159767000.0,162568000.0,29.078,1255155000.0,199675000.0,194192000.0,16248000.0,7.856,611686000.0
55,RHI,MRT,2007-09-30,2007-09-30,2007-09-30,2021-08-04,66078000.0,1487523000.0,1483452250.0,1100090000.0,387433000.0,3.024,6.204,-105480000.0,328657000.0,328657000.0,2580575000.0,292769000.0,2.252,0.513,4114000.0,366000.0,3748000.0,4114000.0,0.0,68435000.0,0.0,0.013,0.38,482027000.0,550462000.0,0.123,550462000.0,482027000.0,482027000.0,1.81,1.77,1.81,983242000.0,1019019750.0,983242000.0,4509558335.0,9.0,8.192,284450000.0,1.795,1.0,1905257000.0,0.425,195666000.0,0.0,478792000.0,447175250.0,0.0,0.0,0.0,0.0,504281000.0,488522000.0,15759000.0,4895134335.0,-103000000.0,0.0,-362615000.0,-348000.0,-62944000.0,-393953000.0,-117362000.0,0.0,389930000.0,18385000.0,292769000.0,292769000.0,292769000.0,0.0,0.0,0.065,1437697000.0,467560000.0,119050000.0,0.21,4.979,16.72,16.497,148637000.0,0.0,29.86,1.091,1.055,628254000.0,0.0,4485832000.0,4485832000.0,0.0,0.197,0.287,1.078,0.107,29650000.0,1435611000.0,1.0,163936180.0,158480000.0,161903000.0,28.305,1291857000.0,186309000.0,189258000.0,24896000.0,8.152,611568000.0
56,RHI,MRT,2007-06-30,2007-06-30,2007-06-30,2021-08-04,52385000.0,1497900000.0,1469632250.0,1117586000.0,380314000.0,2.949,6.254,-108894000.0,389600000.0,389600000.0,2497889000.0,292453000.0,2.346,0.49,4024000.0,361000.0,3663000.0,4024000.0,0.0,65252000.0,0.0,0.01,0.36,479796000.0,545048000.0,0.126,545048000.0,479796000.0,479796000.0,1.79,1.74,1.79,1005563000.0,1019885000.0,1005563000.0,5622438542.0,12.0,10.315,294003000.0,1.829,1.0,1836461000.0,0.424,195497000.0,0.0,440494000.0,425479000.0,0.0,0.0,0.0,0.0,492337000.0,476333000.0,16004000.0,6068148542.0,-138857000.0,0.0,-404592000.0,-344000.0,-60113000.0,-432771000.0,-118480000.0,0.0,402897000.0,9497000.0,292453000.0,292453000.0,292453000.0,0.0,0.0,0.067,1372881000.0,463580000.0,116053000.0,0.201,6.035,20.749,20.391,146997000.0,0.0,36.5,1.4,1.354,591573000.0,0.0,4334350000.0,4334350000.0,0.0,0.199,0.287,1.128,0.111,27499000.0,1371312000.0,1.0,166250645.0,160781000.0,164770000.0,26.958,1302403000.0,174233000.0,187343000.0,13289000.0,8.1,641253000.0
57,RHI,MRT,2007-03-31,2007-03-31,2007-03-31,2021-08-04,41539000.0,1489365000.0,1465939500.0,1135006000.0,354359000.0,2.843,6.376,-86335000.0,449902000.0,449902000.0,2405269000.0,288382000.0,2.639,0.426,4192000.0,367000.0,3825000.0,4192000.0,0.0,62171000.0,0.0,0.009,0.34,473222000.0,535393000.0,0.128,535393000.0,473222000.0,473222000.0,1.75,1.69,1.75,1044603000.0,1034155000.0,1044603000.0,5773377114.0,12.0,10.783,302321000.0,1.845,1.0,1761778000.0,0.423,178547000.0,0.0,435084000.0,408657500.0,0.0,0.0,0.0,0.0,444762000.0,430024000.0,14738000.0,6216662114.0,-22750000.0,0.0,-309615000.0,-354000.0,-57546000.0,-328586000.0,-91733000.0,0.0,388656000.0,8913000.0,288382000.0,288382000.0,288382000.0,0.0,0.0,0.069,1305828000.0,455950000.0,105889000.0,0.194,5.951,21.557,21.149,140334000.0,0.0,37.01,1.492,1.455,561112000.0,0.0,4167047000.0,4167047000.0,0.0,0.197,0.279,1.158,0.114,19689000.0,1304849000.0,1.0,167972497.0,163841000.0,168883000.0,25.433,1310818000.0,159470000.0,184840000.0,13040000.0,8.001,704982000.0
58,RHI,MRT,2006-12-31,2006-12-31,2006-12-31,2021-08-04,38577000.0,1459021000.0,1437567500.0,1112355000.0,346666000.0,2.792,6.281,-92404000.0,447479000.0,447479000.0,2319293000.0,283178000.0,2.762,0.399,4194000.0,363000.0,3831000.0,4194000.0,0.0,61085000.0,0.0,0.009,0.32,466202000.0,527287000.0,0.131,527287000.0,466202000.0,466202000.0,1.71,1.65,1.71,1042671000.0,1022976250.0,1042671000.0,5793108233.0,12.0,10.987,283814000.0,1.71,1.0,1694253000.0,0.422,178665000.0,0.0,434331000.0,393060500.0,0.0,0.0,0.0,0.0,416350000.0,402740000.0,13610000.0,6220488233.0,-10879000.0,0.0,-294444000.0,-348000.0,-54403000.0,-299266000.0,-96022000.0,0.0,376218000.0,8191000.0,283178000.0,283178000.0,283178000.0,0.0,0.0,0.071,1244803000.0,449450000.0,99484000.0,0.187,5.966,21.967,21.708,132081000.0,0.0,37.12,1.55,1.535,531824000.0,0.0,4013546000.0,4013546000.0,0.0,0.197,0.277,1.186,0.116,8534000.0,1243952000.0,1.0,167577808.0,166003000.0,171712000.0,24.178,1280356000.0,168972000.0,183024000.0,8568000.0,7.713,709615000.0
59,RHI,MRT,2006-09-30,2006-09-30,2006-09-30,2021-08-04,37981000.0,1432243000.0,1402483750.0,1089707000.0,342536000.0,2.737,5.974,-90738000.0,431657000.0,431657000.0,2227950000.0,272414000.0,2.519,0.452,4277000.0,359000.0,3918000.0,4277000.0,0.0,59224000.0,0.0,0.009,0.31,449684000.0,508908000.0,0.133,508908000.0,449684000.0,449684000.0,1.64,1.57,1.64,986703000.0,1005026750.0,986703000.0,5295279861.0,12.0,10.405,296000000.0,1.792,1.0,1610127000.0,0.42,180204000.0,0.0,392007000.0,374683750.0,0.0,0.0,0.0,0.0,445540000.0,432652000.0,12888000.0,5819444861.0,10931000.0,0.0,-266058000.0,-344000.0,-52902000.0,-286234000.0,-93961000.0,0.0,386738000.0,4388000.0,272414000.0,272414000.0,272414000.0,0.0,0.0,0.071,1176743000.0,433384000.0,99276000.0,0.189,5.898,21.363,20.713,130050000.0,0.0,33.97,1.516,1.462,536629000.0,1642000.0,3838077000.0,3838077000.0,0.0,0.194,0.271,1.2,0.117,44911000.0,1176044000.0,1.0,171311300.0,165177000.0,169983000.0,23.236,1252039000.0,153703000.0,177270000.0,29141000.0,7.58,657055000.0
60,RHI,MRT,2006-06-30,2006-06-30,2006-06-30,2021-08-04,38898000.0,1483129000.0,1362206000.0,1148133000.0,334996000.0,2.7,6.333,-91376000.0,528457000.0,528457000.0,2143389000.0,263206000.0,2.819,0.396,4292000.0,86000.0,4206000.0,4292000.0,0.0,57818000.0,0.0,0.007,0.3,435417000.0,493235000.0,0.134,493235000.0,435417000.0,435417000.0,1.58,1.51,1.58,1062643000.0,987010250.0,1062643000.0,6747110382.0,15.0,13.679,260327000.0,1.551,1.0,1534140000.0,0.417,178421000.0,0.0,373208000.0,360159250.0,0.0,0.0,0.0,0.0,420486000.0,407335000.0,13151000.0,7215233382.0,87400000.0,0.0,-159231000.0,-363000.0,-51421000.0,-180035000.0,-94413000.0,0.0,351703000.0,10145000.0,263206000.0,263206000.0,263206000.0,0.0,0.0,0.072,1113318000.0,420822000.0,88868000.0,0.19,6.79,27.413,26.582,124133000.0,0.0,42.0,1.962,1.916,509509000.0,97802000.0,3677529000.0,3677529000.0,0.0,0.193,0.267,1.209,0.118,56218000.0,1112757000.0,1.0,171791271.0,167799000.0,174096000.0,21.916,1304708000.0,142609000.0,172211000.0,19387000.0,7.775,740798000.0
61,RHI,MRT,2006-03-31,2006-03-31,2006-03-31,2021-08-04,26474000.0,1375877000.0,1299284750.0,1056112000.0,319765000.0,2.703,5.973,-83742000.0,472652000.0,472652000.0,2059996000.0,251780000.0,2.909,0.376,4529000.0,361000.0,4168000.0,4529000.0,0.0,54656000.0,0.0,0.008,0.29,415970000.0,470626000.0,0.134,470626000.0,415970000.0,415970000.0,1.51,1.45,1.51,999888000.0,940736500.0,999888000.0,6166154398.0,15.0,13.102,272345000.0,1.627,1.0,1452419000.0,0.414,172017000.0,0.0,372696000.0,336734500.0,0.0,0.0,0.0,0.0,375989000.0,363041000.0,12948000.0,6621458398.0,42647000.0,0.0,-216905000.0,719000.0,-49446000.0,-246958000.0,-64978000.0,22580000.0,356087000.0,-1504000.0,251780000.0,251780000.0,251780000.0,0.0,0.0,0.072,1049062000.0,403357000.0,88847000.0,0.192,6.622,26.299,25.57,119088000.0,0.0,38.61,1.885,1.84,480333000.0,117203000.0,3512415000.0,3512415000.0,0.0,0.194,0.268,1.235,0.118,60559000.0,1048655000.0,1.0,171495944.0,167390000.0,173974000.0,20.983,1203860000.0,131787000.0,164190000.0,3975000.0,7.192,693071000.0
62,RHI,MRT,2005-12-31,2005-12-31,2005-12-31,2021-08-04,24987000.0,1318686000.0,1267045250.0,1016908000.0,301778000.0,2.635,5.791,-66225000.0,458358000.0,458358000.0,1965390000.0,237870000.0,3.02,0.358,3054000.0,356000.0,2698000.0,3054000.0,0.0,51329000.0,0.0,0.007,0.28,392174000.0,443503000.0,0.133,443503000.0,392174000.0,392174000.0,1.42,1.36,1.42,970873000.0,919644250.0,970873000.0,6035234203.0,15.0,13.608,261303000.0,1.558,1.0,1373049000.0,0.411,165857000.0,0.0,360824000.0,325507750.0,0.0,0.0,0.0,0.0,347813000.0,336701000.0,11112000.0,6452893203.0,113075000.0,0.0,-185382000.0,711000.0,-47781000.0,-232452000.0,22336000.0,91526000.0,327528000.0,-4337000.0,237870000.0,237870000.0,237870000.0,0.0,0.0,0.071,991823000.0,381226000.0,89133000.0,0.197,6.646,27.128,26.683,110515000.0,0.0,37.89,1.933,1.903,451260000.0,156050000.0,3338439000.0,3338439000.0,0.0,0.188,0.259,1.205,0.117,74285000.0,991488000.0,1.0,170305970.0,167664000.0,174382000.0,19.911,1152829000.0,132696000.0,154304000.0,7703000.0,6.876,680207000.0
63,RHI,MRT,2005-09-30,2005-09-30,2005-09-30,2021-08-04,28271000.0,1271132000.0,1237038000.0,978542000.0,292590000.0,2.593,5.492,-55863000.0,420726000.0,420726000.0,1898438000.0,222928000.0,2.789,0.39,3067000.0,352000.0,2715000.0,3067000.0,0.0,49473000.0,0.0,0.008,0.27,367556000.0,417029000.0,0.13,417029000.0,367556000.0,367556000.0,1.32,1.26,1.32,914637000.0,904893500.0,914637000.0,5587855909.0,15.0,13.399,229202000.0,1.376,1.0,1309433000.0,0.408,168733000.0,0.0,333909000.0,337496500.0,0.0,0.0,0.0,0.0,356495000.0,350831000.0,5664000.0,6025811909.0,98775000.0,0.0,-180277000.0,706000.0,-46186000.0,-225757000.0,32462000.0,90621000.0,285065000.0,7005000.0,222928000.0,222928000.0,222928000.0,0.0,0.0,0.069,950290000.0,359143000.0,83935000.0,0.205,6.588,27.03,26.962,100122000.0,0.0,35.59,1.878,1.848,456415000.0,163553000.0,3207871000.0,3207871000.0,0.0,0.18,0.246,1.089,0.115,58046000.0,949950000.0,1.0,169311939.0,166553000.0,174219000.0,19.26,1102399000.0,125136000.0,144628000.0,16269000.0,6.619,627711000.0
64,RHI,MRT,2005-06-30,2005-06-30,2005-06-30,2021-08-04,22592000.0,1231444000.0,1204697000.0,950513000.0,280931000.0,2.531,5.246,-44504000.0,441057000.0,441057000.0,1813085000.0,201569000.0,2.737,0.403,3101000.0,348000.0,2753000.0,3101000.0,0.0,48189000.0,0.0,0.01,0.26,333123000.0,381312000.0,0.125,381312000.0,333123000.0,333123000.0,1.18,1.13,1.18,877548000.0,889690500.0,877548000.0,3854116844.0,12.0,10.108,225071000.0,1.345,1.0,1235758000.0,0.405,166660000.0,0.0,279509000.0,325138250.0,0.0,0.0,0.0,0.0,353896000.0,347319000.0,6577000.0,4281797844.0,111997000.0,0.0,-164110000.0,722000.0,-44675000.0,-208063000.0,44402000.0,90447000.0,269575000.0,6083000.0,201569000.0,201569000.0,201569000.0,0.0,0.0,0.066,909006000.0,326752000.0,76202000.0,0.22,4.879,21.242,21.161,93841000.0,0.0,24.97,1.404,1.37,417248000.0,187154000.0,3048843000.0,3048843000.0,0.0,0.167,0.227,1.025,0.109,44355000.0,908660000.0,1.0,171477687.0,167285000.0,172387000.0,18.225,1064784000.0,112638000.0,131554000.0,26409000.0,6.365,603194000.0
65,RHI,MRT,2005-03-31,2005-03-31,2005-03-31,2021-08-04,29696000.0,1246919000.0,1171505250.0,967295000.0,279624000.0,2.453,5.389,-38647000.0,430005000.0,430005000.0,1719253000.0,176781000.0,2.977,0.362,2324000.0,78000.0,2246000.0,2324000.0,0.0,48550000.0,0.0,0.009,0.25,294501000.0,343051000.0,0.119,343051000.0,294501000.0,294501000.0,1.03,0.98,1.03,915519000.0,879213500.0,915519000.0,4232152931.0,14.0,12.337,170761000.0,1.005,1.0,1154109000.0,0.402,166499000.0,0.0,327789000.0,321758250.0,0.0,22580000.0,22580000.0,0.0,331400000.0,324950000.0,6450000.0,4666618931.0,150571000.0,0.0,-50991000.0,-72000.0,-43170000.0,-94233000.0,26726000.0,66455000.0,209408000.0,8670000.0,176781000.0,176781000.0,176781000.0,0.0,0.0,0.062,864576000.0,289533000.0,84167000.0,0.243,5.097,26.398,26.175,96248000.0,0.0,26.96,1.624,1.594,416687000.0,226971000.0,2873362000.0,2873362000.0,0.0,0.151,0.201,0.915,0.102,49020000.0,863566000.0,1.0,173094174.0,169898000.0,176207000.0,16.912,1080420000.0,114900000.0,117720000.0,25385000.0,6.359,642345000.0
66,RHI,MRT,2004-12-31,2004-12-31,2004-12-31,2021-08-04,32570000.0,1198657000.0,1112035000.0,916316000.0,282341000.0,2.406,5.372,-34597000.0,345283000.0,345283000.0,1619394000.0,140604000.0,3.284,0.315,2343000.0,77000.0,2266000.0,2343000.0,0.0,49972000.0,0.0,0.006,0.18,234665000.0,284637000.0,0.106,284637000.0,234665000.0,234665000.0,0.83,0.79,0.83,911870000.0,846962250.0,911870000.0,4692372377.0,20.0,16.485,127236000.0,0.75,1.0,1056302000.0,0.395,167931000.0,0.0,408779000.0,304357250.0,0.0,91526000.0,91526000.0,0.0,286787000.0,279007000.0,7780000.0,5102583377.0,58781000.0,0.0,-45270000.0,-71000.0,-31095000.0,-76436000.0,-36511000.0,-1505000.0,161833000.0,9895000.0,140604000.0,140604000.0,140604000.0,0.0,0.0,0.053,825407000.0,230895000.0,70696000.0,0.217,5.596,36.29,35.458,95783000.0,0.0,29.43,1.907,1.867,391641000.0,240740000.0,2675696000.0,2675696000.0,0.0,0.126,0.166,0.771,0.088,46418000.0,824382000.0,1.0,173380339.0,169742000.0,176866000.0,15.763,1030726000.0,106493000.0,94061000.0,12600000.0,6.072,637309000.0
67,RHI,MRT,2004-09-30,2004-09-30,2004-09-30,2021-08-04,21970000.0,1141768000.0,1058782500.0,861609000.0,280159000.0,2.304,5.021,-31489000.0,412572000.0,412572000.0,1493569000.0,95785000.0,3.05,0.337,2361000.0,75000.0,2286000.0,2361000.0,0.0,54055000.0,0.0,0.005,0.12,160258000.0,214313000.0,0.088,214313000.0,160258000.0,160258000.0,0.56,0.54,0.56,853825000.0,816160000.0,853825000.0,4023139354.0,25.0,18.772,114367000.0,0.673,1.0,945594000.0,0.388,164619000.0,0.0,284476000.0,267970000.0,0.0,0.0,0.0,0.0,287943000.0,282462000.0,5481000.0,4440267354.0,67181000.0,0.0,-31166000.0,-70000.0,-20710000.0,-51946000.0,-33754000.0,-1201000.0,145856000.0,7025000.0,95785000.0,95785000.0,95785000.0,0.0,0.0,0.039,788483000.0,157111000.0,68565000.0,0.214,5.2,46.357,46.018,96980000.0,0.0,25.77,1.82,1.797,369237000.0,221792000.0,2439163000.0,2439163000.0,0.0,0.09,0.117,0.598,0.066,36574000.0,785605000.0,1.0,172303739.0,170041000.0,176636000.0,14.345,977149000.0,98360000.0,64473000.0,14545000.0,5.747,579147000.0
68,RHI,MRT,2004-06-30,2004-06-30,2004-06-30,2021-08-04,17112000.0,1098677000.0,1014839750.0,820165000.0,278512000.0,2.2,4.922,-44562000.0,419507000.0,419507000.0,1381943000.0,57552000.0,3.255,0.315,2379000.0,74000.0,2305000.0,2379000.0,0.0,58336000.0,0.0,0.002,0.06,97863000.0,156199000.0,0.07,156199000.0,97863000.0,97863000.0,0.34,0.33,0.34,835640000.0,791462750.0,835640000.0,4742236023.0,48.0,30.36,97172000.0,0.572,1.0,850370000.0,0.381,163598000.0,0.0,265989000.0,258227500.0,0.0,0.0,0.0,0.0,263037000.0,251962000.0,11075000.0,5108309023.0,100806000.0,0.0,-604000.0,-68000.0,-10324000.0,-10996000.0,-33553000.0,-1027000.0,141734000.0,3621000.0,57552000.0,57552000.0,57552000.0,0.0,0.0,0.026,755117000.0,95253000.0,57964000.0,0.176,6.113,88.76,87.559,100827000.0,0.0,29.77,2.288,2.264,321724000.0,224931000.0,2232313000.0,2232313000.0,0.0,0.057,0.073,0.379,0.044,33587000.0,749547000.0,1.0,171592510.0,169785000.0,176889000.0,13.148,935079000.0,93021000.0,40311000.0,11558000.0,5.507,568203000.0
69,RHI,MRT,2004-03-31,2004-03-31,2004-03-31,2021-08-04,19904000.0,1009038000.0,976852750.0,729803000.0,279235000.0,2.123,4.645,-47445000.0,368469000.0,368469000.0,1300932000.0,25245000.0,3.314,0.283,2396000.0,72000.0,2324000.0,2396000.0,0.0,62569000.0,0.0,0.0,0.0,42406000.0,104975000.0,0.051,104975000.0,42406000.0,42406000.0,0.15,0.15,0.15,786514000.0,768927250.0,786514000.0,3685489665.0,87.0,35.108,67203000.0,0.397,1.0,773113000.0,0.373,164580000.0,0.0,258185000.0,259831500.0,0.0,0.0,0.0,0.0,222524000.0,220200000.0,2324000.0,4059598665.0,62396000.0,0.0,-12408000.0,-68000.0,0.0,-12476000.0,-48897000.0,385000.0,114648000.0,9121000.0,25245000.0,25245000.0,25245000.0,0.0,0.0,0.012,733163000.0,39950000.0,49971000.0,0.0,5.162,160.808,157.467,108217000.0,0.0,23.62,1.957,1.928,284202000.0,204845000.0,2074045000.0,2074045000.0,0.0,0.026,0.033,0.163,0.02,29081000.0,725572000.0,1.0,171871239.0,169311000.0,,12.25,844458000.0,83570000.0,17161000.0,0.0,4.988,509603000.0
70,RHI,MRT,2003-12-31,2003-12-31,2003-12-31,2021-08-04,20018000.0,985647000.0,956464250.0,698619000.0,287028000.0,2.065,4.674,-54945000.0,376523000.0,376523000.0,1248253000.0,6390000.0,3.76,0.25,2414000.0,71000.0,2343000.0,2414000.0,0.0,65904000.0,0.0,0.0,0.0,11715000.0,77619000.0,0.039,77619000.0,11715000.0,11715000.0,0.04,0.04,0.04,788661000.0,754388750.0,788661000.0,3654546282.0,312.0,47.083,57860000.0,0.343,1.0,726738000.0,0.368,162508000.0,0.0,263230000.0,261745250.0,0.0,0.0,0.0,0.0,196986000.0,185800000.0,11186000.0,3996305282.0,58995000.0,0.0,-8071000.0,-66000.0,0.0,-8137000.0,-57077000.0,-601000.0,112805000.0,11404000.0,6390000.0,6390000.0,6390000.0,0.0,0.0,0.003,717626000.0,9112000.0,45094000.0,0.0,5.067,625.4,583.5,113119000.0,0.0,23.34,2.023,1.994,242348000.0,220828000.0,1974991000.0,1974991000.0,0.0,0.007,0.008,0.045,0.006,25241000.0,707349000.0,1.0,171221306.0,168719000.0,173175000.0,11.706,823139000.0,91149000.0,5325000.0,0.0,4.879,512819000.0
71,RHI,MRT,2003-09-30,2003-09-30,2003-09-30,2021-08-04,11498000.0,965997000.0,944551500.0,674054000.0,291943000.0,2.05,4.473,-73467000.0,344190000.0,344190000.0,1230490000.0,-5525000.0,3.231,0.279,2431000.0,70000.0,2361000.0,2431000.0,0.0,67858000.0,0.0,0.0,0.0,-7632000.0,60226000.0,0.031,60226000.0,-7632000.0,-7632000.0,-0.03,-0.03,-0.03,755036000.0,743465000.0,755036000.0,3007809516.0,-394.0,49.942,36014000.0,0.213,1.0,705418000.0,0.364,170132000.0,0.0,245506000.0,264712000.0,0.0,0.0,0.0,0.0,210961000.0,208600000.0,2361000.0,3323036516.0,41722000.0,0.0,-22641000.0,-71000.0,0.0,-22712000.0,-55154000.0,0.0,109481000.0,10107000.0,-5525000.0,-5525000.0,-5525000.0,0.0,0.0,-0.003,715805000.0,-10387000.0,50468000.0,0.0,4.401,-601.455,-650.0,119170000.0,0.0,19.5,1.717,1.7,232774000.0,215980000.0,1935908000.0,1935908000.0,0.0,-0.006,-0.007,-0.029,-0.004,42199000.0,704743000.0,1.0,170412129.0,168797000.0,,11.469,795865000.0,99731000.0,-2107000.0,0.0,4.715,465454000.0
72,RHI,MRT,2003-06-30,2003-06-30,2003-06-30,2021-08-04,10367000.0,946729000.0,939968250.0,649516000.0,297213000.0,2.042,4.382,-66966000.0,317674000.0,317674000.0,1225806000.0,-13444000.0,3.277,0.27,2447000.0,68000.0,2379000.0,2447000.0,0.0,69703000.0,0.0,0.0,0.0,-21399000.0,48304000.0,0.025,48304000.0,-21399000.0,-21399000.0,-0.08,-0.08,-0.08,745498000.0,741999250.0,745498000.0,2918489590.0,-136.0,60.419,34144000.0,0.201,1.0,693743000.0,0.361,160908000.0,0.0,272405000.0,276405250.0,0.0,0.0,0.0,0.0,201231000.0,198189000.0,3042000.0,3222483590.0,-55752000.0,0.0,-102263000.0,-218000.0,0.0,-102481000.0,-63622000.0,0.0,101110000.0,9241000.0,-13444000.0,-13444000.0,-13444000.0,0.0,0.0,-0.007,718333000.0,-24590000.0,39462000.0,0.0,4.323,-239.697,-236.75,123305000.0,0.0,18.94,1.679,1.679,224844000.0,218970000.0,1919549000.0,1919549000.0,0.0,-0.014,-0.018,-0.077,-0.011,35434000.0,707377000.0,1.0,170141689.0,170141689.0,,11.282,785821000.0,106998000.0,-7955000.0,663000.0,4.619,451327000.0
73,RHI,MRT,2003-03-31,2003-03-31,2003-03-31,2021-08-04,3668000.0,927484000.0,958511500.0,635362000.0,292122000.0,1.992,4.264,-71239000.0,306458000.0,306458000.0,1210222000.0,-10383000.0,3.282,0.273,2464000.0,67000.0,2397000.0,2464000.0,0.0,71623000.0,0.0,0.0,0.0,-16450000.0,55173000.0,0.029,55173000.0,-16450000.0,-16450000.0,-0.06,-0.06,-0.06,728360000.0,760490000.0,728360000.0,1959180443.0,-119.0,35.51,76973000.0,0.451,1.0,699486000.0,0.366,164048000.0,0.0,265840000.0,282032250.0,0.0,0.0,0.0,0.0,199124000.0,193602000.0,5522000.0,2273627443.0,-72332000.0,0.0,-133950000.0,-207000.0,0.0,-134157000.0,-91704000.0,0.0,148212000.0,5317000.0,-10383000.0,-10383000.0,-10383000.0,0.0,0.0,-0.005,719995000.0,-20509000.0,41538000.0,0.0,3.122,-218.976,-221.833,128074000.0,0.0,13.31,1.191,1.191,222479000.0,222069000.0,1909708000.0,1909708000.0,0.0,-0.011,-0.014,-0.058,-0.009,31228000.0,710939000.0,1.0,170820995.0,170820995.0,,11.18,763436000.0,106425000.0,-6067000.0,3125000.0,4.469,441760000.0
74,RHI,MRT,2002-12-31,2002-12-31,2002-12-31,2021-08-04,846000.0,937996000.0,984009750.0,645497000.0,292499000.0,1.936,4.319,-66620000.0,316927000.0,316927000.0,1190216000.0,2168000.0,3.46,0.259,2480000.0,66000.0,2414000.0,2480000.0,0.0,72308000.0,0.0,0.0,0.0,3497000.0,75805000.0,0.04,75805000.0,3497000.0,3497000.0,0.01,0.01,0.01,744966000.0,787405000.0,744966000.0,2491818731.0,713.0,32.871,94567000.0,0.548,1.0,714735000.0,0.375,161912000.0,0.0,275097000.0,293639750.0,0.0,0.0,0.0,0.0,193030000.0,186540000.0,6490000.0,2791790731.0,-29841000.0,0.0,-106362000.0,-208000.0,0.0,-106570000.0,-87956000.0,0.0,161187000.0,3498000.0,2168000.0,2168000.0,2168000.0,0.0,0.0,0.001,715823000.0,-1088000.0,50132000.0,0.0,3.748,1287.726,1611.0,130587000.0,0.0,16.11,1.466,1.459,225721000.0,246803000.0,1904951000.0,1904951000.0,0.0,0.002,0.003,0.012,0.002,35556000.0,709542000.0,1.0,173295514.0,172484000.0,177791000.0,11.044,776084000.0,102849000.0,1329000.0,4076000.0,4.499,458957000.0
75,RHI,MRT,2002-09-30,2002-09-30,2002-09-30,2021-08-04,-1846000.0,947664000.0,998051250.0,646463000.0,301201000.0,1.941,4.278,-51812000.0,302468000.0,302468000.0,1191134000.0,21922000.0,3.364,0.265,2496000.0,65000.0,2431000.0,2496000.0,0.0,73508000.0,0.0,0.0,0.0,35459000.0,108967000.0,0.056,108967000.0,35459000.0,35459000.0,0.12,0.12,0.12,749173000.0,802587500.0,749173000.0,2408578792.0,68.0,22.104,132786000.0,0.758,1.0,745719000.0,0.385,163254000.0,0.0,292279000.0,303064750.0,0.0,0.0,0.0,0.0,198491000.0,192159000.0,6332000.0,2779345792.0,1340000.0,0.0,-206900000.0,-261000.0,0.0,-91256000.0,-92002000.0,0.0,184598000.0,0.0,21922000.0,21922000.0,21922000.0,0.0,0.0,0.011,715665000.0,30054000.0,45335000.0,0.0,3.71,126.783,132.25,137947000.0,0.0,15.87,1.435,1.435,238793000.0,266762000.0,1936853000.0,1936853000.0,0.0,0.022,0.027,0.117,0.018,13306000.0,710788000.0,1.0,175132060.0,175132060.0,,11.059,784410000.0,105202000.0,13537000.0,3901000.0,4.479,454304000.0
76,RHI,MRT,2002-06-30,2002-06-30,2002-06-30,2021-08-04,-1734000.0,1020902000.0,1012950500.0,719848000.0,301054000.0,2.001,4.652,-56221000.0,373426000.0,373426000.0,1225917000.0,48141000.0,3.752,0.246,2659000.0,212000.0,2447000.0,2659000.0,0.0,73868000.0,0.0,0.0,0.0,77929000.0,151797000.0,0.075,151797000.0,77929000.0,77929000.0,0.27,0.27,0.27,819461000.0,810085750.0,819461000.0,3728492798.0,48.0,24.562,182453000.0,1.036,1.0,800848000.0,0.395,163382000.0,0.0,294913000.0,313736250.0,0.0,0.0,0.0,0.0,201441000.0,191840000.0,9601000.0,4104617798.0,95083000.0,0.0,-120779000.0,-1009000.0,0.0,-49332000.0,-94259000.0,0.0,238674000.0,0.0,48141000.0,48141000.0,48141000.0,0.0,0.0,0.024,729542000.0,71306000.0,48238000.0,0.0,5.009,85.262,86.296,137672000.0,0.0,23.3,2.025,2.025,245359000.0,344062000.0,2026765000.0,2026765000.0,0.0,0.048,0.059,0.248,0.038,16534000.0,726017000.0,1.0,176163854.0,176163854.0,,11.505,857520000.0,101063000.0,29788000.0,7154000.0,4.868,528008000.0
77,RHI,MRT,2002-03-31,2002-03-31,2002-03-31,2021-08-04,-8623000.0,1029477000.0,1008374000.0,728043000.0,301434000.0,2.184,4.776,-70038000.0,378790000.0,378790000.0,1311555000.0,82662000.0,4.015,0.231,2665000.0,201000.0,2464000.0,2665000.0,0.0,73782000.0,0.0,0.0,0.0,133904000.0,207686000.0,0.094,207686000.0,133904000.0,133904000.0,0.47,0.46,0.47,836020000.0,800135250.0,836020000.0,4823334680.0,36.0,23.224,175641000.0,1.003,1.0,890493000.0,0.404,159763000.0,0.0,312270000.0,330013750.0,0.0,0.0,0.0,0.0,193457000.0,181319000.0,12138000.0,5167420680.0,157043000.0,0.0,-84125000.0,-1025000.0,0.0,-18598000.0,-70038000.0,0.0,245679000.0,0.0,82662000.0,82662000.0,82662000.0,0.0,0.0,0.038,764004000.0,126489000.0,35511000.0,0.0,6.181,62.513,62.809,141671000.0,0.0,29.52,2.347,2.347,252751000.0,385366000.0,2202048000.0,2202048000.0,0.0,0.082,0.103,0.406,0.061,21592000.0,760005000.0,1.0,175048126.0,175048126.0,,12.58,869714000.0,96502000.0,51242000.0,9674000.0,4.968,546724000.0
78,RHI,MRT,2001-12-31,2001-12-31,2001-12-31,2021-08-04,-8025000.0,994162000.0,992924000.0,686006000.0,308156000.0,2.47,4.594,-84695000.0,346768000.0,346768000.0,1436272000.0,121107000.0,3.883,0.234,2682000.0,202000.0,2480000.0,2682000.0,0.0,73116000.0,0.0,0.0,0.0,196284000.0,269400000.0,0.11,269400000.0,196284000.0,196284000.0,0.69,0.67,0.69,805696000.0,771613250.0,805696000.0,4384341830.0,22.0,16.274,191135000.0,1.09,1.0,1016578000.0,0.414,160632000.0,0.0,312797000.0,340160750.0,0.0,0.0,0.0,0.0,188466000.0,176647000.0,11819000.0,4682712830.0,107576000.0,0.0,-82477000.0,-1082000.0,0.0,-83559000.0,-84695000.0,0.0,275830000.0,0.0,121107000.0,121107000.0,121107000.0,0.0,0.0,0.049,828813000.0,187765000.0,33384000.0,0.0,5.812,38.666,38.696,147524000.0,0.0,26.7,1.909,1.909,272886000.0,391255000.0,2452850000.0,2452850000.0,0.0,0.122,0.157,0.577,0.08,21554000.0,823478000.0,1.0,175382503.0,175382503.0,,13.986,833530000.0,66352000.0,75177000.0,9339000.0,4.753,509359000.0
79,RHI,MRT,2001-09-30,2001-09-30,2001-09-30,2021-08-04,-6413000.0,1007261000.0,987140750.0,691633000.0,315628000.0,2.683,4.435,-100231000.0,301128000.0,301128000.0,1529629000.0,156263000.0,3.252,0.293,2757000.0,262000.0,2495000.0,2757000.0,0.0,69398000.0,0.0,0.0,0.0,253263000.0,322661000.0,0.122,322661000.0,253263000.0,253263000.0,0.84,0.86,0.84,779166000.0,749824000.0,779166000.0,3240708093.0,13.0,10.044,188381000.0,1.072,1.0,1118626000.0,0.422,161247000.0,0.0,334965000.0,344560250.0,0.0,0.0,0.0,0.0,228095000.0,212678000.0,15417000.0,3515383093.0,40694000.0,3153000.0,53681000.0,-1007000.0,0.0,-147687000.0,-100231000.0,0.0,288612000.0,0.0,156263000.0,156263000.0,156263000.0,0.0,0.0,0.059,875674000.0,242952000.0,41342000.0,0.0,4.512,22.497,23.821,154381000.0,0.0,20.01,1.327,1.327,332552000.0,381474000.0,2648255000.0,2648255000.0,0.0,0.158,0.208,0.735,0.096,23304000.0,870338000.0,1.0,175681314.0,175681314.0,,15.074,846014000.0,0.0,97000000.0,30446000.0,4.816,478955000.0
80,RHI,MRT,2001-06-30,2001-06-30,2001-06-30,2021-08-04,-7933000.0,1002596000.0,977472500.0,688042000.0,314554000.0,2.827,4.446,-98819000.0,278343000.0,278343000.0,1579153000.0,181153000.0,3.36,0.286,3668000.0,1157000.0,2511000.0,3668000.0,0.0,64441000.0,0.0,0.0,0.0,293603000.0,358044000.0,0.13,358044000.0,293603000.0,293603000.0,0.98,0.99,0.98,779659000.0,733580750.0,779659000.0,4147065006.0,14.0,11.583,182513000.0,1.041,1.0,1183997000.0,0.428,163094000.0,0.0,360023000.0,334977000.0,0.0,0.0,0.0,0.0,222937000.0,204804000.0,18133000.0,4365122006.0,49715000.0,693000.0,46070000.0,-88000.0,0.0,-130338000.0,-101279000.0,0.0,281332000.0,0.0,181153000.0,181153000.0,181153000.0,0.0,0.0,0.066,901580000.0,282417000.0,37104000.0,0.0,5.599,24.096,25.398,151460000.0,0.0,24.89,1.58,1.58,353550000.0,401774000.0,2763150000.0,2763150000.0,0.0,0.185,0.247,0.876,0.106,25744000.0,896258000.0,1.0,175376537.0,175376537.0,,15.756,839502000.0,0.0,112450000.0,23559000.0,4.787,483238000.0
81,RHI,MRT,2001-03-31,2001-03-31,2001-03-31,2021-08-04,-6207000.0,967677000.0,955482750.0,660809000.0,306868000.0,2.916,4.097,-86679000.0,221747000.0,221747000.0,1585046000.0,190280000.0,2.853,0.34,3690000.0,1164000.0,2526000.0,3690000.0,0.0,59765000.0,0.0,0.0,0.0,308396000.0,368161000.0,0.132,368161000.0,308396000.0,308396000.0,1.02,1.03,1.02,721932000.0,706733750.0,721932000.0,3702667926.0,12.0,10.057,174150000.0,0.988,1.0,1200700000.0,0.431,165140000.0,0.0,352858000.0,317072000.0,0.0,0.0,0.0,0.0,245745000.0,231622000.0,14123000.0,3938095926.0,17140000.0,0.0,34286000.0,-80000.0,0.0,-153857000.0,-89832000.0,0.0,260829000.0,0.0,190280000.0,190280000.0,190280000.0,0.0,0.0,0.068,903698000.0,297002000.0,37254000.0,0.0,5.455,20.696,21.912,141728000.0,0.0,22.35,1.414,1.414,391621000.0,369962000.0,2785746000.0,2785746000.0,0.0,0.199,0.269,0.973,0.111,31958000.0,898458000.0,1.0,176201160.0,176201160.0,,15.81,802537000.0,0.0,118116000.0,27926000.0,4.555,429187000.0
82,RHI,MRT,2000-12-31,2000-12-31,2000-12-31,2021-08-04,-4192000.0,971029000.0,928345000.0,671610000.0,299419000.0,2.908,4.044,-73992000.0,239192000.0,239192000.0,1538556000.0,186103000.0,2.832,0.351,3764000.0,1223000.0,2541000.0,3764000.0,0.0,56639000.0,0.0,0.0,0.0,301627000.0,358266000.0,0.133,358266000.0,301627000.0,301627000.0,1.0,1.0,1.0,718539000.0,681688750.0,718539000.0,4452106891.0,15.0,12.427,193076000.0,1.087,1.0,1160763000.0,0.43,168050000.0,0.0,330395000.0,295075500.0,0.0,0.0,0.0,0.0,252490000.0,237156000.0,15334000.0,4708776891.0,88118000.0,0.0,25366000.0,-548000.0,0.0,-101805000.0,-77145000.0,0.0,267068000.0,0.0,186103000.0,186103000.0,186103000.0,0.0,0.0,0.069,869575000.0,291188000.0,51073000.0,0.0,6.553,25.302,26.5,131369000.0,0.0,26.5,1.744,1.744,390369000.0,388954000.0,2699319000.0,2699319000.0,0.0,0.2,0.273,1.022,0.112,24678000.0,864418000.0,1.0,177689694.0,177689694.0,,15.191,802979000.0,42049000.0,115524000.0,15412000.0,4.519,434454000.0
83,RHI,MRT,2000-09-30,2000-09-30,2000-09-30,2021-08-04,-5272000.0,968588000.0,879884750.0,676725000.0,291863000.0,2.913,3.996,-65280000.0,260434000.0,260434000.0,1468429000.0,175903000.0,2.794,0.356,3764000.0,1209000.0,2555000.0,3764000.0,0.0,52486000.0,0.0,0.0,0.0,286613000.0,339099000.0,0.132,339099000.0,286613000.0,286613000.0,0.98,0.96,0.98,714193000.0,646079750.0,714193000.0,5974396822.0,21.0,17.618,162900000.0,0.911,1.0,1094813000.0,0.427,173122000.0,0.0,296632000.0,281890500.0,0.0,0.0,0.0,0.0,254395000.0,242164000.0,12231000.0,6200400822.0,77587000.0,-3153000.0,1968000.0,-548000.0,0.0,-82160000.0,-68433000.0,0.0,228180000.0,0.0,175903000.0,175903000.0,175903000.0,0.0,0.0,0.069,816689000.0,278124000.0,39753000.0,0.0,8.682,35.249,35.398,118741000.0,0.0,34.69,2.419,2.419,376435000.0,403902000.0,2563242000.0,2563242000.0,0.0,0.2,0.272,1.017,0.112,21181000.0,811613000.0,1.0,178737412.0,178737412.0,,14.341,795466000.0,0.0,110710000.0,18512000.0,4.45,434561000.0
84,RHI,MRT,2000-06-30,2000-06-30,2000-06-30,2021-08-04,-3855000.0,914637000.0,832287250.0,629539000.0,285098000.0,2.887,3.786,-55084000.0,228628000.0,228628000.0,1382838000.0,162415000.0,2.759,0.361,2624000.0,44000.0,2580000.0,2624000.0,0.0,48770000.0,0.0,0.0,0.0,266000000.0,314770000.0,0.131,314770000.0,266000000.0,266000000.0,0.9,0.89,0.9,672271000.0,610330250.0,672271000.0,4855466680.0,18.0,15.425,153192000.0,0.863,1.0,1020281000.0,0.425,172068000.0,0.0,288403000.0,268763250.0,0.0,0.0,0.0,0.0,242366000.0,228162000.0,14204000.0,5057435680.0,40653000.0,-693000.0,1968000.0,-549000.0,0.0,-111846000.0,-55777000.0,0.0,208276000.0,0.0,162415000.0,162415000.0,162415000.0,0.0,0.0,0.068,761412000.0,258869000.0,39249000.0,0.0,7.523,31.139,31.644,113030000.0,0.0,28.48,2.105,2.105,364254000.0,382142000.0,2403119000.0,2403119000.0,0.0,0.195,0.266,0.99,0.111,23967000.0,756401000.0,1.0,177578500.0,177578500.0,,13.533,742569000.0,0.0,103585000.0,14139000.0,4.182,401377000.0
85,RHI,MRT,2000-03-31,2000-03-31,2000-03-31,2021-08-04,-3192000.0,859126000.0,793550750.0,574044000.0,285082000.0,2.809,3.51,-50059000.0,204607000.0,204607000.0,1293974000.0,149511000.0,2.624,0.382,2638000.0,54000.0,2584000.0,2638000.0,0.0,44579000.0,0.0,0.0,0.0,246022000.0,290601000.0,0.13,290601000.0,246022000.0,246022000.0,0.83,0.82,0.83,621752000.0,584892500.0,621752000.0,4052941940.0,16.0,13.947,144535000.0,0.816,1.0,935205000.0,0.42,173519000.0,0.0,264872000.0,256045750.0,0.0,0.0,0.0,0.0,237374000.0,218766000.0,18608000.0,4200520940.0,28285000.0,0.0,1968000.0,-521000.0,0.0,-116250000.0,-50059000.0,0.0,194594000.0,0.0,149511000.0,149511000.0,149511000.0,0.0,0.0,0.067,695373000.0,239832000.0,32830000.0,0.0,6.756,28.095,28.572,111563000.0,0.0,23.715,1.884,1.884,339125000.0,364906000.0,2229179000.0,2229179000.0,0.0,0.188,0.256,0.961,0.11,10227000.0,690359000.0,1.0,177125066.0,177125066.0,,12.585,685607000.0,0.0,96511000.0,34639000.0,3.871,355278000.0
86,RHI,MRT,1999-12-31,1999-12-31,1999-12-31,2021-08-04,-2419000.0,777188000.0,762434750.0,490539000.0,286649000.0,2.73,3.211,-52558000.0,151074000.0,151074000.0,1219270000.0,141441000.0,2.784,0.349,3495000.0,898000.0,2597000.0,3495000.0,0.0,39114000.0,0.0,0.0,0.0,234697000.0,273811000.0,0.132,273811000.0,234697000.0,234697000.0,0.78,0.77,0.78,576103000.0,567801000.0,576103000.0,2382966188.0,10.0,8.703,104785000.0,0.584,1.0,862051000.0,0.414,175747000.0,0.0,277655000.0,247994750.0,0.0,0.0,0.0,0.0,201085000.0,176207000.0,24878000.0,2562004188.0,-14986000.0,0.0,1968000.0,41000.0,0.0,-119771000.0,-52558000.0,0.0,157343000.0,0.0,141441000.0,141441000.0,141441000.0,0.0,0.0,0.068,633395000.0,228656000.0,29835000.0,0.0,4.447,18.114,18.308,110902000.0,0.0,14.28,1.231,1.231,309278000.0,329469000.0,2081321000.0,2081321000.0,0.0,0.186,0.249,0.946,0.113,9853000.0,628405000.0,1.0,179412058.0,179412058.0,,11.601,601441000.0,0.0,93256000.0,22345000.0,3.352,314332000.0
87,RHI,MRT,1999-09-30,1999-09-30,1999-09-30,2021-08-04,-1726000.0,778198000.0,744067500.0,502591000.0,275607000.0,2.675,3.124,-54454000.0,182847000.0,182847000.0,1173253000.0,139074000.0,2.754,0.362,3809000.0,1198000.0,2611000.0,3809000.0,0.0,35193000.0,0.0,0.0,0.0,231447000.0,266640000.0,0.134,266640000.0,231447000.0,231447000.0,0.77,0.745,0.77,571195000.0,554392750.0,571195000.0,1988017442.0,9.0,7.456,151774000.0,0.83,1.0,817199000.0,0.411,172527000.0,0.0,244123000.0,231371750.0,0.0,0.0,0.0,0.0,207003000.0,182510000.0,24493000.0,2171561442.0,16028000.0,0.0,0.0,76000.0,0.0,-135746000.0,-54454000.0,0.0,206228000.0,0.0,139074000.0,139074000.0,139074000.0,0.0,0.0,0.07,591500000.0,225699000.0,42040000.0,0.0,3.802,15.614,15.422,103080000.0,0.0,11.875,1.091,1.091,291367000.0,331596000.0,1990452000.0,1990452000.0,0.0,0.187,0.251,1.0,0.116,42541000.0,586497000.0,1.0,182868332.0,182868332.0,,10.885,605671000.0,0.0,92373000.0,25878000.0,3.312,320081000.0
88,RHI,MRT,1999-06-30,1999-06-30,1999-06-30,2021-08-04,-2577000.0,759691000.0,722383250.0,481318000.0,278373000.0,2.674,3.121,-61243000.0,187975000.0,187975000.0,1145812000.0,139499000.0,2.931,0.332,4431000.0,1807000.0,2624000.0,4431000.0,0.0,31097000.0,0.0,0.0,0.0,232734000.0,263831000.0,0.137,263831000.0,232734000.0,232734000.0,0.77,0.74,0.77,570520000.0,538189000.0,570520000.0,2186822971.0,9.0,8.289,124873000.0,0.683,1.0,785828000.0,0.407,174382000.0,0.0,237533000.0,219365500.0,0.0,0.0,0.0,0.0,189171000.0,164232000.0,24939000.0,2358727971.0,-3350000.0,-4187000.0,0.0,90000.0,0.0,-124036000.0,-65430000.0,0.0,186116000.0,0.0,139499000.0,139499000.0,139499000.0,0.0,0.0,0.072,558814000.0,227014000.0,27934000.0,0.0,4.134,16.909,16.76,103991000.0,0.0,12.905,1.221,1.221,267508000.0,337906000.0,1931640000.0,1931640000.0,0.0,0.193,0.259,1.061,0.12,33756000.0,553801000.0,1.0,182776286.0,182776286.0,,10.568,585309000.0,0.0,93235000.0,32302000.0,3.202,317086000.0
89,RHI,MRT,1999-03-31,1999-03-31,1999-03-31,2021-08-04,-2173000.0,734662000.0,702054500.0,455458000.0,279204000.0,2.673,3.037,-67039000.0,176322000.0,176322000.0,1117602000.0,137840000.0,2.963,0.328,4417000.0,985000.0,3432000.0,4417000.0,0.0,27388000.0,0.0,0.0,0.0,231217000.0,258605000.0,0.138,258605000.0,231217000.0,231217000.0,0.755,0.73,0.755,553386000.0,520952500.0,553386000.0,2827628826.0,12.0,10.934,120778000.0,0.663,1.0,759131000.0,0.404,176370000.0,0.0,232668000.0,201518500.0,0.0,0.0,0.0,0.0,181276000.0,153719000.0,27557000.0,2988976826.0,17890000.0,-4187000.0,0.0,115000.0,0.0,-98701000.0,-71226000.0,0.0,187817000.0,0.0,137840000.0,137840000.0,137840000.0,0.0,0.0,0.073,533635000.0,225496000.0,25228000.0,0.0,5.401,21.684,21.728,102834000.0,0.0,16.405,1.593,1.593,255524000.0,327278000.0,1876733000.0,1876733000.0,0.0,0.196,0.265,1.147,0.123,33756000.0,528646000.0,1.0,182199136.0,182199136.0,,10.3,558292000.0,0.0,93377000.0,32336000.0,3.064,301739000.0
90,RHI,MRT,1998-12-31,1998-12-31,1998-12-31,2021-08-04,-1244000.0,703719000.0,672968250.0,430406000.0,273313000.0,2.664,2.855,-67229000.0,166060000.0,166060000.0,1070834000.0,131580000.0,2.816,0.347,4712000.0,1308000.0,3404000.0,4712000.0,0.0,24636000.0,0.0,0.0,0.0,221176000.0,245812000.0,0.137,245812000.0,221176000.0,221176000.0,0.72,0.69,0.72,522470000.0,497881750.0,522470000.0,3909579083.0,18.0,15.905,121854000.0,0.666,1.0,722207000.0,0.403,178363000.0,0.0,211163000.0,182137500.0,0.0,0.0,0.0,0.0,181249000.0,152845000.0,28404000.0,4071407083.0,34711000.0,-4187000.0,0.0,-2186000.0,0.0,-82956000.0,-71416000.0,0.0,189083000.0,0.0,131580000.0,131580000.0,131580000.0,0.0,0.0,0.073,506619000.0,215588000.0,29438000.0,0.0,7.793,30.942,30.903,94950000.0,0.0,22.25,2.271,2.271,240690000.0,309804000.0,1793041000.0,1793041000.0,0.0,0.196,0.264,1.214,0.123,33756000.0,501626000.0,1.0,182984588.0,182984588.0,,9.799,525356000.0,0.0,89596000.0,28810000.0,2.871,277561000.0
91,RHI,MRT,1998-09-30,1998-09-30,1998-09-30,2021-08-04,-1026000.0,691461000.0,637380250.0,431648000.0,259813000.0,2.64,2.748,-54928000.0,166819000.0,166819000.0,1007783000.0,123240000.0,2.774,0.365,4991000.0,1346000.0,3645000.0,4991000.0,0.0,22362000.0,0.0,0.0,0.0,207626000.0,229988000.0,0.137,229988000.0,207626000.0,207626000.0,0.67,0.655,0.67,506380000.0,471964250.0,506380000.0,3793727384.0,18.0,16.495,71524000.0,0.388,1.0,674793000.0,0.401,177945000.0,0.0,196098000.0,164010500.0,0.0,0.0,0.0,0.0,185081000.0,155590000.0,29491000.0,3979767384.0,36024000.0,-4187000.0,-9738000.0,-2172000.0,0.0,-31313000.0,-59115000.0,0.0,126452000.0,0.0,123240000.0,123240000.0,123240000.0,0.0,0.0,0.073,472942000.0,201851000.0,23081000.0,0.0,7.859,32.293,32.231,81868000.0,0.0,21.595,2.365,2.365,233444000.0,304239000.0,1682576000.0,1682576000.0,0.0,0.193,0.261,1.266,0.123,0.0,467982000.0,1.0,184291150.0,184291150.0,,9.13,513516000.0,0.0,84386000.0,34432000.0,2.786,276058000.0
92,RHI,MRT,1998-06-30,1998-06-30,1998-06-30,2021-08-04,-1551000.0,678376000.0,,433346000.0,245030000.0,,2.726,-46798000.0,191325000.0,191325000.0,931720000.0,112897000.0,2.843,0.352,5285000.0,1050000.0,4235000.0,5285000.0,0.0,20520000.0,0.0,0.0,0.0,190806000.0,211326000.0,0.136,211326000.0,190806000.0,190806000.0,0.615,0.6,0.615,501574000.0,,501574000.0,4987167595.0,26.0,23.599,75014000.0,0.408,1.0,619960000.0,0.4,173747000.0,0.0,166145000.0,,0.0,0.0,0.0,0.0,176802000.0,152444000.0,24358000.0,5140038595.0,84894000.0,0.0,-5970000.0,-2144000.0,0.0,9880000.0,-46798000.0,0.0,121812000.0,0.0,112897000.0,112897000.0,112897000.0,0.0,0.0,0.073,434350000.0,185610000.0,22130000.0,0.0,10.248,45.529,45.431,71283000.0,0.0,27.94,3.313,3.313,217479000.0,312768000.0,1551680000.0,1551680000.0,0.0,,,,0.123,0.0,429421000.0,1.0,183967022.0,183967022.0,,8.435,504629000.0,0.0,77909000.0,27294000.0,2.743,280902000.0
93,RHI,MRT,1998-03-31,1998-03-31,1998-03-31,2021-08-04,-1388000.0,618317000.0,,382032000.0,236285000.0,,2.516,-38230000.0,158432000.0,158432000.0,854742000.0,102827000.0,2.836,0.341,5561000.0,1294000.0,4267000.0,5561000.0,0.0,19080000.0,0.0,0.0,0.0,173993000.0,193073000.0,0.136,193073000.0,173993000.0,173993000.0,0.565,0.55,0.565,461103000.0,,461103000.0,4275812496.0,25.0,22.146,60756000.0,0.331,1.0,566407000.0,0.399,175599000.0,0.0,155144000.0,,0.0,0.0,0.0,0.0,157214000.0,134703000.0,22511000.0,4399004496.0,70814000.0,-71000.0,-2098000.0,-2536000.0,0.0,10129000.0,-38301000.0,0.0,98986000.0,0.0,102827000.0,102827000.0,102827000.0,0.0,0.0,0.072,397029000.0,169378000.0,26193000.0,0.0,9.54,42.781,42.478,60686000.0,0.0,24.0,3.095,3.095,205551000.0,286801000.0,1421149000.0,1421149000.0,0.0,,,,0.122,0.0,392095000.0,1.0,183291854.0,183291854.0,,7.753,442718000.0,0.0,71166000.0,17757000.0,2.415,247329000.0
94,RHI,MRT,1997-12-31,1997-12-31,1997-12-31,2021-08-04,-1347000.0,561367000.0,488689500.0,334005000.0,227362000.0,2.666,2.285,-31958000.0,131349000.0,131349000.0,785546000.0,93697000.0,2.736,0.34,8157000.0,3627000.0,4530000.0,8157000.0,0.0,17652000.0,0.0,0.0,0.0,158828000.0,176480000.0,0.135,176480000.0,158828000.0,158828000.0,0.515,0.5,0.515,418800000.0,363622500.0,418800000.0,,,,49999000.0,0.273,1.0,517330000.0,0.397,177425000.0,0.0,138655000.0,109936500.0,0.0,0.0,0.0,0.0,142567000.0,122095000.0,20472000.0,3665837080.0,51168000.0,-3338000.0,0.0,-1405000.0,0.0,4507000.0,-35296000.0,0.0,81957000.0,0.0,93697000.0,93697000.0,93697000.0,0.0,0.0,0.072,362692000.0,154638000.0,20285000.0,0.0,8.753,39.124,38.835,49937000.0,0.0,20.0,2.814,2.814,186899000.0,267444000.0,1302876000.0,1302876000.0,0.0,0.192,0.258,1.445,0.122,0.0,357766000.0,1.0,183291854.0,183291854.0,,7.108,383942000.0,0.0,65131000.0,18200000.0,2.095,211910000.0
95,RHI,MRT,1997-09-30,1997-09-30,1997-09-30,2021-08-04,,,,,,,,,,,,,,,,,,,,,,0.0,0.0,,,,,,,,,,,,,,,,,,1.0,,,,,,,,,,,,,,,,,,,,,,,,,,,,,,,,,,,,,,,,20.69,,,,,,,,,,,,,,1.0,,,,,,,,,,
96,RHI,MRT,1997-06-30,1997-06-30,1997-06-30,2021-08-04,,,,,,,,,,,,,,,,,,,,,,0.0,0.0,,,,,,,,,,,,,,,,,,1.0,,,,,,,,,,,,,,,,,,,,,,,,,,,,,,,,,,,,,,,,15.71,,,,,,,,,,,,,,1.0,,,,,,,,,,
97,RHI,MRT,1997-03-31,1997-03-31,1997-03-31,2021-08-04,,,,,,,,,,,,,,,,,,,,,,0.0,0.0,,,,,,,,,,,,,,,,,,1.0,,,,,,,,,,,,,,,,,,,,,,,,,,,,,,,,,,,,,,,,11.627,,,,,,,,,,,,,,1.0,,,,,,,,,,
98,RHI,MRT,1996-12-31,1996-12-31,1996-12-31,2021-08-04,23000.0,416012000.0,,214630000.0,201382000.0,,,-18027000.0,80181000.0,80181000.0,545343000.0,61102000.0,2.48,0.349,6611000.0,1542000.0,5069000.0,6611000.0,0.0,11862000.0,0.0,0.0,0.0,103645000.0,115507000.0,0.129,115507000.0,103645000.0,103645000.0,0.345,0.335,0.345,308445000.0,,308445000.0,,,,36398000.0,,1.0,353292000.0,0.393,174663000.0,0.0,81218000.0,,0.0,0.0,0.0,0.0,107567000.0,86561000.0,21006000.0,,38835000.0,-4620000.0,0.0,-4239000.0,0.0,7057000.0,-22647000.0,0.0,54425000.0,0.0,61102000.0,61102000.0,61102000.0,0.0,0.0,0.068,251890000.0,101402000.0,15049000.0,0.0,,,32.966,26719000.0,0.0,11.373,,,125383000.0,194691000.0,898635000.0,898635000.0,0.0,,,,0.115,0.0,246485000.0,1.0,,,,,241349000.0,0.0,42543000.0,19820000.0,,128069000.0
99,RHI,MRT,1995-12-31,1995-12-31,1995-12-31,2021-08-04,,,,,,,,-8417000.0,,,384449000.0,40298000.0,,,,,,,,8331000.0,,0.0,0.0,69089000.0,77420000.0,0.123,77420000.0,69089000.0,69089000.0,0.235,0.23,0.235,,,,,,,33754000.0,,1.0,244077000.0,0.388,,0.0,,,,,,,,,,,38708000.0,-1024000.0,10256000.0,-1289000.0,0.0,5978000.0,-9441000.0,0.0,42171000.0,0.0,40298000.0,40298000.0,40298000.0,0.0,0.0,0.064,175451000.0,68626000.0,,0.0,,,29.702,,0.0,6.98,,,,,628526000.0,628526000.0,0.0,,,,0.11,0.0,170684000.0,1.0,,,,,,,28791000.0,,,
