None,ticker,dimension,calendardate,datekey,reportperiod,lastupdated,accoci,assets,assetsavg,assetsc,assetsnc,assetturnover,bvps,capex,cashneq,cashnequsd,cor,consolinc,currentratio,de,debt,debtc,debtnc,debtusd,deferredrev,depamor,deposits,divyield,dps,ebit,ebitda,ebitdamargin,ebitdausd,ebitusd,ebt,eps,epsdil,epsusd,equity,equityavg,equityusd,ev,evebit,evebitda,fcf,fcfps,fxusd,gp,grossmargin,intangibles,intexp,invcap,invcapavg,inventory,investments,investmentsc,investmentsnc,liabilities,liabilitiesc,liabilitiesnc,marketcap,ncf,ncfbus,ncfcommon,ncfdebt,ncfdiv,ncff,ncfi,ncfinv,ncfo,ncfx,netinc,netinccmn,netinccmnusd,netincdis,netincnci,netmargin,opex,opinc,payables,payoutratio,pb,pe,pe1,ppnenet,prefdivis,price,ps,ps1,receivables,retearn,revenue,revenueusd,rnd,roa,roe,roic,ros,sbcomp,sgna,sharefactor,sharesbas,shareswa,shareswadil,sps,tangibles,taxassets,taxexp,taxliabilities,tbvps,workingcapital
0,JWN,MRY,2020-12-31,2021-01-30,2021-01-30,2021-09-03,-70000000.0,9538000000.0,9713250000.0,3642000000.0,5896000000.0,1.103,1.94,-385000000.0,681000000.0,681000000.0,7600000000.0,-690000000.0,0.884,30.272,5216000000.0,760000000.0,4456000000.0,5216000000.0,0.0,843000000.0,0.0,0.01,0.37,-1047000000.0,-204000000.0,-0.019,-204000000.0,-1047000000.0,-1228000000.0,-4.39,-4.39,-4.39,305000000.0,282000000.0,305000000.0,10161880713.0,-10.0,-49.813,-733000000.0,-4.663,1.0,3115000000.0,0.291,249000000.0,181000000.0,9704000000.0,10156500000.0,1863000000.0,0.0,0.0,0.0,9233000000.0,4120000000.0,5113000000.0,5589880713.0,-172000000.0,0.0,16000000.0,596000000.0,-58000000.0,530000000.0,-347000000.0,0.0,-348000000.0,-7000000.0,-690000000.0,-690000000.0,-690000000.0,0.0,0.0,-0.064,4162000000.0,-1047000000.0,1960000000.0,-0.084,18.327,-8.101,-8.075,5313000000.0,0.0,35.45,0.522,0.52,245000000.0,-2830000000.0,10715000000.0,10715000000.0,0.0,-0.071,-2.447,-0.103,-0.098,67000000.0,4162000000.0,1.0,157683518.0,157200000.0,157200000.0,68.162,9289000000.0,0.0,-538000000.0,0.0,59.09,-478000000.0
1,JWN,MRY,2019-12-31,2020-02-01,2020-02-01,2021-09-03,-68000000.0,9737000000.0,9771250000.0,3230000000.0,6507000000.0,1.589,6.308,-935000000.0,853000000.0,853000000.0,9932000000.0,496000000.0,0.918,8.946,4795000000.0,244000000.0,4551000000.0,4795000000.0,0.0,854000000.0,0.0,0.04,1.48,784000000.0,1638000000.0,0.106,1638000000.0,784000000.0,682000000.0,3.2,3.18,3.2,979000000.0,810000000.0,979000000.0,10047631736.0,13.0,6.134,301000000.0,1.939,1.0,5592000000.0,0.36,249000000.0,102000000.0,9910000000.0,9706250000.0,1920000000.0,0.0,0.0,0.0,8758000000.0,3520000000.0,5238000000.0,5722631736.0,-104000000.0,0.0,-181000000.0,7000000.0,-229000000.0,-431000000.0,-909000000.0,0.0,1236000000.0,0.0,496000000.0,496000000.0,496000000.0,0.0,0.0,0.032,4808000000.0,784000000.0,1576000000.0,0.463,5.845,11.538,11.519,5953000000.0,0.0,36.86,0.369,0.369,179000000.0,-2082000000.0,15524000000.0,15524000000.0,0.0,0.051,0.612,0.081,0.051,69000000.0,4808000000.0,1.0,155253167.0,155200000.0,156100000.0,100.026,9488000000.0,0.0,186000000.0,0.0,61.134,-290000000.0
2,JWN,MRY,2018-12-31,2019-02-02,2019-02-02,2021-09-03,-37000000.0,7886000000.0,8275250000.0,3374000000.0,4512000000.0,1.917,5.218,-654000000.0,957000000.0,957000000.0,10155000000.0,564000000.0,0.998,8.033,2685000000.0,8000000.0,2677000000.0,2685000000.0,0.0,669000000.0,0.0,0.033,1.48,837000000.0,1506000000.0,0.095,1506000000.0,837000000.0,733000000.0,3.37,3.32,3.37,873000000.0,1071500000.0,873000000.0,9143790755.0,11.0,6.072,642000000.0,3.837,1.0,5705000000.0,0.36,249000000.0,104000000.0,5984000000.0,6101750000.0,1978000000.0,0.0,0.0,0.0,7013000000.0,3381000000.0,3632000000.0,7584790755.0,-224000000.0,0.0,-515000000.0,-56000000.0,-250000000.0,-867000000.0,-653000000.0,0.0,1296000000.0,0.0,564000000.0,564000000.0,564000000.0,0.0,0.0,0.036,4868000000.0,837000000.0,1469000000.0,0.439,8.688,13.448,13.451,3921000000.0,0.0,45.33,0.478,0.478,148000000.0,-2138000000.0,15860000000.0,15860000000.0,0.0,0.068,0.526,0.137,0.053,90000000.0,4868000000.0,1.0,167323864.0,167300000.0,170000000.0,94.8,7637000000.0,0.0,169000000.0,0.0,45.649,-7000000.0
3,JWN,MRY,2017-12-31,2018-02-03,2018-02-03,2021-09-03,-29000000.0,8115000000.0,8058250000.0,3503000000.0,4612000000.0,1.921,5.857,-731000000.0,1181000000.0,1181000000.0,9890000000.0,437000000.0,1.065,7.306,2737000000.0,56000000.0,2681000000.0,2737000000.0,0.0,666000000.0,0.0,0.031,1.48,926000000.0,1592000000.0,0.103,1592000000.0,926000000.0,790000000.0,2.62,2.59,2.62,977000000.0,823250000.0,977000000.0,10036965448.0,11.0,6.305,669000000.0,4.011,1.0,5588000000.0,0.361,238000000.0,136000000.0,6144000000.0,6364250000.0,2027000000.0,0.0,0.0,0.0,7138000000.0,3289000000.0,3849000000.0,7970965448.0,174000000.0,0.0,-172000000.0,-81000000.0,-247000000.0,-542000000.0,-684000000.0,0.0,1400000000.0,0.0,437000000.0,437000000.0,437000000.0,0.0,0.0,0.028,4662000000.0,926000000.0,1409000000.0,0.565,8.159,18.24,18.263,3939000000.0,0.0,47.85,0.515,0.516,145000000.0,-1810000000.0,15478000000.0,15478000000.0,0.0,0.054,0.531,0.146,0.06,77000000.0,4662000000.0,1.0,166582350.0,166800000.0,168900000.0,92.794,7877000000.0,0.0,353000000.0,0.0,47.224,214000000.0
4,JWN,MRY,2016-12-31,2017-01-28,2017-01-28,2021-09-03,-43000000.0,7858000000.0,7913250000.0,3242000000.0,4616000000.0,1.865,5.023,-846000000.0,1007000000.0,1007000000.0,9440000000.0,354000000.0,1.07,8.032,2774000000.0,11000000.0,2763000000.0,2774000000.0,0.0,645000000.0,0.0,0.035,1.48,805000000.0,1450000000.0,0.098,1450000000.0,805000000.0,684000000.0,2.05,2.02,2.05,870000000.0,885500000.0,870000000.0,9671243642.0,12.0,6.67,812000000.0,4.688,1.0,5317000000.0,0.36,238000000.0,121000000.0,6358000000.0,6500000000.0,1896000000.0,0.0,0.0,0.0,6988000000.0,3029000000.0,3959000000.0,7424243642.0,412000000.0,0.0,-194000000.0,-6000000.0,-256000000.0,-455000000.0,-791000000.0,0.0,1658000000.0,0.0,354000000.0,354000000.0,354000000.0,0.0,0.0,0.024,4512000000.0,805000000.0,1340000000.0,0.722,8.534,20.972,20.893,3897000000.0,0.0,42.83,0.503,0.503,199000000.0,-1794000000.0,14757000000.0,14757000000.0,0.0,0.045,0.4,0.124,0.055,91000000.0,4315000000.0,1.0,173342135.0,173200000.0,175600000.0,85.202,7620000000.0,0.0,330000000.0,0.0,43.995,213000000.0
5,JWN,MRY,2015-12-31,2016-01-30,2016-01-30,2021-09-03,-58000000.0,7698000000.0,8886500000.0,3014000000.0,4684000000.0,1.625,4.675,-1082000000.0,595000000.0,595000000.0,9168000000.0,600000000.0,1.035,7.838,2805000000.0,10000000.0,2795000000.0,2805000000.0,0.0,576000000.0,0.0,0.129,6.33,1101000000.0,1677000000.0,0.116,1677000000.0,1101000000.0,976000000.0,3.22,3.15,3.22,871000000.0,1831250000.0,871000000.0,11015916934.0,10.0,6.569,1388000000.0,7.45,1.0,5269000000.0,0.365,435000000.0,125000000.0,6562000000.0,7639250000.0,1945000000.0,0.0,0.0,0.0,6827000000.0,2911000000.0,3916000000.0,9027916934.0,-232000000.0,0.0,-1098000000.0,-308000000.0,-1185000000.0,-2558000000.0,-144000000.0,0.0,2470000000.0,0.0,600000000.0,600000000.0,600000000.0,0.0,0.0,0.042,4168000000.0,1101000000.0,1324000000.0,1.966,10.365,15.047,15.248,3735000000.0,0.0,49.1,0.625,0.634,196000000.0,-1610000000.0,14437000000.0,14437000000.0,0.0,0.068,0.328,0.144,0.076,70000000.0,4168000000.0,1.0,183867962.0,186300000.0,190100000.0,77.493,7263000000.0,0.0,376000000.0,0.0,38.986,103000000.0
6,JWN,MRY,2014-12-31,2015-01-31,2015-01-31,2021-09-03,-64000000.0,9245000000.0,9013250000.0,5224000000.0,4021000000.0,1.498,12.842,-861000000.0,827000000.0,827000000.0,8406000000.0,720000000.0,1.866,2.789,3131000000.0,8000000.0,3123000000.0,3131000000.0,0.0,508000000.0,0.0,0.017,1.32,1323000000.0,1831000000.0,0.136,1831000000.0,1323000000.0,1185000000.0,3.79,3.72,3.79,2440000000.0,2212750000.0,2440000000.0,17190676468.0,13.0,9.389,359000000.0,1.889,1.0,5100000000.0,0.378,435000000.0,138000000.0,8314000000.0,8250250000.0,1733000000.0,0.0,0.0,0.0,6805000000.0,2800000000.0,4005000000.0,14496676468.0,-367000000.0,0.0,-469000000.0,23000000.0,-251000000.0,-698000000.0,-889000000.0,0.0,1220000000.0,0.0,720000000.0,720000000.0,720000000.0,0.0,0.0,0.053,3777000000.0,1323000000.0,1328000000.0,0.348,5.941,20.134,20.106,3340000000.0,0.0,76.2,1.073,1.072,2306000000.0,166000000.0,13506000000.0,13506000000.0,0.0,0.08,0.325,0.16,0.098,66000000.0,3777000000.0,1.0,190245098.0,190000000.0,193600000.0,71.084,8810000000.0,256000000.0,465000000.0,0.0,46.368,2424000000.0
7,JWN,MRY,2013-12-31,2014-02-01,2014-02-01,2021-09-03,-39000000.0,8574000000.0,8460500000.0,5228000000.0,3346000000.0,1.482,10.694,-803000000.0,1194000000.0,1194000000.0,7737000000.0,734000000.0,2.057,3.122,3113000000.0,7000000.0,3106000000.0,3113000000.0,0.0,454000000.0,0.0,0.021,1.2,1350000000.0,1804000000.0,0.144,1804000000.0,1350000000.0,1189000000.0,3.77,3.71,3.77,2080000000.0,1996750000.0,2080000000.0,13279371312.0,10.0,7.361,517000000.0,2.658,1.0,4803000000.0,0.383,175000000.0,161000000.0,7777000000.0,7581750000.0,1531000000.0,0.0,0.0,0.0,6494000000.0,2541000000.0,3953000000.0,11108371312.0,-91000000.0,0.0,-412000000.0,39000000.0,-234000000.0,-589000000.0,-822000000.0,0.0,1320000000.0,0.0,734000000.0,734000000.0,734000000.0,0.0,0.0,0.059,3453000000.0,1350000000.0,1263000000.0,0.318,5.341,15.134,15.239,2949000000.0,0.0,57.45,0.886,0.891,2177000000.0,292000000.0,12540000000.0,12540000000.0,0.0,0.087,0.368,0.178,0.108,56000000.0,3453000000.0,1.0,193357203.0,194500000.0,197700000.0,64.473,8399000000.0,239000000.0,455000000.0,0.0,43.183,2687000000.0
8,JWN,MRY,2012-12-31,2013-02-02,2013-02-02,2021-09-03,-47000000.0,8089000000.0,8214500000.0,5081000000.0,3008000000.0,1.477,9.424,-513000000.0,1285000000.0,1285000000.0,7432000000.0,735000000.0,2.283,3.228,3131000000.0,7000000.0,3124000000.0,3131000000.0,0.0,429000000.0,0.0,0.02,1.08,1345000000.0,1774000000.0,0.146,1774000000.0,1345000000.0,1185000000.0,3.62,3.56,3.62,1913000000.0,1929000000.0,1913000000.0,13006200352.0,10.0,7.332,597000000.0,2.941,1.0,4702000000.0,0.388,175000000.0,160000000.0,7534000000.0,7513750000.0,1360000000.0,0.0,0.0,0.0,6176000000.0,2226000000.0,3950000000.0,11029200352.0,-592000000.0,0.0,-634000000.0,-501000000.0,-220000000.0,-1333000000.0,-369000000.0,0.0,1110000000.0,0.0,735000000.0,735000000.0,735000000.0,0.0,0.0,0.061,3357000000.0,1345000000.0,1011000000.0,0.298,5.765,15.006,15.227,2579000000.0,0.0,55.12,0.909,0.922,2129000000.0,315000000.0,12134000000.0,12134000000.0,0.0,0.089,0.381,0.179,0.111,52000000.0,3357000000.0,1.0,200094346.0,203000000.0,206700000.0,59.773,7914000000.0,227000000.0,450000000.0,0.0,38.985,2855000000.0
9,JWN,MRY,2011-12-31,2012-01-28,2012-01-28,2021-09-03,-45000000.0,8491000000.0,8078250000.0,5560000000.0,2931000000.0,1.344,9.162,-511000000.0,1877000000.0,1877000000.0,6592000000.0,683000000.0,2.159,3.341,3647000000.0,506000000.0,3141000000.0,3647000000.0,0.0,371000000.0,0.0,0.019,0.92,1249000000.0,1620000000.0,0.149,1620000000.0,1249000000.0,1119000000.0,3.2,3.14,3.2,1956000000.0,1997250000.0,1956000000.0,12026542143.0,10.0,7.424,666000000.0,3.119,1.0,4268000000.0,0.393,175000000.0,130000000.0,7511000000.0,6949250000.0,1148000000.0,0.0,0.0,0.0,6535000000.0,2575000000.0,3960000000.0,10167542143.0,371000000.0,0.0,-764000000.0,788000000.0,-197000000.0,-78000000.0,-728000000.0,0.0,1177000000.0,0.0,683000000.0,683000000.0,683000000.0,0.0,0.0,0.063,3019000000.0,1249000000.0,917000000.0,0.287,5.198,14.887,15.172,2469000000.0,0.0,48.55,0.936,0.954,2033000000.0,517000000.0,10860000000.0,10860000000.0,0.0,0.085,0.342,0.18,0.115,48000000.0,3019000000.0,1.0,209424143.0,213500000.0,217700000.0,50.867,8316000000.0,220000000.0,436000000.0,0.0,38.951,2985000000.0
10,JWN,MRY,2010-12-31,2011-01-29,2011-01-29,2021-09-03,-29000000.0,7462000000.0,7274000000.0,4824000000.0,2638000000.0,1.334,9.237,-399000000.0,1506000000.0,1506000000.0,5897000000.0,613000000.0,2.567,2.692,2781000000.0,6000000.0,2775000000.0,2781000000.0,0.0,327000000.0,0.0,0.019,0.76,1118000000.0,1445000000.0,0.149,1445000000.0,1118000000.0,991000000.0,2.8,2.75,2.8,2021000000.0,1849000000.0,2021000000.0,10725289141.0,10.0,7.422,778000000.0,3.556,1.0,3803000000.0,0.392,53000000.0,127000000.0,6805000000.0,6947750000.0,977000000.0,0.0,0.0,0.0,5441000000.0,1879000000.0,3562000000.0,8959289141.0,711000000.0,0.0,-36000000.0,179000000.0,-167000000.0,-4000000.0,-462000000.0,0.0,1177000000.0,0.0,613000000.0,613000000.0,613000000.0,0.0,0.0,0.063,2685000000.0,1118000000.0,846000000.0,0.271,4.433,14.615,14.611,2318000000.0,0.0,40.91,0.924,0.923,2026000000.0,882000000.0,9700000000.0,9700000000.0,0.0,0.084,0.332,0.161,0.115,41000000.0,2685000000.0,1.0,218999979.0,218800000.0,222600000.0,44.333,7409000000.0,236000000.0,378000000.0,0.0,33.862,2945000000.0
11,JWN,MRY,2009-12-31,2010-01-30,2010-01-30,2021-09-03,-19000000.0,6579000000.0,6298750000.0,4054000000.0,2525000000.0,1.37,7.251,-360000000.0,795000000.0,795000000.0,5328000000.0,441000000.0,2.013,3.185,2613000000.0,356000000.0,2257000000.0,2613000000.0,0.0,313000000.0,0.0,0.019,0.64,834000000.0,1147000000.0,0.133,1147000000.0,834000000.0,696000000.0,2.03,2.01,2.03,1572000000.0,1408250000.0,1572000000.0,9643223349.0,12.0,8.407,891000000.0,4.11,1.0,3299000000.0,0.382,53000000.0,138000000.0,6330000000.0,6375000000.0,898000000.0,0.0,0.0,0.0,5007000000.0,2014000000.0,2993000000.0,7512223349.0,723000000.0,0.0,34000000.0,108000000.0,-139000000.0,13000000.0,-541000000.0,0.0,1251000000.0,0.0,441000000.0,441000000.0,441000000.0,0.0,0.0,0.051,2465000000.0,834000000.0,726000000.0,0.315,4.779,17.035,17.015,2242000000.0,0.0,34.54,0.871,0.868,2035000000.0,525000000.0,8627000000.0,8627000000.0,0.0,0.07,0.313,0.131,0.097,31000000.0,2465000000.0,1.0,217493438.0,216800000.0,219700000.0,39.792,6526000000.0,238000000.0,255000000.0,0.0,30.101,2040000000.0
12,JWN,MRY,2008-12-31,2009-01-31,2009-01-31,2021-09-03,-10000000.0,5661000000.0,5780000000.0,3217000000.0,2444000000.0,1.483,5.586,-563000000.0,72000000.0,72000000.0,5417000000.0,401000000.0,2.009,3.679,2513000000.0,299000000.0,2214000000.0,2513000000.0,0.0,302000000.0,0.0,0.05,0.64,779000000.0,1081000000.0,0.126,1081000000.0,779000000.0,648000000.0,1.85,1.83,1.85,1210000000.0,1139750000.0,1210000000.0,5407263619.0,7.0,5.002,285000000.0,1.316,1.0,3156000000.0,0.368,53000000.0,131000000.0,6448000000.0,6444000000.0,900000000.0,0.0,0.0,0.0,4451000000.0,1601000000.0,2850000000.0,2733263619.0,-286000000.0,0.0,-234000000.0,35000000.0,-138000000.0,-342000000.0,-792000000.0,0.0,848000000.0,0.0,401000000.0,401000000.0,401000000.0,0.0,0.0,0.047,2377000000.0,779000000.0,563000000.0,0.346,2.259,6.816,6.859,2221000000.0,0.0,12.69,0.319,0.321,1942000000.0,223000000.0,8573000000.0,8573000000.0,0.0,0.069,0.352,0.121,0.091,27000000.0,2377000000.0,1.0,215387204.0,216600000.0,219200000.0,39.58,5608000000.0,210000000.0,247000000.0,0.0,25.891,1616000000.0
13,JWN,MRY,2007-12-31,2008-02-02,2008-02-02,2021-09-03,-22000000.0,5600000000.0,5621000000.0,3361000000.0,2239000000.0,1.615,4.555,-501000000.0,358000000.0,358000000.0,5526000000.0,715000000.0,2.056,4.022,2497000000.0,261000000.0,2236000000.0,2497000000.0,0.0,269000000.0,0.0,0.014,0.54,1247000000.0,1516000000.0,0.167,1516000000.0,1247000000.0,1173000000.0,2.92,2.88,2.92,1115000000.0,1662000000.0,1115000000.0,11206064878.0,9.0,7.392,-189000000.0,-0.772,1.0,3554000000.0,0.391,53000000.0,74000000.0,6051000000.0,5493250000.0,956000000.0,0.0,0.0,0.0,4485000000.0,1635000000.0,2850000000.0,9223042878.0,-45000000.0,216000000.0,-1651000000.0,1835000000.0,-134000000.0,64000000.0,-421000000.0,0.0,312000000.0,0.0,715000000.0,715000000.0,715000000.0,0.0,0.0,0.079,2359000000.0,1195000000.0,556000000.0,0.185,8.272,12.899,13.61,1983000000.0,0.0,39.74,1.016,1.071,1788000000.0,201000000.0,9080000000.0,9080000000.0,0.0,0.127,0.43,0.227,0.137,28000000.0,2359000000.0,1.0,232084622.0,244800000.0,248800000.0,37.092,5547000000.0,181000000.0,458000000.0,0.0,22.659,1726000000.0
14,JWN,MRY,2006-12-31,2007-02-03,2007-02-03,2021-09-03,-9000000.0,4822000000.0,4777424500.0,2742000000.0,2080000000.0,1.814,8.32,-264000000.0,403000000.0,403000000.0,5354000000.0,678000000.0,1.913,1.223,631000000.0,7000000.0,624000000.0,631000000.0,0.0,285000000.0,0.0,0.007,0.42,1149000000.0,1434000000.0,0.165,1434000000.0,1149000000.0,1106000000.0,2.6,2.55,2.6,2169000000.0,2000847250.0,2169000000.0,15091515200.0,13.0,10.524,878000000.0,3.368,1.0,3312000000.0,0.382,136000000.0,43000000.0,3481000000.0,3578076250.0,997000000.0,428000000.0,428000000.0,0.0,2653000000.0,1433000000.0,1220000000.0,14569027200.0,-60000000.0,0.0,-554000000.0,-358000000.0,-110000000.0,-984000000.0,-218000000.0,54000000.0,1142000000.0,0.0,678000000.0,678000000.0,678000000.0,0.0,0.0,0.078,2297000000.0,1015000000.0,577000000.0,0.162,6.717,21.488,21.8,1757000000.0,0.0,56.68,1.681,1.705,684000000.0,1351000000.0,8666000000.0,8666000000.0,0.0,0.142,0.339,0.321,0.133,43000000.0,2297000000.0,1.0,257040000.0,260700000.0,265700000.0,33.241,4686000000.0,169000000.0,428000000.0,76000000.0,17.975,1309000000.0
15,JWN,MRY,2005-12-31,2006-01-28,2006-01-28,2021-09-03,2708000.0,4921349000.0,4811725500.0,2874157000.0,2047192000.0,1.605,7.694,-272000000.0,462656000.0,462656000.0,4888000000.0,551000000.0,1.771,1.352,934394000.0,306618000.0,627776000.0,934394000.0,0.0,276000000.0,0.0,0.008,0.32,930000000.0,1206000000.0,0.156,1206000000.0,930000000.0,885000000.0,2.03,1.98,2.03,2092681000.0,1988354000.0,2092681000.0,12138612960.0,13.0,10.065,504000000.0,1.853,1.0,2835000000.0,0.367,135714000.0,45000000.0,3634061000.0,3791268750.0,955978000.0,615136000.0,615136000.0,0.0,2828668000.0,1623312000.0,1205356000.0,11410610960.0,102000000.0,0.0,-199000000.0,-96000000.0,-87000000.0,-382000000.0,-292000000.0,-12000000.0,776000000.0,0.0,551000000.0,551000000.0,551000000.0,0.0,0.0,0.071,2101000000.0,734000000.0,540019000.0,0.158,5.453,20.709,20.828,1773871000.0,0.0,42.28,1.477,1.489,639558000.0,1404366000.0,7723000000.0,7723000000.0,0.0,0.115,0.277,0.245,0.12,54000000.0,2101000000.0,1.0,269882000.0,272000000.0,278000000.0,28.393,4785635000.0,145470000.0,334000000.0,81617000.0,17.594,1250845000.0
16,JWN,MRY,2004-12-31,2005-01-29,2005-01-29,2021-09-03,9335000.0,4605390000.0,4648510750.0,2572444000.0,2032946000.0,1.534,6.412,-241378000.0,360623000.0,360623000.0,4559388000.0,393450000.0,1.918,1.574,1030107000.0,101097000.0,929010000.0,1030107000.0,0.0,264769000.0,0.0,0.01,0.24,724709000.0,989478000.0,0.139,989478000.0,724709000.0,647281000.0,1.41,1.38,1.41,1788994000.0,1815615500.0,1788994000.0,7367654775.0,10.0,7.446,364968000.0,1.308,1.0,2572000000.0,0.361,135714000.0,77428000.0,3798008000.0,3956705250.0,917182000.0,464241000.0,464241000.0,0.0,2816396000.0,1341152000.0,1475244000.0,6667656775.0,20342000.0,0.0,-200047000.0,-207932000.0,-67240000.0,-475971000.0,-110033000.0,134175000.0,606346000.0,0.0,393450000.0,393450000.0,393450000.0,0.0,0.0,0.055,2020233000.0,551767000.0,482394000.0,0.17,3.727,16.947,16.879,1780366000.0,0.0,23.8,0.935,0.931,645663000.0,1227303000.0,7131388000.0,7131388000.0,0.0,0.085,0.217,0.183,0.102,33493000.0,2020233000.0,1.0,280153646.0,278993000.0,284533000.0,25.561,4469676000.0,131547000.0,253831000.0,115556000.0,16.021,1231292000.0
17,JWN,MRY,2003-12-31,2004-01-31,2004-01-31,2021-09-03,8868000.0,4569233000.0,4449671250.0,2524843000.0,2044390000.0,1.449,5.993,-258314000.0,340281000.0,340281000.0,4215546000.0,242841000.0,2.249,1.796,1234243000.0,6833000.0,1227410000.0,1234243000.0,0.0,250683000.0,0.0,0.01,0.205,489093000.0,739776000.0,0.115,739776000.0,489093000.0,398141000.0,0.89,0.88,0.89,1634009000.0,1493748250.0,1634009000.0,6489685578.0,13.0,8.773,340968000.0,1.251,1.0,2233132000.0,0.346,135714000.0,90952000.0,4204922000.0,4254497500.0,901623000.0,176000000.0,176000000.0,0.0,2935224000.0,1122559000.0,1812665000.0,5401204578.0,216028000.0,0.0,57459000.0,-77604000.0,-55853000.0,-73657000.0,-309597000.0,-54734000.0,599282000.0,0.0,242841000.0,242841000.0,242841000.0,0.0,0.0,0.038,1899129000.0,334003000.0,458809000.0,0.23,3.305,22.242,22.079,1807778000.0,0.0,19.65,0.838,0.831,939105000.0,1201093000.0,6448678000.0,6448678000.0,0.0,0.055,0.163,0.115,0.076,28093000.0,1899129000.0,1.0,274870462.0,272658000.0,275478000.0,23.651,4433519000.0,121681000.0,155300000.0,66157000.0,16.26,1402284000.0
18,JWN,MRY,2002-12-31,2003-01-31,2003-01-31,2021-09-03,2700000.0,4185269000.0,4170690750.0,2125356000.0,2059913000.0,1.425,5.081,-295751000.0,124253000.0,124253000.0,3970022000.0,90224000.0,2.295,2.049,1350839000.0,5789000.0,1345050000.0,1350839000.0,0.0,233931000.0,0.0,0.026,0.235,264186000.0,498117000.0,0.084,498117000.0,264186000.0,182265000.0,0.335,0.33,0.335,1372864000.0,1323116750.0,1372864000.0,3750858535.0,14.0,7.53,94763000.0,0.351,1.0,1974634000.0,0.332,135714000.0,81921000.0,4350163000.0,4213295000.0,953112000.0,121266000.0,121266000.0,0.0,2812405000.0,925978000.0,1886427000.0,2443276535.0,-229588000.0,-70000000.0,14663000.0,-100889000.0,-51322000.0,-130952000.0,-489150000.0,-121266000.0,390514000.0,0.0,90224000.0,90224000.0,90224000.0,0.0,0.0,0.015,1783210000.0,191424000.0,366244000.0,0.701,1.78,27.08,26.925,1849961000.0,0.0,9.02,0.411,0.41,778831000.0,1014105000.0,5944656000.0,5944656000.0,0.0,0.022,0.068,0.063,0.044,2488000.0,1783210000.0,1.0,270873230.0,270214000.0,271448000.0,22.0,4049555000.0,0.0,92041000.0,337574000.0,14.986,1199378000.0
19,JWN,MRY,2001-12-31,2002-01-31,2002-01-31,2021-09-03,649000.0,4051179000.0,3881854250.0,2057111000.0,1994068000.0,1.445,4.89,-370643000.0,331327000.0,331327000.0,3763554000.0,124688000.0,2.165,2.082,1429419000.0,78375000.0,1351044000.0,1429419000.0,0.0,213089000.0,0.0,0.014,0.18,279526000.0,492615000.0,0.088,492615000.0,279526000.0,204488000.0,0.465,0.465,0.465,1314488000.0,1275944750.0,1314488000.0,4672225629.0,17.0,9.485,117867000.0,0.438,1.0,1844133000.0,0.329,138331000.0,75038000.0,4060802000.0,3821498250.0,888172000.0,0.0,0.0,0.0,2736691000.0,950138000.0,1786553000.0,3400520629.0,314451000.0,0.0,8327000.0,236452000.0,-48265000.0,196514000.0,-370573000.0,0.0,488510000.0,0.0,124688000.0,124688000.0,124688000.0,0.0,0.0,0.022,1698497000.0,145636000.0,490988000.0,0.387,2.587,27.272,27.204,1761082000.0,0.0,12.65,0.606,0.606,698475000.0,975203000.0,5607687000.0,5607687000.0,0.0,0.032,0.098,0.073,0.05,3867000.0,1698497000.0,1.0,268815860.0,268815860.0,,20.861,3912848000.0,0.0,79800000.0,144402000.0,14.556,1106973000.0
20,JWN,MRY,2000-12-31,2001-01-31,2001-01-31,2021-09-03,2824000.0,3608503000.0,,1812982000.0,1795521000.0,,,-330347000.0,25259000.0,25259000.0,3649516000.0,101918000.0,1.907,1.935,1195356000.0,95646000.0,1099710000.0,1195356000.0,0.0,204299000.0,0.0,0.024,0.245,229716000.0,434015000.0,0.079,434015000.0,229716000.0,167018000.0,0.39,0.39,0.39,1229568000.0,,1229568000.0,,,,-145060000.0,,1.0,1879021000.0,0.34,143473000.0,62698000.0,3684559000.0,,945687000.0,0.0,0.0,0.0,2378935000.0,950568000.0,1428367000.0,,-1783000.0,-83828000.0,-79741000.0,262201000.0,-45935000.0,136525000.0,-323595000.0,0.0,185287000.0,0.0,101918000.0,101918000.0,101918000.0,0.0,0.0,0.018,1747048000.0,131973000.0,466476000.0,0.628,,,26.141,1599938000.0,0.0,10.195,,,721953000.0,900090000.0,5528537000.0,5528537000.0,0.0,,,,0.042,6480000.0,1747048000.0,1.0,,,,,3465030000.0,0.0,65100000.0,153613000.0,,862414000.0
21,JWN,MRY,1999-12-31,2000-01-31,2000-01-31,2021-09-03,,,,,,,,-305052000.0,,,3359760000.0,202557000.0,,,,,,,,193718000.0,,0.015,0.16,382453000.0,576171000.0,0.112,576171000.0,382453000.0,332057000.0,0.735,0.73,0.735,,,,,,,64194000.0,,1.0,1789506000.0,0.348,,50396000.0,,,,,,,,,,,-214389000.0,0.0,-293388000.0,-71190000.0,-44463000.0,-393041000.0,-190594000.0,0.0,369246000.0,0.0,202557000.0,202557000.0,202557000.0,0.0,0.0,0.039,1523836000.0,265670000.0,,0.218,,,14.966,,0.0,11.0,,,,,5149266000.0,5149266000.0,0.0,,,,0.074,3331000.0,1523836000.0,1.0,,,,,,,129500000.0,,,
0,JWN,MRQ,2021-06-30,2021-07-31,2021-07-31,2021-09-03,-61000000.0,9230000000.0,,3461000000.0,5769000000.0,,1.686,-91000000.0,487000000.0,487000000.0,2332000000.0,80000000.0,0.898,33.44,4706000000.0,238000000.0,4468000000.0,4706000000.0,0.0,206000000.0,0.0,0.0,0.0,151000000.0,357000000.0,0.098,357000000.0,151000000.0,111000000.0,0.5,0.49,0.5,268000000.0,,268000000.0,10337546176.0,51.0,10.155,818000000.0,5.145,1.0,1325000000.0,0.362,249000000.0,40000000.0,9344000000.0,,2182000000.0,0.0,0.0,0.0,8962000000.0,3856000000.0,5106000000.0,5259546176.0,110000000.0,0.0,0.0,-678000000.0,0.0,-678000000.0,-120000000.0,0.0,909000000.0,-1000000.0,80000000.0,80000000.0,80000000.0,0.0,0.0,0.022,1174000000.0,151000000.0,1961000000.0,0.0,19.625,,,5105000000.0,0.0,33.1,0.393,0.393,317000000.0,-2916000000.0,3657000000.0,3657000000.0,0.0,,,,,23000000.0,1174000000.0,1.0,158898676.0,159000000.0,162800000.0,23.0,8981000000.0,0.0,31000000.0,0.0,56.484,-395000000.0
1,JWN,MRQ,2021-03-31,2021-05-01,2021-05-01,2021-09-03,-59000000.0,9333000000.0,,3499000000.0,5834000000.0,,1.047,-126000000.0,377000000.0,377000000.0,2019000000.0,-166000000.0,0.873,55.223,5455000000.0,946000000.0,4509000000.0,5455000000.0,0.0,205000000.0,0.0,0.0,0.0,-85000000.0,120000000.0,0.04,120000000.0,-85000000.0,-222000000.0,-1.05,-1.05,-1.05,166000000.0,,166000000.0,10322017538.0,-32.0,20.727,-490000000.0,-3.091,1.0,990000000.0,0.329,249000000.0,137000000.0,10154000000.0,,1961000000.0,0.0,0.0,0.0,9167000000.0,4008000000.0,5159000000.0,5787017538.0,-304000000.0,0.0,7000000.0,173000000.0,0.0,167000000.0,-110000000.0,0.0,-364000000.0,3000000.0,-166000000.0,-166000000.0,-166000000.0,0.0,0.0,-0.055,1075000000.0,-85000000.0,1676000000.0,0.0,34.862,-17.275,-17.302,5202000000.0,0.0,36.68,0.499,0.501,238000000.0,-2996000000.0,3009000000.0,3009000000.0,0.0,,,,,22000000.0,1075000000.0,1.0,157770380.0,158500000.0,158500000.0,18.984,9084000000.0,0.0,-56000000.0,0.0,57.312,-509000000.0
2,JWN,MRQ,2020-12-31,2021-01-30,2021-01-30,2021-09-03,-70000000.0,9538000000.0,,3642000000.0,5896000000.0,,1.933,-74000000.0,681000000.0,681000000.0,2365000000.0,33000000.0,0.884,30.272,5216000000.0,760000000.0,4456000000.0,5216000000.0,0.0,199000000.0,0.0,0.01,0.0,30000000.0,229000000.0,0.063,229000000.0,30000000.0,-18000000.0,0.21,0.21,0.21,305000000.0,,305000000.0,10161880713.0,-10.0,-49.813,14000000.0,0.089,1.0,1280000000.0,0.351,249000000.0,48000000.0,9704000000.0,,1863000000.0,0.0,0.0,0.0,9233000000.0,4120000000.0,5113000000.0,5589880713.0,-208000000.0,0.0,0.0,-243000000.0,0.0,-243000000.0,-56000000.0,0.0,88000000.0,3000000.0,33000000.0,33000000.0,33000000.0,0.0,0.0,0.009,1250000000.0,30000000.0,1960000000.0,0.0,18.327,-8.101,-8.075,5313000000.0,0.0,35.45,0.522,0.52,245000000.0,-2830000000.0,3645000000.0,3645000000.0,0.0,,,,,17000000.0,1250000000.0,1.0,157683518.0,157800000.0,157800000.0,23.099,9289000000.0,0.0,-51000000.0,0.0,58.866,-478000000.0
3,JWN,MRQ,2020-09-30,2020-10-31,2020-10-31,2021-09-03,-75000000.0,9811000000.0,,3907000000.0,5904000000.0,,1.6,-83000000.0,889000000.0,889000000.0,2019000000.0,53000000.0,0.889,37.933,5461000000.0,968000000.0,4493000000.0,5461000000.0,0.0,206000000.0,0.0,0.061,0.0,106000000.0,312000000.0,0.101,312000000.0,106000000.0,58000000.0,0.34,0.34,0.34,252000000.0,,252000000.0,6730518388.0,-9.0,70.848,72000000.0,0.457,1.0,1070000000.0,0.346,249000000.0,48000000.0,9740000000.0,,1860000000.0,0.0,0.0,0.0,9559000000.0,4394000000.0,5165000000.0,1901518388.0,-102000000.0,0.0,5000000.0,-177000000.0,0.0,-176000000.0,-80000000.0,0.0,155000000.0,-1000000.0,53000000.0,53000000.0,53000000.0,0.0,0.0,0.017,964000000.0,106000000.0,2053000000.0,0.0,7.546,-3.581,-3.591,5381000000.0,0.0,12.1,0.164,0.164,256000000.0,-2863000000.0,3089000000.0,3089000000.0,0.0,,,,,17000000.0,964000000.0,1.0,157150280.0,157500000.0,158200000.0,19.613,9562000000.0,0.0,5000000.0,0.0,60.711,-487000000.0
4,JWN,MRQ,2020-06-30,2020-08-01,2020-08-01,2021-09-03,-78000000.0,9535000000.0,,3405000000.0,6130000000.0,,1.107,-97000000.0,991000000.0,991000000.0,1406000000.0,-255000000.0,0.935,53.799,5820000000.0,772000000.0,5048000000.0,5820000000.0,0.0,207000000.0,0.0,0.081,0.0,-370000000.0,-163000000.0,-0.088,-163000000.0,-370000000.0,-421000000.0,-1.62,-1.62,-1.62,174000000.0,,174000000.0,6937779826.0,-10.0,39.419,90000000.0,0.573,1.0,456000000.0,0.245,249000000.0,51000000.0,10473000000.0,,1466000000.0,0.0,0.0,0.0,9361000000.0,3642000000.0,5719000000.0,2149779826.0,-364000000.0,0.0,0.0,-468000000.0,0.0,-468000000.0,-85000000.0,0.0,187000000.0,2000000.0,-255000000.0,-255000000.0,-255000000.0,0.0,0.0,-0.137,826000000.0,-370000000.0,1298000000.0,0.0,12.355,-4.694,-4.721,5500000000.0,0.0,13.69,0.176,0.177,146000000.0,-2916000000.0,1862000000.0,1862000000.0,0.0,,,,,20000000.0,826000000.0,1.0,157032858.0,157200000.0,157200000.0,11.845,9286000000.0,0.0,-166000000.0,0.0,59.071,-237000000.0
5,JWN,MRQ,2020-03-31,2020-05-02,2020-05-02,2021-09-03,-90000000.0,9969000000.0,,3667000000.0,6302000000.0,,2.538,-131000000.0,1355000000.0,1355000000.0,1810000000.0,-521000000.0,0.965,24.111,6143000000.0,1043000000.0,5100000000.0,6143000000.0,0.0,220000000.0,0.0,0.084,0.37,-813000000.0,-593000000.0,-0.28,-593000000.0,-813000000.0,-847000000.0,-3.33,-3.33,-3.33,397000000.0,,397000000.0,6703073309.0,-64.0,8.808,-909000000.0,-5.812,1.0,309000000.0,0.146,249000000.0,34000000.0,10709000000.0,,1489000000.0,0.0,0.0,0.0,9572000000.0,3799000000.0,5773000000.0,2761073309.0,502000000.0,0.0,11000000.0,1472000000.0,-58000000.0,1417000000.0,-126000000.0,0.0,-778000000.0,-11000000.0,-521000000.0,-521000000.0,-521000000.0,0.0,0.0,-0.246,1122000000.0,-813000000.0,1125000000.0,-0.111,6.955,-44.533,-47.73,5696000000.0,0.0,17.66,0.194,0.195,154000000.0,-2661000000.0,2119000000.0,2119000000.0,0.0,,,,,13000000.0,1122000000.0,1.0,156346167.0,156400000.0,156400000.0,13.549,9720000000.0,0.0,-326000000.0,0.0,62.148,-132000000.0
6,JWN,MRQ,2019-12-31,2020-02-01,2020-02-01,2021-09-03,-68000000.0,9737000000.0,,3230000000.0,6507000000.0,,6.296,-194000000.0,853000000.0,853000000.0,2883000000.0,192000000.0,0.918,8.946,4795000000.0,244000000.0,4551000000.0,4795000000.0,0.0,240000000.0,0.0,0.04,0.37,299000000.0,539000000.0,0.119,539000000.0,299000000.0,263000000.0,1.24,1.23,1.24,979000000.0,,979000000.0,10047631736.0,13.0,6.134,473000000.0,3.042,1.0,1654000000.0,0.365,249000000.0,36000000.0,9910000000.0,,1920000000.0,0.0,0.0,0.0,8758000000.0,3520000000.0,5238000000.0,5722631736.0,366000000.0,0.0,10000000.0,-51000000.0,-57000000.0,-109000000.0,-192000000.0,0.0,667000000.0,0.0,192000000.0,192000000.0,192000000.0,0.0,0.0,0.042,1355000000.0,299000000.0,1576000000.0,0.298,5.845,11.538,11.519,5953000000.0,0.0,36.86,0.369,0.369,179000000.0,-2082000000.0,4537000000.0,4537000000.0,0.0,,,,,14000000.0,1355000000.0,1.0,155253167.0,155500000.0,156700000.0,29.177,9488000000.0,0.0,71000000.0,0.0,61.016,-290000000.0
7,JWN,MRQ,2019-09-30,2019-11-02,2019-11-02,2021-09-03,-38000000.0,10075000000.0,,3573000000.0,6502000000.0,,5.483,-261000000.0,487000000.0,487000000.0,2344000000.0,126000000.0,0.898,10.839,4812000000.0,238000000.0,4574000000.0,4812000000.0,0.0,200000000.0,0.0,0.04,0.37,193000000.0,393000000.0,0.107,393000000.0,193000000.0,173000000.0,0.81,0.81,0.81,851000000.0,,851000000.0,9554824452.0,12.0,5.957,-384000000.0,-2.474,1.0,1328000000.0,0.362,249000000.0,20000000.0,10170000000.0,,2542000000.0,0.0,0.0,0.0,9224000000.0,3981000000.0,5243000000.0,5683824452.0,-469000000.0,0.0,8000000.0,-34000000.0,-58000000.0,-83000000.0,-263000000.0,0.0,-123000000.0,0.0,126000000.0,126000000.0,126000000.0,0.0,0.0,0.034,1135000000.0,193000000.0,2148000000.0,0.457,6.679,10.297,10.635,5930000000.0,0.0,36.69,0.367,0.368,234000000.0,-2217000000.0,3672000000.0,3672000000.0,0.0,,,,,15000000.0,1135000000.0,1.0,154914812.0,155200000.0,155800000.0,23.66,9826000000.0,0.0,47000000.0,0.0,63.312,-408000000.0
8,JWN,MRQ,2019-06-30,2019-08-03,2019-08-03,2021-09-03,-39000000.0,9935000000.0,,3483000000.0,6452000000.0,,4.897,-231000000.0,956000000.0,956000000.0,2476000000.0,141000000.0,0.787,12.09,4827000000.0,737000000.0,4090000000.0,4827000000.0,0.0,206000000.0,0.0,0.048,0.37,216000000.0,422000000.0,0.109,422000000.0,216000000.0,193000000.0,0.91,0.9,0.91,759000000.0,,759000000.0,9177727660.0,13.0,6.218,492000000.0,3.174,1.0,1396000000.0,0.361,249000000.0,23000000.0,9132000000.0,,1932000000.0,0.0,0.0,0.0,9176000000.0,4425000000.0,4751000000.0,4761727660.0,508000000.0,0.0,1000000.0,52000000.0,-56000000.0,-9000000.0,-206000000.0,0.0,723000000.0,0.0,141000000.0,141000000.0,141000000.0,0.0,0.0,0.036,1180000000.0,216000000.0,1819000000.0,0.407,6.274,9.659,10.128,5837000000.0,0.0,30.79,0.306,0.307,211000000.0,-2286000000.0,3872000000.0,3872000000.0,0.0,,,,,20000000.0,1180000000.0,1.0,154651759.0,155000000.0,155600000.0,24.981,9686000000.0,0.0,52000000.0,0.0,62.49,-942000000.0
9,JWN,MRQ,2019-03-31,2019-05-04,2019-05-04,2021-09-03,-46000000.0,9338000000.0,,2958000000.0,6380000000.0,,4.2,-249000000.0,448000000.0,448000000.0,2228000000.0,37000000.0,0.76,13.344,4864000000.0,736000000.0,4128000000.0,4864000000.0,0.0,208000000.0,0.0,0.037,0.37,77000000.0,285000000.0,0.083,285000000.0,77000000.0,53000000.0,0.24,0.23,0.24,651000000.0,,651000000.0,7973060999.0,10.0,5.428,-280000000.0,-1.806,1.0,1215000000.0,0.353,249000000.0,24000000.0,9613000000.0,,2006000000.0,0.0,0.0,0.0,8687000000.0,3892000000.0,4795000000.0,6245060999.0,-509000000.0,0.0,-200000000.0,40000000.0,-58000000.0,-230000000.0,-248000000.0,0.0,-31000000.0,0.0,37000000.0,37000000.0,37000000.0,0.0,0.0,0.011,1138000000.0,77000000.0,1619000000.0,1.542,9.593,12.15,12.997,5796000000.0,0.0,40.29,0.397,0.397,233000000.0,-2370000000.0,3443000000.0,3443000000.0,0.0,,,,,20000000.0,1138000000.0,1.0,155002755.0,155000000.0,156200000.0,22.213,9089000000.0,0.0,16000000.0,0.0,58.639,-934000000.0
10,JWN,MRQ,2018-12-31,2019-02-02,2019-02-02,2021-09-03,-37000000.0,7886000000.0,,3374000000.0,4512000000.0,,5.294,-225000000.0,957000000.0,957000000.0,2844000000.0,248000000.0,0.998,8.033,2685000000.0,8000000.0,2677000000.0,2685000000.0,0.0,171000000.0,0.0,0.033,0.37,333000000.0,504000000.0,0.112,504000000.0,333000000.0,310000000.0,1.49,1.47,1.49,873000000.0,,873000000.0,9143790755.0,11.0,6.072,429000000.0,2.602,1.0,1639000000.0,0.366,249000000.0,23000000.0,5984000000.0,,1978000000.0,0.0,0.0,0.0,7013000000.0,3381000000.0,3632000000.0,7584790755.0,-170000000.0,0.0,-520000000.0,-36000000.0,-64000000.0,-619000000.0,-205000000.0,0.0,654000000.0,0.0,248000000.0,248000000.0,248000000.0,0.0,0.0,0.055,1306000000.0,333000000.0,1469000000.0,0.248,8.688,13.448,13.451,3921000000.0,0.0,45.33,0.478,0.478,148000000.0,-2138000000.0,4483000000.0,4483000000.0,0.0,,,,,18000000.0,1306000000.0,1.0,167323864.0,164900000.0,167000000.0,27.186,7637000000.0,0.0,62000000.0,0.0,46.313,-7000000.0
11,JWN,MRQ,2018-09-30,2018-11-03,2018-11-03,2021-09-03,-49000000.0,8709000000.0,,4297000000.0,4412000000.0,,7.127,-160000000.0,1127000000.0,1127000000.0,2435000000.0,67000000.0,1.118,6.239,2686000000.0,8000000.0,2678000000.0,2686000000.0,0.0,160000000.0,0.0,0.022,0.37,105000000.0,265000000.0,0.071,265000000.0,105000000.0,80000000.0,0.4,0.39,0.4,1203000000.0,,1203000000.0,12598917369.0,15.0,8.181,-112000000.0,-0.664,1.0,1313000000.0,0.35,249000000.0,25000000.0,6177000000.0,,2614000000.0,0.0,0.0,0.0,7506000000.0,3842000000.0,3664000000.0,11207917369.0,-216000000.0,0.0,38000000.0,-78000000.0,-62000000.0,-106000000.0,-158000000.0,0.0,48000000.0,0.0,67000000.0,67000000.0,67000000.0,0.0,0.0,0.018,1208000000.0,105000000.0,2106000000.0,0.925,9.317,24.0,23.832,3858000000.0,0.0,66.49,0.697,0.698,190000000.0,-1777000000.0,3748000000.0,3748000000.0,0.0,,,,,21000000.0,1208000000.0,1.0,168565459.0,168800000.0,172400000.0,22.204,8460000000.0,0.0,13000000.0,0.0,50.118,455000000.0
12,JWN,MRQ,2018-06-30,2018-08-04,2018-08-04,2021-09-03,-47000000.0,8490000000.0,,4047000000.0,4443000000.0,,6.794,-140000000.0,1343000000.0,1343000000.0,2589000000.0,162000000.0,1.103,6.447,2734000000.0,54000000.0,2680000000.0,2734000000.0,0.0,169000000.0,0.0,0.029,0.37,246000000.0,415000000.0,0.102,415000000.0,246000000.0,218000000.0,0.97,0.95,0.97,1140000000.0,,1140000000.0,10236507447.0,11.0,6.234,482000000.0,2.872,1.0,1478000000.0,0.363,249000000.0,28000000.0,5964000000.0,,2065000000.0,0.0,0.0,0.0,7350000000.0,3668000000.0,3682000000.0,8466507447.0,377000000.0,0.0,-44000000.0,34000000.0,-62000000.0,-104000000.0,-141000000.0,0.0,622000000.0,0.0,162000000.0,162000000.0,162000000.0,0.0,0.0,0.04,1232000000.0,246000000.0,1840000000.0,0.381,7.427,16.472,16.476,3860000000.0,0.0,50.58,0.531,0.532,200000000.0,-1712000000.0,4067000000.0,4067000000.0,0.0,,,,,28000000.0,1232000000.0,1.0,167388443.0,167800000.0,170300000.0,24.237,8241000000.0,0.0,56000000.0,0.0,49.112,379000000.0
13,JWN,MRQ,2018-03-31,2018-05-05,2018-05-05,2021-09-03,-44000000.0,8016000000.0,,3563000000.0,4453000000.0,,6.377,-129000000.0,966000000.0,966000000.0,2288000000.0,87000000.0,1.095,6.492,2736000000.0,56000000.0,2680000000.0,2736000000.0,0.0,169000000.0,0.0,0.03,0.37,153000000.0,322000000.0,0.09,322000000.0,153000000.0,125000000.0,0.52,0.51,0.52,1070000000.0,,1070000000.0,9859952389.0,11.0,6.151,-157000000.0,-0.936,1.0,1273000000.0,0.357,249000000.0,28000000.0,6282000000.0,,2120000000.0,0.0,0.0,0.0,6946000000.0,3255000000.0,3691000000.0,8303952389.0,-215000000.0,0.0,11000000.0,24000000.0,-62000000.0,-38000000.0,-149000000.0,0.0,-28000000.0,0.0,87000000.0,87000000.0,87000000.0,0.0,0.0,0.024,1120000000.0,153000000.0,1575000000.0,0.712,7.761,17.974,17.931,3887000000.0,0.0,49.49,0.529,0.529,186000000.0,-1738000000.0,3561000000.0,3561000000.0,0.0,,,,,23000000.0,1120000000.0,1.0,167790511.0,167800000.0,170200000.0,21.222,7767000000.0,0.0,38000000.0,0.0,46.287,308000000.0
14,JWN,MRQ,2017-12-31,2018-02-03,2018-02-03,2021-09-03,-29000000.0,8115000000.0,,3503000000.0,4612000000.0,,5.847,-195000000.0,1181000000.0,1181000000.0,2969000000.0,151000000.0,1.065,7.306,2737000000.0,56000000.0,2681000000.0,2737000000.0,0.0,187000000.0,0.0,0.031,0.37,351000000.0,538000000.0,0.114,538000000.0,351000000.0,319000000.0,0.9,0.89,0.9,977000000.0,,977000000.0,10036965448.0,11.0,6.305,608000000.0,3.639,1.0,1733000000.0,0.369,238000000.0,32000000.0,6144000000.0,,2027000000.0,0.0,0.0,0.0,7138000000.0,3289000000.0,3849000000.0,7970965448.0,509000000.0,0.0,14000000.0,-55000000.0,-62000000.0,-117000000.0,-177000000.0,0.0,803000000.0,0.0,151000000.0,151000000.0,151000000.0,0.0,0.0,0.032,1382000000.0,351000000.0,1409000000.0,0.411,8.159,18.24,18.263,3939000000.0,0.0,47.85,0.515,0.516,145000000.0,-1810000000.0,4702000000.0,4702000000.0,0.0,,,,,18000000.0,1382000000.0,1.0,166582350.0,167100000.0,169200000.0,28.139,7877000000.0,0.0,168000000.0,0.0,47.139,214000000.0
15,JWN,MRQ,2017-09-30,2017-10-28,2017-10-28,2021-09-03,-32000000.0,8186000000.0,,3479000000.0,4707000000.0,,5.126,-195000000.0,672000000.0,672000000.0,2315000000.0,114000000.0,1.002,8.585,2738000000.0,57000000.0,2681000000.0,2738000000.0,0.0,159000000.0,0.0,0.036,0.37,208000000.0,367000000.0,0.101,367000000.0,208000000.0,180000000.0,0.68,0.67,0.68,854000000.0,,854000000.0,8631841574.0,9.0,5.251,-172000000.0,-1.032,1.0,1314000000.0,0.362,238000000.0,28000000.0,6543000000.0,,2434000000.0,0.0,0.0,0.0,7332000000.0,3471000000.0,3861000000.0,6810841574.0,-247000000.0,0.0,11000000.0,-12000000.0,-61000000.0,-71000000.0,-199000000.0,0.0,23000000.0,0.0,114000000.0,114000000.0,114000000.0,0.0,0.0,0.031,1106000000.0,208000000.0,1815000000.0,0.544,7.975,13.957,14.176,3940000000.0,0.0,40.97,0.451,0.452,211000000.0,-1899000000.0,3629000000.0,3629000000.0,0.0,,,,,18000000.0,1106000000.0,1.0,166239726.0,166600000.0,168800000.0,21.783,7948000000.0,0.0,66000000.0,0.0,47.707,8000000.0
16,JWN,MRQ,2017-06-30,2017-07-29,2017-07-29,2021-09-03,-21000000.0,8161000000.0,,3473000000.0,4688000000.0,,4.718,-188000000.0,919000000.0,919000000.0,2451000000.0,110000000.0,1.006,9.396,2740000000.0,11000000.0,2729000000.0,2740000000.0,0.0,159000000.0,0.0,0.03,0.37,217000000.0,376000000.0,0.099,376000000.0,217000000.0,188000000.0,0.66,0.65,0.66,785000000.0,,785000000.0,10152488276.0,12.0,6.8,297000000.0,1.785,1.0,1342000000.0,0.354,238000000.0,29000000.0,6293000000.0,,2077000000.0,0.0,0.0,0.0,7376000000.0,3451000000.0,3925000000.0,8063488276.0,266000000.0,0.0,3000000.0,25000000.0,-62000000.0,-55000000.0,-164000000.0,0.0,485000000.0,0.0,110000000.0,110000000.0,110000000.0,0.0,0.0,0.029,1125000000.0,217000000.0,1704000000.0,0.561,10.272,22.152,22.586,3930000000.0,0.0,48.56,0.537,0.539,320000000.0,-1951000000.0,3793000000.0,3793000000.0,0.0,,,,,25000000.0,1125000000.0,1.0,166052065.0,166400000.0,168500000.0,22.794,7923000000.0,0.0,78000000.0,0.0,47.614,22000000.0
17,JWN,MRQ,2017-03-31,2017-04-29,2017-04-29,2021-09-03,-54000000.0,7771000000.0,,3169000000.0,4602000000.0,,4.047,-153000000.0,653000000.0,653000000.0,2155000000.0,63000000.0,1.008,10.479,2742000000.0,11000000.0,2731000000.0,2742000000.0,0.0,161000000.0,0.0,0.031,0.37,151000000.0,312000000.0,0.093,312000000.0,151000000.0,103000000.0,0.38,0.37,0.38,677000000.0,,677000000.0,9820909934.0,12.0,6.539,-64000000.0,-0.383,1.0,1199000000.0,0.357,238000000.0,48000000.0,6477000000.0,,2160000000.0,0.0,0.0,0.0,7094000000.0,3145000000.0,3949000000.0,8053909934.0,-354000000.0,0.0,-200000000.0,-39000000.0,-62000000.0,-299000000.0,-144000000.0,0.0,89000000.0,0.0,63000000.0,63000000.0,63000000.0,0.0,0.0,0.019,1048000000.0,151000000.0,1590000000.0,0.974,11.896,21.709,22.347,3872000000.0,0.0,48.27,0.542,0.543,209000000.0,-1999000000.0,3354000000.0,3354000000.0,0.0,,,,,16000000.0,1048000000.0,1.0,166851252.0,167300000.0,169100000.0,20.048,7533000000.0,0.0,40000000.0,0.0,45.027,24000000.0
18,JWN,MRQ,2016-12-31,2017-01-28,2017-01-28,2021-09-03,-43000000.0,7858000000.0,,3242000000.0,4616000000.0,,5.032,-221000000.0,1007000000.0,1007000000.0,2720000000.0,201000000.0,1.07,8.032,2774000000.0,11000000.0,2763000000.0,2774000000.0,0.0,165000000.0,0.0,0.035,0.37,424000000.0,589000000.0,0.136,589000000.0,424000000.0,393000000.0,1.17,1.15,1.17,870000000.0,,870000000.0,9671243642.0,12.0,6.67,559000000.0,3.233,1.0,1596000000.0,0.37,238000000.0,31000000.0,6358000000.0,,1896000000.0,0.0,0.0,0.0,6988000000.0,3029000000.0,3959000000.0,7424243642.0,476000000.0,0.0,-154000000.0,128000000.0,-64000000.0,-91000000.0,-213000000.0,0.0,780000000.0,0.0,201000000.0,201000000.0,201000000.0,0.0,0.0,0.047,1172000000.0,424000000.0,1340000000.0,0.316,8.534,20.972,20.893,3897000000.0,0.0,42.83,0.503,0.503,199000000.0,-1794000000.0,4316000000.0,4316000000.0,0.0,,,,,23000000.0,1172000000.0,1.0,173342135.0,172900000.0,175600000.0,24.962,7620000000.0,0.0,192000000.0,0.0,44.072,213000000.0
19,JWN,MRQ,2016-09-30,2016-10-29,2016-10-29,2021-09-03,-49000000.0,7966000000.0,,3385000000.0,4581000000.0,,4.96,-218000000.0,531000000.0,531000000.0,2261000000.0,-10000000.0,1.044,8.263,2778000000.0,11000000.0,2767000000.0,2778000000.0,0.0,161000000.0,0.0,0.028,0.37,55000000.0,216000000.0,0.061,216000000.0,55000000.0,25000000.0,-0.06,-0.06,-0.06,860000000.0,,860000000.0,11030292427.0,16.0,8.244,-196000000.0,-1.13,1.0,1281000000.0,0.362,238000000.0,30000000.0,6734000000.0,,2411000000.0,0.0,0.0,0.0,7106000000.0,3241000000.0,3865000000.0,9140292427.0,-361000000.0,0.0,-11000000.0,-111000000.0,-64000000.0,-179000000.0,-204000000.0,0.0,22000000.0,0.0,-10000000.0,-10000000.0,-10000000.0,0.0,0.0,-0.003,1226000000.0,55000000.0,1653000000.0,-6.167,10.628,27.448,28.032,3865000000.0,0.0,52.7,0.625,0.624,216000000.0,-1742000000.0,3542000000.0,3542000000.0,0.0,,,,,21000000.0,1029000000.0,1.0,173440084.0,173400000.0,173400000.0,20.427,7728000000.0,0.0,35000000.0,0.0,44.567,144000000.0
20,JWN,MRQ,2016-06-30,2016-07-30,2016-07-30,2021-09-03,-40000000.0,8130000000.0,,3350000000.0,4780000000.0,,5.401,-202000000.0,892000000.0,892000000.0,2359000000.0,117000000.0,1.009,7.677,2782000000.0,10000000.0,2772000000.0,2782000000.0,0.0,164000000.0,0.0,0.143,0.37,221000000.0,385000000.0,0.105,385000000.0,221000000.0,191000000.0,0.67,0.67,0.67,937000000.0,,937000000.0,9987033323.0,12.0,7.013,478000000.0,2.755,1.0,1292000000.0,0.354,435000000.0,30000000.0,6264000000.0,,2032000000.0,0.0,0.0,0.0,7193000000.0,3321000000.0,3872000000.0,7671033323.0,422000000.0,0.0,-7000000.0,12000000.0,-65000000.0,-58000000.0,-200000000.0,0.0,680000000.0,0.0,117000000.0,117000000.0,117000000.0,0.0,0.0,0.032,1071000000.0,221000000.0,1604000000.0,0.552,8.187,18.092,18.662,3812000000.0,0.0,44.23,0.532,0.532,263000000.0,-1635000000.0,3651000000.0,3651000000.0,0.0,,,,,27000000.0,1071000000.0,1.0,173435074.0,173500000.0,174800000.0,21.043,7695000000.0,0.0,74000000.0,0.0,44.352,29000000.0
21,JWN,MRQ,2016-03-31,2016-04-30,2016-04-30,2021-09-03,-30000000.0,7699000000.0,,2992000000.0,4707000000.0,,5.055,-205000000.0,470000000.0,470000000.0,2100000000.0,46000000.0,1.019,7.799,2786000000.0,10000000.0,2776000000.0,2786000000.0,0.0,155000000.0,0.0,0.124,0.37,106000000.0,261000000.0,0.08,261000000.0,106000000.0,75000000.0,0.27,0.26,0.27,875000000.0,,875000000.0,11051414581.0,11.0,7.102,-29000000.0,-0.168,1.0,1149000000.0,0.354,435000000.0,31000000.0,6644000000.0,,2125000000.0,0.0,0.0,0.0,6824000000.0,2936000000.0,3888000000.0,8841414581.0,-125000000.0,0.0,-22000000.0,-35000000.0,-63000000.0,-127000000.0,-174000000.0,0.0,176000000.0,0.0,46000000.0,46000000.0,46000000.0,0.0,0.0,0.014,1043000000.0,106000000.0,1456000000.0,1.37,10.104,17.068,18.196,3789000000.0,0.0,51.13,0.611,0.612,224000000.0,-1677000000.0,3249000000.0,3249000000.0,0.0,,,,,20000000.0,1043000000.0,1.0,172920293.0,173100000.0,175700000.0,18.769,7264000000.0,0.0,29000000.0,0.0,41.964,56000000.0
22,JWN,MRQ,2015-12-31,2016-01-30,2016-01-30,2021-09-03,-58000000.0,7698000000.0,,3014000000.0,4684000000.0,,4.896,-225000000.0,595000000.0,595000000.0,2700000000.0,180000000.0,1.035,7.838,2805000000.0,10000000.0,2795000000.0,2805000000.0,0.0,152000000.0,0.0,0.129,0.37,324000000.0,476000000.0,0.114,476000000.0,324000000.0,293000000.0,1.0,0.98,1.0,871000000.0,,871000000.0,11015916934.0,10.0,6.569,500000000.0,2.811,1.0,1493000000.0,0.356,435000000.0,31000000.0,6562000000.0,,1945000000.0,0.0,0.0,0.0,6827000000.0,2911000000.0,3916000000.0,9027916934.0,-226000000.0,0.0,-671000000.0,17000000.0,-69000000.0,-738000000.0,-213000000.0,0.0,725000000.0,0.0,180000000.0,180000000.0,180000000.0,0.0,0.0,0.043,1169000000.0,324000000.0,1324000000.0,0.37,10.365,15.047,15.248,3735000000.0,0.0,49.1,0.625,0.634,196000000.0,-1610000000.0,4193000000.0,4193000000.0,0.0,,,,,13000000.0,1169000000.0,1.0,183867962.0,177900000.0,180800000.0,23.569,7263000000.0,0.0,113000000.0,0.0,40.826,103000000.0
23,JWN,MRQ,2015-09-30,2015-10-31,2015-10-31,2021-09-03,-64000000.0,8586000000.0,,3887000000.0,4699000000.0,,7.521,-336000000.0,821000000.0,821000000.0,2142000000.0,81000000.0,1.219,5.098,2809000000.0,9000000.0,2800000000.0,2809000000.0,0.0,147000000.0,0.0,0.096,5.22,155000000.0,302000000.0,0.091,302000000.0,155000000.0,125000000.0,0.43,0.42,0.43,1408000000.0,,1408000000.0,14992766398.0,12.0,8.339,994000000.0,5.31,1.0,1186000000.0,0.356,447000000.0,30000000.0,6938000000.0,,2402000000.0,0.0,0.0,0.0,7178000000.0,3189000000.0,3989000000.0,12274766398.0,398000000.0,0.0,-231000000.0,-386000000.0,-974000000.0,-1582000000.0,650000000.0,0.0,1330000000.0,0.0,81000000.0,81000000.0,81000000.0,0.0,0.0,0.024,1031000000.0,155000000.0,1688000000.0,12.14,8.718,18.185,18.369,3742000000.0,0.0,65.21,0.859,0.854,215000000.0,-1047000000.0,3328000000.0,3328000000.0,0.0,,,,,16000000.0,1031000000.0,1.0,188234418.0,187200000.0,191300000.0,17.778,8139000000.0,247000000.0,44000000.0,0.0,43.478,698000000.0
24,JWN,MRQ,2015-06-30,2015-08-01,2015-08-01,2021-09-03,-66000000.0,9700000000.0,,5432000000.0,4268000000.0,,13.152,-262000000.0,423000000.0,423000000.0,2327000000.0,211000000.0,1.572,2.894,3141000000.0,333000000.0,2808000000.0,3141000000.0,0.0,140000000.0,0.0,0.018,0.37,377000000.0,517000000.0,0.14,517000000.0,377000000.0,345000000.0,1.11,1.09,1.11,2491000000.0,,2491000000.0,16916625884.0,13.0,8.951,-55000000.0,-0.29,1.0,1374000000.0,0.371,447000000.0,32000000.0,8515000000.0,,2004000000.0,0.0,0.0,0.0,7209000000.0,3456000000.0,3753000000.0,14539625884.0,-346000000.0,0.0,-226000000.0,57000000.0,-71000000.0,-211000000.0,-342000000.0,0.0,207000000.0,0.0,211000000.0,211000000.0,211000000.0,0.0,0.0,0.057,997000000.0,377000000.0,1589000000.0,0.333,5.837,19.755,19.769,3570000000.0,0.0,76.31,1.031,1.025,2632000000.0,97000000.0,3701000000.0,3701000000.0,0.0,,,,,22000000.0,997000000.0,1.0,190533690.0,189400000.0,193500000.0,19.541,9253000000.0,256000000.0,134000000.0,0.0,48.854,1976000000.0
25,JWN,MRQ,2015-03-31,2015-05-02,2015-05-02,2021-09-03,-57000000.0,9562000000.0,,5418000000.0,4144000000.0,,13.405,-259000000.0,769000000.0,769000000.0,1999000000.0,128000000.0,1.837,2.742,3146000000.0,8000000.0,3138000000.0,3146000000.0,0.0,137000000.0,0.0,0.018,0.37,245000000.0,382000000.0,0.119,382000000.0,245000000.0,212000000.0,0.67,0.66,0.67,2555000000.0,,2555000000.0,16793875977.0,13.0,9.177,-51000000.0,-0.268,1.0,1216000000.0,0.378,447000000.0,33000000.0,8542000000.0,,2017000000.0,0.0,0.0,0.0,7007000000.0,2950000000.0,4057000000.0,14489875977.0,-58000000.0,0.0,30000000.0,4000000.0,-71000000.0,-27000000.0,-239000000.0,0.0,208000000.0,0.0,128000000.0,128000000.0,128000000.0,0.0,0.0,0.04,971000000.0,245000000.0,1573000000.0,0.552,5.671,20.466,20.457,3445000000.0,0.0,76.1,1.051,1.052,2266000000.0,190000000.0,3215000000.0,3215000000.0,0.0,,,,,19000000.0,971000000.0,1.0,190405729.0,190600000.0,194900000.0,16.868,9115000000.0,256000000.0,84000000.0,0.0,47.823,2468000000.0
26,JWN,MRQ,2014-12-31,2015-01-31,2015-01-31,2021-09-03,-64000000.0,9245000000.0,,5224000000.0,4021000000.0,,12.842,-245000000.0,827000000.0,827000000.0,2494000000.0,255000000.0,1.866,2.789,3131000000.0,8000000.0,3123000000.0,3131000000.0,0.0,132000000.0,0.0,0.017,0.33,465000000.0,597000000.0,0.148,597000000.0,465000000.0,431000000.0,1.34,1.32,1.34,2440000000.0,,2440000000.0,17190676468.0,13.0,9.389,459000000.0,2.416,1.0,1549000000.0,0.383,435000000.0,34000000.0,8314000000.0,,1733000000.0,0.0,0.0,0.0,6805000000.0,2800000000.0,4005000000.0,14496676468.0,394000000.0,0.0,-49000000.0,60000000.0,-62000000.0,-59000000.0,-251000000.0,0.0,704000000.0,0.0,255000000.0,255000000.0,255000000.0,0.0,0.0,0.063,1084000000.0,465000000.0,1328000000.0,0.246,5.941,20.134,20.106,3340000000.0,0.0,76.2,1.073,1.072,2306000000.0,166000000.0,4043000000.0,4043000000.0,0.0,,,,,19000000.0,1084000000.0,1.0,190245098.0,190000000.0,194200000.0,21.279,8810000000.0,256000000.0,176000000.0,0.0,46.368,2424000000.0
27,JWN,MRQ,2014-09-30,2014-11-01,2014-11-01,2021-09-03,-38000000.0,9269000000.0,,5337000000.0,3932000000.0,,11.924,-240000000.0,433000000.0,433000000.0,1961000000.0,142000000.0,1.774,3.076,3127000000.0,8000000.0,3119000000.0,3127000000.0,0.0,132000000.0,0.0,0.018,0.33,262000000.0,394000000.0,0.125,394000000.0,262000000.0,228000000.0,0.74,0.73,0.74,2274000000.0,,2274000000.0,16331495674.0,12.0,8.861,-93000000.0,-0.488,1.0,1179000000.0,0.375,436000000.0,34000000.0,8519000000.0,,2228000000.0,0.0,0.0,0.0,6995000000.0,3008000000.0,3987000000.0,13985495674.0,-339000000.0,0.0,-185000000.0,-61000000.0,-64000000.0,-310000000.0,-176000000.0,0.0,147000000.0,0.0,142000000.0,142000000.0,142000000.0,0.0,0.0,0.045,917000000.0,262000000.0,1673000000.0,0.446,6.15,19.08,18.958,3223000000.0,0.0,72.61,1.062,1.051,2253000000.0,29000000.0,3140000000.0,3140000000.0,0.0,,,,,17000000.0,917000000.0,1.0,192611151.0,190700000.0,194700000.0,16.466,8833000000.0,253000000.0,86000000.0,0.0,46.319,2329000000.0
28,JWN,MRQ,2014-06-30,2014-08-02,2014-08-02,2021-09-03,-36000000.0,8906000000.0,,5387000000.0,3519000000.0,,11.081,-202000000.0,772000000.0,772000000.0,2130000000.0,183000000.0,1.898,3.239,3118000000.0,7000000.0,3111000000.0,3118000000.0,0.0,126000000.0,0.0,0.018,0.33,331000000.0,457000000.0,0.135,457000000.0,331000000.0,296000000.0,0.97,0.95,0.97,2101000000.0,,2101000000.0,15200455908.0,11.0,8.38,-50000000.0,-0.264,1.0,1262000000.0,0.372,175000000.0,35000000.0,8239000000.0,,1805000000.0,0.0,0.0,0.0,6805000000.0,2838000000.0,3967000000.0,13098455908.0,-243000000.0,0.0,-78000000.0,39000000.0,-62000000.0,-98000000.0,-297000000.0,0.0,152000000.0,0.0,183000000.0,183000000.0,183000000.0,0.0,0.0,0.054,931000000.0,331000000.0,1529000000.0,0.34,6.234,17.992,18.193,3096000000.0,0.0,68.95,1.014,1.012,2454000000.0,179000000.0,3392000000.0,3392000000.0,0.0,,,,,18000000.0,931000000.0,1.0,189970354.0,189600000.0,192700000.0,17.89,8731000000.0,260000000.0,113000000.0,0.0,46.05,2549000000.0
29,JWN,MRQ,2014-03-31,2014-05-03,2014-05-03,2021-09-03,-37000000.0,8633000000.0,,5207000000.0,3426000000.0,,10.727,-174000000.0,1015000000.0,1015000000.0,1822000000.0,140000000.0,1.979,3.24,3117000000.0,7000000.0,3110000000.0,3117000000.0,0.0,118000000.0,0.0,0.02,0.33,265000000.0,383000000.0,0.131,383000000.0,265000000.0,230000000.0,0.74,0.72,0.74,2036000000.0,,2036000000.0,13683739145.0,10.0,7.589,43000000.0,0.227,1.0,1109000000.0,0.378,175000000.0,35000000.0,7929000000.0,,1698000000.0,0.0,0.0,0.0,6597000000.0,2631000000.0,3966000000.0,11764739145.0,-179000000.0,0.0,-157000000.0,-15000000.0,-63000000.0,-231000000.0,-165000000.0,0.0,217000000.0,0.0,140000000.0,140000000.0,140000000.0,0.0,0.0,0.048,844000000.0,265000000.0,1347000000.0,0.446,5.778,16.138,16.495,3011000000.0,0.0,62.02,0.925,0.925,2167000000.0,177000000.0,2931000000.0,2931000000.0,0.0,,,,,12000000.0,844000000.0,1.0,189692666.0,189800000.0,192700000.0,15.443,8458000000.0,238000000.0,90000000.0,0.0,44.563,2576000000.0
30,JWN,MRQ,2013-12-31,2014-02-01,2014-02-01,2021-09-03,-39000000.0,8574000000.0,,5228000000.0,3346000000.0,,10.794,-182000000.0,1194000000.0,1194000000.0,2269000000.0,268000000.0,2.057,3.122,3113000000.0,7000000.0,3106000000.0,3113000000.0,0.0,122000000.0,0.0,0.021,0.3,487000000.0,609000000.0,0.164,609000000.0,487000000.0,437000000.0,1.38,1.36,1.38,2080000000.0,,2080000000.0,13279371312.0,10.0,7.361,420000000.0,2.18,1.0,1442000000.0,0.389,175000000.0,50000000.0,7777000000.0,,1531000000.0,0.0,0.0,0.0,6494000000.0,2541000000.0,3953000000.0,11108371312.0,247000000.0,0.0,-123000000.0,15000000.0,-58000000.0,-164000000.0,-191000000.0,0.0,602000000.0,0.0,268000000.0,268000000.0,268000000.0,0.0,0.0,0.072,955000000.0,487000000.0,1263000000.0,0.217,5.341,15.134,15.239,2949000000.0,0.0,57.45,0.886,0.891,2177000000.0,292000000.0,3711000000.0,3711000000.0,0.0,,,,,11000000.0,955000000.0,1.0,193357203.0,192700000.0,195900000.0,19.258,8399000000.0,239000000.0,169000000.0,0.0,43.586,2687000000.0
31,JWN,MRQ,2013-09-30,2013-11-02,2013-11-02,2021-09-03,-42000000.0,8585000000.0,,5253000000.0,3332000000.0,,10.232,-194000000.0,947000000.0,947000000.0,1791000000.0,137000000.0,1.731,3.318,3118000000.0,407000000.0,2711000000.0,3118000000.0,0.0,112000000.0,0.0,0.02,0.3,253000000.0,365000000.0,0.127,365000000.0,253000000.0,218000000.0,0.7,0.69,0.7,1988000000.0,,1988000000.0,13681309642.0,10.0,7.567,-23000000.0,-0.118,1.0,1093000000.0,0.379,175000000.0,35000000.0,7547000000.0,,1795000000.0,0.0,0.0,0.0,6597000000.0,3034000000.0,3563000000.0,11687309642.0,-181000000.0,0.0,-138000000.0,-29000000.0,-59000000.0,-225000000.0,-127000000.0,0.0,171000000.0,0.0,137000000.0,137000000.0,137000000.0,0.0,0.0,0.048,840000000.0,253000000.0,1448000000.0,0.429,5.879,15.583,15.823,2880000000.0,0.0,59.97,0.933,0.93,2146000000.0,236000000.0,2884000000.0,2884000000.0,0.0,,,,,12000000.0,840000000.0,1.0,194885937.0,194300000.0,197300000.0,14.843,8410000000.0,243000000.0,81000000.0,0.0,43.284,2219000000.0
32,JWN,MRQ,2013-06-30,2013-08-03,2013-08-03,2021-09-03,-44000000.0,8548000000.0,,5294000000.0,3254000000.0,,10.389,-278000000.0,1128000000.0,1128000000.0,2004000000.0,184000000.0,1.788,3.209,3122000000.0,407000000.0,2715000000.0,3122000000.0,0.0,111000000.0,0.0,0.018,0.3,335000000.0,446000000.0,0.14,446000000.0,335000000.0,298000000.0,0.94,0.93,0.94,2031000000.0,,2031000000.0,14065450889.0,10.0,7.699,108000000.0,0.552,1.0,1192000000.0,0.373,175000000.0,37000000.0,7406000000.0,,1464000000.0,0.0,0.0,0.0,6517000000.0,2961000000.0,3556000000.0,12129450889.0,-62000000.0,0.0,-8000000.0,-20000000.0,-58000000.0,-75000000.0,-373000000.0,0.0,386000000.0,0.0,184000000.0,184000000.0,184000000.0,0.0,0.0,0.058,857000000.0,335000000.0,1395000000.0,0.319,5.972,15.981,16.228,2810000000.0,0.0,61.99,0.974,0.974,2369000000.0,313000000.0,3196000000.0,3196000000.0,0.0,,,,,17000000.0,857000000.0,1.0,195667864.0,195500000.0,198800000.0,16.348,8373000000.0,244000000.0,114000000.0,0.0,42.829,2333000000.0
33,JWN,MRQ,2013-03-31,2013-05-04,2013-05-04,2021-09-03,-45000000.0,8135000000.0,,5072000000.0,3063000000.0,,9.652,-149000000.0,1190000000.0,1190000000.0,1673000000.0,145000000.0,2.206,3.309,3126000000.0,7000000.0,3119000000.0,3126000000.0,0.0,109000000.0,0.0,0.019,0.3,275000000.0,384000000.0,0.14,384000000.0,275000000.0,236000000.0,0.74,0.73,0.74,1888000000.0,,1888000000.0,13248841363.0,10.0,7.456,12000000.0,0.061,1.0,1076000000.0,0.391,175000000.0,39000000.0,7597000000.0,,1485000000.0,0.0,0.0,0.0,6247000000.0,2299000000.0,3948000000.0,11402841363.0,-95000000.0,0.0,-143000000.0,73000000.0,-59000000.0,-125000000.0,-131000000.0,0.0,161000000.0,0.0,145000000.0,145000000.0,145000000.0,0.0,0.0,0.053,801000000.0,275000000.0,1206000000.0,0.405,6.04,15.599,15.992,2624000000.0,0.0,58.21,0.93,0.929,2087000000.0,235000000.0,2749000000.0,2749000000.0,0.0,,,,,16000000.0,801000000.0,1.0,195891451.0,195600000.0,199000000.0,14.054,7960000000.0,226000000.0,91000000.0,0.0,40.695,2773000000.0
34,JWN,MRQ,2012-12-31,2013-02-02,2013-02-02,2021-09-03,-47000000.0,8089000000.0,,5081000000.0,3008000000.0,,9.637,-144000000.0,1285000000.0,1285000000.0,2239000000.0,284000000.0,2.283,3.228,3131000000.0,7000000.0,3124000000.0,3131000000.0,0.0,115000000.0,0.0,0.02,0.27,498000000.0,613000000.0,0.166,613000000.0,498000000.0,456000000.0,1.41,1.39,1.41,1913000000.0,,1913000000.0,13006200352.0,10.0,7.332,459000000.0,2.312,1.0,1459000000.0,0.395,175000000.0,42000000.0,7534000000.0,,1360000000.0,0.0,0.0,0.0,6176000000.0,2226000000.0,3950000000.0,11029200352.0,127000000.0,0.0,-211000000.0,-32000000.0,-54000000.0,-293000000.0,-183000000.0,0.0,603000000.0,0.0,284000000.0,284000000.0,284000000.0,0.0,0.0,0.077,961000000.0,498000000.0,1011000000.0,0.191,5.765,15.006,15.227,2579000000.0,0.0,55.12,0.909,0.922,2129000000.0,315000000.0,3698000000.0,3698000000.0,0.0,,,,,11000000.0,961000000.0,1.0,200094346.0,198500000.0,202200000.0,18.63,7914000000.0,227000000.0,172000000.0,0.0,39.869,2855000000.0
35,JWN,MRQ,2012-09-30,2012-10-27,2012-10-27,2021-09-03,-41000000.0,8265000000.0,,5233000000.0,3032000000.0,,9.378,-150000000.0,1158000000.0,1158000000.0,1730000000.0,146000000.0,2.159,3.387,3135000000.0,6000000.0,3129000000.0,3135000000.0,0.0,107000000.0,0.0,0.019,0.27,277000000.0,384000000.0,0.137,384000000.0,277000000.0,239000000.0,0.73,0.71,0.73,1884000000.0,,1884000000.0,13090555620.0,10.0,7.811,-15000000.0,-0.075,1.0,1075000000.0,0.383,175000000.0,38000000.0,7643000000.0,,1650000000.0,0.0,0.0,0.0,6381000000.0,2424000000.0,3957000000.0,11209555620.0,-100000000.0,0.0,-62000000.0,-35000000.0,-54000000.0,-147000000.0,-88000000.0,0.0,135000000.0,0.0,146000000.0,146000000.0,146000000.0,0.0,0.0,0.052,798000000.0,277000000.0,1347000000.0,0.37,5.95,16.317,16.748,2551000000.0,0.0,55.77,0.959,0.959,2088000000.0,303000000.0,2805000000.0,2805000000.0,0.0,,,,,11000000.0,798000000.0,1.0,200996156.0,200900000.0,204700000.0,13.962,8090000000.0,222000000.0,93000000.0,0.0,40.269,2809000000.0
36,JWN,MRQ,2012-06-30,2012-07-28,2012-07-28,2021-09-03,-42000000.0,8246000000.0,,5267000000.0,2979000000.0,,8.947,-121000000.0,1258000000.0,1258000000.0,1879000000.0,156000000.0,2.153,3.491,3139000000.0,6000000.0,3133000000.0,3139000000.0,0.0,106000000.0,0.0,0.018,0.27,290000000.0,396000000.0,0.132,396000000.0,290000000.0,250000000.0,0.76,0.75,0.76,1836000000.0,,1836000000.0,12811770547.0,10.0,7.879,92000000.0,0.448,1.0,1127000000.0,0.375,175000000.0,40000000.0,7506000000.0,,1394000000.0,0.0,0.0,0.0,6410000000.0,2446000000.0,3964000000.0,11315770547.0,-389000000.0,0.0,-351000000.0,20000000.0,-56000000.0,-385000000.0,-217000000.0,0.0,213000000.0,0.0,156000000.0,156000000.0,156000000.0,0.0,0.0,0.052,837000000.0,290000000.0,1345000000.0,0.355,6.163,16.94,17.0,2499000000.0,0.0,54.4,0.996,0.983,2297000000.0,296000000.0,3006000000.0,3006000000.0,0.0,,,,,18000000.0,837000000.0,1.0,208010488.0,205200000.0,208700000.0,14.649,8071000000.0,233000000.0,94000000.0,0.0,39.332,2821000000.0
37,JWN,MRQ,2012-03-31,2012-04-28,2012-04-28,2021-09-03,-44000000.0,8258000000.0,,5321000000.0,2937000000.0,,10.048,-98000000.0,1647000000.0,1647000000.0,1584000000.0,149000000.0,2.411,2.964,3143000000.0,6000000.0,3137000000.0,3143000000.0,0.0,101000000.0,0.0,0.017,0.27,280000000.0,381000000.0,0.145,381000000.0,280000000.0,240000000.0,0.72,0.7,0.72,2083000000.0,,2083000000.0,13424121591.0,11.0,8.17,61000000.0,0.294,1.0,1041000000.0,0.397,175000000.0,40000000.0,7372000000.0,,1372000000.0,0.0,0.0,0.0,6175000000.0,2207000000.0,3968000000.0,11654121591.0,-230000000.0,0.0,-10000000.0,-454000000.0,-56000000.0,-508000000.0,119000000.0,0.0,159000000.0,0.0,149000000.0,149000000.0,149000000.0,0.0,0.0,0.057,761000000.0,280000000.0,1176000000.0,0.375,5.595,16.964,17.246,2472000000.0,0.0,56.05,1.044,1.041,2008000000.0,570000000.0,2625000000.0,2625000000.0,0.0,,,,,12000000.0,761000000.0,1.0,207923668.0,207300000.0,211400000.0,12.663,8083000000.0,215000000.0,91000000.0,0.0,38.992,3114000000.0
38,JWN,MRQ,2011-12-31,2012-01-28,2012-01-28,2021-09-03,-45000000.0,8491000000.0,,5560000000.0,2931000000.0,,9.399,-113000000.0,1877000000.0,1877000000.0,1973000000.0,236000000.0,2.159,3.341,3647000000.0,506000000.0,3141000000.0,3647000000.0,0.0,98000000.0,0.0,0.019,0.23,417000000.0,515000000.0,0.159,515000000.0,417000000.0,379000000.0,1.12,1.1,1.12,1956000000.0,,1956000000.0,12026542143.0,10.0,7.424,436000000.0,2.095,1.0,1276000000.0,0.393,175000000.0,38000000.0,7511000000.0,,1148000000.0,0.0,0.0,0.0,6535000000.0,2575000000.0,3960000000.0,10167542143.0,420000000.0,0.0,-140000000.0,314000000.0,-48000000.0,208000000.0,-337000000.0,0.0,549000000.0,0.0,236000000.0,236000000.0,236000000.0,0.0,0.0,0.073,859000000.0,417000000.0,917000000.0,0.205,5.198,14.887,15.172,2469000000.0,0.0,48.55,0.936,0.954,2033000000.0,517000000.0,3249000000.0,3249000000.0,0.0,,,,,8000000.0,859000000.0,1.0,209424143.0,208100000.0,212000000.0,15.613,8316000000.0,220000000.0,143000000.0,0.0,39.962,2985000000.0
39,JWN,MRQ,2011-09-30,2011-10-29,2011-10-29,2021-09-03,-27000000.0,8339000000.0,,5322000000.0,3017000000.0,,8.99,-150000000.0,1457000000.0,1457000000.0,1511000000.0,127000000.0,1.91,3.398,3316000000.0,506000000.0,2810000000.0,3316000000.0,0.0,94000000.0,0.0,0.017,0.23,240000000.0,334000000.0,0.135,334000000.0,240000000.0,209000000.0,0.6,0.59,0.6,1896000000.0,,1896000000.0,12591271405.0,10.0,7.899,-35000000.0,-0.166,1.0,967000000.0,0.39,200000000.0,31000000.0,7211000000.0,,1507000000.0,0.0,0.0,0.0,6443000000.0,2787000000.0,3656000000.0,10879271405.0,367000000.0,0.0,-202000000.0,588000000.0,-49000000.0,335000000.0,-83000000.0,0.0,115000000.0,0.0,127000000.0,127000000.0,127000000.0,0.0,0.0,0.051,727000000.0,240000000.0,1256000000.0,0.383,5.738,16.022,16.348,2471000000.0,0.0,51.17,1.033,1.025,1995000000.0,487000000.0,2478000000.0,2478000000.0,0.0,,,,,14000000.0,727000000.0,1.0,212610346.0,210900000.0,215000000.0,11.75,8139000000.0,216000000.0,82000000.0,0.0,38.592,2535000000.0
40,JWN,MRQ,2011-06-30,2011-07-30,2011-07-30,2021-09-03,-28000000.0,7736000000.0,,4763000000.0,2973000000.0,,9.277,-132000000.0,1090000000.0,1090000000.0,1723000000.0,175000000.0,1.845,2.862,2802000000.0,506000000.0,2296000000.0,2802000000.0,0.0,93000000.0,0.0,0.017,0.23,320000000.0,413000000.0,0.147,413000000.0,320000000.0,290000000.0,0.81,0.8,0.81,2003000000.0,,2003000000.0,12279422833.0,10.0,7.856,172000000.0,0.797,1.0,1087000000.0,0.387,200000000.0,30000000.0,6667000000.0,,1152000000.0,0.0,0.0,0.0,5733000000.0,2581000000.0,3152000000.0,10930422833.0,-343000000.0,0.0,-280000000.0,-104000000.0,-50000000.0,-427000000.0,-220000000.0,0.0,304000000.0,0.0,175000000.0,175000000.0,175000000.0,0.0,0.0,0.062,767000000.0,320000000.0,1087000000.0,0.284,5.457,16.29,16.339,2422000000.0,0.0,50.16,1.068,1.059,2204000000.0,629000000.0,2810000000.0,2810000000.0,0.0,,,,,16000000.0,767000000.0,1.0,217911141.0,215900000.0,220300000.0,13.015,7536000000.0,228000000.0,115000000.0,0.0,34.905,2182000000.0
41,JWN,MRQ,2011-03-31,2011-04-30,2011-04-30,2021-09-03,-28000000.0,7747000000.0,,4853000000.0,2894000000.0,,9.744,-116000000.0,1433000000.0,1433000000.0,1385000000.0,145000000.0,1.951,2.63,2782000000.0,506000000.0,2276000000.0,2782000000.0,0.0,86000000.0,0.0,0.017,0.23,272000000.0,358000000.0,0.154,358000000.0,272000000.0,241000000.0,0.66,0.65,0.66,2134000000.0,,2134000000.0,11644617934.0,10.0,7.737,93000000.0,0.425,1.0,938000000.0,0.404,200000000.0,31000000.0,6408000000.0,,1149000000.0,0.0,0.0,0.0,5613000000.0,2488000000.0,3125000000.0,10369617934.0,-73000000.0,0.0,-142000000.0,-10000000.0,-50000000.0,-194000000.0,-88000000.0,0.0,209000000.0,0.0,145000000.0,145000000.0,145000000.0,0.0,0.0,0.062,666000000.0,272000000.0,1035000000.0,0.348,4.859,16.152,16.229,2361000000.0,0.0,47.55,1.044,1.048,1969000000.0,800000000.0,2323000000.0,2323000000.0,0.0,,,,,10000000.0,666000000.0,1.0,218078190.0,219000000.0,223300000.0,10.607,7547000000.0,222000000.0,96000000.0,0.0,34.461,2365000000.0
42,JWN,MRQ,2010-12-31,2011-01-29,2011-01-29,2021-09-03,-29000000.0,7462000000.0,,4824000000.0,2638000000.0,,9.249,-104000000.0,1506000000.0,1506000000.0,1758000000.0,232000000.0,2.567,2.692,2781000000.0,6000000.0,2775000000.0,2781000000.0,0.0,83000000.0,0.0,0.019,0.2,406000000.0,489000000.0,0.168,489000000.0,406000000.0,373000000.0,1.06,1.04,1.06,2021000000.0,,2021000000.0,10725289141.0,10.0,7.422,512000000.0,2.343,1.0,1158000000.0,0.397,53000000.0,33000000.0,6805000000.0,,977000000.0,0.0,0.0,0.0,5441000000.0,1879000000.0,3562000000.0,8959289141.0,460000000.0,0.0,-41000000.0,33000000.0,-44000000.0,-44000000.0,-112000000.0,0.0,616000000.0,0.0,232000000.0,232000000.0,232000000.0,0.0,0.0,0.08,752000000.0,406000000.0,846000000.0,0.189,4.433,14.615,14.611,2318000000.0,0.0,40.91,0.924,0.923,2026000000.0,882000000.0,2916000000.0,2916000000.0,0.0,,,,,12000000.0,752000000.0,1.0,218999979.0,218500000.0,222600000.0,13.346,7409000000.0,236000000.0,141000000.0,0.0,33.908,2945000000.0
43,JWN,MRQ,2010-09-30,2010-10-30,2010-10-30,2021-09-03,-19000000.0,7382000000.0,,4726000000.0,2656000000.0,,8.543,-103000000.0,1046000000.0,1046000000.0,1331000000.0,119000000.0,2.432,2.945,2812000000.0,6000000.0,2806000000.0,2812000000.0,0.0,82000000.0,0.0,0.019,0.2,221000000.0,303000000.0,0.139,303000000.0,221000000.0,190000000.0,0.54,0.53,0.54,1871000000.0,,1871000000.0,10103531956.0,10.0,7.512,-31000000.0,-0.142,1.0,851000000.0,0.39,53000000.0,31000000.0,7152000000.0,,1307000000.0,0.0,0.0,0.0,5511000000.0,1943000000.0,3568000000.0,8440531956.0,-91000000.0,0.0,-22000000.0,-30000000.0,-45000000.0,-93000000.0,-70000000.0,0.0,72000000.0,0.0,119000000.0,119000000.0,119000000.0,0.0,0.0,0.055,630000000.0,221000000.0,1054000000.0,0.37,4.511,15.263,15.221,2300000000.0,0.0,38.51,0.896,0.895,2015000000.0,752000000.0,2182000000.0,2182000000.0,0.0,,,,,9000000.0,630000000.0,1.0,219177667.0,219000000.0,222500000.0,9.963,7329000000.0,238000000.0,71000000.0,0.0,33.466,2783000000.0
44,JWN,MRQ,2010-06-30,2010-07-31,2010-07-31,2021-09-03,-19000000.0,7296000000.0,,4665000000.0,2631000000.0,,8.257,-97000000.0,1137000000.0,1137000000.0,1565000000.0,146000000.0,2.397,3.031,2800000000.0,6000000.0,2794000000.0,2800000000.0,0.0,83000000.0,0.0,0.02,0.2,272000000.0,355000000.0,0.141,355000000.0,272000000.0,240000000.0,0.67,0.66,0.67,1810000000.0,,1810000000.0,9171178456.0,9.0,7.093,188000000.0,0.858,1.0,950000000.0,0.378,53000000.0,32000000.0,6960000000.0,,1055000000.0,0.0,0.0,0.0,5486000000.0,1946000000.0,3540000000.0,7449178456.0,97000000.0,0.0,3000000.0,33000000.0,-44000000.0,-6000000.0,-182000000.0,0.0,285000000.0,0.0,146000000.0,146000000.0,146000000.0,0.0,0.0,0.058,678000000.0,272000000.0,1050000000.0,0.299,4.116,14.408,14.346,2279000000.0,0.0,34.0,0.809,0.81,2153000000.0,709000000.0,2515000000.0,2515000000.0,0.0,,,,,10000000.0,678000000.0,1.0,219093484.0,219200000.0,222800000.0,11.474,7243000000.0,245000000.0,94000000.0,0.0,33.043,2719000000.0
45,JWN,MRQ,2010-03-31,2010-05-01,2010-05-01,2021-09-03,-20000000.0,6956000000.0,,4389000000.0,2567000000.0,,7.756,-95000000.0,1040000000.0,1040000000.0,1243000000.0,116000000.0,2.507,3.106,2762000000.0,6000000.0,2756000000.0,2762000000.0,0.0,79000000.0,0.0,0.015,0.16,219000000.0,298000000.0,0.143,298000000.0,219000000.0,188000000.0,0.53,0.52,0.53,1694000000.0,,1694000000.0,10828793175.0,12.0,8.862,109000000.0,0.499,1.0,844000000.0,0.404,53000000.0,31000000.0,6874000000.0,,1067000000.0,0.0,0.0,0.0,5262000000.0,1751000000.0,3511000000.0,9010793175.0,245000000.0,0.0,24000000.0,143000000.0,-34000000.0,139000000.0,-98000000.0,0.0,204000000.0,0.0,116000000.0,116000000.0,116000000.0,0.0,0.0,0.056,625000000.0,219000000.0,908000000.0,0.302,5.319,18.93,18.872,2262000000.0,0.0,41.33,1.01,1.012,1964000000.0,607000000.0,2087000000.0,2087000000.0,0.0,,,,,10000000.0,625000000.0,1.0,218020643.0,218400000.0,222400000.0,9.556,6903000000.0,234000000.0,72000000.0,0.0,31.607,2638000000.0
46,JWN,MRQ,2009-12-31,2010-01-30,2010-01-30,2021-09-03,-19000000.0,6579000000.0,,4054000000.0,2525000000.0,,7.221,-79000000.0,795000000.0,795000000.0,1593000000.0,172000000.0,2.013,3.185,2613000000.0,356000000.0,2257000000.0,2613000000.0,0.0,79000000.0,0.0,0.019,0.16,310000000.0,389000000.0,0.147,389000000.0,310000000.0,277000000.0,0.79,0.78,0.79,1572000000.0,,1572000000.0,9643223349.0,12.0,8.407,371000000.0,1.704,1.0,1047000000.0,0.397,53000000.0,33000000.0,6330000000.0,,898000000.0,0.0,0.0,0.0,5007000000.0,2014000000.0,2993000000.0,7512223349.0,311000000.0,0.0,6000000.0,8000000.0,-35000000.0,-7000000.0,-132000000.0,0.0,450000000.0,0.0,172000000.0,172000000.0,172000000.0,0.0,0.0,0.065,737000000.0,310000000.0,726000000.0,0.203,4.779,17.035,17.015,2242000000.0,0.0,34.54,0.871,0.868,2035000000.0,525000000.0,2640000000.0,2640000000.0,0.0,,,,,8000000.0,737000000.0,1.0,217493438.0,217700000.0,221800000.0,12.127,6526000000.0,238000000.0,105000000.0,0.0,29.977,2040000000.0
47,JWN,MRQ,2009-09-30,2009-10-31,2009-10-31,2021-09-03,-9000000.0,6516000000.0,,4007000000.0,2509000000.0,,6.587,-85000000.0,484000000.0,484000000.0,1210000000.0,83000000.0,1.898,3.557,2615000000.0,356000000.0,2259000000.0,2615000000.0,0.0,79000000.0,0.0,0.02,0.16,172000000.0,251000000.0,0.128,251000000.0,172000000.0,134000000.0,0.38,0.38,0.38,1430000000.0,,1430000000.0,9004496940.0,13.0,9.059,19000000.0,0.088,1.0,753000000.0,0.384,53000000.0,38000000.0,6483000000.0,,1193000000.0,0.0,0.0,0.0,5086000000.0,2111000000.0,2975000000.0,6888496940.0,-35000000.0,0.0,15000000.0,-36000000.0,-35000000.0,-59000000.0,-80000000.0,0.0,104000000.0,0.0,83000000.0,83000000.0,83000000.0,0.0,0.0,0.042,581000000.0,172000000.0,980000000.0,0.421,4.817,20.441,20.372,2239000000.0,0.0,31.78,0.823,0.824,2016000000.0,388000000.0,1963000000.0,1963000000.0,0.0,,,,,7000000.0,581000000.0,1.0,216755725.0,217100000.0,220700000.0,9.042,6463000000.0,230000000.0,51000000.0,0.0,29.77,1896000000.0
48,JWN,MRQ,2009-06-30,2009-08-01,2009-08-01,2021-09-03,-9000000.0,6340000000.0,,3851000000.0,2489000000.0,,6.268,-94000000.0,519000000.0,519000000.0,1418000000.0,105000000.0,1.895,3.672,2635000000.0,375000000.0,2260000000.0,2635000000.0,0.0,78000000.0,0.0,0.024,0.16,206000000.0,284000000.0,0.127,284000000.0,206000000.0,170000000.0,0.49,0.48,0.49,1357000000.0,,1357000000.0,8144558797.0,13.0,8.609,398000000.0,1.838,1.0,814000000.0,0.365,53000000.0,36000000.0,6371000000.0,,929000000.0,0.0,0.0,0.0,4983000000.0,2032000000.0,2951000000.0,5720558797.0,441000000.0,0.0,3000000.0,179000000.0,-34000000.0,146000000.0,-197000000.0,0.0,492000000.0,0.0,105000000.0,105000000.0,105000000.0,0.0,0.0,0.047,608000000.0,206000000.0,884000000.0,0.327,4.216,17.602,17.51,2241000000.0,0.0,26.44,0.69,0.691,2102000000.0,340000000.0,2232000000.0,2232000000.0,0.0,,,,,9000000.0,608000000.0,1.0,216360015.0,216500000.0,218800000.0,10.309,6287000000.0,234000000.0,65000000.0,0.0,29.039,1819000000.0
49,JWN,MRQ,2009-03-31,2009-05-02,2009-05-02,2021-09-03,-9000000.0,5760000000.0,,3293000000.0,2467000000.0,,5.901,-102000000.0,78000000.0,78000000.0,1107000000.0,81000000.0,1.814,3.521,2502000000.0,500000000.0,2002000000.0,2502000000.0,0.0,77000000.0,0.0,0.028,0.16,146000000.0,223000000.0,0.124,223000000.0,146000000.0,115000000.0,0.38,0.37,0.38,1274000000.0,,1274000000.0,7289427800.0,10.0,7.253,103000000.0,0.477,1.0,685000000.0,0.382,53000000.0,31000000.0,6316000000.0,,1004000000.0,0.0,0.0,0.0,4486000000.0,1815000000.0,2671000000.0,4848427800.0,6000000.0,0.0,10000000.0,-43000000.0,-35000000.0,-67000000.0,-132000000.0,0.0,205000000.0,0.0,81000000.0,81000000.0,81000000.0,0.0,0.0,0.045,539000000.0,146000000.0,594000000.0,0.421,3.806,13.357,13.393,2231000000.0,0.0,22.5,0.576,0.577,1921000000.0,269000000.0,1792000000.0,1792000000.0,0.0,,,,,7000000.0,539000000.0,1.0,215485680.0,215900000.0,217400000.0,8.3,5707000000.0,220000000.0,34000000.0,0.0,26.434,1478000000.0
50,JWN,MRQ,2008-12-31,2009-01-31,2009-01-31,2021-09-03,-10000000.0,5661000000.0,,3217000000.0,2444000000.0,,5.61,-124000000.0,72000000.0,72000000.0,1565000000.0,68000000.0,2.009,3.679,2513000000.0,299000000.0,2214000000.0,2513000000.0,0.0,80000000.0,0.0,0.05,0.16,156000000.0,236000000.0,0.099,236000000.0,156000000.0,123000000.0,0.31,0.31,0.31,1210000000.0,,1210000000.0,5407263619.0,7.0,5.002,270000000.0,1.252,1.0,821000000.0,0.344,53000000.0,33000000.0,6448000000.0,,900000000.0,0.0,0.0,0.0,4451000000.0,1601000000.0,2850000000.0,2733263619.0,4000000.0,0.0,1000000.0,-164000000.0,-34000000.0,-206000000.0,-184000000.0,0.0,394000000.0,0.0,68000000.0,68000000.0,68000000.0,0.0,0.0,0.028,665000000.0,156000000.0,563000000.0,0.516,2.259,6.816,6.859,2221000000.0,0.0,12.69,0.319,0.321,1942000000.0,223000000.0,2386000000.0,2386000000.0,0.0,,,,,6000000.0,665000000.0,1.0,215387204.0,215700000.0,217400000.0,11.062,5608000000.0,210000000.0,55000000.0,0.0,25.999,1616000000.0
51,JWN,MRQ,2008-09-30,2008-11-01,2008-11-01,2021-09-03,-20000000.0,6064000000.0,,3560000000.0,2504000000.0,,5.39,-144000000.0,68000000.0,68000000.0,1185000000.0,71000000.0,1.748,4.219,2742000000.0,527000000.0,2215000000.0,2742000000.0,0.0,76000000.0,0.0,0.034,0.16,127000000.0,203000000.0,0.108,203000000.0,127000000.0,94000000.0,0.33,0.33,0.33,1162000000.0,,1162000000.0,6368838519.0,6.0,4.918,-61000000.0,-0.283,1.0,694000000.0,0.369,53000000.0,33000000.0,6648000000.0,,1278000000.0,0.0,0.0,0.0,4902000000.0,2037000000.0,2865000000.0,3887838519.0,-24000000.0,0.0,-13000000.0,79000000.0,-34000000.0,33000000.0,-140000000.0,0.0,83000000.0,0.0,71000000.0,71000000.0,71000000.0,0.0,0.0,0.038,567000000.0,127000000.0,805000000.0,0.485,3.346,7.134,7.393,2215000000.0,0.0,18.04,0.434,0.434,1918000000.0,192000000.0,1879000000.0,1879000000.0,0.0,,,,,6000000.0,567000000.0,1.0,215512113.0,215600000.0,218100000.0,8.715,6011000000.0,196000000.0,23000000.0,0.0,27.88,1523000000.0
52,JWN,MRQ,2008-06-30,2008-08-02,2008-08-02,2021-09-03,-21000000.0,5809000000.0,,3398000000.0,2411000000.0,,5.215,-153000000.0,92000000.0,92000000.0,1488000000.0,143000000.0,1.885,4.145,2573000000.0,339000000.0,2234000000.0,2573000000.0,0.0,74000000.0,0.0,0.02,0.16,269000000.0,343000000.0,0.145,343000000.0,269000000.0,235000000.0,0.66,0.65,0.66,1129000000.0,,1129000000.0,8648748000.0,7.0,5.965,65000000.0,0.3,1.0,871000000.0,0.369,53000000.0,34000000.0,6434000000.0,,1000000000.0,0.0,0.0,0.0,4680000000.0,1803000000.0,2877000000.0,6272748000.0,-27000000.0,0.0,-48000000.0,120000000.0,-35000000.0,38000000.0,-283000000.0,0.0,218000000.0,0.0,143000000.0,143000000.0,143000000.0,0.0,0.0,0.061,602000000.0,269000000.0,724000000.0,0.242,5.556,9.801,10.329,2139000000.0,0.0,28.92,0.694,0.692,2045000000.0,181000000.0,2359000000.0,2359000000.0,0.0,,,,,9000000.0,602000000.0,1.0,216900000.0,216500000.0,219500000.0,10.896,5756000000.0,196000000.0,92000000.0,0.0,26.587,1595000000.0
53,JWN,MRQ,2008-03-31,2008-05-03,2008-05-03,2021-09-03,-22000000.0,5586000000.0,,3260000000.0,2326000000.0,,4.84,-142000000.0,119000000.0,119000000.0,1179000000.0,119000000.0,1.96,4.28,2495000000.0,260000000.0,2235000000.0,2495000000.0,0.0,72000000.0,0.0,0.015,0.16,227000000.0,299000000.0,0.153,299000000.0,227000000.0,196000000.0,0.54,0.54,0.54,1058000000.0,,1058000000.0,10123740000.0,8.0,6.896,11000000.0,0.05,1.0,770000000.0,0.395,53000000.0,31000000.0,6246000000.0,,1079000000.0,0.0,0.0,0.0,4528000000.0,1663000000.0,2865000000.0,7984740000.0,-239000000.0,0.0,-174000000.0,0.0,-35000000.0,-207000000.0,-185000000.0,0.0,153000000.0,0.0,119000000.0,119000000.0,119000000.0,0.0,0.0,0.061,543000000.0,227000000.0,638000000.0,0.296,7.547,11.794,12.748,2061000000.0,0.0,36.46,0.87,0.869,1806000000.0,123000000.0,1949000000.0,1949000000.0,0.0,,,,,6000000.0,543000000.0,1.0,219000000.0,218600000.0,221700000.0,8.916,5533000000.0,181000000.0,77000000.0,0.0,25.311,1597000000.0
54,JWN,MRQ,2007-12-31,2008-02-02,2008-02-02,2021-09-03,-22000000.0,5600000000.0,,3361000000.0,2239000000.0,,4.878,-155000000.0,358000000.0,358000000.0,1569000000.0,212000000.0,2.056,4.022,2497000000.0,261000000.0,2236000000.0,2497000000.0,0.0,66000000.0,0.0,0.014,0.135,384000000.0,450000000.0,0.163,450000000.0,384000000.0,354000000.0,0.91,0.9,0.91,1115000000.0,,1115000000.0,11206064878.0,9.0,7.392,310000000.0,1.356,1.0,1197000000.0,0.433,53000000.0,30000000.0,6051000000.0,,956000000.0,0.0,0.0,0.0,4485000000.0,1635000000.0,2850000000.0,9223042878.0,250000000.0,0.0,-360000000.0,376000000.0,-31000000.0,-23000000.0,-192000000.0,0.0,465000000.0,0.0,212000000.0,212000000.0,212000000.0,0.0,0.0,0.077,636000000.0,561000000.0,556000000.0,0.148,8.272,12.899,13.61,1983000000.0,0.0,39.74,1.016,1.071,1788000000.0,201000000.0,2766000000.0,2766000000.0,0.0,,,,,5000000.0,636000000.0,1.0,232084622.0,228600000.0,231700000.0,12.1,5547000000.0,181000000.0,142000000.0,0.0,24.265,1726000000.0
55,JWN,MRQ,2007-09-30,2007-11-03,2007-11-03,2021-09-03,-27000000.0,5487000000.0,,3343000000.0,2144000000.0,,5.416,-136000000.0,108000000.0,108000000.0,1228000000.0,166000000.0,1.874,3.195,2091000000.0,300000000.0,1791000000.0,2091000000.0,0.0,66000000.0,0.0,0.014,0.135,292000000.0,358000000.0,0.182,358000000.0,292000000.0,272000000.0,0.69,0.68,0.69,1308000000.0,,1308000000.0,10235219858.0,8.0,6.753,-41000000.0,-0.17,1.0,742000000.0,0.377,53000000.0,20000000.0,5633000000.0,,1242000000.0,0.0,0.0,0.0,4179000000.0,1784000000.0,2395000000.0,8913996858.0,-71000000.0,216000000.0,-732000000.0,509000000.0,-33000000.0,-248000000.0,82000000.0,0.0,95000000.0,0.0,166000000.0,166000000.0,166000000.0,0.0,0.0,0.084,553000000.0,189000000.0,738000000.0,0.196,6.815,12.122,12.5,1910000000.0,0.0,36.5,0.974,0.963,1734000000.0,408000000.0,1970000000.0,1970000000.0,0.0,,,,,8000000.0,553000000.0,1.0,244219092.0,241500000.0,245300000.0,8.157,5434000000.0,190000000.0,106000000.0,0.0,22.501,1559000000.0
56,JWN,MRQ,2007-06-30,2007-08-04,2007-08-04,2021-09-03,-11000000.0,5566000000.0,,3508000000.0,2058000000.0,,7.594,-124000000.0,179000000.0,179000000.0,1577400000.0,180000000.0,2.247,1.92,1500000000.0,8000000.0,1492000000.0,1500000000.0,0.0,68000000.0,0.0,0.01,0.135,293000000.0,361000000.0,0.145,361000000.0,293000000.0,293000000.0,0.72,0.71,0.72,1906000000.0,,1906000000.0,12356616358.0,11.0,8.479,85000000.0,0.339,1.0,912600000.0,0.367,53000000.0,0.0,5273000000.0,,1053000000.0,0.0,0.0,0.0,3660000000.0,1561000000.0,2099000000.0,11618860358.0,-566000000.0,0.0,-577000000.0,58000000.0,-35000000.0,-545000000.0,-230000000.0,0.0,209000000.0,0.0,180000000.0,180000000.0,180000000.0,0.0,0.0,0.072,636000000.0,276600000.0,777000000.0,0.188,6.096,16.48,16.692,1823000000.0,0.0,46.07,1.284,1.277,1803000000.0,1025000000.0,2490000000.0,2490000000.0,0.0,,,,,8000000.0,636000000.0,1.0,252200138.0,251000000.0,255400000.0,9.92,5513000000.0,178000000.0,113000000.0,80000000.0,21.964,1947000000.0
57,JWN,MRQ,2007-03-31,2007-05-05,2007-05-05,2021-09-03,-13000000.0,5831000000.0,,3688000000.0,2143000000.0,,8.992,-86000000.0,745000000.0,745000000.0,1215000000.0,157000000.0,2.603,1.514,1482000000.0,7000000.0,1475000000.0,1482000000.0,0.0,69000000.0,0.0,0.008,0.135,261000000.0,330000000.0,0.169,330000000.0,261000000.0,254000000.0,0.61,0.6,0.61,2319000000.0,,2319000000.0,14546839000.0,12.0,9.898,-543000000.0,-2.105,1.0,739000000.0,0.378,135000000.0,7000000.0,5016000000.0,,1105000000.0,0.0,0.0,0.0,3512000000.0,1417000000.0,2095000000.0,14318946000.0,342000000.0,0.0,18000000.0,892000000.0,-35000000.0,880000000.0,-81000000.0,0.0,-457000000.0,0.0,157000000.0,157000000.0,157000000.0,0.0,0.0,0.08,534000000.0,205000000.0,700000000.0,0.221,6.175,20.346,20.441,1790000000.0,0.0,55.6,1.621,1.623,1602000000.0,1470000000.0,1954000000.0,1954000000.0,0.0,,,,,7000000.0,534000000.0,1.0,257535000.0,257900000.0,262700000.0,7.577,5696000000.0,176000000.0,97000000.0,122000000.0,22.086,2271000000.0
58,JWN,MRQ,2006-12-31,2007-02-03,2007-02-03,2021-09-03,-9000000.0,4822000000.0,,2742000000.0,2080000000.0,,8.438,-76252000.0,403000000.0,403000000.0,1624241000.0,232342000.0,1.913,1.223,631000000.0,7000000.0,624000000.0,631000000.0,0.0,79184000.0,0.0,0.007,0.105,387439000.0,466623000.0,0.171,466623000.0,387439000.0,379392000.0,0.9,0.88,0.9,2169000000.0,,2169000000.0,15091515200.0,13.0,10.524,353219000.0,1.374,1.0,1111965000.0,0.406,136000000.0,8047000.0,3481000000.0,,997000000.0,428000000.0,428000000.0,0.0,2653000000.0,1433000000.0,1220000000.0,14569027200.0,193941000.0,0.0,-13696000.0,-130024000.0,-26861000.0,-157658000.0,-77872000.0,0.0,429471000.0,0.0,232342000.0,232342000.0,232342000.0,0.0,0.0,0.085,685018000.0,426947000.0,577000000.0,0.117,6.717,21.488,21.8,1757000000.0,0.0,56.68,1.681,1.705,684000000.0,1351000000.0,2736206000.0,2736206000.0,0.0,,,,,13618000.0,685018000.0,1.0,257040000.0,257040000.0,262121000.0,10.645,4686000000.0,169000000.0,147050000.0,76000000.0,18.231,1309000000.0
59,JWN,MRQ,2006-09-30,2006-10-28,2006-10-28,2021-09-03,-1437000.0,4708382000.0,,2653918000.0,2054464000.0,,7.64,-72156000.0,208715000.0,208715000.0,1160123000.0,135673000.0,1.715,1.4,731203000.0,106572000.0,624631000.0,731203000.0,0.0,67184000.0,0.0,0.009,0.105,232589000.0,299773000.0,0.16,299773000.0,232589000.0,221170000.0,0.53,0.52,0.53,1961605000.0,,1961605000.0,12519688430.0,12.0,9.224,40788000.0,0.159,1.0,711980000.0,0.38,135714000.0,11419000.0,3548005000.0,,1228230000.0,313656000.0,313656000.0,0.0,2746777000.0,1547151000.0,1199626000.0,12017561430.0,-71512000.0,0.0,-10453000.0,-231268000.0,-26890000.0,-258740000.0,74284000.0,0.0,112944000.0,0.0,135673000.0,135673000.0,135673000.0,0.0,0.0,0.072,538210000.0,173770000.0,758402000.0,0.198,6.126,18.903,19.432,1748395000.0,0.0,46.83,1.461,1.462,667748000.0,1171364000.0,1872103000.0,1872103000.0,0.0,,,,,12316000.0,538210000.0,1.0,256621000.0,256757000.0,261616000.0,7.291,4572668000.0,169858000.0,85497000.0,42970000.0,17.809,1106767000.0
60,JWN,MRQ,2006-06-30,2006-07-29,2006-07-29,2021-09-03,-2102000.0,4792677000.0,,2910620000.0,1882057000.0,,7.053,-68097000.0,430150000.0,430150000.0,1446633000.0,178754000.0,1.657,1.599,932280000.0,307419000.0,624861000.0,932280000.0,0.0,68207000.0,0.0,0.011,0.105,305134000.0,373341000.0,0.164,373341000.0,305134000.0,292351000.0,0.68,0.67,0.68,1844360000.0,,1844360000.0,9667130600.0,9.0,7.449,502737000.0,1.922,1.0,823835000.0,0.363,24177000.0,12783000.0,3514459000.0,,985667000.0,354348000.0,354348000.0,0.0,2948317000.0,1756171000.0,1192146000.0,8996871600.0,18901000.0,0.0,-343958000.0,6223000.0,-27923000.0,-362957000.0,-188976000.0,30000000.0,570834000.0,0.0,178754000.0,178754000.0,178754000.0,0.0,0.0,0.079,579552000.0,244283000.0,710391000.0,0.154,4.878,14.809,14.842,1728034000.0,0.0,33.84,1.122,1.103,702536000.0,1095181000.0,2270468000.0,2270468000.0,0.0,,,,,7809000.0,579552000.0,1.0,265865000.0,261512000.0,266226000.0,8.682,4768500000.0,165298000.0,113597000.0,120068000.0,18.234,1154449000.0
61,JWN,MRQ,2006-03-31,2006-04-29,2006-04-29,2021-09-03,410000.0,4786639000.0,,2773008000.0,2013631000.0,,7.583,-47495000.0,261326000.0,261326000.0,1123003000.0,131231000.0,1.786,1.36,931585000.0,306636000.0,624949000.0,931585000.0,0.0,70425000.0,0.0,0.009,0.105,223838000.0,294263000.0,0.165,294263000.0,223838000.0,213087000.0,0.49,0.48,0.49,2028424000.0,,2028424000.0,10716887040.0,11.0,8.605,-18744000.0,-0.07,1.0,664220000.0,0.372,135714000.0,10751000.0,3768841000.0,,1078750000.0,595854000.0,595854000.0,0.0,2758215000.0,1552343000.0,1205872000.0,10245149040.0,-201330000.0,0.0,-185893000.0,-2931000.0,-28326000.0,-204645000.0,-25436000.0,24000000.0,28751000.0,0.0,131231000.0,131231000.0,131231000.0,0.0,0.0,0.073,494220000.0,170000000.0,638983000.0,0.214,5.051,17.735,17.911,1748399000.0,0.0,38.33,1.304,1.305,619095000.0,1294351000.0,1787223000.0,1787223000.0,0.0,,,,,9257000.0,494220000.0,1.0,267288000.0,267490000.0,272831000.0,6.681,4650925000.0,161001000.0,81856000.0,59978000.0,17.387,1220665000.0
62,JWN,MRQ,2005-12-31,2006-01-28,2006-01-28,2021-09-03,2708000.0,4921349000.0,,2874157000.0,2047192000.0,,7.752,-66985000.0,462656000.0,462656000.0,1435868000.0,190091000.0,1.771,1.352,934394000.0,306618000.0,627776000.0,934394000.0,0.0,71504000.0,0.0,0.008,0.085,318424000.0,389928000.0,0.17,389928000.0,318424000.0,307215000.0,0.71,0.68,0.71,2092681000.0,,2092681000.0,12138612960.0,13.0,10.065,332569000.0,1.232,1.0,860090000.0,0.375,135714000.0,11209000.0,3634061000.0,,955978000.0,615136000.0,615136000.0,0.0,2828668000.0,1623312000.0,1205356000.0,11410610960.0,256680000.0,0.0,-29355000.0,-951000.0,-22764000.0,-54468000.0,-88406000.0,-19825000.0,399554000.0,0.0,190091000.0,190091000.0,190091000.0,0.0,0.0,0.083,602614000.0,257476000.0,540019000.0,0.12,5.453,20.709,20.828,1773871000.0,0.0,42.28,1.477,1.489,639558000.0,1404366000.0,2295958000.0,2295958000.0,0.0,,,,,15047000.0,602614000.0,1.0,269882000.0,269951000.0,276803000.0,8.505,4785635000.0,145470000.0,117124000.0,81617000.0,17.728,1250845000.0
63,JWN,MRQ,2005-09-30,2005-10-29,2005-10-29,2021-09-03,8055000.0,4789533000.0,,2746110000.0,2043423000.0,,7.176,-73631000.0,205943000.0,205943000.0,1058452000.0,107453000.0,1.676,1.457,933945000.0,306967000.0,626978000.0,933945000.0,0.0,67060000.0,0.0,0.009,0.085,173260000.0,240320000.0,0.144,240320000.0,173260000.0,163012000.0,0.4,0.39,0.4,1949101000.0,,1949101000.0,9423662040.0,10.0,7.936,-36796000.0,-0.135,1.0,607678000.0,0.365,135714000.0,10248000.0,3742858000.0,,1166471000.0,543759000.0,543759000.0,0.0,2840432000.0,1638963000.0,1201469000.0,8957745040.0,-256932000.0,0.0,-159785000.0,-32032000.0,-23242000.0,-213871000.0,-79896000.0,0.0,36835000.0,0.0,107453000.0,107453000.0,107453000.0,0.0,0.0,0.064,481768000.0,125910000.0,683137000.0,0.212,4.596,17.884,17.907,1778579000.0,0.0,32.77,1.19,1.182,626864000.0,1277674000.0,1666130000.0,1666130000.0,0.0,,,,,4607000.0,481768000.0,1.0,273352000.0,271599000.0,277293000.0,6.135,4653819000.0,149622000.0,55559000.0,47850000.0,17.135,1107147000.0
64,JWN,MRQ,2005-06-30,2005-07-30,2005-07-30,2021-09-03,6660000.0,4916413000.0,,2894564000.0,2021849000.0,,7.384,-78363000.0,462875000.0,462875000.0,1347515000.0,148918000.0,2.04,1.435,928792000.0,4840000.0,923952000.0,928792000.0,0.0,68232000.0,0.0,0.008,0.085,252697000.0,320929000.0,0.152,320929000.0,252697000.0,241793000.0,0.54,0.53,0.54,2018682000.0,,2018682000.0,10821035180.0,13.0,9.538,220046000.0,0.805,1.0,758923000.0,0.36,135714000.0,10904000.0,3827758000.0,,989365000.0,549596000.0,549596000.0,0.0,2897731000.0,1418858000.0,1478873000.0,10108097180.0,147180000.0,0.0,-9893000.0,-58240000.0,-23236000.0,-93168000.0,-58061000.0,19750000.0,298409000.0,0.0,148918000.0,148918000.0,148918000.0,0.0,0.0,0.071,551196000.0,207727000.0,714429000.0,0.157,5.007,21.449,21.643,1771492000.0,0.0,37.01,1.365,1.367,701882000.0,1365888000.0,2106438000.0,2106438000.0,0.0,,,,,16372000.0,551196000.0,1.0,273118000.0,273379000.0,279169000.0,7.705,4780699000.0,140745000.0,92875000.0,107713000.0,17.487,1475706000.0
65,JWN,MRQ,2005-03-31,2005-04-30,2005-04-30,2021-09-03,7568000.0,4619607000.0,,2611236000.0,2008371000.0,,6.932,-53021000.0,315695000.0,315695000.0,1046165000.0,104538000.0,2.112,1.44,1028633000.0,100458000.0,928175000.0,1028633000.0,0.0,69204000.0,0.0,0.01,0.065,172980000.0,242184000.0,0.146,242184000.0,172980000.0,172980000.0,0.38,0.38,0.38,1892952000.0,,1892952000.0,7622368227.0,10.0,7.231,-11819000.0,-0.043,1.0,608309000.0,0.368,135714000.0,0.0,3960398000.0,,1016640000.0,481052000.0,481052000.0,0.0,2726655000.0,1236433000.0,1490222000.0,6952884227.0,-44928000.0,0.0,33000.0,-4777000.0,-17758000.0,-20493000.0,-65637000.0,-11925000.0,41202000.0,0.0,104538000.0,104538000.0,104538000.0,0.0,0.0,0.063,465422000.0,142887000.0,582381000.0,0.171,3.673,16.197,16.397,1763766000.0,0.0,25.415,0.959,0.957,629788000.0,1266337000.0,1654474000.0,1654474000.0,0.0,,,,,17974000.0,465422000.0,1.0,273574040.0,273070000.0,278395000.0,6.059,4483893000.0,114127000.0,68442000.0,45181000.0,16.42,1374803000.0
66,JWN,MRQ,2004-12-31,2005-01-29,2005-01-29,2021-09-03,9335000.0,4605390000.0,,2572444000.0,2032946000.0,,6.508,-82170000.0,360623000.0,360623000.0,1330656000.0,139980000.0,1.918,1.574,1030107000.0,101097000.0,929010000.0,1030107000.0,0.0,70176000.0,0.0,0.01,0.065,313903000.0,384079000.0,0.183,384079000.0,313903000.0,236475000.0,0.51,0.49,0.51,1788994000.0,,1788994000.0,7367654775.0,10.0,7.446,298298000.0,1.085,1.0,769687000.0,0.366,135714000.0,77428000.0,3798008000.0,,917182000.0,464241000.0,464241000.0,0.0,2816396000.0,1341152000.0,1475244000.0,6667656775.0,120216000.0,0.0,-207527000.0,-2958000.0,-18149000.0,-229386000.0,-30866000.0,53175000.0,380468000.0,0.0,139980000.0,139980000.0,139980000.0,0.0,0.0,0.067,565497000.0,204190000.0,482394000.0,0.127,3.727,16.947,16.879,1780366000.0,0.0,23.8,0.935,0.931,645663000.0,1227303000.0,2100343000.0,2100343000.0,0.0,,,,,8924000.0,565497000.0,1.0,280153646.0,274889000.0,280924000.0,7.641,4469676000.0,131547000.0,96495000.0,115556000.0,16.26,1231292000.0
67,JWN,MRQ,2004-09-30,2004-10-30,2004-10-30,2021-09-03,10976000.0,4750998000.0,,2730620000.0,2020378000.0,,6.647,-62480000.0,240407000.0,240407000.0,984908000.0,77828000.0,1.97,1.54,1035405000.0,103021000.0,932384000.0,1035405000.0,0.0,64358000.0,0.0,0.011,0.065,122913000.0,187271000.0,0.121,187271000.0,122913000.0,122913000.0,0.28,0.27,0.28,1870398000.0,,1870398000.0,6653047554.0,11.0,7.737,-28916000.0,-0.103,1.0,557167000.0,0.361,135714000.0,0.0,4024299000.0,,1193144000.0,477325000.0,477325000.0,0.0,2880600000.0,1385983000.0,1494617000.0,6107598554.0,-78925000.0,0.0,-63421000.0,-37608000.0,-18391000.0,-119420000.0,6931000.0,70575000.0,33564000.0,0.0,77828000.0,77828000.0,77828000.0,0.0,0.0,0.05,465769000.0,91398000.0,672847000.0,0.232,3.265,17.069,16.802,1773258000.0,0.0,21.59,0.879,0.874,635409000.0,1330511000.0,1542075000.0,1542075000.0,0.0,,,,,1264000.0,465769000.0,1.0,282890160.0,281395000.0,286298000.0,5.48,4615284000.0,134896000.0,45085000.0,52877000.0,16.401,1344637000.0
68,JWN,MRQ,2004-06-30,2004-07-31,2004-07-31,2021-09-03,8135000.0,4812881000.0,,2793473000.0,2019408000.0,,6.649,-48471000.0,319332000.0,319332000.0,1270892000.0,106915000.0,1.944,1.572,1030356000.0,103129000.0,927227000.0,1030356000.0,0.0,65318000.0,0.0,0.01,0.055,175266000.0,240584000.0,0.123,240584000.0,175266000.0,175266000.0,0.38,0.37,0.38,1871440000.0,,1871440000.0,6962415457.0,12.0,8.332,152306000.0,0.541,1.0,682588000.0,0.349,135714000.0,0.0,3951506000.0,,1024853000.0,547515000.0,547515000.0,0.0,2941441000.0,1436685000.0,1504756000.0,6164553457.0,146960000.0,0.0,38705000.0,52959000.0,-15446000.0,76218000.0,-130035000.0,-80575000.0,200777000.0,0.0,106915000.0,106915000.0,106915000.0,0.0,0.0,0.055,536233000.0,146355000.0,699432000.0,0.145,3.294,18.941,18.761,1772752000.0,0.0,21.95,0.904,0.906,721510000.0,1346035000.0,1953480000.0,1953480000.0,0.0,,,,,15505000.0,536233000.0,1.0,280845260.0,281469000.0,286994000.0,6.94,4677167000.0,132158000.0,68351000.0,86309000.0,16.617,1356788000.0
69,JWN,MRQ,2004-03-31,2004-05-01,2004-05-01,2021-09-03,11013000.0,4424774000.0,,2402579000.0,2022195000.0,,6.224,-48257000.0,172372000.0,172372000.0,972932000.0,68727000.0,2.195,1.555,1030785000.0,6502000.0,1024283000.0,1030785000.0,0.0,64917000.0,0.0,0.012,0.055,112627000.0,177544000.0,0.116,177544000.0,112627000.0,112627000.0,0.245,0.24,0.245,1731630000.0,,1731630000.0,5690225847.0,11.0,7.205,-56720000.0,-0.204,1.0,562558000.0,0.366,135714000.0,0.0,4053008000.0,,1020812000.0,392663000.0,392663000.0,0.0,2693144000.0,1094465000.0,1598679000.0,4931920847.0,-167909000.0,0.0,32196000.0,-220325000.0,-15254000.0,-203383000.0,43937000.0,91000000.0,-8463000.0,0.0,68727000.0,68727000.0,68727000.0,0.0,0.0,0.045,452734000.0,109824000.0,563733000.0,0.224,2.848,17.341,17.296,1787436000.0,0.0,17.815,0.742,0.745,640581000.0,1254566000.0,1535490000.0,1535490000.0,0.0,,,,,7800000.0,452734000.0,1.0,276840912.0,278220000.0,283950000.0,5.519,4289060000.0,127063000.0,43900000.0,53844000.0,15.416,1308114000.0
70,JWN,MRQ,2003-12-31,2004-01-31,2004-01-31,2021-09-03,8868000.0,4569233000.0,,2524843000.0,2044390000.0,,5.938,-53778000.0,340281000.0,340281000.0,1223593000.0,104346000.0,2.249,1.796,1234243000.0,6833000.0,1227410000.0,1234243000.0,0.0,65520000.0,0.0,0.01,0.055,188955000.0,254475000.0,0.133,254475000.0,188955000.0,171046000.0,0.38,0.375,0.38,1634009000.0,,1634009000.0,6489685578.0,13.0,8.773,289963000.0,1.054,1.0,695655000.0,0.362,135714000.0,17909000.0,4204922000.0,,901623000.0,176000000.0,176000000.0,0.0,2935224000.0,1122559000.0,1812665000.0,5401204578.0,211615000.0,0.0,32021000.0,21260000.0,-15117000.0,38164000.0,-170290000.0,-121000000.0,343741000.0,0.0,104346000.0,104346000.0,104346000.0,0.0,0.0,0.054,547501000.0,148154000.0,458809000.0,0.145,3.305,22.242,22.079,1807778000.0,0.0,19.65,0.838,0.831,939105000.0,1201093000.0,1919248000.0,1919248000.0,0.0,,,,,15881000.0,547501000.0,1.0,274870462.0,275190000.0,281958000.0,6.974,4433519000.0,121681000.0,66700000.0,66157000.0,16.111,1402284000.0
71,JWN,MRQ,2003-09-30,2003-11-01,2003-11-01,2021-09-03,5908000.0,4461374000.0,,2404714000.0,2056660000.0,,5.507,-72662000.0,128666000.0,128666000.0,911429000.0,45469000.0,2.031,1.972,1231601000.0,6198000.0,1225403000.0,1231601000.0,0.0,61814000.0,0.0,0.013,0.05,101250000.0,163064000.0,0.116,163064000.0,101250000.0,74569000.0,0.165,0.165,0.165,1501294000.0,,1501294000.0,5156450937.0,12.0,7.706,-67117000.0,-0.246,1.0,497680000.0,0.353,135714000.0,26681000.0,4244684000.0,,1189996000.0,55000000.0,55000000.0,0.0,2960080000.0,1183911000.0,1776169000.0,4148650937.0,-113274000.0,0.0,19319000.0,-65353000.0,-13607000.0,-59641000.0,-59178000.0,14627000.0,5545000.0,0.0,45469000.0,45469000.0,45469000.0,0.0,0.0,0.032,439006000.0,58674000.0,627469000.0,0.303,2.763,20.897,20.884,1820921000.0,0.0,15.245,0.664,0.665,872522000.0,1111864000.0,1409109000.0,1409109000.0,0.0,,,,,10145000.0,439006000.0,1.0,272131908.0,272608000.0,276206000.0,5.169,4325660000.0,111965000.0,29100000.0,71105000.0,15.868,1220803000.0
72,JWN,MRQ,2003-06-30,2003-08-02,2003-08-02,2021-09-03,4760000.0,4485535000.0,,2431705000.0,2053830000.0,,5.323,-71912000.0,241940000.0,241940000.0,1194429000.0,65871000.0,2.034,2.101,1291157000.0,6084000.0,1285073000.0,1291157000.0,0.0,60514000.0,0.0,0.019,0.05,134205000.0,194719000.0,0.109,194719000.0,134205000.0,108071000.0,0.24,0.24,0.24,1446309000.0,,1446309000.0,4030718820.0,11.0,6.552,171580000.0,0.632,1.0,590420000.0,0.331,135714000.0,26134000.0,4203734000.0,,1019467000.0,69627000.0,69627000.0,0.0,3039226000.0,1195304000.0,1843922000.0,2856549820.0,100123000.0,0.0,1204000.0,-43534000.0,-13582000.0,-55912000.0,-87457000.0,-15175000.0,243492000.0,0.0,65871000.0,65871000.0,65871000.0,0.0,0.0,0.037,492296000.0,98124000.0,617172000.0,0.208,1.975,16.658,16.559,1820870000.0,0.0,10.515,0.463,0.463,944997000.0,1080002000.0,1784849000.0,1784849000.0,0.0,,,,,1870000.0,492296000.0,1.0,271664272.0,271688000.0,272676000.0,6.569,4349821000.0,111127000.0,42200000.0,76192000.0,16.01,1236401000.0
73,JWN,MRQ,2003-03-31,2003-05-03,2003-05-03,2021-09-03,4253000.0,4282543000.0,,2229322000.0,2053221000.0,,5.139,-59962000.0,141817000.0,141817000.0,886095000.0,27155000.0,2.258,2.073,1346877000.0,5615000.0,1341262000.0,1346877000.0,0.0,62835000.0,0.0,0.023,0.05,64683000.0,127518000.0,0.095,127518000.0,64683000.0,44455000.0,0.1,0.1,0.1,1393381000.0,,1393381000.0,3478637785.0,11.0,6.258,-53458000.0,-0.197,1.0,449377000.0,0.336,135714000.0,20228000.0,4364650000.0,,1078232000.0,54452000.0,54452000.0,0.0,2889162000.0,987239000.0,1901923000.0,2339351785.0,17564000.0,0.0,4915000.0,10023000.0,-13547000.0,3732000.0,7328000.0,66814000.0,6504000.0,0.0,27155000.0,27155000.0,27155000.0,0.0,0.0,0.02,420326000.0,29051000.0,533074000.0,0.5,1.679,16.48,16.292,1849082000.0,0.0,8.635,0.388,0.388,802709000.0,1027713000.0,1335472000.0,1335472000.0,0.0,,,,,197000.0,420326000.0,1.0,270915088.0,271156000.0,271596000.0,4.925,4146829000.0,109006000.0,17300000.0,32579000.0,15.293,1242083000.0
74,JWN,MRQ,2002-12-31,2003-01-31,2003-01-31,2021-09-03,2700000.0,4185269000.0,,2125356000.0,2059913000.0,,5.081,-31896000.0,124253000.0,124253000.0,1170745000.0,60034000.0,2.295,2.049,1350839000.0,5789000.0,1345050000.0,1350839000.0,0.0,64080000.0,0.0,0.026,0.05,119769000.0,183849000.0,0.107,183849000.0,119769000.0,98334000.0,0.225,0.22,0.225,1372864000.0,,1372864000.0,3750858535.0,14.0,7.53,286396000.0,1.06,1.0,549421000.0,0.319,135714000.0,21435000.0,4350163000.0,,953112000.0,121266000.0,121266000.0,0.0,2812405000.0,925978000.0,1886427000.0,2443276535.0,54609000.0,0.0,-999000.0,-17151000.0,-13543000.0,-30028000.0,-233655000.0,-121266000.0,318292000.0,0.0,60034000.0,60034000.0,60034000.0,0.0,0.0,0.035,465290000.0,84131000.0,366244000.0,0.222,1.78,27.08,26.925,1849961000.0,0.0,9.02,0.411,0.41,778831000.0,1014105000.0,1720166000.0,1720166000.0,0.0,,,,,-954000.0,465290000.0,1.0,270873230.0,270214000.0,,6.366,4049555000.0,0.0,38300000.0,337574000.0,14.986,1199378000.0
75,JWN,MRQ,2002-09-30,2002-10-31,2002-10-31,2021-09-03,2063000.0,4221772000.0,,2203636000.0,2018136000.0,,4.904,-79348000.0,53658000.0,53658000.0,872154000.0,18427000.0,2.018,2.186,1348380000.0,4957000.0,1343423000.0,1348380000.0,0.0,57934000.0,0.0,0.023,0.05,51132000.0,109066000.0,0.082,109066000.0,51132000.0,30300000.0,0.07,0.07,0.07,1325067000.0,,1325067000.0,3792375211.0,15.0,8.072,-210400000.0,-0.779,1.0,451047000.0,0.341,140609000.0,20832000.0,4283812000.0,,1278932000.0,0.0,0.0,0.0,2896705000.0,1092073000.0,1804632000.0,2691438211.0,-190886000.0,0.0,5576000.0,-561000.0,-13512000.0,-3566000.0,-56268000.0,0.0,-131052000.0,0.0,18427000.0,18427000.0,18427000.0,0.0,0.0,0.014,434921000.0,16126000.0,702181000.0,0.714,2.031,33.257,32.656,1754288000.0,0.0,9.96,0.462,0.462,721357000.0,967614000.0,1323201000.0,1323201000.0,0.0,,,,,1355000.0,434921000.0,1.0,270224720.0,270224720.0,,4.897,4081163000.0,0.0,11873000.0,158095000.0,15.103,1111563000.0
76,JWN,MRQ,2002-06-30,2002-07-31,2002-07-31,2021-09-03,533000.0,4240419000.0,,2197322000.0,2043097000.0,,4.858,-87680000.0,244544000.0,244544000.0,1104035000.0,36335000.0,1.997,2.231,1348775000.0,4978000.0,1343797000.0,1348775000.0,0.0,56627000.0,0.0,0.024,0.045,78798000.0,135425000.0,0.082,135425000.0,78798000.0,59193000.0,0.135,0.135,0.135,1312474000.0,,1312474000.0,3693009668.0,16.0,8.198,86739000.0,0.321,1.0,551493000.0,0.333,140227000.0,19605000.0,4104279000.0,,1039365000.0,0.0,0.0,0.0,2927945000.0,1100144000.0,1827801000.0,2552838668.0,28262000.0,-70000000.0,1990000.0,-2265000.0,-12156000.0,-12431000.0,-133726000.0,0.0,174419000.0,0.0,36335000.0,36335000.0,36335000.0,0.0,0.0,0.022,496915000.0,54578000.0,688842000.0,0.333,1.945,34.972,34.364,1805861000.0,0.0,9.45,0.444,0.444,772131000.0,962699000.0,1655528000.0,1655528000.0,0.0,,,,,956000.0,496915000.0,1.0,270141658.0,270141658.0,,6.128,4100192000.0,0.0,22858000.0,173045000.0,15.178,1097178000.0
77,JWN,MRQ,2002-03-31,2002-04-30,2002-04-30,2021-09-03,-3538000.0,4035303000.0,,2026134000.0,2009169000.0,,4.762,-96827000.0,216282000.0,216282000.0,823088000.0,-24572000.0,2.157,2.148,1351614000.0,4675000.0,1346939000.0,1351614000.0,0.0,55290000.0,0.0,0.019,0.09,14487000.0,69777000.0,0.056,69777000.0,14487000.0,-5562000.0,-0.09,-0.09,-0.09,1282062000.0,,1282062000.0,4256111220.0,18.0,9.453,-67972000.0,-0.252,1.0,422673000.0,0.339,116431000.0,20049000.0,4114926000.0,,994136000.0,0.0,0.0,0.0,2753241000.0,939278000.0,1813963000.0,3158019220.0,-121573000.0,0.0,8096000.0,-80912000.0,-12111000.0,-84927000.0,-65501000.0,0.0,28855000.0,0.0,-24572000.0,-24572000.0,-24572000.0,0.0,0.0,-0.02,386084000.0,36589000.0,565996000.0,-1.0,2.463,41.905,41.158,1791676000.0,0.0,11.73,0.56,0.56,670786000.0,938520000.0,1245761000.0,1245761000.0,0.0,,,,,1131000.0,386084000.0,1.0,269225850.0,269225850.0,,4.627,3918872000.0,0.0,19010000.0,182566000.0,14.556,1086856000.0
78,JWN,MRQ,2001-12-31,2002-01-31,2002-01-31,2021-09-03,649000.0,4051179000.0,,2057111000.0,1994068000.0,,4.89,-74261000.0,331327000.0,331327000.0,1087255000.0,50739000.0,2.165,2.082,1429419000.0,78375000.0,1351044000.0,1429419000.0,0.0,53915000.0,0.0,0.014,0.045,101660000.0,155575000.0,0.097,155575000.0,101660000.0,83339000.0,0.19,0.19,0.19,1314488000.0,,1314488000.0,4672225629.0,17.0,9.485,253929000.0,0.945,1.0,517392000.0,0.322,138331000.0,18321000.0,4060802000.0,,888172000.0,0.0,0.0,0.0,2736691000.0,950138000.0,1786553000.0,3400520629.0,319345000.0,0.0,1753000.0,169751000.0,-12097000.0,159407000.0,-168252000.0,0.0,328190000.0,0.0,50739000.0,50739000.0,50739000.0,0.0,0.0,0.032,444782000.0,72610000.0,490988000.0,0.237,2.587,27.272,27.204,1761082000.0,0.0,12.65,0.606,0.606,698475000.0,975203000.0,1604647000.0,1604647000.0,0.0,,,,,1630000.0,444782000.0,1.0,268815860.0,268815860.0,,5.969,3912848000.0,0.0,32600000.0,144402000.0,14.556,1106973000.0
79,JWN,MRQ,2001-09-30,2001-10-31,2001-10-31,2021-09-03,1789000.0,3975151000.0,,2021703000.0,1953448000.0,,4.75,-117496000.0,20365000.0,20365000.0,836961000.0,10495000.0,1.6,2.121,1292070000.0,246629000.0,1045441000.0,1292070000.0,0.0,54659000.0,0.0,0.035,0.045,35029000.0,89688000.0,0.072,89688000.0,35029000.0,17095000.0,0.04,0.04,0.04,1273790000.0,,1273790000.0,3023342068.0,13.0,6.637,-163446000.0,-0.61,1.0,402280000.0,0.325,139466000.0,17934000.0,3843886000.0,,1161178000.0,0.0,0.0,0.0,2701361000.0,1263504000.0,1437857000.0,1890449068.0,-16464000.0,0.0,4076000.0,117295000.0,-12066000.0,109305000.0,-79819000.0,0.0,-45950000.0,0.0,10495000.0,10495000.0,10495000.0,0.0,0.0,0.008,399568000.0,2712000.0,637694000.0,1.125,1.484,18.718,18.8,1732659000.0,0.0,7.05,0.334,0.334,699450000.0,936560000.0,1239241000.0,1239241000.0,0.0,,,,,-889000.0,399568000.0,1.0,268148804.0,268148804.0,,4.621,3835685000.0,0.0,6600000.0,155632000.0,14.304,758199000.0
80,JWN,MRQ,2001-06-30,2001-07-31,2001-07-31,2021-09-03,1118000.0,3792151000.0,,1911648000.0,1880503000.0,,4.738,-124643000.0,36829000.0,36829000.0,1040908000.0,38699000.0,1.698,1.985,1169722000.0,128263000.0,1041459000.0,1169722000.0,0.0,52409000.0,0.0,0.022,0.045,82778000.0,135187000.0,0.087,135187000.0,82778000.0,63499000.0,0.145,0.145,0.145,1270416000.0,,1270416000.0,,,,93323000.0,0.348,1.0,504851000.0,0.327,141510000.0,19279000.0,3657508000.0,,1002633000.0,0.0,0.0,0.0,2521735000.0,1126026000.0,1395709000.0,3016674045.0,18737000.0,0.0,248000.0,-106171000.0,-12060000.0,-117983000.0,-81246000.0,0.0,217966000.0,0.0,38699000.0,38699000.0,38699000.0,0.0,0.0,0.025,457441000.0,47410000.0,601407000.0,0.31,2.375,34.602,35.156,1654852000.0,0.0,11.25,0.531,0.531,749957000.0,938130000.0,1545759000.0,1545759000.0,0.0,,,,,1498000.0,457441000.0,1.0,268148804.0,268148804.0,,5.765,3650641000.0,0.0,24800000.0,168322000.0,13.614,785622000.0
81,JWN,MRQ,2001-03-31,2001-04-30,2001-04-30,2021-09-03,2961000.0,3708936000.0,,1878923000.0,1830013000.0,,,-54243000.0,18092000.0,18092000.0,798430000.0,24755000.0,1.727,1.979,1263519000.0,230629000.0,1032890000.0,1263519000.0,0.0,52106000.0,0.0,0.027,0.045,60059000.0,112165000.0,0.092,112165000.0,60059000.0,40555000.0,0.09,0.09,0.09,1245085000.0,,1245085000.0,,,,-65939000.0,,1.0,419610000.0,0.344,142678000.0,19504000.0,3723797000.0,,1052274000.0,0.0,0.0,0.0,2463851000.0,1087888000.0,1375963000.0,,-7167000.0,0.0,2250000.0,55577000.0,-12042000.0,45785000.0,-41256000.0,0.0,-11696000.0,0.0,24755000.0,24755000.0,24755000.0,0.0,0.0,0.02,396706000.0,22904000.0,538012000.0,0.5,,,26.271,1617244000.0,0.0,9.195,,,689233000.0,911491000.0,1218040000.0,1218040000.0,0.0,,,,,1628000.0,396706000.0,1.0,,,,,3566258000.0,0.0,15800000.0,127483000.0,,791035000.0
82,JWN,MRQ,2000-12-31,2001-01-31,2001-01-31,2021-09-03,2824000.0,3608503000.0,,1812982000.0,1795521000.0,,,-46703000.0,25259000.0,25259000.0,1125680000.0,27048000.0,1.907,1.935,1195356000.0,95646000.0,1099710000.0,1195356000.0,0.0,55002000.0,0.0,0.024,0.115,63459000.0,118461000.0,0.072,118461000.0,63459000.0,44348000.0,0.1,0.1,0.1,1229568000.0,,1229568000.0,,,,99980000.0,,1.0,530055000.0,0.32,143473000.0,19111000.0,3684559000.0,,945687000.0,0.0,0.0,0.0,2378935000.0,950568000.0,1428367000.0,,9509000.0,-451000.0,-3954000.0,-27832000.0,-12058000.0,-43844000.0,-93330000.0,0.0,146683000.0,0.0,27048000.0,27048000.0,27048000.0,0.0,0.0,0.016,494341000.0,35714000.0,466476000.0,1.15,,,26.141,1599938000.0,0.0,10.195,,,721953000.0,900090000.0,1655735000.0,1655735000.0,0.0,,,,,-2210000.0,494341000.0,1.0,,,,,3465030000.0,0.0,17300000.0,153613000.0,,862414000.0
83,JWN,MRQ,2000-09-30,2000-10-31,2000-10-31,2021-09-03,0.0,3766586000.0,,1957993000.0,1808593000.0,,,-103258000.0,15750000.0,15750000.0,823868000.0,-3320000.0,1.787,2.098,1192223000.0,122203000.0,1070020000.0,1192223000.0,0.0,52804000.0,0.0,0.021,0.045,10475000.0,63279000.0,0.05,63279000.0,10475000.0,-5520000.0,-0.015,-0.015,-0.015,1215777000.0,,1215777000.0,,,,-217945000.0,,1.0,438522000.0,0.347,158042000.0,15995000.0,3689550000.0,,1186391000.0,1662000.0,1662000.0,0.0,2550809000.0,1095467000.0,1455342000.0,,-6943000.0,-83377000.0,-4119000.0,194577000.0,-11590000.0,178868000.0,-71124000.0,0.0,-114687000.0,0.0,-3320000.0,-3320000.0,-3320000.0,0.0,0.0,-0.003,444390000.0,-5868000.0,624011000.0,-3.0,,,,1597302000.0,0.0,8.22,,,638936000.0,888724000.0,1262390000.0,1262390000.0,0.0,,,,,3812000.0,444390000.0,1.0,,,,,3608544000.0,0.0,-2200000.0,154044000.0,,862526000.0
84,JWN,MRQ,2000-06-30,2000-07-31,2000-07-31,2021-09-03,0.0,3316375000.0,,1737668000.0,1578707000.0,,,,22693000.0,22693000.0,954313000.0,45401000.0,1.555,1.874,986178000.0,213611000.0,772567000.0,986178000.0,0.0,,0.0,0.019,0.045,88797000.0,,,,88797000.0,74501000.0,0.175,0.175,0.175,1153931000.0,,1153931000.0,,,,,,1.0,502722000.0,0.345,0.0,14296000.0,3162279000.0,,944815000.0,22317000.0,9373000.0,12944000.0,2162444000.0,1117581000.0,1044863000.0,,,,,,,,,,,,45401000.0,45401000.0,45401000.0,0.0,0.0,0.031,436418000.0,66304000.0,559780000.0,0.257,,,,1528147000.0,0.0,8.75,,,651525000.0,910257000.0,1457035000.0,1457035000.0,0.0,,,,,,436418000.0,1.0,,,,,3316375000.0,109262000.0,29100000.0,158462000.0,,620087000.0
0,JWN,MRT,2021-06-30,2021-07-31,2021-07-31,2021-09-03,-61000000.0,9230000000.0,9478000000.0,3461000000.0,5769000000.0,1.414,1.686,-374000000.0,487000000.0,487000000.0,8735000000.0,0.0,0.898,33.44,4706000000.0,238000000.0,4468000000.0,4706000000.0,0.0,816000000.0,0.0,0.0,0.0,202000000.0,1018000000.0,0.076,1018000000.0,202000000.0,-71000000.0,0.0,-0.01,0.0,268000000.0,247750000.0,268000000.0,10337546176.0,51.0,10.155,414000000.0,2.604,1.0,4665000000.0,0.348,249000000.0,273000000.0,9344000000.0,9735500000.0,2182000000.0,0.0,0.0,0.0,8962000000.0,3856000000.0,5106000000.0,5259546176.0,-504000000.0,0.0,12000000.0,-925000000.0,0.0,-930000000.0,-366000000.0,0.0,788000000.0,4000000.0,0.0,0.0,0.0,0.0,0.0,0.0,4463000000.0,202000000.0,1961000000.0,,19.625,,,5105000000.0,0.0,33.1,0.393,0.393,317000000.0,-2916000000.0,13400000000.0,13400000000.0,0.0,0.0,0.0,0.021,0.015,79000000.0,4463000000.0,1.0,158898676.0,159000000.0,162800000.0,84.277,8981000000.0,0.0,-71000000.0,0.0,56.484,-395000000.0
1,JWN,MRT,2021-03-31,2021-05-01,2021-05-01,2021-09-03,-59000000.0,9333000000.0,9554250000.0,3499000000.0,5834000000.0,1.215,1.047,-380000000.0,377000000.0,377000000.0,7809000000.0,-335000000.0,0.873,55.223,5455000000.0,946000000.0,4509000000.0,5455000000.0,0.0,817000000.0,0.0,0.0,0.0,-319000000.0,498000000.0,0.043,498000000.0,-319000000.0,-603000000.0,-2.12,-2.12,-2.12,166000000.0,224250000.0,166000000.0,10322017538.0,-32.0,20.727,-314000000.0,-1.981,1.0,3796000000.0,0.327,249000000.0,284000000.0,10154000000.0,10017750000.0,1961000000.0,0.0,0.0,0.0,9167000000.0,4008000000.0,5159000000.0,5787017538.0,-978000000.0,0.0,12000000.0,-715000000.0,0.0,-720000000.0,-331000000.0,0.0,66000000.0,7000000.0,-335000000.0,-335000000.0,-335000000.0,0.0,0.0,-0.029,4115000000.0,-319000000.0,1676000000.0,0.0,34.862,-17.275,-17.302,5202000000.0,0.0,36.68,0.499,0.501,238000000.0,-2996000000.0,11605000000.0,11605000000.0,0.0,-0.035,-1.494,-0.032,-0.027,76000000.0,4115000000.0,1.0,157770380.0,158500000.0,158500000.0,73.218,9084000000.0,0.0,-268000000.0,0.0,57.312,-509000000.0
2,JWN,MRT,2020-12-31,2021-01-30,2021-01-30,2021-09-03,-70000000.0,9538000000.0,9713250000.0,3642000000.0,5896000000.0,1.103,1.94,-385000000.0,681000000.0,681000000.0,7600000000.0,-690000000.0,0.884,30.272,5216000000.0,760000000.0,4456000000.0,5216000000.0,0.0,843000000.0,0.0,0.01,0.37,-1047000000.0,-204000000.0,-0.019,-204000000.0,-1047000000.0,-1228000000.0,-4.39,-4.39,-4.39,305000000.0,282000000.0,305000000.0,10161880713.0,-10.0,-49.813,-733000000.0,-4.663,1.0,3115000000.0,0.291,249000000.0,181000000.0,9704000000.0,10156500000.0,1863000000.0,0.0,0.0,0.0,9233000000.0,4120000000.0,5113000000.0,5589880713.0,-172000000.0,0.0,16000000.0,596000000.0,-58000000.0,530000000.0,-347000000.0,0.0,-348000000.0,-7000000.0,-690000000.0,-690000000.0,-690000000.0,0.0,0.0,-0.064,4162000000.0,-1047000000.0,1960000000.0,-0.084,18.327,-8.101,-8.075,5313000000.0,0.0,35.45,0.522,0.52,245000000.0,-2830000000.0,10715000000.0,10715000000.0,0.0,-0.071,-2.447,-0.103,-0.098,67000000.0,4162000000.0,1.0,157683518.0,157200000.0,157200000.0,68.162,9289000000.0,0.0,-538000000.0,0.0,59.09,-478000000.0
3,JWN,MRT,2020-09-30,2020-10-31,2020-10-31,2021-09-03,-75000000.0,9811000000.0,9763000000.0,3907000000.0,5904000000.0,1.189,1.6,-505000000.0,889000000.0,889000000.0,8118000000.0,-531000000.0,0.889,37.933,5461000000.0,968000000.0,4493000000.0,5461000000.0,0.0,873000000.0,0.0,0.061,0.74,-778000000.0,95000000.0,0.008,95000000.0,-778000000.0,-947000000.0,-3.37,-3.38,-3.37,252000000.0,450500000.0,252000000.0,6730518388.0,-9.0,70.848,-274000000.0,-1.74,1.0,3489000000.0,0.301,249000000.0,169000000.0,9740000000.0,10208000000.0,1860000000.0,0.0,0.0,0.0,9559000000.0,4394000000.0,5165000000.0,1901518388.0,402000000.0,0.0,26000000.0,776000000.0,-115000000.0,664000000.0,-483000000.0,0.0,231000000.0,-10000000.0,-531000000.0,-531000000.0,-531000000.0,0.0,0.0,-0.046,4267000000.0,-778000000.0,2053000000.0,-0.22,7.546,-3.581,-3.591,5381000000.0,0.0,12.1,0.164,0.164,256000000.0,-2863000000.0,11607000000.0,11607000000.0,0.0,-0.054,-1.179,-0.076,-0.067,64000000.0,4267000000.0,1.0,157150280.0,157500000.0,158200000.0,73.695,9562000000.0,0.0,-416000000.0,0.0,60.711,-487000000.0
4,JWN,MRT,2020-06-30,2020-08-01,2020-08-01,2021-09-03,-78000000.0,9535000000.0,9829000000.0,3405000000.0,6130000000.0,1.24,1.107,-683000000.0,991000000.0,991000000.0,8443000000.0,-458000000.0,0.935,53.799,5820000000.0,772000000.0,5048000000.0,5820000000.0,0.0,867000000.0,0.0,0.081,1.11,-691000000.0,176000000.0,0.014,176000000.0,-691000000.0,-832000000.0,-2.9,-2.91,-2.9,174000000.0,600250000.0,174000000.0,6937779826.0,-10.0,39.419,-730000000.0,-4.644,1.0,3747000000.0,0.307,249000000.0,141000000.0,10473000000.0,10315500000.0,1466000000.0,0.0,0.0,0.0,9361000000.0,3642000000.0,5719000000.0,2149779826.0,35000000.0,0.0,29000000.0,919000000.0,-173000000.0,757000000.0,-666000000.0,0.0,-47000000.0,-9000000.0,-458000000.0,-458000000.0,-458000000.0,0.0,0.0,-0.038,4438000000.0,-691000000.0,1298000000.0,-0.383,12.355,-4.694,-4.721,5500000000.0,0.0,13.69,0.176,0.177,146000000.0,-2916000000.0,12190000000.0,12190000000.0,0.0,-0.047,-0.763,-0.067,-0.057,62000000.0,4438000000.0,1.0,157032858.0,157200000.0,157200000.0,77.545,9286000000.0,0.0,-374000000.0,0.0,59.071,-237000000.0
5,JWN,MRT,2020-03-31,2020-05-02,2020-05-02,2021-09-03,-90000000.0,9969000000.0,9929000000.0,3667000000.0,6302000000.0,1.43,2.538,-817000000.0,1355000000.0,1355000000.0,9513000000.0,-62000000.0,0.965,24.111,6143000000.0,1043000000.0,5100000000.0,6143000000.0,0.0,866000000.0,0.0,0.084,1.48,-105000000.0,761000000.0,0.054,761000000.0,-105000000.0,-218000000.0,-0.37,-0.39,-0.37,397000000.0,746500000.0,397000000.0,6703073309.0,-64.0,8.808,-328000000.0,-2.097,1.0,4687000000.0,0.33,249000000.0,113000000.0,10709000000.0,9980250000.0,1489000000.0,0.0,0.0,0.0,9572000000.0,3799000000.0,5773000000.0,2761073309.0,907000000.0,0.0,30000000.0,1439000000.0,-229000000.0,1216000000.0,-787000000.0,0.0,489000000.0,-11000000.0,-62000000.0,-62000000.0,-62000000.0,0.0,0.0,-0.004,4792000000.0,-105000000.0,1125000000.0,-4.0,6.955,-44.533,-47.73,5696000000.0,0.0,17.66,0.194,0.195,154000000.0,-2661000000.0,14200000000.0,14200000000.0,0.0,-0.006,-0.083,-0.011,-0.007,62000000.0,4792000000.0,1.0,156346167.0,156400000.0,156400000.0,90.793,9720000000.0,0.0,-156000000.0,0.0,62.148,-132000000.0
6,JWN,MRT,2019-12-31,2020-02-01,2020-02-01,2021-09-03,-68000000.0,9737000000.0,9771250000.0,3230000000.0,6507000000.0,1.589,6.308,-935000000.0,853000000.0,853000000.0,9932000000.0,496000000.0,0.918,8.946,4795000000.0,244000000.0,4551000000.0,4795000000.0,0.0,854000000.0,0.0,0.04,1.48,784000000.0,1638000000.0,0.106,1638000000.0,784000000.0,682000000.0,3.2,3.18,3.2,979000000.0,810000000.0,979000000.0,10047631736.0,13.0,6.134,301000000.0,1.939,1.0,5592000000.0,0.36,249000000.0,102000000.0,9910000000.0,9706250000.0,1920000000.0,0.0,0.0,0.0,8758000000.0,3520000000.0,5238000000.0,5722631736.0,-104000000.0,0.0,-181000000.0,7000000.0,-229000000.0,-431000000.0,-909000000.0,0.0,1236000000.0,0.0,496000000.0,496000000.0,496000000.0,0.0,0.0,0.032,4808000000.0,784000000.0,1576000000.0,0.463,5.845,11.538,11.519,5953000000.0,0.0,36.86,0.369,0.369,179000000.0,-2082000000.0,15524000000.0,15524000000.0,0.0,0.051,0.612,0.081,0.051,69000000.0,4808000000.0,1.0,155253167.0,155200000.0,156100000.0,100.026,9488000000.0,0.0,186000000.0,0.0,61.134,-290000000.0
7,JWN,MRT,2019-09-30,2019-11-02,2019-11-02,2021-09-03,-38000000.0,10075000000.0,9308500000.0,3573000000.0,6502000000.0,1.662,5.483,-966000000.0,487000000.0,487000000.0,9892000000.0,552000000.0,0.898,10.839,4812000000.0,238000000.0,4574000000.0,4812000000.0,0.0,785000000.0,0.0,0.04,1.48,819000000.0,1604000000.0,0.104,1604000000.0,819000000.0,729000000.0,3.45,3.41,3.45,851000000.0,783500000.0,851000000.0,9554824452.0,12.0,5.957,257000000.0,1.656,1.0,5578000000.0,0.361,249000000.0,90000000.0,10170000000.0,8724750000.0,2542000000.0,0.0,0.0,0.0,9224000000.0,3981000000.0,5243000000.0,5683824452.0,-640000000.0,0.0,-711000000.0,22000000.0,-236000000.0,-941000000.0,-922000000.0,0.0,1223000000.0,0.0,552000000.0,552000000.0,552000000.0,0.0,0.0,0.036,4759000000.0,819000000.0,2148000000.0,0.429,6.679,10.297,10.635,5930000000.0,0.0,36.69,0.367,0.368,234000000.0,-2217000000.0,15470000000.0,15470000000.0,0.0,0.059,0.705,0.094,0.053,73000000.0,4759000000.0,1.0,154914812.0,155200000.0,155800000.0,99.678,9826000000.0,0.0,177000000.0,0.0,63.312,-408000000.0
8,JWN,MRT,2019-06-30,2019-08-03,2019-08-03,2021-09-03,-39000000.0,9935000000.0,8967000000.0,3483000000.0,6452000000.0,1.734,4.897,-865000000.0,956000000.0,956000000.0,9983000000.0,493000000.0,0.787,12.09,4827000000.0,737000000.0,4090000000.0,4827000000.0,0.0,745000000.0,0.0,0.048,1.48,731000000.0,1476000000.0,0.095,1476000000.0,731000000.0,636000000.0,3.04,2.99,3.04,759000000.0,871500000.0,759000000.0,9177727660.0,13.0,6.218,529000000.0,3.413,1.0,5563000000.0,0.358,249000000.0,95000000.0,9132000000.0,7726500000.0,1932000000.0,0.0,0.0,0.0,9176000000.0,4425000000.0,4751000000.0,4761727660.0,-387000000.0,0.0,-681000000.0,-22000000.0,-240000000.0,-964000000.0,-817000000.0,0.0,1394000000.0,0.0,493000000.0,493000000.0,493000000.0,0.0,0.0,0.032,4832000000.0,731000000.0,1819000000.0,0.487,6.274,9.659,10.128,5837000000.0,0.0,30.79,0.306,0.307,211000000.0,-2286000000.0,15546000000.0,15546000000.0,0.0,0.055,0.566,0.095,0.047,79000000.0,4832000000.0,1.0,154651759.0,155000000.0,155600000.0,100.297,9686000000.0,0.0,143000000.0,0.0,62.49,-942000000.0
9,JWN,MRT,2019-03-31,2019-05-04,2019-05-04,2021-09-03,-46000000.0,9338000000.0,8605750000.0,2958000000.0,6380000000.0,1.829,4.2,-774000000.0,448000000.0,448000000.0,10096000000.0,514000000.0,0.76,13.344,4864000000.0,736000000.0,4128000000.0,4864000000.0,0.0,708000000.0,0.0,0.037,1.48,761000000.0,1469000000.0,0.093,1469000000.0,761000000.0,661000000.0,3.1,3.04,3.1,651000000.0,966750000.0,651000000.0,7973060999.0,10.0,5.428,519000000.0,3.348,1.0,5645000000.0,0.359,249000000.0,100000000.0,9613000000.0,6934500000.0,2006000000.0,0.0,0.0,0.0,8687000000.0,3892000000.0,4795000000.0,6245060999.0,-518000000.0,0.0,-726000000.0,-40000000.0,-246000000.0,-1059000000.0,-752000000.0,0.0,1293000000.0,0.0,514000000.0,514000000.0,514000000.0,0.0,0.0,0.033,4884000000.0,761000000.0,1619000000.0,0.477,9.593,12.15,12.997,5796000000.0,0.0,40.29,0.397,0.397,233000000.0,-2370000000.0,15741000000.0,15741000000.0,0.0,0.06,0.532,0.11,0.048,87000000.0,4884000000.0,1.0,155002755.0,155000000.0,156200000.0,101.555,9089000000.0,0.0,147000000.0,0.0,58.639,-934000000.0
10,JWN,MRT,2018-12-31,2019-02-02,2019-02-02,2021-09-03,-37000000.0,7886000000.0,8275250000.0,3374000000.0,4512000000.0,1.917,5.218,-654000000.0,957000000.0,957000000.0,10155000000.0,564000000.0,0.998,8.033,2685000000.0,8000000.0,2677000000.0,2685000000.0,0.0,669000000.0,0.0,0.033,1.48,837000000.0,1506000000.0,0.095,1506000000.0,837000000.0,733000000.0,3.37,3.32,3.37,873000000.0,1071500000.0,873000000.0,9143790755.0,11.0,6.072,642000000.0,3.837,1.0,5705000000.0,0.36,249000000.0,104000000.0,5984000000.0,6101750000.0,1978000000.0,0.0,0.0,0.0,7013000000.0,3381000000.0,3632000000.0,7584790755.0,-224000000.0,0.0,-515000000.0,-56000000.0,-250000000.0,-867000000.0,-653000000.0,0.0,1296000000.0,0.0,564000000.0,564000000.0,564000000.0,0.0,0.0,0.036,4868000000.0,837000000.0,1469000000.0,0.439,8.688,13.448,13.451,3921000000.0,0.0,45.33,0.478,0.478,148000000.0,-2138000000.0,15860000000.0,15860000000.0,0.0,0.068,0.526,0.137,0.053,90000000.0,4868000000.0,1.0,167323864.0,167300000.0,170000000.0,94.8,7637000000.0,0.0,169000000.0,0.0,45.649,-7000000.0
11,JWN,MRT,2018-09-30,2018-11-03,2018-11-03,2021-09-03,-49000000.0,8709000000.0,8332500000.0,4297000000.0,4412000000.0,1.93,7.127,-624000000.0,1127000000.0,1127000000.0,10281000000.0,467000000.0,1.118,6.239,2686000000.0,8000000.0,2678000000.0,2686000000.0,0.0,685000000.0,0.0,0.022,1.48,855000000.0,1540000000.0,0.096,1540000000.0,855000000.0,742000000.0,2.79,2.74,2.79,1203000000.0,1097500000.0,1203000000.0,12598917369.0,15.0,8.181,821000000.0,4.864,1.0,5797000000.0,0.361,249000000.0,113000000.0,6177000000.0,6141750000.0,2614000000.0,0.0,0.0,0.0,7506000000.0,3842000000.0,3664000000.0,11207917369.0,455000000.0,0.0,19000000.0,-75000000.0,-248000000.0,-365000000.0,-625000000.0,0.0,1445000000.0,0.0,467000000.0,467000000.0,467000000.0,0.0,0.0,0.029,4942000000.0,855000000.0,2106000000.0,0.53,9.317,24.0,23.832,3858000000.0,0.0,66.49,0.697,0.698,190000000.0,-1777000000.0,16078000000.0,16078000000.0,0.0,0.056,0.426,0.139,0.053,90000000.0,4942000000.0,1.0,168565459.0,168800000.0,172400000.0,95.249,8460000000.0,0.0,275000000.0,0.0,50.118,455000000.0
12,JWN,MRT,2018-06-30,2018-08-04,2018-08-04,2021-09-03,-47000000.0,8490000000.0,8201750000.0,4047000000.0,4443000000.0,1.946,6.794,-659000000.0,1343000000.0,1343000000.0,10161000000.0,514000000.0,1.103,6.447,2734000000.0,54000000.0,2680000000.0,2734000000.0,0.0,684000000.0,0.0,0.029,1.48,958000000.0,1642000000.0,0.103,1642000000.0,958000000.0,842000000.0,3.07,3.02,3.07,1140000000.0,1010250000.0,1140000000.0,10236507447.0,11.0,6.234,761000000.0,4.535,1.0,5798000000.0,0.363,249000000.0,116000000.0,5964000000.0,6233250000.0,2065000000.0,0.0,0.0,0.0,7350000000.0,3668000000.0,3682000000.0,8466507447.0,424000000.0,0.0,-8000000.0,-9000000.0,-247000000.0,-330000000.0,-666000000.0,0.0,1420000000.0,0.0,514000000.0,514000000.0,514000000.0,0.0,0.0,0.032,4840000000.0,958000000.0,1840000000.0,0.482,7.427,16.472,16.476,3860000000.0,0.0,50.58,0.531,0.532,200000000.0,-1712000000.0,15959000000.0,15959000000.0,0.0,0.063,0.509,0.154,0.06,87000000.0,4840000000.0,1.0,167388443.0,167800000.0,170300000.0,95.107,8241000000.0,0.0,328000000.0,0.0,49.112,379000000.0
13,JWN,MRT,2018-03-31,2018-05-05,2018-05-05,2021-09-03,-44000000.0,8016000000.0,8119500000.0,3563000000.0,4453000000.0,1.932,6.377,-707000000.0,966000000.0,966000000.0,10023000000.0,462000000.0,1.095,6.492,2736000000.0,56000000.0,2680000000.0,2736000000.0,0.0,674000000.0,0.0,0.03,1.48,929000000.0,1603000000.0,0.102,1603000000.0,929000000.0,812000000.0,2.76,2.72,2.76,1070000000.0,921500000.0,1070000000.0,9859952389.0,11.0,6.151,576000000.0,3.433,1.0,5662000000.0,0.361,249000000.0,117000000.0,6282000000.0,6315500000.0,2120000000.0,0.0,0.0,0.0,6946000000.0,3255000000.0,3691000000.0,8303952389.0,313000000.0,0.0,39000000.0,-18000000.0,-247000000.0,-281000000.0,-689000000.0,0.0,1283000000.0,0.0,462000000.0,462000000.0,462000000.0,0.0,0.0,0.029,4733000000.0,929000000.0,1575000000.0,0.536,7.761,17.974,17.931,3887000000.0,0.0,49.49,0.529,0.529,186000000.0,-1738000000.0,15685000000.0,15685000000.0,0.0,0.057,0.501,0.147,0.059,84000000.0,4733000000.0,1.0,167790511.0,167800000.0,170200000.0,93.474,7767000000.0,0.0,350000000.0,0.0,46.287,308000000.0
14,JWN,MRT,2017-12-31,2018-02-03,2018-02-03,2021-09-03,-29000000.0,8115000000.0,8058250000.0,3503000000.0,4612000000.0,1.921,5.857,-731000000.0,1181000000.0,1181000000.0,9890000000.0,437000000.0,1.065,7.306,2737000000.0,56000000.0,2681000000.0,2737000000.0,0.0,666000000.0,0.0,0.031,1.48,926000000.0,1592000000.0,0.103,1592000000.0,926000000.0,790000000.0,2.62,2.59,2.62,977000000.0,823250000.0,977000000.0,10036965448.0,11.0,6.305,669000000.0,4.011,1.0,5588000000.0,0.361,238000000.0,136000000.0,6144000000.0,6364250000.0,2027000000.0,0.0,0.0,0.0,7138000000.0,3289000000.0,3849000000.0,7970965448.0,174000000.0,0.0,-172000000.0,-81000000.0,-247000000.0,-542000000.0,-684000000.0,0.0,1400000000.0,0.0,437000000.0,437000000.0,437000000.0,0.0,0.0,0.028,4662000000.0,926000000.0,1409000000.0,0.565,8.159,18.24,18.263,3939000000.0,0.0,47.85,0.515,0.516,145000000.0,-1810000000.0,15478000000.0,15478000000.0,0.0,0.054,0.531,0.146,0.06,77000000.0,4662000000.0,1.0,166582350.0,166800000.0,168900000.0,92.794,7877000000.0,0.0,353000000.0,0.0,47.224,214000000.0
15,JWN,MRT,2017-09-30,2017-10-28,2017-10-28,2021-09-03,-32000000.0,8186000000.0,7994000000.0,3479000000.0,4707000000.0,1.888,5.126,-757000000.0,672000000.0,672000000.0,9641000000.0,488000000.0,1.002,8.585,2738000000.0,57000000.0,2681000000.0,2738000000.0,0.0,644000000.0,0.0,0.036,1.48,1000000000.0,1644000000.0,0.109,1644000000.0,1000000000.0,864000000.0,2.89,2.84,2.89,854000000.0,796500000.0,854000000.0,8631841574.0,9.0,5.251,620000000.0,3.721,1.0,5451000000.0,0.361,238000000.0,136000000.0,6543000000.0,6417750000.0,2434000000.0,0.0,0.0,0.0,7332000000.0,3471000000.0,3861000000.0,6810841574.0,141000000.0,0.0,-340000000.0,102000000.0,-249000000.0,-516000000.0,-720000000.0,0.0,1377000000.0,0.0,488000000.0,488000000.0,488000000.0,0.0,0.0,0.032,4451000000.0,1000000000.0,1815000000.0,0.512,7.975,13.957,14.176,3940000000.0,0.0,40.97,0.451,0.452,211000000.0,-1899000000.0,15092000000.0,15092000000.0,0.0,0.061,0.613,0.156,0.066,82000000.0,4451000000.0,1.0,166239726.0,166600000.0,168800000.0,90.588,7948000000.0,0.0,376000000.0,0.0,47.707,8000000.0
16,JWN,MRT,2017-06-30,2017-07-29,2017-07-29,2021-09-03,-21000000.0,8161000000.0,7939000000.0,3473000000.0,4688000000.0,1.89,4.718,-780000000.0,919000000.0,919000000.0,9587000000.0,364000000.0,1.006,9.396,2740000000.0,11000000.0,2729000000.0,2740000000.0,0.0,646000000.0,0.0,0.03,1.48,847000000.0,1493000000.0,0.1,1493000000.0,847000000.0,709000000.0,2.15,2.11,2.15,785000000.0,798000000.0,785000000.0,10152488276.0,12.0,6.8,596000000.0,3.582,1.0,5418000000.0,0.361,238000000.0,138000000.0,6293000000.0,6465500000.0,2077000000.0,0.0,0.0,0.0,7376000000.0,3451000000.0,3925000000.0,8063488276.0,27000000.0,0.0,-362000000.0,3000000.0,-252000000.0,-624000000.0,-725000000.0,0.0,1376000000.0,0.0,364000000.0,364000000.0,364000000.0,0.0,0.0,0.024,4571000000.0,847000000.0,1704000000.0,0.688,10.272,22.152,22.586,3930000000.0,0.0,48.56,0.537,0.539,320000000.0,-1951000000.0,15005000000.0,15005000000.0,0.0,0.046,0.456,0.131,0.056,85000000.0,4374000000.0,1.0,166052065.0,166400000.0,168500000.0,90.174,7923000000.0,0.0,345000000.0,0.0,47.614,22000000.0
17,JWN,MRT,2017-03-31,2017-04-29,2017-04-29,2021-09-03,-54000000.0,7771000000.0,7931250000.0,3169000000.0,4602000000.0,1.874,4.047,-794000000.0,653000000.0,653000000.0,9495000000.0,371000000.0,1.008,10.479,2742000000.0,11000000.0,2731000000.0,2742000000.0,0.0,651000000.0,0.0,0.031,1.48,851000000.0,1502000000.0,0.101,1502000000.0,851000000.0,712000000.0,2.16,2.13,2.16,677000000.0,836000000.0,677000000.0,9820909934.0,12.0,6.539,777000000.0,4.644,1.0,5368000000.0,0.361,238000000.0,139000000.0,6477000000.0,6458250000.0,2160000000.0,0.0,0.0,0.0,7094000000.0,3145000000.0,3949000000.0,8053909934.0,183000000.0,0.0,-372000000.0,-10000000.0,-255000000.0,-627000000.0,-761000000.0,0.0,1571000000.0,0.0,371000000.0,371000000.0,371000000.0,0.0,0.0,0.025,4517000000.0,851000000.0,1590000000.0,0.685,11.896,21.709,22.347,3872000000.0,0.0,48.27,0.542,0.543,209000000.0,-1999000000.0,14863000000.0,14863000000.0,0.0,0.047,0.444,0.132,0.057,87000000.0,4320000000.0,1.0,166851252.0,167300000.0,169100000.0,88.84,7533000000.0,0.0,341000000.0,0.0,45.027,24000000.0
18,JWN,MRT,2016-12-31,2017-01-28,2017-01-28,2021-09-03,-43000000.0,7858000000.0,7913250000.0,3242000000.0,4616000000.0,1.865,5.023,-846000000.0,1007000000.0,1007000000.0,9440000000.0,354000000.0,1.07,8.032,2774000000.0,11000000.0,2763000000.0,2774000000.0,0.0,645000000.0,0.0,0.035,1.48,805000000.0,1450000000.0,0.098,1450000000.0,805000000.0,684000000.0,2.05,2.02,2.05,870000000.0,885500000.0,870000000.0,9671243642.0,12.0,6.67,812000000.0,4.688,1.0,5317000000.0,0.36,238000000.0,121000000.0,6358000000.0,6500000000.0,1896000000.0,0.0,0.0,0.0,6988000000.0,3029000000.0,3959000000.0,7424243642.0,412000000.0,0.0,-194000000.0,-6000000.0,-256000000.0,-455000000.0,-791000000.0,0.0,1658000000.0,0.0,354000000.0,354000000.0,354000000.0,0.0,0.0,0.024,4512000000.0,805000000.0,1340000000.0,0.722,8.534,20.972,20.893,3897000000.0,0.0,42.83,0.503,0.503,199000000.0,-1794000000.0,14757000000.0,14757000000.0,0.0,0.045,0.4,0.124,0.055,91000000.0,4315000000.0,1.0,173342135.0,173200000.0,175600000.0,85.202,7620000000.0,0.0,330000000.0,0.0,43.995,213000000.0
19,JWN,MRT,2016-09-30,2016-10-29,2016-10-29,2021-09-03,-49000000.0,7966000000.0,7873250000.0,3385000000.0,4581000000.0,1.859,4.96,-850000000.0,531000000.0,531000000.0,9420000000.0,333000000.0,1.044,8.263,2778000000.0,11000000.0,2767000000.0,2778000000.0,0.0,632000000.0,0.0,0.028,1.48,706000000.0,1338000000.0,0.091,1338000000.0,706000000.0,584000000.0,1.88,1.85,1.88,860000000.0,885750000.0,860000000.0,11030292427.0,16.0,8.244,753000000.0,4.343,1.0,5215000000.0,0.356,238000000.0,122000000.0,6734000000.0,6551000000.0,2411000000.0,0.0,0.0,0.0,7106000000.0,3241000000.0,3865000000.0,9140292427.0,-290000000.0,0.0,-711000000.0,-117000000.0,-261000000.0,-1102000000.0,-791000000.0,0.0,1603000000.0,0.0,333000000.0,333000000.0,333000000.0,0.0,0.0,0.023,4509000000.0,706000000.0,1653000000.0,0.787,10.628,27.448,28.032,3865000000.0,0.0,52.7,0.625,0.624,216000000.0,-1742000000.0,14635000000.0,14635000000.0,0.0,0.042,0.376,0.108,0.048,81000000.0,4312000000.0,1.0,173440084.0,173400000.0,173400000.0,84.4,7728000000.0,0.0,251000000.0,0.0,44.567,144000000.0
20,JWN,MRT,2016-06-30,2016-07-30,2016-07-30,2021-09-03,-40000000.0,8130000000.0,8028250000.0,3350000000.0,4780000000.0,1.796,5.401,-968000000.0,892000000.0,892000000.0,9301000000.0,424000000.0,1.009,7.677,2782000000.0,10000000.0,2772000000.0,2782000000.0,0.0,618000000.0,0.0,0.143,6.33,806000000.0,1424000000.0,0.099,1424000000.0,806000000.0,684000000.0,2.37,2.33,2.37,937000000.0,1022750000.0,937000000.0,9987033323.0,12.0,7.013,1943000000.0,11.199,1.0,5120000000.0,0.355,435000000.0,122000000.0,6264000000.0,6602000000.0,2032000000.0,0.0,0.0,0.0,7193000000.0,3321000000.0,3872000000.0,7671033323.0,469000000.0,0.0,-931000000.0,-392000000.0,-1171000000.0,-2505000000.0,63000000.0,0.0,2911000000.0,0.0,424000000.0,424000000.0,424000000.0,0.0,0.0,0.029,4314000000.0,806000000.0,1604000000.0,2.671,8.187,18.092,18.662,3812000000.0,0.0,44.23,0.532,0.532,263000000.0,-1635000000.0,14421000000.0,14421000000.0,0.0,0.053,0.415,0.122,0.056,76000000.0,4314000000.0,1.0,173435074.0,173500000.0,174800000.0,83.118,7695000000.0,0.0,260000000.0,0.0,44.352,29000000.0
21,JWN,MRT,2016-03-31,2016-04-30,2016-04-30,2021-09-03,-30000000.0,7699000000.0,8420750000.0,2992000000.0,4707000000.0,1.718,5.055,-1028000000.0,470000000.0,470000000.0,9269000000.0,518000000.0,1.019,7.799,2786000000.0,10000000.0,2776000000.0,2786000000.0,0.0,594000000.0,0.0,0.124,6.33,962000000.0,1556000000.0,0.108,1556000000.0,962000000.0,838000000.0,2.81,2.75,2.81,875000000.0,1411250000.0,875000000.0,11051414581.0,11.0,7.102,1410000000.0,8.146,1.0,5202000000.0,0.359,435000000.0,124000000.0,6644000000.0,7164750000.0,2125000000.0,0.0,0.0,0.0,6824000000.0,2936000000.0,3888000000.0,8841414581.0,-299000000.0,0.0,-1150000000.0,-347000000.0,-1177000000.0,-2658000000.0,-79000000.0,0.0,2438000000.0,0.0,518000000.0,518000000.0,518000000.0,0.0,0.0,0.036,4240000000.0,962000000.0,1456000000.0,2.253,10.104,17.068,18.196,3789000000.0,0.0,51.13,0.611,0.612,224000000.0,-1677000000.0,14471000000.0,14471000000.0,0.0,0.062,0.367,0.134,0.066,71000000.0,4240000000.0,1.0,172920293.0,173100000.0,175700000.0,83.599,7264000000.0,0.0,320000000.0,0.0,41.964,56000000.0
22,JWN,MRT,2015-12-31,2016-01-30,2016-01-30,2021-09-03,-58000000.0,7698000000.0,8886500000.0,3014000000.0,4684000000.0,1.625,4.675,-1082000000.0,595000000.0,595000000.0,9168000000.0,600000000.0,1.035,7.838,2805000000.0,10000000.0,2795000000.0,2805000000.0,0.0,576000000.0,0.0,0.129,6.33,1101000000.0,1677000000.0,0.116,1677000000.0,1101000000.0,976000000.0,3.22,3.15,3.22,871000000.0,1831250000.0,871000000.0,11015916934.0,10.0,6.569,1388000000.0,7.45,1.0,5269000000.0,0.365,435000000.0,125000000.0,6562000000.0,7639250000.0,1945000000.0,0.0,0.0,0.0,6827000000.0,2911000000.0,3916000000.0,9027916934.0,-232000000.0,0.0,-1098000000.0,-308000000.0,-1185000000.0,-2558000000.0,-144000000.0,0.0,2470000000.0,0.0,600000000.0,600000000.0,600000000.0,0.0,0.0,0.042,4168000000.0,1101000000.0,1324000000.0,1.966,10.365,15.047,15.248,3735000000.0,0.0,49.1,0.625,0.634,196000000.0,-1610000000.0,14437000000.0,14437000000.0,0.0,0.068,0.328,0.144,0.076,70000000.0,4168000000.0,1.0,183867962.0,186300000.0,190100000.0,77.493,7263000000.0,0.0,376000000.0,0.0,38.986,103000000.0
23,JWN,MRT,2015-09-30,2015-10-31,2015-10-31,2021-09-03,-64000000.0,8586000000.0,9273250000.0,3887000000.0,4699000000.0,1.541,7.521,-1102000000.0,821000000.0,821000000.0,8962000000.0,675000000.0,1.219,5.098,2809000000.0,9000000.0,2800000000.0,2809000000.0,0.0,556000000.0,0.0,0.096,6.29,1242000000.0,1798000000.0,0.126,1798000000.0,1242000000.0,1113000000.0,3.55,3.49,3.55,1408000000.0,2223500000.0,1408000000.0,14992766398.0,12.0,8.339,1347000000.0,7.196,1.0,5325000000.0,0.373,447000000.0,129000000.0,6938000000.0,8077250000.0,2402000000.0,0.0,0.0,0.0,7178000000.0,3189000000.0,3989000000.0,12274766398.0,388000000.0,0.0,-476000000.0,-265000000.0,-1178000000.0,-1879000000.0,-182000000.0,0.0,2449000000.0,0.0,675000000.0,675000000.0,675000000.0,0.0,0.0,0.047,4083000000.0,1242000000.0,1688000000.0,1.772,8.718,18.185,18.369,3742000000.0,0.0,65.21,0.859,0.854,215000000.0,-1047000000.0,14287000000.0,14287000000.0,0.0,0.073,0.304,0.154,0.087,76000000.0,4083000000.0,1.0,188234418.0,187200000.0,191300000.0,76.319,8139000000.0,247000000.0,438000000.0,0.0,43.478,698000000.0
24,JWN,MRT,2015-06-30,2015-08-01,2015-08-01,2021-09-03,-66000000.0,9700000000.0,9444000000.0,5432000000.0,4268000000.0,1.493,13.152,-1006000000.0,423000000.0,423000000.0,8781000000.0,736000000.0,1.572,2.894,3141000000.0,333000000.0,2808000000.0,3141000000.0,0.0,541000000.0,0.0,0.018,1.4,1349000000.0,1890000000.0,0.134,1890000000.0,1349000000.0,1216000000.0,3.86,3.8,3.86,2491000000.0,2440000000.0,2491000000.0,16916625884.0,13.0,8.951,260000000.0,1.373,1.0,5318000000.0,0.377,447000000.0,133000000.0,8515000000.0,8472500000.0,2004000000.0,0.0,0.0,0.0,7209000000.0,3456000000.0,3753000000.0,14539625884.0,-349000000.0,0.0,-430000000.0,60000000.0,-268000000.0,-607000000.0,-1008000000.0,0.0,1266000000.0,0.0,736000000.0,736000000.0,736000000.0,0.0,0.0,0.052,3969000000.0,1349000000.0,1589000000.0,0.363,5.837,19.755,19.769,3570000000.0,0.0,76.31,1.031,1.025,2632000000.0,97000000.0,14099000000.0,14099000000.0,0.0,0.078,0.302,0.159,0.096,77000000.0,3969000000.0,1.0,190533690.0,189400000.0,193500000.0,74.44,9253000000.0,256000000.0,480000000.0,0.0,48.854,1976000000.0
25,JWN,MRT,2015-03-31,2015-05-02,2015-05-02,2021-09-03,-57000000.0,9562000000.0,9245500000.0,5418000000.0,4144000000.0,1.492,13.405,-946000000.0,769000000.0,769000000.0,8584000000.0,708000000.0,1.837,2.742,3146000000.0,8000000.0,3138000000.0,3146000000.0,0.0,527000000.0,0.0,0.018,1.36,1303000000.0,1830000000.0,0.133,1830000000.0,1303000000.0,1167000000.0,3.72,3.66,3.72,2555000000.0,2342500000.0,2555000000.0,16793875977.0,13.0,9.177,265000000.0,1.39,1.0,5206000000.0,0.378,447000000.0,136000000.0,8542000000.0,8403500000.0,2017000000.0,0.0,0.0,0.0,7007000000.0,2950000000.0,4057000000.0,14489875977.0,-246000000.0,0.0,-282000000.0,42000000.0,-259000000.0,-494000000.0,-963000000.0,0.0,1211000000.0,0.0,708000000.0,708000000.0,708000000.0,0.0,0.0,0.051,3903000000.0,1303000000.0,1573000000.0,0.366,5.671,20.466,20.457,3445000000.0,0.0,76.1,1.051,1.052,2266000000.0,190000000.0,13790000000.0,13790000000.0,0.0,0.077,0.302,0.155,0.094,73000000.0,3903000000.0,1.0,190405729.0,190600000.0,194900000.0,72.35,9115000000.0,256000000.0,459000000.0,0.0,47.823,2468000000.0
26,JWN,MRT,2014-12-31,2015-01-31,2015-01-31,2021-09-03,-64000000.0,9245000000.0,9013250000.0,5224000000.0,4021000000.0,1.498,12.842,-861000000.0,827000000.0,827000000.0,8406000000.0,720000000.0,1.866,2.789,3131000000.0,8000000.0,3123000000.0,3131000000.0,0.0,508000000.0,0.0,0.017,1.32,1323000000.0,1831000000.0,0.136,1831000000.0,1323000000.0,1185000000.0,3.79,3.72,3.79,2440000000.0,2212750000.0,2440000000.0,17190676468.0,13.0,9.389,359000000.0,1.889,1.0,5100000000.0,0.378,435000000.0,138000000.0,8314000000.0,8250250000.0,1733000000.0,0.0,0.0,0.0,6805000000.0,2800000000.0,4005000000.0,14496676468.0,-367000000.0,0.0,-469000000.0,23000000.0,-251000000.0,-698000000.0,-889000000.0,0.0,1220000000.0,0.0,720000000.0,720000000.0,720000000.0,0.0,0.0,0.053,3777000000.0,1323000000.0,1328000000.0,0.348,5.941,20.134,20.106,3340000000.0,0.0,76.2,1.073,1.072,2306000000.0,166000000.0,13506000000.0,13506000000.0,0.0,0.08,0.325,0.16,0.098,66000000.0,3777000000.0,1.0,190245098.0,190000000.0,193600000.0,71.084,8810000000.0,256000000.0,465000000.0,0.0,46.368,2424000000.0
27,JWN,MRT,2014-09-30,2014-11-01,2014-11-01,2021-09-03,-38000000.0,9269000000.0,8845500000.0,5337000000.0,3932000000.0,1.489,11.924,-798000000.0,433000000.0,433000000.0,8182000000.0,733000000.0,1.774,3.076,3127000000.0,8000000.0,3119000000.0,3127000000.0,0.0,498000000.0,0.0,0.018,1.29,1345000000.0,1843000000.0,0.14,1843000000.0,1345000000.0,1191000000.0,3.83,3.76,3.83,2274000000.0,2122750000.0,2274000000.0,16331495674.0,12.0,8.861,320000000.0,1.678,1.0,4992000000.0,0.379,436000000.0,154000000.0,8519000000.0,8116000000.0,2228000000.0,0.0,0.0,0.0,6995000000.0,3008000000.0,3987000000.0,13985495674.0,-514000000.0,0.0,-543000000.0,-22000000.0,-247000000.0,-803000000.0,-829000000.0,0.0,1118000000.0,0.0,733000000.0,733000000.0,733000000.0,0.0,0.0,0.056,3647000000.0,1345000000.0,1673000000.0,0.337,6.15,19.08,18.958,3223000000.0,0.0,72.61,1.062,1.051,2253000000.0,29000000.0,13174000000.0,13174000000.0,0.0,0.083,0.345,0.166,0.102,58000000.0,3647000000.0,1.0,192611151.0,190700000.0,194700000.0,69.082,8833000000.0,253000000.0,458000000.0,0.0,46.319,2329000000.0
28,JWN,MRT,2014-06-30,2014-08-02,2014-08-02,2021-09-03,-36000000.0,8906000000.0,8674500000.0,5387000000.0,3519000000.0,1.489,11.081,-752000000.0,772000000.0,772000000.0,8012000000.0,728000000.0,1.898,3.239,3118000000.0,7000000.0,3111000000.0,3118000000.0,0.0,478000000.0,0.0,0.018,1.26,1336000000.0,1814000000.0,0.14,1814000000.0,1336000000.0,1181000000.0,3.79,3.72,3.79,2101000000.0,2051250000.0,2101000000.0,15200455908.0,11.0,8.38,390000000.0,2.057,1.0,4906000000.0,0.38,175000000.0,155000000.0,8239000000.0,7873000000.0,1805000000.0,0.0,0.0,0.0,6805000000.0,2838000000.0,3967000000.0,13098455908.0,-356000000.0,0.0,-496000000.0,10000000.0,-242000000.0,-718000000.0,-780000000.0,0.0,1142000000.0,0.0,728000000.0,728000000.0,728000000.0,0.0,0.0,0.056,3570000000.0,1336000000.0,1529000000.0,0.332,6.234,17.992,18.193,3096000000.0,0.0,68.95,1.014,1.012,2454000000.0,179000000.0,12918000000.0,12918000000.0,0.0,0.084,0.355,0.17,0.103,53000000.0,3570000000.0,1.0,189970354.0,189600000.0,192700000.0,68.133,8731000000.0,260000000.0,453000000.0,0.0,46.05,2549000000.0
29,JWN,MRT,2014-03-31,2014-05-03,2014-05-03,2021-09-03,-37000000.0,8633000000.0,8585000000.0,5207000000.0,3426000000.0,1.482,10.727,-828000000.0,1015000000.0,1015000000.0,7886000000.0,729000000.0,1.979,3.24,3117000000.0,7000000.0,3110000000.0,3117000000.0,0.0,463000000.0,0.0,0.02,1.23,1340000000.0,1803000000.0,0.142,1803000000.0,1340000000.0,1183000000.0,3.76,3.7,3.76,2036000000.0,2033750000.0,2036000000.0,13683739145.0,10.0,7.589,548000000.0,2.887,1.0,4836000000.0,0.38,175000000.0,157000000.0,7929000000.0,7664750000.0,1698000000.0,0.0,0.0,0.0,6597000000.0,2631000000.0,3966000000.0,11764739145.0,-175000000.0,0.0,-426000000.0,-49000000.0,-238000000.0,-695000000.0,-856000000.0,0.0,1376000000.0,0.0,729000000.0,729000000.0,729000000.0,0.0,0.0,0.057,3496000000.0,1340000000.0,1347000000.0,0.327,5.778,16.138,16.495,3011000000.0,0.0,62.02,0.925,0.925,2167000000.0,177000000.0,12722000000.0,12722000000.0,0.0,0.085,0.358,0.175,0.105,52000000.0,3496000000.0,1.0,189692666.0,189800000.0,192700000.0,67.028,8458000000.0,238000000.0,454000000.0,0.0,44.563,2576000000.0
30,JWN,MRT,2013-12-31,2014-02-01,2014-02-01,2021-09-03,-39000000.0,8574000000.0,8460500000.0,5228000000.0,3346000000.0,1.482,10.694,-803000000.0,1194000000.0,1194000000.0,7737000000.0,734000000.0,2.057,3.122,3113000000.0,7000000.0,3106000000.0,3113000000.0,0.0,454000000.0,0.0,0.021,1.2,1350000000.0,1804000000.0,0.144,1804000000.0,1350000000.0,1189000000.0,3.77,3.71,3.77,2080000000.0,1996750000.0,2080000000.0,13279371312.0,10.0,7.361,517000000.0,2.658,1.0,4803000000.0,0.383,175000000.0,161000000.0,7777000000.0,7581750000.0,1531000000.0,0.0,0.0,0.0,6494000000.0,2541000000.0,3953000000.0,11108371312.0,-91000000.0,0.0,-412000000.0,39000000.0,-234000000.0,-589000000.0,-822000000.0,0.0,1320000000.0,0.0,734000000.0,734000000.0,734000000.0,0.0,0.0,0.059,3453000000.0,1350000000.0,1263000000.0,0.318,5.341,15.134,15.239,2949000000.0,0.0,57.45,0.886,0.891,2177000000.0,292000000.0,12540000000.0,12540000000.0,0.0,0.087,0.368,0.178,0.108,56000000.0,3453000000.0,1.0,193357203.0,194500000.0,197700000.0,64.473,8399000000.0,239000000.0,455000000.0,0.0,43.183,2687000000.0
31,JWN,MRT,2013-09-30,2013-11-02,2013-11-02,2021-09-03,-42000000.0,8585000000.0,8339250000.0,5253000000.0,3332000000.0,1.502,10.232,-765000000.0,947000000.0,947000000.0,7707000000.0,750000000.0,1.731,3.318,3118000000.0,407000000.0,2711000000.0,3118000000.0,0.0,447000000.0,0.0,0.02,1.17,1361000000.0,1808000000.0,0.144,1808000000.0,1361000000.0,1208000000.0,3.79,3.74,3.79,1988000000.0,1955000000.0,1988000000.0,13681309642.0,10.0,7.567,556000000.0,2.862,1.0,4820000000.0,0.385,175000000.0,153000000.0,7547000000.0,7521000000.0,1795000000.0,0.0,0.0,0.0,6597000000.0,3034000000.0,3563000000.0,11687309642.0,-211000000.0,0.0,-500000000.0,-8000000.0,-230000000.0,-718000000.0,-814000000.0,0.0,1321000000.0,0.0,750000000.0,750000000.0,750000000.0,0.0,0.0,0.06,3459000000.0,1361000000.0,1448000000.0,0.309,5.879,15.583,15.823,2880000000.0,0.0,59.97,0.933,0.93,2146000000.0,236000000.0,12527000000.0,12527000000.0,0.0,0.09,0.384,0.181,0.109,56000000.0,3459000000.0,1.0,194885937.0,194300000.0,197300000.0,64.472,8410000000.0,243000000.0,458000000.0,0.0,43.284,2219000000.0
32,JWN,MRT,2013-06-30,2013-08-03,2013-08-03,2021-09-03,-44000000.0,8548000000.0,8259250000.0,5294000000.0,3254000000.0,1.507,10.389,-721000000.0,1128000000.0,1128000000.0,7646000000.0,759000000.0,1.788,3.209,3122000000.0,407000000.0,2715000000.0,3122000000.0,0.0,442000000.0,0.0,0.018,1.14,1385000000.0,1827000000.0,0.147,1827000000.0,1385000000.0,1229000000.0,3.82,3.76,3.82,2031000000.0,1929000000.0,2031000000.0,14065450889.0,10.0,7.699,564000000.0,2.885,1.0,4802000000.0,0.386,175000000.0,156000000.0,7406000000.0,7545000000.0,1464000000.0,0.0,0.0,0.0,6517000000.0,2961000000.0,3556000000.0,12129450889.0,-130000000.0,0.0,-424000000.0,-14000000.0,-225000000.0,-640000000.0,-775000000.0,0.0,1285000000.0,0.0,759000000.0,759000000.0,759000000.0,0.0,0.0,0.061,3417000000.0,1385000000.0,1395000000.0,0.298,5.972,15.981,16.228,2810000000.0,0.0,61.99,0.974,0.974,2369000000.0,313000000.0,12448000000.0,12448000000.0,0.0,0.092,0.393,0.184,0.111,55000000.0,3417000000.0,1.0,195667864.0,195500000.0,198800000.0,63.673,8373000000.0,244000000.0,470000000.0,0.0,42.829,2333000000.0
33,JWN,MRT,2013-03-31,2013-05-04,2013-05-04,2021-09-03,-45000000.0,8135000000.0,8183750000.0,5072000000.0,3063000000.0,1.498,9.652,-564000000.0,1190000000.0,1190000000.0,7521000000.0,731000000.0,2.206,3.309,3126000000.0,7000000.0,3119000000.0,3126000000.0,0.0,437000000.0,0.0,0.019,1.11,1340000000.0,1777000000.0,0.145,1777000000.0,1340000000.0,1181000000.0,3.64,3.58,3.64,1888000000.0,1880250000.0,1888000000.0,13248841363.0,10.0,7.456,548000000.0,2.802,1.0,4737000000.0,0.386,175000000.0,159000000.0,7597000000.0,7570000000.0,1485000000.0,0.0,0.0,0.0,6247000000.0,2299000000.0,3948000000.0,11402841363.0,-457000000.0,0.0,-767000000.0,26000000.0,-223000000.0,-950000000.0,-619000000.0,0.0,1112000000.0,0.0,731000000.0,731000000.0,731000000.0,0.0,0.0,0.06,3397000000.0,1340000000.0,1206000000.0,0.305,6.04,15.599,15.992,2624000000.0,0.0,58.21,0.93,0.929,2087000000.0,235000000.0,12258000000.0,12258000000.0,0.0,0.089,0.389,0.177,0.109,56000000.0,3397000000.0,1.0,195891451.0,195600000.0,199000000.0,62.669,7960000000.0,226000000.0,450000000.0,0.0,40.695,2773000000.0
34,JWN,MRT,2012-12-31,2013-02-02,2013-02-02,2021-09-03,-47000000.0,8089000000.0,8214500000.0,5081000000.0,3008000000.0,1.477,9.424,-513000000.0,1285000000.0,1285000000.0,7432000000.0,735000000.0,2.283,3.228,3131000000.0,7000000.0,3124000000.0,3131000000.0,0.0,429000000.0,0.0,0.02,1.08,1345000000.0,1774000000.0,0.146,1774000000.0,1345000000.0,1185000000.0,3.62,3.56,3.62,1913000000.0,1929000000.0,1913000000.0,13006200352.0,10.0,7.332,597000000.0,2.941,1.0,4702000000.0,0.388,175000000.0,160000000.0,7534000000.0,7513750000.0,1360000000.0,0.0,0.0,0.0,6176000000.0,2226000000.0,3950000000.0,11029200352.0,-592000000.0,0.0,-634000000.0,-501000000.0,-220000000.0,-1333000000.0,-369000000.0,0.0,1110000000.0,0.0,735000000.0,735000000.0,735000000.0,0.0,0.0,0.061,3357000000.0,1345000000.0,1011000000.0,0.298,5.765,15.006,15.227,2579000000.0,0.0,55.12,0.909,0.922,2129000000.0,315000000.0,12134000000.0,12134000000.0,0.0,0.089,0.381,0.179,0.111,52000000.0,3357000000.0,1.0,200094346.0,203000000.0,206700000.0,59.773,7914000000.0,227000000.0,450000000.0,0.0,38.985,2855000000.0
35,JWN,MRT,2012-09-30,2012-10-27,2012-10-27,2021-09-03,-41000000.0,8265000000.0,8315000000.0,5233000000.0,3032000000.0,1.405,9.378,-482000000.0,1158000000.0,1158000000.0,7166000000.0,687000000.0,2.159,3.387,3135000000.0,6000000.0,3129000000.0,3135000000.0,0.0,412000000.0,0.0,0.019,1.04,1264000000.0,1676000000.0,0.143,1676000000.0,1264000000.0,1108000000.0,3.33,3.26,3.33,1884000000.0,1939750000.0,1884000000.0,13090555620.0,10.0,7.811,574000000.0,2.857,1.0,4519000000.0,0.387,175000000.0,156000000.0,7643000000.0,7508000000.0,1650000000.0,0.0,0.0,0.0,6381000000.0,2424000000.0,3957000000.0,11209555620.0,-299000000.0,0.0,-563000000.0,-155000000.0,-214000000.0,-832000000.0,-523000000.0,0.0,1056000000.0,0.0,687000000.0,687000000.0,687000000.0,0.0,0.0,0.059,3255000000.0,1264000000.0,1347000000.0,0.312,5.95,16.317,16.748,2551000000.0,0.0,55.77,0.959,0.959,2088000000.0,303000000.0,11685000000.0,11685000000.0,0.0,0.083,0.354,0.168,0.108,49000000.0,3255000000.0,1.0,200996156.0,200900000.0,204700000.0,58.163,8090000000.0,222000000.0,421000000.0,0.0,40.269,2809000000.0
36,JWN,MRT,2012-06-30,2012-07-28,2012-07-28,2021-09-03,-42000000.0,8246000000.0,8333500000.0,5267000000.0,2979000000.0,1.363,8.947,-482000000.0,1258000000.0,1258000000.0,6947000000.0,668000000.0,2.153,3.491,3139000000.0,6000000.0,3133000000.0,3139000000.0,0.0,399000000.0,0.0,0.018,1.0,1227000000.0,1626000000.0,0.143,1626000000.0,1227000000.0,1078000000.0,3.2,3.14,3.2,1836000000.0,1942750000.0,1836000000.0,12811770547.0,10.0,7.879,554000000.0,2.7,1.0,4411000000.0,0.388,175000000.0,149000000.0,7506000000.0,7400000000.0,1394000000.0,0.0,0.0,0.0,6410000000.0,2446000000.0,3964000000.0,11315770547.0,168000000.0,0.0,-703000000.0,468000000.0,-209000000.0,-350000000.0,-518000000.0,0.0,1036000000.0,0.0,668000000.0,668000000.0,668000000.0,0.0,0.0,0.059,3184000000.0,1227000000.0,1345000000.0,0.312,6.163,16.94,17.0,2499000000.0,0.0,54.4,0.996,0.983,2297000000.0,296000000.0,11358000000.0,11358000000.0,0.0,0.08,0.344,0.166,0.108,52000000.0,3184000000.0,1.0,208010488.0,205200000.0,208700000.0,55.351,8071000000.0,233000000.0,410000000.0,0.0,39.332,2821000000.0
37,JWN,MRT,2012-03-31,2012-04-28,2012-04-28,2021-09-03,-44000000.0,8258000000.0,8206000000.0,5321000000.0,2937000000.0,1.36,10.048,-493000000.0,1647000000.0,1647000000.0,6791000000.0,687000000.0,2.411,2.964,3143000000.0,6000000.0,3137000000.0,3143000000.0,0.0,386000000.0,0.0,0.017,0.96,1257000000.0,1643000000.0,0.147,1643000000.0,1257000000.0,1118000000.0,3.25,3.19,3.25,2083000000.0,1984500000.0,2083000000.0,13424121591.0,11.0,8.17,634000000.0,3.058,1.0,4371000000.0,0.392,175000000.0,139000000.0,7372000000.0,7190250000.0,1372000000.0,0.0,0.0,0.0,6175000000.0,2207000000.0,3968000000.0,11654121591.0,214000000.0,0.0,-632000000.0,344000000.0,-203000000.0,-392000000.0,-521000000.0,0.0,1127000000.0,0.0,687000000.0,687000000.0,687000000.0,0.0,0.0,0.062,3114000000.0,1257000000.0,1176000000.0,0.295,5.595,16.964,17.246,2472000000.0,0.0,56.05,1.044,1.041,2008000000.0,570000000.0,11162000000.0,11162000000.0,0.0,0.084,0.346,0.175,0.113,50000000.0,3114000000.0,1.0,207923668.0,207300000.0,211400000.0,53.845,8083000000.0,215000000.0,431000000.0,0.0,38.992,3114000000.0
38,JWN,MRT,2011-12-31,2012-01-28,2012-01-28,2021-09-03,-45000000.0,8491000000.0,8078250000.0,5560000000.0,2931000000.0,1.344,9.162,-511000000.0,1877000000.0,1877000000.0,6592000000.0,683000000.0,2.159,3.341,3647000000.0,506000000.0,3141000000.0,3647000000.0,0.0,371000000.0,0.0,0.019,0.92,1249000000.0,1620000000.0,0.149,1620000000.0,1249000000.0,1119000000.0,3.2,3.14,3.2,1956000000.0,1997250000.0,1956000000.0,12026542143.0,10.0,7.424,666000000.0,3.119,1.0,4268000000.0,0.393,175000000.0,130000000.0,7511000000.0,6949250000.0,1148000000.0,0.0,0.0,0.0,6535000000.0,2575000000.0,3960000000.0,10167542143.0,371000000.0,0.0,-764000000.0,788000000.0,-197000000.0,-78000000.0,-728000000.0,0.0,1177000000.0,0.0,683000000.0,683000000.0,683000000.0,0.0,0.0,0.063,3019000000.0,1249000000.0,917000000.0,0.287,5.198,14.887,15.172,2469000000.0,0.0,48.55,0.936,0.954,2033000000.0,517000000.0,10860000000.0,10860000000.0,0.0,0.085,0.342,0.18,0.115,48000000.0,3019000000.0,1.0,209424143.0,213500000.0,217700000.0,50.867,8316000000.0,220000000.0,436000000.0,0.0,38.951,2985000000.0
39,JWN,MRT,2011-09-30,2011-10-29,2011-10-29,2021-09-03,-27000000.0,8339000000.0,7821000000.0,5322000000.0,3017000000.0,1.346,8.99,-502000000.0,1457000000.0,1457000000.0,6377000000.0,679000000.0,1.91,3.398,3316000000.0,506000000.0,2810000000.0,3316000000.0,0.0,356000000.0,0.0,0.017,0.89,1238000000.0,1594000000.0,0.151,1594000000.0,1238000000.0,1113000000.0,3.13,3.08,3.13,1896000000.0,2013500000.0,1896000000.0,12591271405.0,10.0,7.899,742000000.0,3.518,1.0,4150000000.0,0.394,200000000.0,125000000.0,7211000000.0,6772750000.0,1507000000.0,0.0,0.0,0.0,6443000000.0,2787000000.0,3656000000.0,10879271405.0,411000000.0,0.0,-665000000.0,507000000.0,-193000000.0,-330000000.0,-503000000.0,0.0,1244000000.0,0.0,679000000.0,679000000.0,679000000.0,0.0,0.0,0.065,2912000000.0,1238000000.0,1256000000.0,0.284,5.738,16.022,16.348,2471000000.0,0.0,51.17,1.033,1.025,1995000000.0,487000000.0,10527000000.0,10527000000.0,0.0,0.087,0.337,0.183,0.118,52000000.0,2912000000.0,1.0,212610346.0,210900000.0,215000000.0,49.915,8139000000.0,216000000.0,434000000.0,0.0,38.592,2535000000.0
40,JWN,MRT,2011-06-30,2011-07-30,2011-07-30,2021-09-03,-28000000.0,7736000000.0,7581750000.0,4763000000.0,2973000000.0,1.349,9.277,-455000000.0,1090000000.0,1090000000.0,6197000000.0,671000000.0,1.845,2.862,2802000000.0,506000000.0,2296000000.0,2802000000.0,0.0,344000000.0,0.0,0.017,0.86,1219000000.0,1563000000.0,0.153,1563000000.0,1219000000.0,1094000000.0,3.07,3.02,3.07,2003000000.0,2007250000.0,2003000000.0,12279422833.0,10.0,7.856,746000000.0,3.455,1.0,4034000000.0,0.394,200000000.0,125000000.0,6667000000.0,6758000000.0,1152000000.0,0.0,0.0,0.0,5733000000.0,2581000000.0,3152000000.0,10930422833.0,-47000000.0,0.0,-485000000.0,-111000000.0,-189000000.0,-758000000.0,-490000000.0,0.0,1201000000.0,0.0,671000000.0,671000000.0,671000000.0,0.0,0.0,0.066,2815000000.0,1219000000.0,1087000000.0,0.28,5.457,16.29,16.339,2422000000.0,0.0,50.16,1.068,1.059,2204000000.0,629000000.0,10231000000.0,10231000000.0,0.0,0.089,0.334,0.18,0.119,47000000.0,2815000000.0,1.0,217911141.0,215900000.0,220300000.0,47.388,7536000000.0,228000000.0,423000000.0,0.0,34.905,2182000000.0
41,JWN,MRT,2011-03-31,2011-04-30,2011-04-30,2021-09-03,-28000000.0,7747000000.0,7471750000.0,4853000000.0,2894000000.0,1.33,9.744,-420000000.0,1433000000.0,1433000000.0,6039000000.0,642000000.0,1.951,2.63,2782000000.0,506000000.0,2276000000.0,2782000000.0,0.0,334000000.0,0.0,0.017,0.83,1171000000.0,1505000000.0,0.151,1505000000.0,1171000000.0,1044000000.0,2.93,2.88,2.93,2134000000.0,1959000000.0,2134000000.0,11644617934.0,10.0,7.737,762000000.0,3.479,1.0,3897000000.0,0.392,200000000.0,127000000.0,6408000000.0,6831250000.0,1149000000.0,0.0,0.0,0.0,5613000000.0,2488000000.0,3125000000.0,10369617934.0,393000000.0,0.0,-202000000.0,26000000.0,-183000000.0,-337000000.0,-452000000.0,0.0,1182000000.0,0.0,642000000.0,642000000.0,642000000.0,0.0,0.0,0.065,2726000000.0,1171000000.0,1035000000.0,0.283,4.859,16.152,16.229,2361000000.0,0.0,47.55,1.044,1.048,1969000000.0,800000000.0,9936000000.0,9936000000.0,0.0,0.086,0.328,0.171,0.118,41000000.0,2726000000.0,1.0,218078190.0,219000000.0,223300000.0,45.37,7547000000.0,222000000.0,402000000.0,0.0,34.461,2365000000.0
42,JWN,MRT,2010-12-31,2011-01-29,2011-01-29,2021-09-03,-29000000.0,7462000000.0,7274000000.0,4824000000.0,2638000000.0,1.334,9.237,-399000000.0,1506000000.0,1506000000.0,5897000000.0,613000000.0,2.567,2.692,2781000000.0,6000000.0,2775000000.0,2781000000.0,0.0,327000000.0,0.0,0.019,0.76,1118000000.0,1445000000.0,0.149,1445000000.0,1118000000.0,991000000.0,2.8,2.75,2.8,2021000000.0,1849000000.0,2021000000.0,10725289141.0,10.0,7.422,778000000.0,3.556,1.0,3803000000.0,0.392,53000000.0,127000000.0,6805000000.0,6947750000.0,977000000.0,0.0,0.0,0.0,5441000000.0,1879000000.0,3562000000.0,8959289141.0,711000000.0,0.0,-36000000.0,179000000.0,-167000000.0,-4000000.0,-462000000.0,0.0,1177000000.0,0.0,613000000.0,613000000.0,613000000.0,0.0,0.0,0.063,2685000000.0,1118000000.0,846000000.0,0.271,4.433,14.615,14.611,2318000000.0,0.0,40.91,0.924,0.923,2026000000.0,882000000.0,9700000000.0,9700000000.0,0.0,0.084,0.332,0.161,0.115,41000000.0,2685000000.0,1.0,218999979.0,218800000.0,222600000.0,44.333,7409000000.0,236000000.0,378000000.0,0.0,33.862,2945000000.0
43,JWN,MRT,2010-09-30,2010-10-30,2010-10-30,2021-09-03,-19000000.0,7382000000.0,7053250000.0,4726000000.0,2656000000.0,1.336,8.543,-374000000.0,1046000000.0,1046000000.0,5732000000.0,553000000.0,2.432,2.945,2812000000.0,6000000.0,2806000000.0,2812000000.0,0.0,323000000.0,0.0,0.019,0.72,1022000000.0,1345000000.0,0.143,1345000000.0,1022000000.0,895000000.0,2.53,2.49,2.53,1871000000.0,1736750000.0,1871000000.0,10103531956.0,10.0,7.512,637000000.0,2.909,1.0,3692000000.0,0.392,53000000.0,127000000.0,7152000000.0,6829000000.0,1307000000.0,0.0,0.0,0.0,5511000000.0,1943000000.0,3568000000.0,8440531956.0,562000000.0,0.0,11000000.0,154000000.0,-158000000.0,33000000.0,-482000000.0,0.0,1011000000.0,0.0,553000000.0,553000000.0,553000000.0,0.0,0.0,0.059,2670000000.0,1022000000.0,1054000000.0,0.285,4.511,15.263,15.221,2300000000.0,0.0,38.51,0.896,0.895,2015000000.0,752000000.0,9424000000.0,9424000000.0,0.0,0.078,0.318,0.15,0.108,37000000.0,2670000000.0,1.0,219177667.0,219000000.0,222500000.0,43.032,7329000000.0,238000000.0,342000000.0,0.0,33.466,2783000000.0
44,JWN,MRT,2010-06-30,2010-07-31,2010-07-31,2021-09-03,-19000000.0,7296000000.0,6836750000.0,4665000000.0,2631000000.0,1.346,8.257,-356000000.0,1137000000.0,1137000000.0,5611000000.0,517000000.0,2.397,3.031,2800000000.0,6000000.0,2794000000.0,2800000000.0,0.0,320000000.0,0.0,0.02,0.68,973000000.0,1293000000.0,0.14,1293000000.0,973000000.0,839000000.0,2.37,2.34,2.37,1810000000.0,1626500000.0,1810000000.0,9171178456.0,9.0,7.093,687000000.0,3.134,1.0,3594000000.0,0.39,53000000.0,134000000.0,6960000000.0,6661750000.0,1055000000.0,0.0,0.0,0.0,5486000000.0,1946000000.0,3540000000.0,7449178456.0,618000000.0,0.0,48000000.0,148000000.0,-148000000.0,67000000.0,-492000000.0,0.0,1043000000.0,0.0,517000000.0,517000000.0,517000000.0,0.0,0.0,0.056,2621000000.0,973000000.0,1050000000.0,0.287,4.116,14.408,14.346,2279000000.0,0.0,34.0,0.809,0.81,2153000000.0,709000000.0,9205000000.0,9205000000.0,0.0,0.076,0.318,0.146,0.106,35000000.0,2621000000.0,1.0,219093484.0,219200000.0,222800000.0,41.994,7243000000.0,245000000.0,322000000.0,0.0,33.043,2719000000.0
45,JWN,MRT,2010-03-31,2010-05-01,2010-05-01,2021-09-03,-20000000.0,6956000000.0,6597750000.0,4389000000.0,2567000000.0,1.352,7.756,-353000000.0,1040000000.0,1040000000.0,5464000000.0,476000000.0,2.507,3.106,2762000000.0,6000000.0,2756000000.0,2762000000.0,0.0,315000000.0,0.0,0.015,0.64,907000000.0,1222000000.0,0.137,1222000000.0,907000000.0,769000000.0,2.19,2.16,2.19,1694000000.0,1513250000.0,1694000000.0,10828793175.0,12.0,8.862,897000000.0,4.107,1.0,3458000000.0,0.388,53000000.0,138000000.0,6874000000.0,6514500000.0,1067000000.0,0.0,0.0,0.0,5262000000.0,1751000000.0,3511000000.0,9010793175.0,962000000.0,0.0,48000000.0,294000000.0,-138000000.0,219000000.0,-507000000.0,0.0,1250000000.0,0.0,476000000.0,476000000.0,476000000.0,0.0,0.0,0.053,2551000000.0,907000000.0,908000000.0,0.292,5.319,18.93,18.872,2262000000.0,0.0,41.33,1.01,1.012,1964000000.0,607000000.0,8922000000.0,8922000000.0,0.0,0.072,0.315,0.139,0.102,34000000.0,2551000000.0,1.0,218020643.0,218400000.0,222400000.0,40.852,6903000000.0,234000000.0,293000000.0,0.0,31.607,2638000000.0
46,JWN,MRT,2009-12-31,2010-01-30,2010-01-30,2021-09-03,-19000000.0,6579000000.0,6298750000.0,4054000000.0,2525000000.0,1.37,7.251,-360000000.0,795000000.0,795000000.0,5328000000.0,441000000.0,2.013,3.185,2613000000.0,356000000.0,2257000000.0,2613000000.0,0.0,313000000.0,0.0,0.019,0.64,834000000.0,1147000000.0,0.133,1147000000.0,834000000.0,696000000.0,2.03,2.01,2.03,1572000000.0,1408250000.0,1572000000.0,9643223349.0,12.0,8.407,891000000.0,4.11,1.0,3299000000.0,0.382,53000000.0,138000000.0,6330000000.0,6375000000.0,898000000.0,0.0,0.0,0.0,5007000000.0,2014000000.0,2993000000.0,7512223349.0,723000000.0,0.0,34000000.0,108000000.0,-139000000.0,13000000.0,-541000000.0,0.0,1251000000.0,0.0,441000000.0,441000000.0,441000000.0,0.0,0.0,0.051,2465000000.0,834000000.0,726000000.0,0.315,4.779,17.035,17.015,2242000000.0,0.0,34.54,0.871,0.868,2035000000.0,525000000.0,8627000000.0,8627000000.0,0.0,0.07,0.313,0.131,0.097,31000000.0,2465000000.0,1.0,217493438.0,216800000.0,219700000.0,39.792,6526000000.0,238000000.0,255000000.0,0.0,30.101,2040000000.0
47,JWN,MRT,2009-09-30,2009-10-31,2009-10-31,2021-09-03,-9000000.0,6516000000.0,6069250000.0,4007000000.0,2509000000.0,1.38,6.587,-405000000.0,484000000.0,484000000.0,5300000000.0,337000000.0,1.898,3.557,2615000000.0,356000000.0,2259000000.0,2615000000.0,0.0,314000000.0,0.0,0.02,0.64,680000000.0,994000000.0,0.119,994000000.0,680000000.0,542000000.0,1.56,1.54,1.56,1430000000.0,1317750000.0,1430000000.0,9004496940.0,13.0,9.059,790000000.0,3.639,1.0,3073000000.0,0.367,53000000.0,138000000.0,6483000000.0,6404500000.0,1193000000.0,0.0,0.0,0.0,5086000000.0,2111000000.0,2975000000.0,6888496940.0,416000000.0,0.0,29000000.0,-64000000.0,-138000000.0,-186000000.0,-593000000.0,0.0,1195000000.0,0.0,337000000.0,337000000.0,337000000.0,0.0,0.0,0.04,2393000000.0,680000000.0,980000000.0,0.41,4.817,20.441,20.372,2239000000.0,0.0,31.78,0.823,0.824,2016000000.0,388000000.0,8373000000.0,8373000000.0,0.0,0.056,0.256,0.106,0.081,29000000.0,2393000000.0,1.0,216755725.0,217100000.0,220700000.0,38.567,6463000000.0,230000000.0,205000000.0,0.0,29.77,1896000000.0
48,JWN,MRT,2009-06-30,2009-08-01,2009-08-01,2021-09-03,-9000000.0,6340000000.0,5956250000.0,3851000000.0,2489000000.0,1.392,6.268,-464000000.0,519000000.0,519000000.0,5275000000.0,325000000.0,1.895,3.672,2635000000.0,375000000.0,2260000000.0,2635000000.0,0.0,311000000.0,0.0,0.024,0.64,635000000.0,946000000.0,0.114,946000000.0,635000000.0,502000000.0,1.51,1.49,1.51,1357000000.0,1250750000.0,1357000000.0,8144558797.0,13.0,8.609,710000000.0,3.279,1.0,3014000000.0,0.364,53000000.0,133000000.0,6371000000.0,6445750000.0,929000000.0,0.0,0.0,0.0,4983000000.0,2032000000.0,2951000000.0,5720558797.0,427000000.0,0.0,1000000.0,51000000.0,-137000000.0,-94000000.0,-653000000.0,0.0,1174000000.0,0.0,325000000.0,325000000.0,325000000.0,0.0,0.0,0.039,2379000000.0,635000000.0,884000000.0,0.424,4.216,17.602,17.51,2241000000.0,0.0,26.44,0.69,0.691,2102000000.0,340000000.0,8289000000.0,8289000000.0,0.0,0.055,0.26,0.099,0.077,28000000.0,2379000000.0,1.0,216360015.0,216500000.0,218800000.0,38.286,6287000000.0,234000000.0,177000000.0,0.0,29.039,1819000000.0
49,JWN,MRT,2009-03-31,2009-05-02,2009-05-02,2021-09-03,-9000000.0,5760000000.0,5823500000.0,3293000000.0,2467000000.0,1.445,5.901,-523000000.0,78000000.0,78000000.0,5345000000.0,363000000.0,1.814,3.521,2502000000.0,500000000.0,2002000000.0,2502000000.0,0.0,307000000.0,0.0,0.028,0.64,698000000.0,1005000000.0,0.119,1005000000.0,698000000.0,567000000.0,1.68,1.66,1.68,1274000000.0,1193750000.0,1274000000.0,7289427800.0,10.0,7.253,377000000.0,1.746,1.0,3071000000.0,0.365,53000000.0,131000000.0,6316000000.0,6461500000.0,1004000000.0,0.0,0.0,0.0,4486000000.0,1815000000.0,2671000000.0,4848427800.0,-41000000.0,0.0,-50000000.0,-8000000.0,-138000000.0,-202000000.0,-739000000.0,0.0,900000000.0,0.0,363000000.0,363000000.0,363000000.0,0.0,0.0,0.043,2373000000.0,698000000.0,594000000.0,0.381,3.806,13.357,13.393,2231000000.0,0.0,22.5,0.576,0.577,1921000000.0,269000000.0,8416000000.0,8416000000.0,0.0,0.062,0.304,0.108,0.083,28000000.0,2373000000.0,1.0,215485680.0,215900000.0,217400000.0,38.981,5707000000.0,220000000.0,204000000.0,0.0,26.434,1478000000.0
50,JWN,MRT,2008-12-31,2009-01-31,2009-01-31,2021-09-03,-10000000.0,5661000000.0,5780000000.0,3217000000.0,2444000000.0,1.483,5.586,-563000000.0,72000000.0,72000000.0,5417000000.0,401000000.0,2.009,3.679,2513000000.0,299000000.0,2214000000.0,2513000000.0,0.0,302000000.0,0.0,0.05,0.64,779000000.0,1081000000.0,0.126,1081000000.0,779000000.0,648000000.0,1.85,1.83,1.85,1210000000.0,1139750000.0,1210000000.0,5407263619.0,7.0,5.002,285000000.0,1.316,1.0,3156000000.0,0.368,53000000.0,131000000.0,6448000000.0,6444000000.0,900000000.0,0.0,0.0,0.0,4451000000.0,1601000000.0,2850000000.0,2733263619.0,-286000000.0,0.0,-234000000.0,35000000.0,-138000000.0,-342000000.0,-792000000.0,0.0,848000000.0,0.0,401000000.0,401000000.0,401000000.0,0.0,0.0,0.047,2377000000.0,779000000.0,563000000.0,0.346,2.259,6.816,6.859,2221000000.0,0.0,12.69,0.319,0.321,1942000000.0,223000000.0,8573000000.0,8573000000.0,0.0,0.069,0.352,0.121,0.091,27000000.0,2377000000.0,1.0,215387204.0,216600000.0,219200000.0,39.58,5608000000.0,210000000.0,247000000.0,0.0,25.891,1616000000.0
51,JWN,MRT,2008-09-30,2008-11-01,2008-11-01,2021-09-03,-20000000.0,6064000000.0,5764750000.0,3560000000.0,2504000000.0,1.553,5.39,-594000000.0,68000000.0,68000000.0,5421000000.0,545000000.0,1.748,4.219,2742000000.0,527000000.0,2215000000.0,2742000000.0,0.0,288000000.0,0.0,0.034,0.615,1007000000.0,1295000000.0,0.145,1295000000.0,1007000000.0,879000000.0,2.44,2.42,2.44,1162000000.0,1116000000.0,1162000000.0,6368838519.0,6.0,4.918,325000000.0,1.507,1.0,3532000000.0,0.395,53000000.0,128000000.0,6648000000.0,6344750000.0,1278000000.0,0.0,0.0,0.0,4902000000.0,2037000000.0,2865000000.0,3887838519.0,-40000000.0,0.0,-595000000.0,575000000.0,-135000000.0,-159000000.0,-800000000.0,0.0,919000000.0,0.0,545000000.0,545000000.0,545000000.0,0.0,0.0,0.061,2348000000.0,1184000000.0,805000000.0,0.252,3.346,7.134,7.393,2215000000.0,0.0,18.04,0.434,0.434,1918000000.0,192000000.0,8953000000.0,8953000000.0,0.0,0.095,0.488,0.159,0.112,26000000.0,2348000000.0,1.0,215512113.0,215600000.0,218100000.0,41.526,6011000000.0,196000000.0,334000000.0,0.0,27.88,1523000000.0
52,JWN,MRT,2008-06-30,2008-08-02,2008-08-02,2021-09-03,-21000000.0,5809000000.0,5620500000.0,3398000000.0,2411000000.0,1.609,5.215,-586000000.0,92000000.0,92000000.0,5464000000.0,640000000.0,1.885,4.145,2573000000.0,339000000.0,2234000000.0,2573000000.0,0.0,278000000.0,0.0,0.02,0.59,1172000000.0,1450000000.0,0.16,1450000000.0,1172000000.0,1057000000.0,2.8,2.77,2.8,1129000000.0,1152500000.0,1129000000.0,8648748000.0,7.0,5.965,345000000.0,1.594,1.0,3580000000.0,0.396,53000000.0,115000000.0,6434000000.0,6091000000.0,1000000000.0,0.0,0.0,0.0,4680000000.0,1803000000.0,2877000000.0,6272748000.0,-87000000.0,216000000.0,-1314000000.0,1005000000.0,-134000000.0,-440000000.0,-578000000.0,0.0,931000000.0,0.0,640000000.0,640000000.0,640000000.0,0.0,0.0,0.071,2334000000.0,1246000000.0,724000000.0,0.211,5.556,9.801,10.329,2139000000.0,0.0,28.92,0.694,0.692,2045000000.0,181000000.0,9044000000.0,9044000000.0,0.0,0.114,0.555,0.192,0.13,28000000.0,2334000000.0,1.0,216900000.0,216500000.0,219500000.0,41.774,5756000000.0,196000000.0,417000000.0,0.0,26.587,1595000000.0
53,JWN,MRT,2008-03-31,2008-05-03,2008-05-03,2021-09-03,-22000000.0,5586000000.0,5559750000.0,3260000000.0,2326000000.0,1.65,4.84,-557000000.0,119000000.0,119000000.0,5553400000.0,677000000.0,1.96,4.28,2495000000.0,260000000.0,2235000000.0,2495000000.0,0.0,272000000.0,0.0,0.015,0.565,1196000000.0,1468000000.0,0.16,1468000000.0,1196000000.0,1115000000.0,2.86,2.83,2.86,1058000000.0,1346750000.0,1058000000.0,10123740000.0,8.0,6.896,365000000.0,1.67,1.0,3621600000.0,0.395,53000000.0,81000000.0,6246000000.0,5800750000.0,1079000000.0,0.0,0.0,0.0,4528000000.0,1663000000.0,2865000000.0,7984740000.0,-626000000.0,216000000.0,-1843000000.0,943000000.0,-134000000.0,-1023000000.0,-525000000.0,0.0,922000000.0,0.0,677000000.0,677000000.0,677000000.0,0.0,0.0,0.074,2368000000.0,1253600000.0,638000000.0,0.198,7.547,11.794,12.748,2061000000.0,0.0,36.46,0.87,0.869,1806000000.0,123000000.0,9175000000.0,9175000000.0,0.0,0.122,0.503,0.206,0.13,27000000.0,2368000000.0,1.0,219000000.0,218600000.0,221700000.0,41.972,5533000000.0,181000000.0,438000000.0,0.0,25.311,1597000000.0
54,JWN,MRT,2007-12-31,2008-02-02,2008-02-02,2021-09-03,-22000000.0,5600000000.0,5621000000.0,3361000000.0,2239000000.0,1.615,4.555,-501000000.0,358000000.0,358000000.0,5526000000.0,715000000.0,2.056,4.022,2497000000.0,261000000.0,2236000000.0,2497000000.0,0.0,269000000.0,0.0,0.014,0.54,1247000000.0,1516000000.0,0.167,1516000000.0,1247000000.0,1173000000.0,2.92,2.88,2.92,1115000000.0,1662000000.0,1115000000.0,11206064878.0,9.0,7.392,-189000000.0,-0.772,1.0,3554000000.0,0.391,53000000.0,74000000.0,6051000000.0,5493250000.0,956000000.0,0.0,0.0,0.0,4485000000.0,1635000000.0,2850000000.0,9223042878.0,-45000000.0,216000000.0,-1651000000.0,1835000000.0,-134000000.0,64000000.0,-421000000.0,0.0,312000000.0,0.0,715000000.0,715000000.0,715000000.0,0.0,0.0,0.079,2359000000.0,1195000000.0,556000000.0,0.185,8.272,12.899,13.61,1983000000.0,0.0,39.74,1.016,1.071,1788000000.0,201000000.0,9080000000.0,9080000000.0,0.0,0.127,0.43,0.227,0.137,28000000.0,2359000000.0,1.0,232084622.0,244800000.0,248800000.0,37.092,5547000000.0,181000000.0,458000000.0,0.0,22.659,1726000000.0
55,JWN,MRT,2007-09-30,2007-11-03,2007-11-03,2021-09-03,-27000000.0,5487000000.0,5426500000.0,3343000000.0,2144000000.0,1.686,5.416,-422252000.0,108000000.0,108000000.0,5644641000.0,735342000.0,1.874,3.195,2091000000.0,300000000.0,1791000000.0,2091000000.0,0.0,282184000.0,0.0,0.014,0.51,1233439000.0,1515623000.0,0.166,1515623000.0,1233439000.0,1198392000.0,2.92,2.87,2.92,1308000000.0,1925500000.0,1308000000.0,10235219858.0,8.0,6.753,-145781000.0,-0.604,1.0,3505565000.0,0.383,53000000.0,35047000.0,5633000000.0,4850750000.0,1242000000.0,0.0,0.0,0.0,4179000000.0,1784000000.0,2395000000.0,8913996858.0,-101059000.0,216000000.0,-1304696000.0,1328976000.0,-129861000.0,-70658000.0,-306872000.0,0.0,276471000.0,0.0,735342000.0,735342000.0,735342000.0,0.0,0.0,0.08,2408018000.0,1097547000.0,738000000.0,0.175,6.815,12.122,12.5,1910000000.0,0.0,36.5,0.974,0.963,1734000000.0,408000000.0,9150206000.0,9150206000.0,0.0,0.136,0.382,0.254,0.135,36618000.0,2408018000.0,1.0,244219092.0,241500000.0,245300000.0,37.889,5434000000.0,190000000.0,463050000.0,0.0,22.501,1559000000.0
56,JWN,MRT,2007-06-30,2007-08-04,2007-08-04,2021-09-03,-11000000.0,5566000000.0,5231845500.0,3508000000.0,2058000000.0,1.73,7.594,-358408000.0,179000000.0,179000000.0,5576764000.0,705015000.0,2.247,1.92,1500000000.0,8000000.0,1492000000.0,1500000000.0,0.0,283368000.0,0.0,0.01,0.48,1174028000.0,1457396000.0,0.161,1457396000.0,1174028000.0,1147562000.0,2.76,2.71,2.76,1906000000.0,2088901250.0,1906000000.0,12356616358.0,11.0,8.479,-63993000.0,-0.255,1.0,3475545000.0,0.384,53000000.0,26466000.0,5273000000.0,4329501250.0,1053000000.0,0.0,0.0,0.0,3660000000.0,1561000000.0,2099000000.0,11618860358.0,-101571000.0,0.0,-583149000.0,588708000.0,-123751000.0,-81398000.0,-314588000.0,0.0,294415000.0,0.0,705015000.0,705015000.0,705015000.0,0.0,0.0,0.078,2393228000.0,1082317000.0,777000000.0,0.174,6.096,16.48,16.692,1823000000.0,0.0,46.07,1.284,1.277,1803000000.0,1025000000.0,9052309000.0,9052309000.0,0.0,0.135,0.338,0.271,0.13,40934000.0,2393228000.0,1.0,252200138.0,251000000.0,255400000.0,36.065,5513000000.0,178000000.0,442547000.0,80000000.0,21.964,1947000000.0
57,JWN,MRT,2007-03-31,2007-05-05,2007-05-05,2021-09-03,-13000000.0,5831000000.0,5038514750.0,3688000000.0,2143000000.0,1.753,8.992,-302505000.0,745000000.0,745000000.0,5445997000.0,703769000.0,2.603,1.514,1482000000.0,7000000.0,1475000000.0,1482000000.0,0.0,283575000.0,0.0,0.008,0.45,1186162000.0,1469737000.0,0.166,1469737000.0,1186162000.0,1146913000.0,2.72,2.67,2.72,2319000000.0,2073491250.0,2319000000.0,14546839000.0,12.0,9.898,353744000.0,1.372,1.0,3386780000.0,0.383,135000000.0,39249000.0,5016000000.0,3889866000.0,1105000000.0,0.0,0.0,0.0,3512000000.0,1417000000.0,2095000000.0,14318946000.0,483330000.0,0.0,-350107000.0,536931000.0,-116674000.0,100645000.0,-273564000.0,30000000.0,656249000.0,0.0,703769000.0,703769000.0,703769000.0,0.0,0.0,0.08,2336780000.0,1050000000.0,700000000.0,0.165,6.175,20.346,20.441,1790000000.0,0.0,55.6,1.621,1.623,1602000000.0,1470000000.0,8832777000.0,8832777000.0,0.0,0.14,0.339,0.305,0.134,40743000.0,2336780000.0,1.0,257535000.0,257900000.0,262700000.0,34.249,5696000000.0,176000000.0,443144000.0,122000000.0,22.086,2271000000.0
58,JWN,MRT,2006-12-31,2007-02-03,2007-02-03,2021-09-03,-9000000.0,4822000000.0,4777424500.0,2742000000.0,2080000000.0,1.814,8.32,-264000000.0,403000000.0,403000000.0,5354000000.0,678000000.0,1.913,1.223,631000000.0,7000000.0,624000000.0,631000000.0,0.0,285000000.0,0.0,0.007,0.42,1149000000.0,1434000000.0,0.165,1434000000.0,1149000000.0,1106000000.0,2.6,2.55,2.6,2169000000.0,2000847250.0,2169000000.0,15091515200.0,13.0,10.524,878000000.0,3.368,1.0,3312000000.0,0.382,136000000.0,43000000.0,3481000000.0,3578076250.0,997000000.0,428000000.0,428000000.0,0.0,2653000000.0,1433000000.0,1220000000.0,14569027200.0,-60000000.0,0.0,-554000000.0,-358000000.0,-110000000.0,-984000000.0,-218000000.0,54000000.0,1142000000.0,0.0,678000000.0,678000000.0,678000000.0,0.0,0.0,0.078,2297000000.0,1015000000.0,577000000.0,0.162,6.717,21.488,21.8,1757000000.0,0.0,56.68,1.681,1.705,684000000.0,1351000000.0,8666000000.0,8666000000.0,0.0,0.142,0.339,0.321,0.133,43000000.0,2297000000.0,1.0,257040000.0,260700000.0,265700000.0,33.241,4686000000.0,169000000.0,428000000.0,76000000.0,17.975,1309000000.0
59,JWN,MRT,2006-09-30,2006-10-28,2006-10-28,2021-09-03,-1437000.0,4708382000.0,4802261750.0,2653918000.0,2054464000.0,1.713,7.64,-254733000.0,208715000.0,208715000.0,5165627000.0,635749000.0,1.715,1.4,731203000.0,106572000.0,624631000.0,731203000.0,0.0,277320000.0,0.0,0.009,0.4,1079985000.0,1357305000.0,0.165,1357305000.0,1079985000.0,1033823000.0,2.41,2.35,2.41,1961605000.0,1981767500.0,1961605000.0,12519688430.0,12.0,9.224,857350000.0,3.339,1.0,3060125000.0,0.372,135714000.0,46162000.0,3548005000.0,3616341500.0,1228230000.0,313656000.0,313656000.0,0.0,2746777000.0,1547151000.0,1199626000.0,12017561430.0,2739000.0,0.0,-569659000.0,-228927000.0,-105903000.0,-880810000.0,-228534000.0,34175000.0,1112083000.0,0.0,635749000.0,635749000.0,635749000.0,0.0,0.0,0.077,2214596000.0,845529000.0,758402000.0,0.166,6.126,18.903,19.432,1748395000.0,0.0,46.83,1.461,1.462,667748000.0,1171364000.0,8225752000.0,8225752000.0,0.0,0.132,0.321,0.299,0.131,44429000.0,2214596000.0,1.0,256621000.0,256757000.0,261616000.0,32.037,4572668000.0,169858000.0,398074000.0,42970000.0,17.809,1106767000.0
60,JWN,MRT,2006-06-30,2006-07-29,2006-07-29,2021-09-03,-2102000.0,4792677000.0,4822549500.0,2910620000.0,1882057000.0,1.663,7.053,-256208000.0,430150000.0,430150000.0,5063956000.0,607529000.0,1.657,1.599,932280000.0,307419000.0,624861000.0,932280000.0,0.0,277196000.0,0.0,0.011,0.38,1020656000.0,1297852000.0,0.162,1297852000.0,1020656000.0,975665000.0,2.28,2.22,2.28,1844360000.0,1978641500.0,1844360000.0,9667130600.0,9.0,7.449,779766000.0,2.982,1.0,2955823000.0,0.369,24177000.0,44991000.0,3514459000.0,3665054750.0,985667000.0,354348000.0,354348000.0,0.0,2948317000.0,1756171000.0,1192146000.0,8996871600.0,-182681000.0,0.0,-718991000.0,-29691000.0,-102255000.0,-835941000.0,-382714000.0,34175000.0,1035974000.0,0.0,607529000.0,607529000.0,607529000.0,0.0,0.0,0.076,2158154000.0,797669000.0,710391000.0,0.167,4.878,14.809,14.842,1728034000.0,0.0,33.84,1.122,1.103,702536000.0,1095181000.0,8019779000.0,8019779000.0,0.0,0.126,0.307,0.278,0.127,36720000.0,2158154000.0,1.0,265865000.0,261512000.0,266226000.0,30.667,4768500000.0,165298000.0,368136000.0,120068000.0,18.234,1154449000.0
61,JWN,MRT,2006-03-31,2006-04-29,2006-04-29,2021-09-03,410000.0,4786639000.0,4853483500.0,2773008000.0,2013631000.0,1.619,7.583,-266474000.0,261326000.0,261326000.0,4964838000.0,577693000.0,1.786,1.36,931585000.0,306636000.0,624949000.0,931585000.0,0.0,277221000.0,0.0,0.009,0.36,968219000.0,1245440000.0,0.159,1245440000.0,968219000.0,925107000.0,2.14,2.08,2.14,2028424000.0,2022222000.0,2028424000.0,10716887040.0,11.0,8.605,497075000.0,1.858,1.0,2890911000.0,0.368,135714000.0,43112000.0,3768841000.0,3743379500.0,1078750000.0,595854000.0,595854000.0,0.0,2758215000.0,1552343000.0,1205872000.0,10245149040.0,-54402000.0,0.0,-384926000.0,-94154000.0,-97568000.0,-566152000.0,-251799000.0,23925000.0,763549000.0,0.0,577693000.0,577693000.0,577693000.0,0.0,0.0,0.074,2129798000.0,761113000.0,638983000.0,0.168,5.051,17.735,17.911,1748399000.0,0.0,38.33,1.304,1.305,619095000.0,1294351000.0,7855749000.0,7855749000.0,0.0,0.119,0.286,0.259,0.123,45283000.0,2129798000.0,1.0,267288000.0,267490000.0,272831000.0,29.368,4650925000.0,161001000.0,347414000.0,59978000.0,17.387,1220665000.0
62,JWN,MRT,2005-12-31,2006-01-28,2006-01-28,2021-09-03,2708000.0,4921349000.0,4811725500.0,2874157000.0,2047192000.0,1.605,7.694,-272000000.0,462656000.0,462656000.0,4888000000.0,551000000.0,1.771,1.352,934394000.0,306618000.0,627776000.0,934394000.0,0.0,276000000.0,0.0,0.008,0.32,930000000.0,1206000000.0,0.156,1206000000.0,930000000.0,885000000.0,2.03,1.98,2.03,2092681000.0,1988354000.0,2092681000.0,12138612960.0,13.0,10.065,504000000.0,1.853,1.0,2835000000.0,0.367,135714000.0,45000000.0,3634061000.0,3791268750.0,955978000.0,615136000.0,615136000.0,0.0,2828668000.0,1623312000.0,1205356000.0,11410610960.0,102000000.0,0.0,-199000000.0,-96000000.0,-87000000.0,-382000000.0,-292000000.0,-12000000.0,776000000.0,0.0,551000000.0,551000000.0,551000000.0,0.0,0.0,0.071,2101000000.0,734000000.0,540019000.0,0.158,5.453,20.709,20.828,1773871000.0,0.0,42.28,1.477,1.489,639558000.0,1404366000.0,7723000000.0,7723000000.0,0.0,0.115,0.277,0.245,0.12,54000000.0,2101000000.0,1.0,269882000.0,272000000.0,278000000.0,28.393,4785635000.0,145470000.0,334000000.0,81617000.0,17.594,1250845000.0
63,JWN,MRT,2005-09-30,2005-10-29,2005-10-29,2021-09-03,8055000.0,4789533000.0,4732735750.0,2746110000.0,2043423000.0,1.59,7.176,-287185000.0,205943000.0,205943000.0,4782788000.0,500889000.0,1.676,1.457,933945000.0,306967000.0,626978000.0,933945000.0,0.0,274672000.0,0.0,0.009,0.3,912840000.0,1187512000.0,0.158,1187512000.0,912840000.0,814260000.0,1.83,1.79,1.83,1949101000.0,1912432250.0,1949101000.0,9423662040.0,10.0,7.936,469729000.0,1.729,1.0,2744597000.0,0.365,135714000.0,98580000.0,3742858000.0,3832255500.0,1166471000.0,543759000.0,543759000.0,0.0,2840432000.0,1638963000.0,1201469000.0,8957745040.0,-34464000.0,0.0,-377172000.0,-98007000.0,-82385000.0,-556918000.0,-234460000.0,61000000.0,756914000.0,0.0,500889000.0,500889000.0,500889000.0,0.0,0.0,0.067,2063883000.0,680714000.0,683137000.0,0.164,4.596,17.884,17.907,1778579000.0,0.0,32.77,1.19,1.182,626864000.0,1277674000.0,7527385000.0,7527385000.0,0.0,0.106,0.262,0.238,0.121,47877000.0,2063883000.0,1.0,273352000.0,271599000.0,277293000.0,27.715,4653819000.0,149622000.0,313371000.0,47850000.0,17.135,1107147000.0
64,JWN,MRT,2005-06-30,2005-07-30,2005-07-30,2021-09-03,6660000.0,4916413000.0,4723102000.0,2894564000.0,2021849000.0,1.567,7.384,-276034000.0,462875000.0,462875000.0,4709244000.0,471264000.0,2.04,1.435,928792000.0,4840000.0,923952000.0,928792000.0,0.0,271970000.0,0.0,0.008,0.28,862493000.0,1134463000.0,0.153,1134463000.0,862493000.0,774161000.0,1.71,1.67,1.71,2018682000.0,1892756500.0,2018682000.0,10821035180.0,13.0,9.538,477609000.0,1.747,1.0,2694086000.0,0.364,135714000.0,88332000.0,3827758000.0,3902615750.0,989365000.0,549596000.0,549596000.0,0.0,2897731000.0,1418858000.0,1478873000.0,10108097180.0,143543000.0,0.0,-280808000.0,-103583000.0,-77534000.0,-462467000.0,-147633000.0,131575000.0,753643000.0,0.0,471264000.0,471264000.0,471264000.0,0.0,0.0,0.064,2047884000.0,646202000.0,714429000.0,0.164,5.007,21.449,21.643,1771492000.0,0.0,37.01,1.365,1.367,701882000.0,1365888000.0,7403330000.0,7403330000.0,0.0,0.1,0.249,0.221,0.117,44534000.0,2047884000.0,1.0,273118000.0,273379000.0,279169000.0,27.081,4780699000.0,140745000.0,302897000.0,107713000.0,17.487,1475706000.0
65,JWN,MRT,2005-03-31,2005-04-30,2005-04-30,2021-09-03,7568000.0,4619607000.0,4697219000.0,2611236000.0,2008371000.0,1.544,6.932,-246142000.0,315695000.0,315695000.0,4632621000.0,429261000.0,2.112,1.44,1028633000.0,100458000.0,928175000.0,1028633000.0,0.0,269056000.0,0.0,0.01,0.25,785062000.0,1054118000.0,0.145,1054118000.0,785062000.0,707634000.0,1.55,1.51,1.55,1892952000.0,1855946000.0,1892952000.0,7622368227.0,10.0,7.231,409869000.0,1.501,1.0,2617751000.0,0.361,135714000.0,77428000.0,3960398000.0,3933552750.0,1016640000.0,481052000.0,481052000.0,0.0,2726655000.0,1236433000.0,1490222000.0,6952884227.0,143323000.0,0.0,-232210000.0,7616000.0,-69744000.0,-293081000.0,-219607000.0,31250000.0,656011000.0,0.0,429261000.0,429261000.0,429261000.0,0.0,0.0,0.059,2032921000.0,584830000.0,582381000.0,0.161,3.673,16.197,16.397,1763766000.0,0.0,25.415,0.959,0.957,629788000.0,1266337000.0,7250372000.0,7250372000.0,0.0,0.091,0.231,0.2,0.108,43667000.0,2032921000.0,1.0,273574040.0,273070000.0,278395000.0,26.551,4483893000.0,114127000.0,278373000.0,45181000.0,16.42,1374803000.0
66,JWN,MRT,2004-12-31,2005-01-29,2005-01-29,2021-09-03,9335000.0,4605390000.0,4648510750.0,2572444000.0,2032946000.0,1.534,6.412,-241378000.0,360623000.0,360623000.0,4559388000.0,393450000.0,1.918,1.574,1030107000.0,101097000.0,929010000.0,1030107000.0,0.0,264769000.0,0.0,0.01,0.24,724709000.0,989478000.0,0.139,989478000.0,724709000.0,647281000.0,1.41,1.38,1.41,1788994000.0,1815615500.0,1788994000.0,7367654775.0,10.0,7.446,364968000.0,1.308,1.0,2572000000.0,0.361,135714000.0,77428000.0,3798008000.0,3956705250.0,917182000.0,464241000.0,464241000.0,0.0,2816396000.0,1341152000.0,1475244000.0,6667656775.0,20342000.0,0.0,-200047000.0,-207932000.0,-67240000.0,-475971000.0,-110033000.0,134175000.0,606346000.0,0.0,393450000.0,393450000.0,393450000.0,0.0,0.0,0.055,2020233000.0,551767000.0,482394000.0,0.17,3.727,16.947,16.879,1780366000.0,0.0,23.8,0.935,0.931,645663000.0,1227303000.0,7131388000.0,7131388000.0,0.0,0.085,0.217,0.183,0.102,33493000.0,2020233000.0,1.0,280153646.0,278993000.0,284533000.0,25.561,4469676000.0,131547000.0,253831000.0,115556000.0,16.021,1231292000.0
67,JWN,MRT,2004-09-30,2004-10-30,2004-10-30,2021-09-03,10976000.0,4750998000.0,4639471500.0,2730620000.0,2020378000.0,1.498,6.647,-212986000.0,240407000.0,240407000.0,4452325000.0,357816000.0,1.97,1.54,1035405000.0,103021000.0,932384000.0,1035405000.0,0.0,260113000.0,0.0,0.011,0.23,599761000.0,859874000.0,0.124,859874000.0,599761000.0,581852000.0,1.285,1.255,1.285,1870398000.0,1776869250.0,1870398000.0,6653047554.0,11.0,7.737,356633000.0,1.267,1.0,2497968000.0,0.359,135714000.0,17909000.0,4024299000.0,4058433750.0,1193144000.0,477325000.0,477325000.0,0.0,2880600000.0,1385983000.0,1494617000.0,6107598554.0,111741000.0,0.0,39501000.0,-183714000.0,-64208000.0,-208421000.0,-249457000.0,-40000000.0,569619000.0,0.0,357816000.0,357816000.0,357816000.0,0.0,0.0,0.051,2002237000.0,495731000.0,672847000.0,0.179,3.265,17.069,16.802,1773258000.0,0.0,21.59,0.879,0.874,635409000.0,1330511000.0,6950293000.0,6950293000.0,0.0,0.077,0.201,0.148,0.086,40450000.0,2002237000.0,1.0,282890160.0,281395000.0,286298000.0,24.699,4615284000.0,134896000.0,224036000.0,52877000.0,16.401,1344637000.0
68,JWN,MRT,2004-06-30,2004-07-31,2004-07-31,2021-09-03,8135000.0,4812881000.0,4567065500.0,2793473000.0,2019408000.0,1.493,6.649,-223168000.0,319332000.0,319332000.0,4378846000.0,325457000.0,1.944,1.572,1030356000.0,103129000.0,927227000.0,1030356000.0,0.0,257569000.0,0.0,0.01,0.215,578098000.0,835667000.0,0.123,835667000.0,578098000.0,533508000.0,1.17,1.15,1.17,1871440000.0,1684593250.0,1871440000.0,6962415457.0,12.0,8.332,318432000.0,1.131,1.0,2438481000.0,0.358,135714000.0,44590000.0,3951506000.0,4113530000.0,1024853000.0,547515000.0,547515000.0,0.0,2941441000.0,1436685000.0,1504756000.0,6164553457.0,77392000.0,0.0,122241000.0,-211459000.0,-59424000.0,-148642000.0,-315566000.0,-95948000.0,541600000.0,0.0,325457000.0,325457000.0,325457000.0,0.0,0.0,0.048,1975474000.0,463007000.0,699432000.0,0.184,3.294,18.941,18.761,1772752000.0,0.0,21.95,0.904,0.906,721510000.0,1346035000.0,6817327000.0,6817327000.0,0.0,0.071,0.193,0.141,0.085,49331000.0,1975474000.0,1.0,280845260.0,281469000.0,286994000.0,24.221,4677167000.0,132158000.0,208051000.0,86309000.0,16.617,1356788000.0
69,JWN,MRT,2004-03-31,2004-05-01,2004-05-01,2021-09-03,11013000.0,4424774000.0,4485229000.0,2402579000.0,2022195000.0,1.482,6.224,-246609000.0,172372000.0,172372000.0,4302383000.0,284413000.0,2.195,1.555,1030785000.0,6502000.0,1024283000.0,1030785000.0,0.0,252765000.0,0.0,0.012,0.21,537037000.0,789802000.0,0.119,789802000.0,537037000.0,466313000.0,1.03,1.02,1.03,1731630000.0,1578310500.0,1731630000.0,5690225847.0,11.0,7.205,337706000.0,1.214,1.0,2346313000.0,0.353,135714000.0,70724000.0,4053008000.0,4176587000.0,1020812000.0,392663000.0,392663000.0,0.0,2693144000.0,1094465000.0,1598679000.0,4931920847.0,30555000.0,0.0,84740000.0,-307952000.0,-57560000.0,-280772000.0,-272988000.0,-30548000.0,584315000.0,0.0,284413000.0,284413000.0,284413000.0,0.0,0.0,0.043,1931537000.0,414776000.0,563733000.0,0.204,2.848,17.341,17.296,1787436000.0,0.0,17.815,0.742,0.745,640581000.0,1254566000.0,6648696000.0,6648696000.0,0.0,0.063,0.18,0.129,0.081,35696000.0,1931537000.0,1.0,276840912.0,278220000.0,283950000.0,23.897,4289060000.0,127063000.0,181900000.0,53844000.0,15.416,1308114000.0
70,JWN,MRT,2003-12-31,2004-01-31,2004-01-31,2021-09-03,8868000.0,4569233000.0,4449671250.0,2524843000.0,2044390000.0,1.449,5.993,-258314000.0,340281000.0,340281000.0,4215546000.0,242841000.0,2.249,1.796,1234243000.0,6833000.0,1227410000.0,1234243000.0,0.0,250683000.0,0.0,0.01,0.205,489093000.0,739776000.0,0.115,739776000.0,489093000.0,398141000.0,0.89,0.88,0.89,1634009000.0,1493748250.0,1634009000.0,6489685578.0,13.0,8.773,340968000.0,1.251,1.0,2233132000.0,0.346,135714000.0,90952000.0,4204922000.0,4254497500.0,901623000.0,176000000.0,176000000.0,0.0,2935224000.0,1122559000.0,1812665000.0,5401204578.0,216028000.0,0.0,57459000.0,-77604000.0,-55853000.0,-73657000.0,-309597000.0,-54734000.0,599282000.0,0.0,242841000.0,242841000.0,242841000.0,0.0,0.0,0.038,1899129000.0,334003000.0,458809000.0,0.23,3.305,22.242,22.079,1807778000.0,0.0,19.65,0.838,0.831,939105000.0,1201093000.0,6448678000.0,6448678000.0,0.0,0.055,0.163,0.115,0.076,28093000.0,1899129000.0,1.0,274870462.0,272658000.0,275478000.0,23.651,4433519000.0,121681000.0,155300000.0,66157000.0,16.26,1402284000.0
71,JWN,MRT,2003-09-30,2003-11-01,2003-11-01,2021-09-03,5908000.0,4461374000.0,4353680250.0,2404714000.0,2056660000.0,1.435,5.507,-236432000.0,128666000.0,128666000.0,4162698000.0,198529000.0,2.031,1.972,1231601000.0,6198000.0,1225403000.0,1231601000.0,0.0,249243000.0,0.0,0.013,0.2,419907000.0,669150000.0,0.107,669150000.0,419907000.0,325429000.0,0.73,0.725,0.73,1501294000.0,1428462000.0,1501294000.0,5156450937.0,12.0,7.706,337401000.0,1.238,1.0,2086898000.0,0.334,135714000.0,94478000.0,4244684000.0,4290807750.0,1189996000.0,55000000.0,55000000.0,0.0,2960080000.0,1183911000.0,1776169000.0,4148650937.0,59022000.0,0.0,24439000.0,-116015000.0,-54279000.0,-141849000.0,-372962000.0,-55000000.0,573833000.0,0.0,198529000.0,198529000.0,198529000.0,0.0,0.0,0.032,1816918000.0,269980000.0,627469000.0,0.274,2.763,20.897,20.884,1820921000.0,0.0,15.245,0.664,0.665,872522000.0,1111864000.0,6249596000.0,6249596000.0,0.0,0.046,0.139,0.098,0.067,11258000.0,1816918000.0,1.0,272131908.0,272608000.0,,22.925,4325660000.0,111965000.0,126900000.0,71105000.0,15.868,1220803000.0
72,JWN,MRT,2003-06-30,2003-08-02,2003-08-02,2021-09-03,4760000.0,4485535000.0,4293779750.0,2431705000.0,2053830000.0,1.435,5.323,-243118000.0,241940000.0,241940000.0,4123423000.0,171487000.0,2.034,2.101,1291157000.0,6084000.0,1285073000.0,1291157000.0,0.0,245363000.0,0.0,0.019,0.2,369789000.0,615152000.0,0.1,615152000.0,369789000.0,281160000.0,0.635,0.63,0.635,1446309000.0,1384405250.0,1446309000.0,4030718820.0,11.0,6.552,194118000.0,0.714,1.0,2040265000.0,0.331,135714000.0,88629000.0,4203734000.0,4300589750.0,1019467000.0,69627000.0,69627000.0,0.0,3039226000.0,1195304000.0,1843922000.0,2856549820.0,-18590000.0,0.0,10696000.0,-51223000.0,-54184000.0,-85774000.0,-370052000.0,-69627000.0,437236000.0,0.0,171487000.0,171487000.0,171487000.0,0.0,0.0,0.028,1812833000.0,227432000.0,617172000.0,0.315,1.975,16.658,16.559,1820870000.0,0.0,10.515,0.463,0.463,944997000.0,1080002000.0,6163688000.0,6163688000.0,0.0,0.04,0.124,0.086,0.06,2468000.0,1812833000.0,1.0,271664272.0,271688000.0,,22.687,4349821000.0,111127000.0,109673000.0,76192000.0,16.01,1236401000.0
73,JWN,MRT,2003-03-31,2003-05-03,2003-05-03,2021-09-03,4253000.0,4282543000.0,4232500750.0,2229322000.0,2053221000.0,1.426,5.139,-258886000.0,141817000.0,141817000.0,4033029000.0,141951000.0,2.258,2.073,1346877000.0,5615000.0,1341262000.0,1346877000.0,0.0,241476000.0,0.0,0.023,0.195,314382000.0,555858000.0,0.092,555858000.0,314382000.0,232282000.0,0.53,0.525,0.53,1393381000.0,1350946500.0,1393381000.0,3478637785.0,11.0,6.258,109277000.0,0.403,1.0,2001338000.0,0.332,135714000.0,82100000.0,4364650000.0,4275726000.0,1078232000.0,54452000.0,54452000.0,0.0,2889162000.0,987239000.0,1901923000.0,2339351785.0,-90451000.0,-70000000.0,11482000.0,-9954000.0,-52758000.0,-42293000.0,-416321000.0,-54452000.0,368163000.0,0.0,141951000.0,141951000.0,141951000.0,0.0,0.0,0.024,1817452000.0,183886000.0,533074000.0,0.368,1.679,16.48,16.292,1849082000.0,0.0,8.635,0.388,0.388,802709000.0,1027713000.0,6034367000.0,6034367000.0,0.0,0.034,0.105,0.074,0.052,1554000.0,1817452000.0,1.0,270915088.0,271156000.0,,22.254,4146829000.0,109006000.0,90331000.0,32579000.0,15.293,1242083000.0
74,JWN,MRT,2002-12-31,2003-01-31,2003-01-31,2021-09-03,2700000.0,4185269000.0,4170690750.0,2125356000.0,2059913000.0,1.425,5.081,-295751000.0,124253000.0,124253000.0,3970022000.0,90224000.0,2.295,2.049,1350839000.0,5789000.0,1345050000.0,1350839000.0,0.0,233931000.0,0.0,0.026,0.235,264186000.0,498117000.0,0.084,498117000.0,264186000.0,182265000.0,0.335,0.33,0.335,1372864000.0,1323116750.0,1372864000.0,3750858535.0,14.0,7.53,94763000.0,0.351,1.0,1974634000.0,0.332,135714000.0,81921000.0,4350163000.0,4213295000.0,953112000.0,121266000.0,121266000.0,0.0,2812405000.0,925978000.0,1886427000.0,2443276535.0,-229588000.0,-70000000.0,14663000.0,-100889000.0,-51322000.0,-130952000.0,-489150000.0,-121266000.0,390514000.0,0.0,90224000.0,90224000.0,90224000.0,0.0,0.0,0.015,1783210000.0,191424000.0,366244000.0,0.701,1.78,27.08,26.925,1849961000.0,0.0,9.02,0.411,0.41,778831000.0,1014105000.0,5944656000.0,5944656000.0,0.0,0.022,0.068,0.063,0.044,2488000.0,1783210000.0,1.0,270873230.0,270214000.0,271448000.0,22.0,4049555000.0,0.0,92041000.0,337574000.0,14.986,1199378000.0
75,JWN,MRT,2002-09-30,2002-10-31,2002-10-31,2021-09-03,2063000.0,4221772000.0,4137168250.0,2203636000.0,2018136000.0,1.409,4.904,-338116000.0,53658000.0,53658000.0,3886532000.0,80929000.0,2.018,2.186,1348380000.0,4957000.0,1343423000.0,1348380000.0,0.0,223766000.0,0.0,0.023,0.23,246077000.0,469843000.0,0.081,469843000.0,246077000.0,167270000.0,0.305,0.305,0.305,1325067000.0,1308522750.0,1325067000.0,3792375211.0,15.0,8.072,62296000.0,0.231,1.0,1942605000.0,0.333,140609000.0,78807000.0,4283812000.0,4140954750.0,1278932000.0,0.0,0.0,0.0,2896705000.0,1092073000.0,1804632000.0,2691438211.0,35148000.0,-70000000.0,17415000.0,86013000.0,-49876000.0,58483000.0,-423747000.0,0.0,400412000.0,0.0,80929000.0,80929000.0,80929000.0,0.0,0.0,0.014,1762702000.0,179903000.0,702181000.0,0.754,2.031,33.257,32.656,1754288000.0,0.0,9.96,0.462,0.462,721357000.0,967614000.0,5829137000.0,5829137000.0,0.0,0.02,0.062,0.059,0.042,5072000.0,1762702000.0,1.0,270224720.0,270224720.0,,21.571,4081163000.0,0.0,86341000.0,158095000.0,15.103,1111563000.0
76,JWN,MRT,2002-06-30,2002-07-31,2002-07-31,2021-09-03,533000.0,4240419000.0,4075513000.0,2197322000.0,2043097000.0,1.41,4.858,-376264000.0,244544000.0,244544000.0,3851339000.0,72997000.0,1.997,2.231,1348775000.0,4978000.0,1343797000.0,1348775000.0,0.0,220491000.0,0.0,0.024,0.225,229974000.0,450465000.0,0.078,450465000.0,229974000.0,154065000.0,0.275,0.275,0.275,1312474000.0,1295703500.0,1312474000.0,3693009668.0,16.0,8.198,109250000.0,0.404,1.0,1893838000.0,0.33,140227000.0,75909000.0,4104279000.0,4030973250.0,1039365000.0,0.0,0.0,0.0,2927945000.0,1100144000.0,1827801000.0,2552838668.0,209570000.0,-70000000.0,15915000.0,203869000.0,-48430000.0,171354000.0,-447298000.0,0.0,485514000.0,0.0,72997000.0,72997000.0,72997000.0,0.0,0.0,0.013,1727349000.0,166489000.0,688842000.0,0.818,1.945,34.972,34.364,1805861000.0,0.0,9.45,0.444,0.444,772131000.0,962699000.0,5745177000.0,5745177000.0,0.0,0.018,0.056,0.057,0.04,2828000.0,1727349000.0,1.0,270141658.0,270141658.0,,21.267,4100192000.0,0.0,81068000.0,173045000.0,15.178,1097178000.0
77,JWN,MRT,2002-03-31,2002-04-30,2002-04-30,2021-09-03,-3538000.0,4035303000.0,3963446000.0,2026134000.0,2009169000.0,1.422,4.762,-413227000.0,216282000.0,216282000.0,3788212000.0,75361000.0,2.157,2.148,1351614000.0,4675000.0,1346939000.0,1351614000.0,0.0,216273000.0,0.0,0.019,0.225,233954000.0,450227000.0,0.08,450227000.0,233954000.0,158371000.0,0.285,0.285,0.285,1282062000.0,1285189000.0,1282062000.0,4256111220.0,18.0,9.453,115834000.0,0.43,1.0,1847196000.0,0.328,116431000.0,75583000.0,4114926000.0,3919280500.0,994136000.0,0.0,0.0,0.0,2753241000.0,939278000.0,1813963000.0,3158019220.0,200045000.0,0.0,14173000.0,99963000.0,-48334000.0,65802000.0,-394818000.0,0.0,529061000.0,0.0,75361000.0,75361000.0,75361000.0,0.0,0.0,0.013,1687875000.0,159321000.0,565996000.0,0.789,2.463,41.905,41.158,1791676000.0,0.0,11.73,0.56,0.56,670786000.0,938520000.0,5635408000.0,5635408000.0,0.0,0.019,0.059,0.06,0.042,3370000.0,1687875000.0,1.0,269225850.0,269225850.0,,20.932,3918872000.0,0.0,83010000.0,182566000.0,14.556,1086856000.0
78,JWN,MRT,2001-12-31,2002-01-31,2002-01-31,2021-09-03,649000.0,4051179000.0,3881854250.0,2057111000.0,1994068000.0,1.445,4.89,-370643000.0,331327000.0,331327000.0,3763554000.0,124688000.0,2.165,2.082,1429419000.0,78375000.0,1351044000.0,1429419000.0,0.0,213089000.0,0.0,0.014,0.18,279526000.0,492615000.0,0.088,492615000.0,279526000.0,204488000.0,0.465,0.465,0.465,1314488000.0,1275944750.0,1314488000.0,4672225629.0,17.0,9.485,117867000.0,0.438,1.0,1844133000.0,0.329,138331000.0,75038000.0,4060802000.0,3821498250.0,888172000.0,0.0,0.0,0.0,2736691000.0,950138000.0,1786553000.0,3400520629.0,314451000.0,0.0,8327000.0,236452000.0,-48265000.0,196514000.0,-370573000.0,0.0,488510000.0,0.0,124688000.0,124688000.0,124688000.0,0.0,0.0,0.022,1698497000.0,145636000.0,490988000.0,0.387,2.587,27.272,27.204,1761082000.0,0.0,12.65,0.606,0.606,698475000.0,975203000.0,5607687000.0,5607687000.0,0.0,0.032,0.098,0.073,0.05,3867000.0,1698497000.0,1.0,268815860.0,268815860.0,,20.861,3912848000.0,0.0,79800000.0,144402000.0,14.556,1106973000.0
79,JWN,MRT,2001-09-30,2001-10-31,2001-10-31,2021-09-03,1789000.0,3975151000.0,3771185250.0,2021703000.0,1953448000.0,1.501,4.75,-343085000.0,20365000.0,20365000.0,3801979000.0,100997000.0,1.6,2.121,1292070000.0,246629000.0,1045441000.0,1292070000.0,0.0,214176000.0,0.0,0.035,0.25,241325000.0,455501000.0,0.08,455501000.0,241325000.0,165497000.0,0.375,0.375,0.375,1273790000.0,1254714750.0,1273790000.0,3023342068.0,13.0,6.637,-36082000.0,-0.135,1.0,1856796000.0,0.328,139466000.0,75828000.0,3843886000.0,3727437500.0,1161178000.0,0.0,0.0,0.0,2701361000.0,1263504000.0,1437857000.0,1890449068.0,4615000.0,-451000.0,2620000.0,38869000.0,-48226000.0,-6737000.0,-295651000.0,0.0,307003000.0,0.0,100997000.0,100997000.0,100997000.0,0.0,0.0,0.018,1748056000.0,108740000.0,637694000.0,0.667,1.484,18.718,18.8,1732659000.0,0.0,7.05,0.334,0.334,699450000.0,936560000.0,5658775000.0,5658775000.0,0.0,0.027,0.08,0.065,0.043,27000.0,1748056000.0,1.0,268148804.0,268148804.0,,21.103,3835685000.0,0.0,64500000.0,155632000.0,14.304,758199000.0
80,JWN,MRT,2001-06-30,2001-07-31,2001-07-31,2021-09-03,1118000.0,3792151000.0,3719044000.0,1911648000.0,1880503000.0,1.528,4.738,-328847000.0,36829000.0,36829000.0,3788886000.0,87182000.0,1.698,1.985,1169722000.0,128263000.0,1041459000.0,1169722000.0,0.0,212321000.0,0.0,0.022,0.25,216771000.0,429092000.0,0.076,429092000.0,216771000.0,142882000.0,0.32,0.32,0.32,1270416000.0,1240211500.0,1270416000.0,,,,-90581000.0,-0.338,1.0,1893038000.0,0.333,141510000.0,73889000.0,3657508000.0,3688853500.0,1002633000.0,0.0,0.0,0.0,2521735000.0,1126026000.0,1395709000.0,3016674045.0,14136000.0,-83828000.0,-5575000.0,116151000.0,-47750000.0,62826000.0,-286956000.0,0.0,238266000.0,0.0,87182000.0,87182000.0,87182000.0,0.0,0.0,0.015,1792878000.0,100160000.0,601407000.0,0.781,2.375,34.602,35.156,1654852000.0,0.0,11.25,0.531,0.531,749957000.0,938130000.0,5681924000.0,5681924000.0,0.0,0.023,0.07,0.059,0.038,4728000.0,1792878000.0,1.0,268148804.0,268148804.0,,21.189,3650641000.0,0.0,55700000.0,168322000.0,13.614,785622000.0
81,JWN,MRT,2001-03-31,2001-04-30,2001-04-30,2021-09-03,2961000.0,3708936000.0,3600100000.0,1878923000.0,1830013000.0,1.554,,,18092000.0,18092000.0,3702291000.0,93884000.0,1.727,1.979,1263519000.0,230629000.0,1032890000.0,1263519000.0,0.0,,0.0,0.027,0.25,222790000.0,,,,222790000.0,153884000.0,0.35,0.35,0.35,1245085000.0,1211090250.0,1245085000.0,,,,,,1.0,1890909000.0,0.338,142678000.0,68906000.0,3723797000.0,3565046250.0,1052274000.0,0.0,0.0,0.0,2463851000.0,1087888000.0,1375963000.0,,,,,,,,,,,,93884000.0,93884000.0,93884000.0,0.0,0.0,0.017,1771855000.0,119054000.0,538012000.0,0.714,,,26.271,1617244000.0,0.0,9.195,,,689233000.0,911491000.0,5593200000.0,5593200000.0,0.0,0.026,0.078,0.062,0.04,,1771855000.0,1.0,,,,,3566258000.0,0.0,60000000.0,127483000.0,,791035000.0
82,JWN,MRT,2000-12-31,2001-01-31,2001-01-31,2021-09-03,2824000.0,3608503000.0,,1812982000.0,1795521000.0,,,-330347000.0,25259000.0,25259000.0,3649516000.0,101918000.0,1.907,1.935,1195356000.0,95646000.0,1099710000.0,1195356000.0,0.0,204299000.0,0.0,0.024,0.245,229716000.0,434015000.0,0.079,434015000.0,229716000.0,167018000.0,0.39,0.39,0.39,1229568000.0,,1229568000.0,,,,-145060000.0,,1.0,1879021000.0,0.34,143473000.0,62698000.0,3684559000.0,,945687000.0,0.0,0.0,0.0,2378935000.0,950568000.0,1428367000.0,,-1783000.0,-83828000.0,-79741000.0,262201000.0,-45935000.0,136525000.0,-323595000.0,0.0,185287000.0,0.0,101918000.0,101918000.0,101918000.0,0.0,0.0,0.018,1747048000.0,131973000.0,466476000.0,0.628,,,26.141,1599938000.0,0.0,10.195,,,721953000.0,900090000.0,5528537000.0,5528537000.0,0.0,,,,0.042,6480000.0,1747048000.0,1.0,,,,,3465030000.0,0.0,65100000.0,153613000.0,,862414000.0
83,JWN,MRT,2000-09-30,2000-10-31,2000-10-31,2021-09-03,0.0,3766586000.0,,1957993000.0,1808593000.0,,,,15750000.0,15750000.0,,,1.787,2.098,1192223000.0,122203000.0,1070020000.0,1192223000.0,0.0,,0.0,0.021,0.17,,,,,,,,,,1215777000.0,,1215777000.0,,,,,,1.0,,,158042000.0,,3689550000.0,,1186391000.0,1662000.0,1662000.0,0.0,2550809000.0,1095467000.0,1455342000.0,,,,,,,,,,,,,,,,,,,,624011000.0,,,,,1597302000.0,,8.22,,,638936000.0,888724000.0,,,,,,,,,,1.0,,,,,3608544000.0,0.0,,154044000.0,,862526000.0
84,JWN,MRT,2000-06-30,2000-07-31,2000-07-31,2021-09-03,0.0,3316375000.0,,1737668000.0,1578707000.0,,,,22693000.0,22693000.0,,,1.555,1.874,986178000.0,213611000.0,772567000.0,986178000.0,0.0,,0.0,0.019,0.165,,,,,,,,,,1153931000.0,,1153931000.0,,,,,,1.0,,,0.0,,3162279000.0,,944815000.0,22317000.0,9373000.0,12944000.0,2162444000.0,1117581000.0,1044863000.0,,,,,,,,,,,,,,,,,,,,559780000.0,,,,,1528147000.0,,8.75,,,651525000.0,910257000.0,,,,,,,,,,1.0,,,,,3316375000.0,109262000.0,,158462000.0,,620087000.0
85,JWN,MRT,1999-12-31,2000-01-31,2000-01-31,2021-09-03,,,,,,,,-305052000.0,,,3359760000.0,202557000.0,,,,,,,,193718000.0,,0.015,0.16,382453000.0,576171000.0,0.112,576171000.0,382453000.0,332057000.0,0.735,0.73,0.735,,,,,,,64194000.0,,1.0,1789506000.0,0.348,,50396000.0,,,,,,,,,,,-214389000.0,0.0,-293388000.0,-71190000.0,-44463000.0,-393041000.0,-190594000.0,0.0,369246000.0,0.0,202557000.0,202557000.0,202557000.0,0.0,0.0,0.039,1523836000.0,265670000.0,,0.218,,,14.966,,0.0,11.0,,,,,5149266000.0,5149266000.0,0.0,,,,0.074,3331000.0,1523836000.0,1.0,,,,,,,129500000.0,,,
