None,ticker,dimension,calendardate,datekey,reportperiod,lastupdated,accoci,assets,assetsavg,assetsc,assetsnc,assetturnover,bvps,capex,cashneq,cashnequsd,cor,consolinc,currentratio,de,debt,debtc,debtnc,debtusd,deferredrev,depamor,deposits,divyield,dps,ebit,ebitda,ebitdamargin,ebitdausd,ebitusd,ebt,eps,epsdil,epsusd,equity,equityavg,equityusd,ev,evebit,evebitda,fcf,fcfps,fxusd,gp,grossmargin,intangibles,intexp,invcap,invcapavg,inventory,investments,investmentsc,investmentsnc,liabilities,liabilitiesc,liabilitiesnc,marketcap,ncf,ncfbus,ncfcommon,ncfdebt,ncfdiv,ncff,ncfi,ncfinv,ncfo,ncfx,netinc,netinccmn,netinccmnusd,netincdis,netincnci,netmargin,opex,opinc,payables,payoutratio,pb,pe,pe1,ppnenet,prefdivis,price,ps,ps1,receivables,retearn,revenue,revenueusd,rnd,roa,roe,roic,ros,sbcomp,sgna,sharefactor,sharesbas,shareswa,shareswadil,sps,tangibles,taxassets,taxexp,taxliabilities,tbvps,workingcapital
0,STZ,MRY,2021-12-31,2021-02-28,2021-02-28,2021-10-06,-335500000.0,27104800000.0,26836925000.0,3044500000.0,24060300000.0,0.321,70.272,-845700000.0,460600000.0,460600000.0,4148900000.0,2031800000.0,2.399,0.969,10442300000.0,29200000.0,10413100000.0,10442300000.0,0.0,377100000.0,0.0,0.014,3.0,2894800000.0,3271900000.0,0.38,3271900000.0,2894800000.0,2509100000.0,10.44,10.23,10.44,13598900000.0,12416250000.0,13598900000.0,52355214372.0,18.0,16.001,1960800000.0,10.132,1.0,4466000000.0,0.518,10525600000.0,385700000.0,25291800000.0,25631275000.0,1291100000.0,4606500000.0,0.0,4606500000.0,13175700000.0,1269100000.0,11906600000.0,41523614372.0,379200000.0,757200000.0,58900000.0,-1787800000.0,-575000000.0,-2346600000.0,-87900000.0,0.0,2806500000.0,7200000.0,1998000000.0,1998000000.0,1998000000.0,0.0,33800000.0,0.232,1689100000.0,2776900000.0,460000000.0,0.287,3.053,20.783,20.511,5821600000.0,0.0,214.14,4.82,4.81,785300000.0,15117800000.0,8614900000.0,8614900000.0,0.0,0.074,0.161,0.113,0.336,63000000.0,1665100000.0,1.0,193908725.0,193519000,218588000.0,44.517,16579200000.0,2492500000.0,511100000.0,1493500000.0,85.672,1775400000.0
1,STZ,MRY,2020-12-31,2020-02-29,2020-02-29,2021-10-06,-266300000.0,27323200000.0,27730775000.0,3484100000.0,23839100000.0,0.301,63.304,-718200000.0,81400000.0,81400000.0,4191600000.0,21400000.0,1.507,1.224,12184600000.0,973800000.0,11210800000.0,12184600000.0,0.0,414800000.0,0.0,0.017,3.0,-549700000.0,-134900000.0,-0.016,-134900000.0,-549700000.0,-978400000.0,-0.07,-0.07,-0.07,12131800000.0,11848325000.0,12131800000.0,45298517770.0,-82.0,-335.793,1832900000.0,9.564,1.0,4151900000.0,0.498,10476000000.0,428700000.0,26638600000.0,27372375000.0,1373600000.0,4211000000.0,0.0,4211000000.0,14848900000.0,2311800000.0,12537100000.0,33036217770.0,-12200000.0,185300000.0,28200000.0,-1464800000.0,-569200000.0,-2031400000.0,-531000000.0,1500000.0,2551100000.0,-900000.0,-11800000.0,-11800000.0,-11800000.0,0.0,33200000.0,-0.001,2071500000.0,2080400000.0,557600000.0,-42.857,2.723,-2799.679,-2462.571,5333000000.0,0.0,172.38,3.96,3.959,864800000.0,13695300000.0,8343500000.0,8343500000.0,0.0,0.0,-0.001,-0.02,-0.066,60400000.0,1621800000.0,1.0,191647626.0,191642000,191642000.0,43.537,16847200000.0,2656300000.0,-966600000.0,1326300000.0,87.91,1172300000.0
2,STZ,MRY,2019-12-31,2019-02-28,2019-02-28,2021-10-06,-353900000.0,29231500000.0,26079025000.0,3684000000.0,25547500000.0,0.311,65.86,-814000000.0,93600000.0,93600000.0,4035700000.0,3459100000.0,1.164,1.306,13616500000.0,1856700000.0,11759800000.0,13616500000.0,0.0,333100000.0,0.0,0.017,2.96,4488900000.0,4822000000.0,0.594,4822000000.0,4488900000.0,4121800000.0,18.24,17.57,18.24,12551000000.0,11408100000.0,12551000000.0,45556515697.0,10.0,9.448,1432300000.0,7.516,1.0,4080300000.0,0.503,11286900000.0,367100000.0,28303700000.0,23703050000.0,2130400000.0,6700300000.0,0.0,6700300000.0,16394300000.0,3163800000.0,13230500000.0,32117515697.0,3300000.0,-4127100000.0,-441100000.0,3605700000.0,-557700000.0,2593300000.0,-4831800000.0,110200000.0,2246300000.0,-4500000.0,3435900000.0,3435900000.0,3435900000.0,0.0,23200000.0,0.423,1668100000.0,2412200000.0,616700000.0,0.162,2.559,9.348,9.274,5267300000.0,0.0,169.16,3.957,3.972,846900000.0,14276200000.0,8116000000.0,8116000000.0,0.0,0.132,0.301,0.189,0.553,64100000.0,1668100000.0,1.0,189864718.0,190570000,218853000.0,42.588,17944600000.0,2183300000.0,685900000.0,1470700000.0,94.163,520200000.0
3,STZ,MRY,2018-12-31,2018-02-28,2018-02-28,2021-10-06,-202900000.0,20538700000.0,19755900000.0,3474000000.0,17064700000.0,0.384,40.941,-1051700000.0,90300000.0,90300000.0,3767800000.0,2315300000.0,1.703,1.573,10186700000.0,769100000.0,9417600000.0,10186700000.0,0.0,293800000.0,0.0,0.01,2.08,2658100000.0,2951900000.0,0.389,2951900000.0,2658100000.0,2326100000.0,11.96,11.47,11.96,7975100000.0,7821700000.0,7975100000.0,51151856482.0,19.0,17.328,879700000.0,4.516,1.0,3812500000.0,0.503,11387900000.0,332000000.0,17207600000.0,15459825000.0,2084000000.0,793700000.0,0.0,793700000.0,12547000000.0,2039600000.0,10507400000.0,41956156482.0,-87100000.0,-366000000.0,-989100000.0,819700000.0,-400100000.0,-601200000.0,-1423100000.0,0.0,1931400000.0,5800000.0,2303400000.0,2303400000.0,2303400000.0,0.0,11900000.0,0.304,1532700000.0,2279800000.0,592200000.0,0.174,5.261,18.215,18.017,4789700000.0,0.0,215.48,5.535,5.537,776200000.0,9157200000.0,7580300000.0,7580300000.0,0.0,0.117,0.294,0.172,0.351,60900000.0,1532700000.0,1.0,194710212.0,194793000,224081000.0,38.915,9150800000.0,0.0,22700000.0,1089800000.0,46.977,1434400000.0
4,STZ,MRY,2017-12-31,2017-02-28,2017-02-28,2021-10-06,-399800000.0,18602400000.0,18067475000.0,3230000000.0,15372400000.0,0.405,34.579,-905300000.0,177400000.0,177400000.0,3802100000.0,1532700000.0,1.197,1.7,9238100000.0,1517400000.0,7720700000.0,9238100000.0,0.0,237500000.0,0.0,0.01,1.6,2412200000.0,2649700000.0,0.362,2649700000.0,2412200000.0,2078900000.0,7.76,7.49,7.76,6891200000.0,6984900000.0,6891200000.0,39570206662.0,16.0,14.934,790700000.0,3.968,1.0,3519000000.0,0.481,11298200000.0,333300000.0,13667300000.0,12906450000.0,1955100000.0,0.0,0.0,0.0,11717600000.0,2697600000.0,9020000000.0,31135906662.0,94300000.0,-552800000.0,-1063000000.0,1176800000.0,-315100000.0,-134800000.0,-1461800000.0,0.0,1696000000.0,-5100000.0,1528600000.0,1528600000.0,1528600000.0,0.0,4100000.0,0.209,1392400000.0,2126600000.0,559800000.0,0.206,4.518,20.369,20.465,3932800000.0,0.0,158.81,4.253,4.323,737000000.0,7310000000.0,7321100000.0,7321100000.0,0.0,0.085,0.219,0.187,0.329,56100000.0,1392400000.0,1.0,196057595.0,199287000,227452000.0,36.736,7304200000.0,0.0,550300000.0,1133600000.0,36.652,532400000.0
5,STZ,MRY,2016-12-31,2016-02-29,2016-02-29,2021-10-06,-452500000.0,16965000000.0,16010575000.0,2977600000.0,13987400000.0,0.409,33.34,-891300000.0,83100000.0,83100000.0,3606100000.0,1060600000.0,1.31,1.566,8081200000.0,1265000000.0,6816200000.0,8081200000.0,0.0,180300000.0,0.0,0.009,1.24,1809400000.0,1989700000.0,0.304,1989700000.0,1809400000.0,1495500000.0,5.42,5.18,5.42,6559600000.0,6264325000.0,6559600000.0,35090154224.0,19.0,17.636,522400000.0,2.655,1.0,2942300000.0,0.449,10542400000.0,313900000.0,12148400000.0,11905700000.0,1851600000.0,0.0,0.0,0.0,10273200000.0,2272300000.0,8000900000.0,28178454224.0,-27000000.0,-1316400000.0,79200000.0,748600000.0,-241600000.0,776000000.0,-2207400000.0,0.0,1413700000.0,-9300000.0,1054900000.0,1054900000.0,1054900000.0,0.0,5700000.0,0.161,1177200000.0,1765100000.0,429300000.0,0.229,4.296,26.712,26.094,3333400000.0,0.0,141.43,4.303,4.249,732500000.0,6090500000.0,6548400000.0,6548400000.0,0.0,0.066,0.168,0.152,0.276,54000000.0,1177200000.0,1.0,199239583.0,196746000,227184000.0,33.284,6422600000.0,0.0,440600000.0,1055800000.0,32.644,705300000.0
6,STZ,MRY,2015-12-31,2015-02-28,2015-02-28,2021-10-06,-130900000.0,15093000000.0,14893325000.0,2910800000.0,12182200000.0,0.405,29.943,-719400000.0,110100000.0,110100000.0,3449400000.0,836200000.0,2.574,1.596,7296500000.0,210500000.0,7086000000.0,7296500000.0,0.0,202000000.0,0.0,0.0,0.0,1520400000.0,1722400000.0,0.286,1722400000.0,1520400000.0,1182700000.0,4.4,4.17,4.4,5770700000.0,5545025000.0,5770700000.0,29446718889.0,19.0,17.096,361600000.0,1.876,1.0,2578600000.0,0.428,9389200000.0,337700000.0,11759500000.0,10978125000.0,1827200000.0,0.0,0.0,0.0,9211700000.0,1130700000.0,8081000000.0,22195218889.0,46200000.0,-310300000.0,63700000.0,312400000.0,0.0,-16400000.0,-1015900000.0,0.0,1081000000.0,-2500000.0,839300000.0,839300000.0,839300000.0,0.0,-3100000.0,0.139,1078400000.0,1500200000.0,285800000.0,0.0,3.846,26.445,26.073,2681600000.0,0.0,114.72,3.682,3.668,598900000.0,5277500000.0,6028000000.0,6028000000.0,0.0,0.056,0.151,0.138,0.252,55000000.0,1078400000.0,1.0,193472968.0,192722000,224621000.0,31.278,5703800000.0,0.0,343400000.0,847600000.0,29.596,1780100000.0
7,STZ,MRY,2014-12-31,2014-02-28,2014-02-28,2021-10-06,86000000.0,14302100000.0,13053400000.0,2747200000.0,11554900000.0,0.373,26.475,-223500000.0,63900000.0,63900000.0,2876000000.0,1943100000.0,1.356,1.871,7020500000.0,647200000.0,6373300000.0,7020500000.0,0.0,155300000.0,0.0,0.0,0.0,2525500000.0,2680800000.0,0.551,2680800000.0,2525500000.0,2202300000.0,10.45,9.83,10.45,4981300000.0,4319725000.0,4981300000.0,22470113974.0,9.0,8.382,602700000.0,3.203,1.0,1991700000.0,0.409,9377900000.0,323200000.0,9855100000.0,9554650000.0,1743800000.0,0.0,0.0,0.0,9320800000.0,2025700000.0,7295100000.0,15400713974.0,-267600000.0,-4681300000.0,125900000.0,3603700000.0,0.0,3777000000.0,-4863800000.0,0.0,826200000.0,-7000000.0,1943100000.0,1943100000.0,1943100000.0,0.0,0.0,0.399,1196000000.0,795700000.0,295200000.0,0.0,3.092,7.926,7.754,2014300000.0,0.0,81.03,3.164,3.132,626200000.0,4438200000.0,4867700000.0,4867700000.0,0.0,0.149,0.45,0.264,0.519,49900000.0,895100000.0,1.0,190061878.0,188154000,221037000.0,25.871,4924200000.0,0.0,259200000.0,790300000.0,26.171,721500000.0
8,STZ,MRY,2013-12-31,2013-02-28,2013-02-28,2021-10-06,132100000.0,7638100000.0,7752375000.0,2471200000.0,5166900000.0,0.361,15.7,-62100000.0,331500000.0,331500000.0,1687800000.0,387800000.0,3.645,1.67,3305400000.0,27600000.0,3277800000.0,3305400000.0,0.0,115400000.0,0.0,0.0,0.0,743500000.0,858900000.0,0.307,858900000.0,743500000.0,516400000.0,2.15,2.04,2.15,2860300000.0,2638375000.0,2860300000.0,11269140537.0,15.0,13.12,494200000.0,2.713,1.0,1108300000.0,0.396,3593700000.0,227100000.0,6340400000.0,6662350000.0,1480900000.0,0.0,0.0,0.0,4777800000.0,677900000.0,4099900000.0,8124540537.0,245700000.0,-159300000.0,-220300000.0,104400000.0,0.0,-98700000.0,-206800000.0,0.0,556300000.0,-5100000.0,387800000.0,387800000.0,387800000.0,0.0,0.0,0.139,585400000.0,522900000.0,209000000.0,0.0,2.84,20.95,20.577,1229000000.0,0.0,44.24,2.906,2.883,471900000.0,2495100000.0,2796100000.0,2796100000.0,0.0,0.05,0.147,0.112,0.266,40800000.0,585400000.0,1.0,183646938.0,182190000,213839000.0,15.347,4044400000.0,0.0,128600000.0,618500000.0,22.199,1793300000.0
9,STZ,MRY,2012-12-31,2012-02-29,2012-02-29,2021-10-06,173700000.0,7109900000.0,7111300000.0,2034300000.0,5075600000.0,0.373,13.097,-64800000.0,85800000.0,85800000.0,1592200000.0,445000000.0,1.696,1.657,3129500000.0,708100000.0,2421400000.0,3129500000.0,0.0,103800000.0,0.0,0.0,0.0,715000000.0,818800000.0,0.308,818800000.0,715000000.0,534000000.0,2.2,2.13,2.2,2676000000.0,2682050000.0,2676000000.0,7409507384.0,10.0,9.049,719300000.0,3.521,1.0,1062100000.0,0.4,3499300000.0,181000000.0,5454700000.0,5612225000.0,1374500000.0,0.0,0.0,0.0,4433900000.0,1199600000.0,3234300000.0,4360707384.0,76600000.0,-82300000.0,-357700000.0,-226100000.0,0.0,-575100000.0,-135100000.0,20200000.0,784100000.0,2700000.0,445000000.0,445000000.0,445000000.0,0.0,0.0,0.168,575600000.0,486500000.0,130500000.0,0.0,1.63,9.799,9.927,1255800000.0,0.0,21.84,1.643,1.681,437600000.0,2107300000.0,2654300000.0,2654300000.0,0.0,0.063,0.166,0.127,0.269,47600000.0,537500000.0,1.0,199666089.0,204314000,232245000.0,12.991,3610600000.0,0.0,89000000.0,633500000.0,17.672,834700000.0
10,STZ,MRY,2011-12-31,2011-02-28,2011-02-28,2021-10-06,188800000.0,7167600000.0,7799650000.0,2083000000.0,5084600000.0,0.427,12.099,-69600000.0,9200000.0,9200000.0,2141900000.0,559500000.0,3.142,1.809,3236300000.0,99600000.0,3136700000.0,3236300000.0,0.0,124700000.0,0.0,0.0,0.0,746300000.0,871000000.0,0.261,871000000.0,746300000.0,551000000.0,2.68,2.62,2.68,2551900000.0,2499550000.0,2551900000.0,7966786296.0,11.0,9.147,550100000.0,2.608,1.0,1190100000.0,0.357,3506100000.0,195300000.0,6225700000.0,6685625000.0,1369300000.0,0.0,0.0,0.0,4615700000.0,662900000.0,3952800000.0,4256186296.0,-34300000.0,219700000.0,-234700000.0,-618400000.0,0.0,-846100000.0,188100000.0,30300000.0,619700000.0,4000000.0,559500000.0,559500000.0,559500000.0,0.0,0.0,0.168,687600000.0,502500000.0,129200000.0,0.0,1.668,7.607,7.582,1219600000.0,0.0,20.32,1.277,1.286,417400000.0,1662300000.0,3332000000.0,3332000000.0,0.0,0.072,0.224,0.112,0.224,46000000.0,640900000.0,1.0,209457987.0,210910000,237451000.0,15.798,3661500000.0,0.0,-8500000.0,597300000.0,17.36,1420100000.0
11,STZ,MRY,2010-12-31,2010-02-28,2010-02-28,2021-10-06,587200000.0,8094300000.0,8414575000.0,2589100000.0,5505200000.0,0.4,11.719,-90500000.0,43500000.0,43500000.0,2220000000.0,99300000.0,1.886,2.142,3835500000.0,558400000.0,3277100000.0,3835500000.0,0.0,155900000.0,0.0,0.0,0.0,524400000.0,680300000.0,0.202,680300000.0,524400000.0,259300000.0,0.46,0.45,0.46,2576300000.0,2528500000.0,2576300000.0,7384671868.0,14.0,10.855,312100000.0,1.42,1.0,1144800000.0,0.34,3495600000.0,265100000.0,7018100000.0,7441675000.0,1879900000.0,0.0,0.0,0.0,5518000000.0,1372600000.0,4145400000.0,3337771868.0,30400000.0,349600000.0,19500000.0,-675700000.0,0.0,-623100000.0,256600000.0,-900000.0,402600000.0,-5700000.0,99300000.0,99300000.0,99300000.0,0.0,0.0,0.03,833300000.0,311500000.0,268800000.0,0.0,1.296,33.613,32.696,1567200000.0,0.0,15.04,0.992,0.983,514700000.0,1102800000.0,3364800000.0,3364800000.0,0.0,0.012,0.039,0.07,0.156,56300000.0,682500000.0,1.0,221926321.0,219831000,244946000.0,15.306,4598700000.0,0.0,160000000.0,580000000.0,20.919,1216500000.0
12,STZ,MRY,2009-12-31,2009-02-28,2009-02-28,2021-10-06,94200000.0,8036500000.0,9180775000.0,2534500000.0,5502000000.0,0.398,8.767,-103200000.0,13100000.0,13100000.0,2424600000.0,-301400000.0,1.911,3.211,4433600000.0,462500000.0,3971100000.0,4433600000.0,0.0,157000000.0,0.0,0.0,0.0,216200000.0,373200000.0,0.102,373200000.0,216200000.0,-106800000.0,-1.4,-1.4,-1.4,1908300000.0,2451475000.0,1908300000.0,7455898682.0,34.0,19.978,403700000.0,1.855,1.0,1230000000.0,0.337,3615600000.0,323000000.0,7515000000.0,8403500000.0,1828700000.0,0.0,0.0,0.0,6128200000.0,1326400000.0,4801800000.0,2855198682.0,-7400000.0,204300000.0,39900000.0,-687300000.0,0.0,-647400000.0,128600000.0,17600000.0,506900000.0,4500000.0,-301400000.0,-301400000.0,-301400000.0,0.0,0.0,-0.082,1200400000.0,29600000.0,288700000.0,0.0,1.496,-9.473,-9.321,1547500000.0,0.0,13.05,0.781,0.777,524600000.0,1003500000.0,3654600000.0,3654600000.0,0.0,-0.033,-0.123,0.026,0.059,46100000.0,832000000.0,1.0,218789171.0,217659000,217659000.0,16.79,4420900000.0,0.0,194600000.0,601200000.0,20.311,1208100000.0
13,STZ,MRY,2008-12-31,2008-02-29,2008-02-29,2021-10-06,736000000.0,10052800000.0,9950925000.0,3199000000.0,6853800000.0,0.379,12.633,-124400000.0,20500000.0,20500000.0,2491500000.0,-613300000.0,1.862,2.635,5257500000.0,608800000.0,4648700000.0,5257500000.0,0.0,165900000.0,0.0,0.0,0.0,-92300000.0,73600000.0,0.02,73600000.0,-92300000.0,-440600000.0,-2.83,-2.83,-2.83,2765900000.0,3148925000.0,2765900000.0,8821139218.0,-96.0,119.852,395400000.0,1.806,1.0,1281500000.0,0.34,4313900000.0,348300000.0,9257600000.0,8745825000.0,2179500000.0,0.0,0.0,0.0,7286900000.0,1718300000.0,5568600000.0,4142239218.0,-13000000.0,-983900000.0,-493800000.0,1046800000.0,0.0,584900000.0,-1112900000.0,-4600000.0,519800000.0,-4800000.0,-613300000.0,-613300000.0,-613300000.0,0.0,0.0,-0.163,1631700000.0,-350200000.0,349400000.0,0.0,1.498,-6.754,-6.788,2035000000.0,0.0,19.21,1.098,1.115,731600000.0,1306000000.0,3773000000.0,3773000000.0,0.0,-0.062,-0.195,-0.011,-0.024,32000000.0,800800000.0,1.0,215629319.0,218947000,218947000.0,17.232,5738900000.0,0.0,172700000.0,598200000.0,26.211,1480700000.0
14,STZ,MRY,2007-12-31,2007-02-28,2007-02-28,2021-10-06,349100000.0,9438200000.0,9100925000.0,3023300000.0,6414900000.0,0.573,14.936,-182200000.0,33500000.0,33500000.0,3692500000.0,331900000.0,1.9,1.762,4185500000.0,470600000.0,3714900000.0,4185500000.0,0.0,139300000.0,0.0,0.0,0.0,804000000.0,943300000.0,0.181,943300000.0,804000000.0,535300000.0,1.44,1.38,1.44,3417500000.0,3258100000.0,3417500000.0,9789914422.0,12.0,10.378,131000000.0,0.573,1.0,1523900000.0,0.292,4219300000.0,268700000.0,7779800000.0,7426850000.0,1948100000.0,0.0,0.0,0.0,6020700000.0,1591100000.0,4429600000.0,5498714422.0,22600000.0,-1068900000.0,-94100000.0,941800000.0,0.0,925200000.0,-1197100000.0,55100000.0,313200000.0,-18700000.0,331900000.0,327000000.0,327000000.0,0.0,0.0,0.063,824900000.0,699000000.0,376100000.0,0.0,1.609,16.816,16.292,1750200000.0,4900000.0,23.46,1.054,1.029,881000000.0,1919300000.0,5216400000.0,5216400000.0,0.0,0.036,0.1,0.108,0.154,16500000.0,768800000.0,1.0,234386804.0,228806000,263612000.0,22.798,5218900000.0,0.0,203400000.0,547800000.0,22.809,1432200000.0
15,STZ,MRY,2006-12-31,2006-02-28,2006-02-28,2021-10-06,247400000.0,7400600000.0,7516980500.0,2700900000.0,4699700000.0,0.612,13.474,-12800000.0,10900000.0,10900000.0,3278900000.0,325300000.0,2.081,1.487,2809800000.0,294000000.0,2515800000.0,2809800000.0,0.0,128100000.0,0.0,0.0,0.0,666900000.0,795000000.0,0.173,795000000.0,666900000.0,477300000.0,1.44,1.36,1.44,2975200000.0,2864537500.0,2975200000.0,8753594127.0,13.0,11.011,423200000.0,1.917,1.0,1324600000.0,0.288,3077500000.0,189600000.0,5823900000.0,6060262750.0,1704400000.0,0.0,0.0,0.0,4425400000.0,1298100000.0,3127300000.0,5834763127.0,-6700000.0,-31100000.0,6300000.0,-454200000.0,0.0,-426200000.0,-15600000.0,33200000.0,436000000.0,-900000.0,325300000.0,315500000.0,315500000.0,0.0,0.0,0.069,658500000.0,666100000.0,312800000.0,0.0,1.961,18.494,18.292,1425300000.0,9800000.0,26.34,1.267,1.263,771900000.0,1592300000.0,4603500000.0,4603500000.0,0.0,0.042,0.11,0.11,0.145,7500000.0,612400000.0,1.0,221517203.0,220811000,262611000.0,20.848,4323100000.0,0.0,152000000.0,447900000.0,19.578,1402800000.0
16,STZ,MRY,2005-12-31,2005-02-28,2005-02-28,2021-10-06,431843000.0,7804172000.0,6272195000.0,2734035000.0,5070137000.0,0.652,12.898,-106000000.0,17635000.0,17635000.0,2947000000.0,276500000.0,2.402,1.807,3289276000.0,84569000.0,3204707000.0,3289276000.0,0.0,103700000.0,0.0,0.0,0.0,569700000.0,673400000.0,0.165,673400000.0,569700000.0,432000000.0,1.25,1.19,1.25,2779913000.0,2535252000.0,2779913000.0,7816106711.0,14.0,11.607,214700000.0,0.996,1.0,1140600000.0,0.279,3128319000.0,137700000.0,6809407000.0,4930996250.0,1607735000.0,0.0,0.0,0.0,5024259000.0,1138087000.0,3886172000.0,5800279711.0,-19500000.0,-1055100000.0,4700000.0,841100000.0,0.0,884200000.0,-1222900000.0,-61800000.0,320700000.0,-1500000.0,276500000.0,266700000.0,266700000.0,0.0,0.0,0.065,572700000.0,567900000.0,345254000.0,0.0,2.086,21.748,21.412,1596367000.0,9800000.0,26.765,1.419,1.411,849642000.0,1276853000.0,4087600000.0,4087600000.0,0.0,0.043,0.105,0.116,0.139,100000.0,555700000.0,1.0,216711366.0,215532000,257103000.0,18.965,4675853000.0,0.0,155500000.0,464242000.0,21.694,1595948000.0
17,STZ,MRY,2004-12-31,2004-02-29,2004-02-29,2021-10-06,372302000.0,5558673000.0,5435149750.0,2071471000.0,3487202000.0,0.654,11.805,-91645000.0,37136000.0,37136000.0,2576641000.0,220414000.0,2.012,1.338,2047890000.0,269037000.0,1778853000.0,2047890000.0,0.0,101954000.0,0.0,0.0,0.0,489080000.0,591034000.0,0.166,591034000.0,489080000.0,344397000.0,1.08,1.03,1.08,2377619000.0,1979236500.0,2377619000.0,5522509028.0,11.0,9.344,248662000.0,1.235,1.0,975788000.0,0.275,2285615000.0,144683000.0,4254010000.0,4438645500.0,1261378000.0,0.0,0.0,0.0,3181054000.0,1029802000.0,2151252000.0,3356191028.0,23326000.0,-1067691000.0,429567000.0,282865000.0,0.0,745154000.0,-1158487000.0,849000.0,340307000.0,96352000.0,220414000.0,214668000.0,214668000.0,0.0,0.0,0.06,488431000.0,487357000.0,270291000.0,0.0,1.412,15.634,14.676,1097362000.0,5746000.0,15.85,0.945,0.899,635910000.0,1010193000.0,3552429000.0,3552429000.0,0.0,0.039,0.108,0.11,0.138,233000.0,457277000.0,1.0,211747068.0,201404000,213897000.0,17.638,3273058000.0,0.0,123983000.0,235875000.0,16.251,1041669000.0
18,STZ,MRY,2003-12-31,2003-02-28,2003-02-28,2021-10-06,-59257000.0,3196330000.0,3203964750.0,1330101000.0,1866229000.0,0.853,6.538,-70287000.0,13810000.0,13810000.0,1970897000.0,203306000.0,2.273,1.72,1265518000.0,73887000.0,1191631000.0,1265518000.0,0.0,60089000.0,0.0,0.0,0.0,440323000.0,500412000.0,0.183,500412000.0,440323000.0,334936000.0,1.15,1.1,1.15,1174984000.0,1102566250.0,1174984000.0,3552974547.0,8.0,7.1,165766000.0,0.922,1.0,760715000.0,0.278,1104651000.0,105387000.0,2758179000.0,2805922750.0,819912000.0,0.0,0.0,0.0,2021346000.0,585208000.0,1436138000.0,2228800547.0,4849000.0,-1674000.0,2885000.0,-193075000.0,0.0,-161484000.0,-71961000.0,0.0,236053000.0,2241000.0,203306000.0,203306000.0,203306000.0,0.0,0.0,0.074,355757000.0,404958000.0,171073000.0,0.0,1.897,10.963,10.709,602469000.0,0.0,12.315,0.816,0.81,399095000.0,795525000.0,2731612000.0,2731612000.0,0.0,0.063,0.184,0.157,0.161,100000.0,350993000.0,1.0,180982586.0,179712000,185493000.0,15.2,2091679000.0,0.0,131630000.0,181660000.0,11.639,744893000.0
19,STZ,MRY,2002-12-31,2002-02-28,2002-02-28,2021-10-06,-35222000.0,3069385000.0,2960820000.0,1231248000.0,1838137000.0,0.88,5.589,-35333000.0,8961000.0,8961000.0,1911598000.0,136421000.0,2.069,2.212,1429567000.0,136384000.0,1293183000.0,1429567000.0,0.0,85404000.0,0.0,0.0,0.0,341558000.0,426962000.0,0.164,426962000.0,341558000.0,227369000.0,0.8,0.775,0.8,955736000.0,870505250.0,955736000.0,3867548360.0,11.0,9.058,177966000.0,1.041,1.0,695160000.0,0.267,1094070000.0,114189000.0,2800711000.0,3493826500.0,777586000.0,0.0,0.0,0.0,2113649000.0,595210000.0,1518439000.0,2378382360.0,-136711000.0,-550114000.0,153465000.0,38423000.0,0.0,236915000.0,-585447000.0,0.0,213299000.0,-1478000.0,136421000.0,136421000.0,136421000.0,0.0,0.0,0.052,355269000.0,339891000.0,153433000.0,0.0,2.489,17.434,16.984,578764000.0,0.0,13.588,0.912,0.891,383922000.0,592219000.0,2606758000.0,2606758000.0,0.0,0.046,0.157,0.098,0.131,101000.0,355269000.0,1.0,175041940.0,171010000,175650000.0,15.243,1975315000.0,0.0,90948000.0,223384000.0,11.551,636038000.0
20,STZ,MRY,2001-12-31,2001-02-28,2001-02-28,2021-10-06,-26004000.0,2512169000.0,2411279500.0,1190989000.0,1321180000.0,0.923,4.195,-66208000.0,145672000.0,145672000.0,1647081000.0,97342000.0,2.788,3.076,1365797000.0,58360000.0,1307437000.0,1365797000.0,0.0,70383000.0,0.0,0.0,0.0,270868000.0,341251000.0,0.153,341251000.0,270868000.0,162237000.0,0.665,0.65,0.665,616268000.0,569679500.0,616268000.0,2458706970.0,9.0,7.205,37567000.0,0.256,1.0,578939000.0,0.26,0.0,108631000.0,3305134000.0,3157304750.0,670018000.0,0.0,0.0,0.0,1895901000.0,427160000.0,1468741000.0,1178104970.0,111364000.0,-4459000.0,1547000.0,68083000.0,0.0,83436000.0,-70667000.0,0.0,103775000.0,-5180000.0,97342000.0,97342000.0,97342000.0,0.0,0.0,0.044,308071000.0,270868000.0,114793000.0,0.0,1.912,12.103,12.002,548614000.0,0.0,7.981,0.529,0.527,314262000.0,455798000.0,2226020000.0,2226020000.0,0.0,0.04,0.171,0.086,0.122,280000.0,308071000.0,1.0,147609080.0,146892000,149502000.0,15.154,2512169000.0,0.0,64895000.0,187928000.0,17.102,763829000.0
21,STZ,MRY,2000-12-31,2000-02-29,2000-02-29,2021-10-06,-4149000.0,2348791000.0,2317171000.0,995997000.0,1352794000.0,1.01,3.606,-42770000.0,34308000.0,34308000.0,1618009000.0,77375000.0,2.273,3.51,1317922000.0,80787000.0,1237135000.0,1317922000.0,0.0,64723000.0,0.0,0.0,0.0,235041000.0,299764000.0,0.128,299764000.0,235041000.0,128959000.0,0.535,0.525,0.535,520840000.0,483755500.0,520840000.0,2271844037.0,10.0,7.579,105285000.0,0.729,1.0,722460000.0,0.309,0.0,106082000.0,3194188000.0,3110916000.0,615700000.0,0.0,0.0,0.0,1827951000.0,438217000.0,1389734000.0,888008037.0,6663000.0,-452910000.0,1428000.0,350771000.0,0.0,355557000.0,-495680000.0,0.0,148055000.0,-1269000.0,77375000.0,77375000.0,77375000.0,0.0,0.0,0.033,487419000.0,235041000.0,122213000.0,0.0,1.705,11.477,11.449,542971000.0,0.0,6.125,0.379,0.378,291108000.0,358456000.0,2340469000.0,2340469000.0,0.0,0.033,0.16,0.076,0.1,856000.0,481909000.0,1.0,144980904.0,144432000,147992000.0,16.205,2348791000.0,0.0,51584000.0,146893000.0,16.262,557780000.0
22,STZ,MRY,1999-12-31,1999-02-28,1999-02-28,2021-10-06,-4173000.0,1793776000.0,1268040500.0,855739000.0,938037000.0,1.181,2.974,-49426000.0,27645000.0,27645000.0,1049309000.0,50472000.0,2.061,3.121,925422000.0,93733000.0,831689000.0,925422000.0,0.0,38590000.0,0.0,0.0,0.0,134455000.0,173045000.0,0.116,173045000.0,134455000.0,92993000.0,0.345,0.338,0.345,435272000.0,424611000.0,435272000.0,1383559410.0,10.0,7.995,57819000.0,0.395,1.0,448034000.0,0.299,0.0,41462000.0,2276281000.0,1460809250.0,508571000.0,0.0,0.0,0.0,1358504000.0,415272000.0,943232000.0,955696410.0,26413000.0,-332932000.0,-43038000.0,339973000.0,0.0,301018000.0,-382358000.0,0.0,107245000.0,508000.0,50472000.0,50472000.0,50472000.0,0.0,0.0,0.034,302142000.0,145892000.0,122746000.0,0.0,2.196,18.935,19.341,428803000.0,0.0,6.673,0.638,0.652,260433000.0,281081000.0,1497343000.0,1497343000.0,0.0,0.04,0.119,0.092,0.09,144000.0,299526000.0,1.0,143229136.0,146348000,150028000.0,10.231,1793776000.0,0.0,42521000.0,137521000.0,12.257,440467000.0
23,STZ,MRY,1998-12-31,1998-02-28,1998-02-28,2021-10-06,0.0,1090555000.0,1059169000.0,581734000.0,508821000.0,1.145,2.848,-18651000.0,1232000.0,1232000.0,869038000.0,47130000.0,2.003,1.563,425236000.0,116018000.0,309218000.0,425236000.0,0.0,33161000.0,0.0,0.0,0.0,112070000.0,145231000.0,0.12,145231000.0,112070000.0,79881000.0,0.315,0.309,0.315,425427000.0,392459000.0,425427000.0,1517082244.0,14.0,10.446,10104000.0,0.068,1.0,343750000.0,0.283,0.0,32189000.0,1224092000.0,1178321750.0,411424000.0,0.0,0.0,0.0,665128000.0,290467000.0,374661000.0,1042961244.0,-8778000.0,0.0,-7977000.0,-12681000.0,0.0,-18882000.0,-18651000.0,0.0,28755000.0,0.0,47130000.0,47130000.0,47130000.0,0.0,0.0,0.039,231680000.0,112070000.0,52055000.0,0.0,2.452,22.129,22.123,244035000.0,0.0,6.969,0.86,0.858,142615000.0,230609000.0,1212788000.0,1212788000.0,0.0,0.044,0.12,0.095,0.092,1747000.0,231680000.0,1.0,149662600.0,149376000,152840000.0,8.119,1090555000.0,0.0,32751000.0,76735000.0,7.301,291267000.0
24,STZ,MRY,1997-12-31,1997-02-28,1997-02-28,2021-10-06,0.0,1020901000.0,1037740500.0,501015000.0,519886000.0,1.094,2.358,-22475000.0,10010000.0,10010000.0,812812000.0,46183000.0,2.032,1.799,436351000.0,97467000.0,338884000.0,436351000.0,0.0,31839000.0,0.0,0.0,0.0,113210000.0,145049000.0,0.128,145049000.0,113210000.0,79160000.0,0.299,0.296,0.299,364733000.0,360619500.0,364733000.0,1096002052.0,10.0,7.556,85293000.0,0.551,1.0,322201000.0,0.284,0.0,34050000.0,1200669000.0,1215828500.0,326626000.0,0.0,0.0,0.0,656168000.0,246573000.0,409595000.0,580501052.0,6671000.0,-13848000.0,-19767000.0,-45024000.0,0.0,-64774000.0,-36323000.0,0.0,107768000.0,0.0,46183000.0,46183000.0,46183000.0,0.0,0.0,0.041,208991000.0,113210000.0,55892000.0,0.0,1.592,12.57,12.855,249552000.0,0.0,3.844,0.511,0.524,142592000.0,170275000.0,1135013000.0,1135013000.0,0.0,0.045,0.128,0.093,0.1,275000.0,208991000.0,1.0,151024664.0,154664000,156168000.0,7.339,1020901000.0,0.0,32977000.0,78453000.0,6.601,254442000.0
25,STZ,MRY,1996-12-31,1996-02-29,1996-02-29,2021-10-06,0.0,1054580000.0,,518020000.0,536560000.0,,2.227,-15522000.0,3339000.0,3339000.0,396208000.0,3322000.0,1.727,1.958,479713000.0,152097000.0,327616000.0,479713000.0,0.0,13958000.0,0.0,0.0,0.0,24001000.0,37959000.0,0.071,37959000.0,24001000.0,6703000.0,0.021,0.021,0.021,356506000.0,,356506000.0,,,,-100355000.0,-0.627,1.0,138816000.0,0.259,0.0,17298000.0,1230988000.0,,341838000.0,0.0,0.0,0.0,698074000.0,299966000.0,398108000.0,,-841000.0,-11307000.0,656000.0,109941000.0,0.0,110821000.0,-26829000.0,0.0,-84833000.0,0.0,3322000.0,3322000.0,3322000.0,0.0,0.0,0.006,114815000.0,24001000.0,59730000.0,0.0,,,226.19,250638000.0,0.0,4.75,,1.421,142471000.0,142600000.0,535024000.0,535024000.0,0.0,,,,0.045,0.0,112411000.0,1.0,,160050136,160050136.0,3.343,1054580000.0,0.0,3381000.0,77893000.0,6.589,218054000.0
26,STZ,MRY,1995-12-31,1995-08-31,1995-08-31,2021-10-06,,,,,,,,-35785000.0,,,653811000.0,41020000.0,,,,,,,,20712000.0,,0.0,0.0,91299000.0,112011000.0,0.124,112011000.0,91299000.0,66698000.0,0.273,0.27,0.273,,,,,,,37533000.0,0.25,1.0,252733000.0,0.279,,24601000.0,,,,,,,,,,,2685000.0,-28300000.0,104033000.0,-111906000.0,0.0,-6548000.0,-64085000.0,0.0,73318000.0,0.0,41020000.0,41020000.0,41020000.0,0.0,0.0,0.045,161434000.0,91299000.0,,0.0,,,21.635,,0.0,5.906,,0.979,,,906544000.0,906544000.0,0.0,,,,0.101,0.0,159196000.0,1.0,,150208000,152040000.0,6.035,,,25678000.0,,,
27,STZ,MRY,1994-12-31,1994-08-31,1994-08-31,2021-10-06,,,,,,,,-7853000.0,,,447211000.0,11733000.0,,,,,,,,13815000.0,,0.0,0.0,36980000.0,50795000.0,0.081,50795000.0,36980000.0,18924000.0,0.092,0.092,0.092,,,,,,,19326000.0,0.153,1.0,182373000.0,0.29,,18056000.0,,,,,,,,,,,-2223000.0,-9097000.0,1056000.0,-13515000.0,0.0,-12452000.0,-16950000.0,0.0,27179000.0,0.0,11733000.0,11733000.0,11733000.0,0.0,0.0,0.019,145393000.0,36980000.0,,0.0,,,41.44,,0.0,3.812,,0.765,,,629584000.0,629584000.0,0.0,,,,0.059,0.0,121388000.0,1.0,,126268664,131212784.0,4.986,,,7191000.0,,,
0,STZ,MRQ,2021-09-30,2021-08-31,2021-08-31,2021-10-06,-290400000.0,25340300000.0,,2943700000.0,22396600000.0,,58.702,-239000000.0,103400000.0,103400000.0,1141400000.0,11900000.0,1.346,1.234,10573500000.0,491800000.0,10081700000.0,10573500000.0,0.0,106700000.0,0.0,0.014,0.76,228600000.0,335300000.0,0.141,335300000.0,228600000.0,132800000.0,0.01,0.01,0.01,11192700000.0,,11192700000.0,50497508772.0,33.0,26.441,570900000.0,2.994,1.0,1229700000.0,0.519,10528600000.0,95800000.0,23094700000.0,,1339000000.0,3307600000.0,0.0,3307600000.0,13815700000.0,2187100000.0,11628600000.0,40557108772.0,-400400000.0,-20500000.0,-893800000.0,97100000.0,-142600000.0,-949900000.0,-260500000.0,0.0,809900000.0,100000.0,1500000.0,1500000.0,1500000.0,0.0,10400000.0,0.001,490500000.0,739200000.0,840400000.0,76.0,3.624,53.562,53.453,5505400000.0,0.0,211.14,4.615,4.581,972800000.0,13922200000.0,2371100000.0,2371100000.0,0.0,,,,,20000000.0,490500000.0,1.0,192086335.0,190669000,215752000.0,12.436,14811700000.0,2448000000.0,131300000.0,1546900000.0,77.683,756600000.0
1,STZ,MRQ,2021-06-30,2021-05-31,2021-05-31,2021-10-06,-236600000.0,26192400000.0,,3313100000.0,22879300000.0,,63.253,-113100000.0,503800000.0,503800000.0,907200000.0,-897300000.0,1.606,1.109,10444200000.0,529400000.0,9914800000.0,10444200000.0,0.0,95700000.0,0.0,0.013,0.76,-834900000.0,-739200000.0,-0.365,-739200000.0,-834900000.0,-921600000.0,-4.74,-4.74,-4.74,12261600000.0,,12261600000.0,56494023840.0,28.0,23.4,602900000.0,3.11,1.0,1119300000.0,0.552,10540700000.0,86700000.0,23529300000.0,,1377600000.0,3732400000.0,0.0,3732400000.0,13594800000.0,2062800000.0,11532000000.0,46512323840.0,43200000.0,-3500000.0,-388300000.0,-1100000.0,-146700000.0,-556500000.0,-116600000.0,0.0,716000000.0,300000.0,-908100000.0,-908100000.0,-908100000.0,0.0,10800000.0,-0.448,1044200000.0,75100000.0,821100000.0,-0.16,3.793,36.687,36.211,5392200000.0,0.0,239.72,5.36,5.355,922800000.0,14063600000.0,2026500000.0,2026500000.0,0.0,,,,,16000000.0,378300000.0,1.0,194027715.0,193849000,193849000.0,10.454,15651700000.0,2591000000.0,-13500000.0,1617200000.0,80.742,1250300000.0
2,STZ,MRQ,2021-03-31,2021-02-28,2021-02-28,2021-10-06,-335500000.0,27104800000.0,,3044500000.0,24060300000.0,,70.106,-396300000.0,460600000.0,460600000.0,959300000.0,390600000.0,2.399,0.969,10442300000.0,29200000.0,10413100000.0,10442300000.0,0.0,94900000.0,0.0,0.014,0.75,567400000.0,662300000.0,0.339,662300000.0,567400000.0,477600000.0,2.0,1.95,2.0,13598900000.0,,13598900000.0,52355214372.0,18.0,16.001,46600000.0,0.24,1.0,993700000.0,0.509,10525600000.0,89800000.0,25291800000.0,,1291100000.0,4606500000.0,0.0,4606500000.0,13175700000.0,1269100000.0,11906600000.0,41523614372.0,307700000.0,951600000.0,15700000.0,-551300000.0,-143800000.0,-691900000.0,555300000.0,0.0,442900000.0,1400000.0,382900000.0,382900000.0,382900000.0,0.0,7700000.0,0.196,453300000.0,540400000.0,460000000.0,0.375,3.053,20.783,20.511,5821600000.0,0.0,214.14,4.82,4.81,785300000.0,15117800000.0,1953000000.0,1953000000.0,0.0,,,,,11000000.0,453300000.0,1.0,193908725.0,193975000,219197000.0,10.068,16579200000.0,2492500000.0,94700000.0,1493500000.0,85.471,1775400000.0
3,STZ,MRQ,2020-12-31,2020-11-30,2020-11-30,2021-10-06,-357400000.0,27630600000.0,,3447100000.0,24183500000.0,,68.674,-189700000.0,152900000.0,152900000.0,1169900000.0,1292000000.0,1.689,1.05,10984500000.0,568400000.0,10416100000.0,10984500000.0,0.0,98200000.0,0.0,0.015,0.75,1553200000.0,1651400000.0,0.677,1651400000.0,1553200000.0,1457500000.0,6.68,6.55,6.68,13312100000.0,,13312100000.0,51287852311.0,18.0,15.605,729000000.0,3.761,1.0,1268200000.0,0.52,10528700000.0,95700000.0,25892100000.0,,1376900000.0,4496100000.0,0.0,4496100000.0,13978100000.0,2041400000.0,11936700000.0,39891852311.0,-51700000.0,1800000.0,11200000.0,-637600000.0,-143600000.0,-782600000.0,-187900000.0,0.0,918700000.0,100000.0,1280900000.0,1280900000.0,1280900000.0,0.0,11100000.0,0.525,484800000.0,783400000.0,732100000.0,0.112,2.997,19.812,19.567,5580700000.0,0.0,205.84,4.658,4.659,915400000.0,14879100000.0,2438100000.0,2438100000.0,0.0,,,,,18000000.0,463800000.0,1.0,193800293.0,193845000,218718000.0,12.578,17101900000.0,2563000000.0,176600000.0,1520600000.0,88.225,1405700000.0
4,STZ,MRQ,2020-09-30,2020-08-31,2020-08-31,2021-10-06,-815500000.0,26462500000.0,,3537200000.0,22925300000.0,,60.446,-133200000.0,204600000.0,204600000.0,1044600000.0,521800000.0,1.852,1.237,11600600000.0,533800000.0,11066800000.0,11600600000.0,0.0,92100000.0,0.0,0.016,0.75,747700000.0,839800000.0,0.372,839800000.0,747700000.0,647500000.0,2.68,2.62,2.68,11688000000.0,,11688000000.0,47474020658.0,41.0,30.799,625200000.0,3.233,1.0,1215800000.0,0.538,10455700000.0,100200000.0,25492900000.0,,1328400000.0,3695900000.0,0.0,3695900000.0,14458700000.0,1909900000.0,12548800000.0,35602820658.0,-98200000.0,-23900000.0,27600000.0,-577000000.0,-143700000.0,-703100000.0,-156200000.0,0.0,758400000.0,2700000.0,512100000.0,512100000.0,512100000.0,0.0,9700000.0,0.227,377100000.0,838700000.0,651200000.0,0.28,3.046,32.573,32.139,5184900000.0,0.0,184.48,4.381,4.39,926300000.0,13742200000.0,2260400000.0,2260400000.0,0.0,,,,,19400000.0,399100000.0,1.0,192990138.0,193362000,218426000.0,11.69,16006800000.0,2574800000.0,135400000.0,1482000000.0,82.782,1627300000.0
5,STZ,MRQ,2020-06-30,2020-05-31,2020-05-31,2021-10-06,-1022400000.0,26149800000.0,,3396200000.0,22753600000.0,,57.367,-126500000.0,302800000.0,302800000.0,975100000.0,-172600000.0,1.938,1.335,12174000000.0,534700000.0,11639300000.0,12174000000.0,0.0,91900000.0,0.0,0.017,0.75,26500000.0,118400000.0,0.06,118400000.0,26500000.0,-73500000.0,-0.94,-0.94,-0.94,11066000000.0,,11066000000.0,45406815831.0,-219.0,238.606,560000000.0,2.903,1.0,988300000.0,0.503,10420300000.0,100000000.0,25848300000.0,,1332600000.0,3695200000.0,0.0,3695200000.0,14772200000.0,1752400000.0,13019800000.0,33303615831.0,221400000.0,-172300000.0,4400000.0,-21900000.0,-143900000.0,-169000000.0,-299100000.0,0.0,686500000.0,3000000.0,-177900000.0,-177900000.0,-177900000.0,0.0,5300000.0,-0.091,378300000.0,610000000.0,505500000.0,-0.798,3.01,597.911,595.517,5098200000.0,0.0,172.7,4.057,4.058,700500000.0,13374100000.0,1963400000.0,1963400000.0,0.0,,,,,14600000.0,353300000.0,1.0,192840856.0,192897000,192897000.0,10.178,15729500000.0,2599500000.0,104400000.0,1380500000.0,81.544,1643800000.0
6,STZ,MRQ,2020-03-31,2020-02-29,2020-02-29,2021-10-06,-266300000.0,27323200000.0,,3484100000.0,23839100000.0,,63.237,-180600000.0,81400000.0,81400000.0,953100000.0,409000000.0,1.507,1.224,12184600000.0,973800000.0,11210800000.0,12184600000.0,0.0,99300000.0,0.0,0.017,0.75,577700000.0,677000000.0,0.356,677000000.0,577700000.0,478300000.0,2.1,2.1,2.1,12131800000.0,,12131800000.0,45298517770.0,-82.0,-335.793,294200000.0,1.534,1.0,949800000.0,0.499,10476000000.0,99400000.0,26638600000.0,,1373600000.0,4211000000.0,0.0,4211000000.0,14848900000.0,2311800000.0,12537100000.0,33036217770.0,-12300000.0,-14500000.0,39300000.0,-176900000.0,-142200000.0,-291200000.0,-195100000.0,1500000.0,474800000.0,-800000.0,398400000.0,398400000.0,398400000.0,0.0,10600000.0,0.209,402800000.0,547000000.0,557600000.0,0.357,2.723,-2799.679,-2462.571,5333000000.0,0.0,172.38,3.96,3.959,864800000.0,13695300000.0,1902900000.0,1902900000.0,0.0,,,,,9800000.0,370100000.0,1.0,191647626.0,191846000,191846000.0,9.919,16847200000.0,2656300000.0,79900000.0,1326300000.0,87.816,1172300000.0
7,STZ,MRQ,2019-12-31,2019-11-30,2019-11-30,2021-10-06,-383800000.0,27093700000.0,,3469900000.0,23623800000.0,,61.095,-182400000.0,93700000.0,93700000.0,1011900000.0,366500000.0,1.41,1.286,12356000000.0,1016300000.0,11339700000.0,12356000000.0,0.0,101600000.0,0.0,0.016,0.75,-195400000.0,-93800000.0,-0.047,-93800000.0,-195400000.0,-298500000.0,1.9,1.85,1.9,11709400000.0,,11709400000.0,48521305324.0,95.0,53.326,474500000.0,2.476,1.0,987500000.0,0.494,10493100000.0,103100000.0,26402700000.0,,1358800000.0,4098900000.0,0.0,4098900000.0,15057400000.0,2460200000.0,12597200000.0,35655805324.0,12400000.0,269000000.0,6000000.0,-599200000.0,-142000000.0,-735200000.0,89800000.0,0.0,656900000.0,900000.0,360400000.0,360400000.0,360400000.0,0.0,6100000.0,0.18,796300000.0,191200000.0,676500000.0,0.395,3.045,42.995,42.19,5187200000.0,0.0,186.06,4.328,4.329,808300000.0,13439400000.0,1999400000.0,1999400000.0,0.0,,,,,17000000.0,406300000.0,1.0,191636060.0,191660000,218170000.0,10.432,16600600000.0,2663000000.0,-658900000.0,1257500000.0,86.615,1009700000.0
8,STZ,MRQ,2019-09-30,2019-08-31,2019-08-31,2021-10-06,-476600000.0,27555100000.0,,3537500000.0,24017600000.0,,59.373,-199800000.0,81300000.0,81300000.0,1158100000.0,-517000000.0,1.611,1.394,12946800000.0,787000000.0,12159800000.0,12946800000.0,0.0,104500000.0,0.0,0.015,0.75,-615800000.0,-511300000.0,-0.218,-511300000.0,-615800000.0,-727400000.0,-2.77,-2.77,-2.77,11377500000.0,,11377500000.0,52412596451.0,47.0,35.03,626500000.0,3.269,1.0,1185900000.0,0.506,10483700000.0,111600000.0,27741000000.0,,1311400000.0,4576000000.0,0.0,4576000000.0,15864100000.0,2195900000.0,13668200000.0,39113696451.0,-17400000.0,-13000000.0,-27500000.0,-460800000.0,-142000000.0,-630600000.0,-212200000.0,0.0,826300000.0,-900000.0,-525200000.0,-525200000.0,-525200000.0,0.0,8200000.0,-0.224,466400000.0,719500000.0,608600000.0,-0.271,3.438,50.665,49.436,5141600000.0,0.0,204.17,4.764,4.765,953700000.0,13221400000.0,2344000000.0,2344000000.0,0.0,,,,,18100000.0,439400000.0,1.0,191574161.0,191626000,191626000.0,12.232,17071400000.0,2146800000.0,-202200000.0,1508400000.0,89.087,1341600000.0
9,STZ,MRQ,2019-06-30,2019-05-31,2019-05-31,2021-10-06,-355500000.0,28951100000.0,,3580900000.0,25370200000.0,,63.597,-155400000.0,98700000.0,98700000.0,1068500000.0,-237100000.0,1.218,1.352,13397600000.0,1651800000.0,11745800000.0,13397600000.0,0.0,109400000.0,0.0,0.017,0.75,-316200000.0,-206800000.0,-0.099,-206800000.0,-316200000.0,-430800000.0,-1.3,-1.3,-1.3,12174600000.0,,12174600000.0,47083707116.0,15.0,13.287,437700000.0,2.286,1.0,1028700000.0,0.491,10603500000.0,114600000.0,28707200000.0,,1494100000.0,5839900000.0,0.0,5839900000.0,16462900000.0,2939300000.0,13523600000.0,33560807116.0,5100000.0,-56200000.0,10400000.0,-227900000.0,-143000000.0,-374400000.0,-213500000.0,0.0,593100000.0,-100000.0,-245400000.0,-245400000.0,-245400000.0,0.0,8300000.0,-0.117,406000000.0,622700000.0,579100000.0,-0.577,2.757,13.717,13.563,5118000000.0,0.0,176.45,4.11,4.136,788300000.0,13888900000.0,2097200000.0,2097200000.0,0.0,,,,,15500000.0,406000000.0,1.0,190200097.0,191435000,191435000.0,10.955,18347600000.0,2203100000.0,-185400000.0,1777800000.0,95.842,641600000.0
10,STZ,MRQ,2019-03-31,2019-02-28,2019-02-28,2021-10-06,-353900000.0,29231500000.0,,3684000000.0,25547500000.0,,65.814,-240000000.0,93600000.0,93600000.0,903700000.0,1249400000.0,1.164,1.306,13616500000.0,1856700000.0,11759800000.0,13616500000.0,0.0,83000000.0,0.0,0.017,0.74,1638800000.0,1721800000.0,0.958,1721800000.0,1638800000.0,1520300000.0,6.58,6.36,6.58,12551000000.0,,12551000000.0,45556515697.0,10.0,9.448,32400000.0,0.17,1.0,893500000.0,0.497,11286900000.0,118500000.0,28303700000.0,,2130400000.0,6700300000.0,0.0,6700300000.0,16394300000.0,3163800000.0,13230500000.0,32117515697.0,-37000000.0,-4500000.0,30600000.0,41200000.0,-139800000.0,-68000000.0,-244500000.0,0.0,272400000.0,3100000.0,1239500000.0,1239500000.0,1239500000.0,0.0,9900000.0,0.69,428200000.0,465300000.0,616700000.0,0.112,2.559,9.348,9.274,5267300000.0,0.0,169.16,3.957,3.972,846900000.0,14276200000.0,1797200000.0,1797200000.0,0.0,,,,,13000000.0,428200000.0,1.0,189864718.0,190705000,217683000.0,9.424,17944600000.0,2183300000.0,280800000.0,1470700000.0,94.096,520200000.0
11,STZ,MRQ,2018-12-31,2018-11-30,2018-11-30,2021-10-06,-505900000.0,27890400000.0,,3638500000.0,24251900000.0,,59.345,-248100000.0,130600000.0,130600000.0,1002600000.0,312100000.0,1.082,1.454,13569600000.0,1797100000.0,11772500000.0,13569600000.0,0.0,81300000.0,0.0,0.014,0.74,411200000.0,492500000.0,0.25,492500000.0,411200000.0,338400000.0,1.62,1.56,1.62,11256700000.0,,11256700000.0,46805183198.0,13.0,12.46,387300000.0,2.042,1.0,970000000.0,0.492,11369600000.0,72800000.0,26596400000.0,,2198000000.0,3583000000.0,0.0,3583000000.0,16370400000.0,3363400000.0,13007000000.0,37087683198.0,-75500000.0,-3950300000.0,11100000.0,3622000000.0,-138800000.0,3494200000.0,-4198500000.0,0.0,635400000.0,-6600000.0,303100000.0,303100000.0,303100000.0,0.0,9000000.0,0.154,413500000.0,556500000.0,882700000.0,0.457,3.295,11.937,11.937,4986300000.0,0.0,195.76,4.59,4.595,837200000.0,13176800000.0,1972600000.0,1972600000.0,0.0,,,,,15200000.0,413500000.0,1.0,189454859.0,189682000,218138000.0,10.4,16520800000.0,0.0,35300000.0,0.0,87.097,275100000.0
12,STZ,MRQ,2018-09-30,2018-08-31,2018-08-31,2021-10-06,-304600000.0,24097500000.0,,3585500000.0,20512000000.0,,59.153,-157700000.0,206100000.0,206100000.0,1130900000.0,1151300000.0,1.658,1.115,9923600000.0,736000000.0,9187600000.0,9923600000.0,0.0,84600000.0,0.0,0.012,0.74,1451600000.0,1536200000.0,0.668,1536200000.0,1451600000.0,1363600000.0,6.11,5.87,6.11,11268300000.0,,11268300000.0,49702436747.0,13.0,11.966,676800000.0,3.553,1.0,1168200000.0,0.508,11391500000.0,88000000.0,20261000000.0,,1941900000.0,0.0,0.0,0.0,12562300000.0,2162500000.0,10399800000.0,39805436747.0,-3900000.0,-281700000.0,-390400000.0,25900000.0,-138600000.0,-503700000.0,-335300000.0,111700000.0,834500000.0,600000.0,1149500000.0,1149500000.0,1149500000.0,0.0,1800000.0,0.5,403200000.0,765000000.0,734900000.0,0.121,3.533,12.075,12.014,4947700000.0,0.0,208.2,5.032,5.014,951200000.0,13012900000.0,2299100000.0,2299100000.0,0.0,,,,,18600000.0,403200000.0,1.0,191188457.0,190495000,219230000.0,12.069,12706000000.0,0.0,214100000.0,0.0,66.7,1423000000.0
13,STZ,MRQ,2018-06-30,2018-05-31,2018-05-31,2021-10-06,-378600000.0,23096700000.0,,3604800000.0,19491900000.0,,55.157,-168200000.0,210000000.0,210000000.0,998500000.0,746300000.0,1.811,1.187,10107000000.0,690600000.0,9416400000.0,10107000000.0,0.0,84200000.0,0.0,0.01,0.74,987300000.0,1071500000.0,0.523,1071500000.0,987300000.0,899500000.0,3.93,3.77,3.93,10556400000.0,,10556400000.0,52790429721.0,17.0,15.522,335800000.0,1.755,1.0,1048600000.0,0.512,11352100000.0,87800000.0,19651100000.0,,2068400000.0,0.0,0.0,0.0,12530900000.0,1990500000.0,10540400000.0,42694029721.0,119700000.0,109400000.0,-92400000.0,-83400000.0,-140500000.0,-329200000.0,-53500000.0,-1500000.0,504000000.0,-1600000.0,743800000.0,743800000.0,743800000.0,0.0,2500000.0,0.363,423200000.0,625400000.0,650300000.0,0.188,4.044,16.119,16.154,4815800000.0,0.0,223.08,5.545,5.546,827900000.0,12002400000.0,2047100000.0,2047100000.0,0.0,,,,,17300000.0,423200000.0,1.0,191384390.0,191389000,220386000.0,10.696,11744600000.0,0.0,155700000.0,0.0,61.365,1614300000.0
14,STZ,MRQ,2018-03-31,2018-02-28,2018-02-28,2021-10-06,-202900000.0,20538700000.0,,3474000000.0,17064700000.0,,41.195,-347300000.0,90300000.0,90300000.0,916800000.0,913800000.0,1.703,1.573,10186700000.0,769100000.0,9417600000.0,10186700000.0,0.0,-11800000.0,0.0,0.01,0.52,668100000.0,656300000.0,0.372,656300000.0,668100000.0,581200000.0,4.74,4.55,4.74,7975100000.0,,7975100000.0,51151856482.0,19.0,17.328,115700000.0,0.598,1.0,845200000.0,0.48,11387900000.0,86900000.0,17207600000.0,,2084000000.0,793700000.0,0.0,793700000.0,12547000000.0,2039600000.0,10507400000.0,41956156482.0,-64200000.0,-42800000.0,-787400000.0,752100000.0,-99000000.0,-143100000.0,-384800000.0,0.0,463000000.0,700000.0,910500000.0,910500000.0,910500000.0,0.0,3300000.0,0.517,333400000.0,511800000.0,592200000.0,0.11,5.261,18.215,18.017,4789700000.0,0.0,215.48,5.535,5.537,776200000.0,9157200000.0,1762000000.0,1762000000.0,0.0,,,,,15400000.0,333400000.0,1.0,194710212.0,193593000,222758000.0,9.102,9150800000.0,0.0,-329300000.0,1089800000.0,47.268,1434400000.0
15,STZ,MRQ,2017-12-31,2017-11-30,2017-11-30,2021-10-06,-209000000.0,20107100000.0,,3545600000.0,16561500000.0,,40.941,-200100000.0,154500000.0,154500000.0,891600000.0,496400000.0,1.398,1.513,9350200000.0,1236000000.0,8114200000.0,9350200000.0,0.0,164700000.0,0.0,0.009,0.52,724800000.0,889500000.0,0.494,889500000.0,724800000.0,643400000.0,2.55,2.45,2.55,7993900000.0,,7993900000.0,51383499348.0,19.0,16.911,165400000.0,0.847,1.0,910300000.0,0.505,11389500000.0,81400000.0,15377400000.0,,2167600000.0,0.0,0.0,0.0,12098000000.0,2535900000.0,9562100000.0,42561699348.0,28900000.0,-191400000.0,-219400000.0,382100000.0,-100100000.0,62200000.0,-397700000.0,0.0,365500000.0,-1100000.0,492800000.0,492800000.0,492800000.0,0.0,3600000.0,0.273,420700000.0,489600000.0,742200000.0,0.204,5.324,23.151,22.88,4551000000.0,0.0,217.59,5.724,5.714,779500000.0,8401700000.0,1801900000.0,1801900000.0,0.0,,,,,16600000.0,420700000.0,1.0,195605034.0,195255000,224510000.0,9.228,8717600000.0,0.0,150600000.0,1233600000.0,44.647,1009700000.0
16,STZ,MRQ,2017-09-30,2017-08-31,2017-08-31,2021-10-06,-87400000.0,19418400000.0,,3373400000.0,16045000000.0,,40.569,-287200000.0,125600000.0,125600000.0,1019200000.0,504100000.0,1.614,1.447,8947400000.0,910500000.0,8036900000.0,8947400000.0,0.0,70800000.0,0.0,0.009,0.52,712900000.0,783700000.0,0.375,783700000.0,712900000.0,631600000.0,2.59,2.49,2.59,7928100000.0,,7928100000.0,48092374822.0,19.0,17.345,434100000.0,2.221,1.0,1068700000.0,0.512,11423300000.0,81300000.0,14726900000.0,,1929700000.0,0.0,0.0,0.0,11473100000.0,2090000000.0,9383100000.0,39079974822.0,-73500000.0,-131800000.0,1100000.0,-279100000.0,-100500000.0,-378700000.0,-419300000.0,0.0,721300000.0,3200000.0,501600000.0,501600000.0,501600000.0,0.0,2500000.0,0.24,351400000.0,717300000.0,601700000.0,0.201,4.929,22.312,22.233,4464200000.0,0.0,200.1,5.25,5.253,853300000.0,8011000000.0,2087900000.0,2087900000.0,0.0,,,,,13800000.0,351400000.0,1.0,195302223.0,195425000,224684000.0,10.684,7995100000.0,0.0,130000000.0,1167100000.0,40.911,1283400000.0
17,STZ,MRQ,2017-06-30,2017-05-31,2017-05-31,2021-10-06,-212300000.0,18959400000.0,,3360500000.0,15598900000.0,,37.916,-217100000.0,199100000.0,199100000.0,940200000.0,401000000.0,1.54,1.565,9211500000.0,1134300000.0,8077200000.0,9211500000.0,0.0,70100000.0,0.0,0.009,0.52,552300000.0,622400000.0,0.323,622400000.0,552300000.0,469900000.0,2.07,1.98,2.07,7389700000.0,,7389700000.0,44659107044.0,19.0,16.766,164500000.0,0.844,1.0,988300000.0,0.512,11262000000.0,82400000.0,14527400000.0,,1936900000.0,0.0,0.0,0.0,11561600000.0,2182400000.0,9379200000.0,35598407044.0,21700000.0,0.0,16600000.0,-35400000.0,-100500000.0,-141600000.0,-221300000.0,0.0,381600000.0,3000000.0,398500000.0,398500000.0,398500000.0,0.0,2500000.0,0.207,427200000.0,561100000.0,558800000.0,0.251,4.817,22.127,22.232,4186900000.0,0.0,182.75,4.825,4.828,832000000.0,7612300000.0,1928500000.0,1928500000.0,0.0,,,,,15100000.0,427200000.0,1.0,194792925.0,194899000,224374000.0,9.895,7697400000.0,0.0,71400000.0,1135500000.0,39.494,1178100000.0
18,STZ,MRQ,2017-03-31,2017-02-28,2017-02-28,2021-10-06,-399800000.0,18602400000.0,,3230000000.0,15372400000.0,,35.235,-313700000.0,177400000.0,177400000.0,840300000.0,455400000.0,1.197,1.7,9238100000.0,1517400000.0,7720700000.0,9238100000.0,0.0,62200000.0,0.0,0.01,0.4,680600000.0,742800000.0,0.459,742800000.0,680600000.0,603600000.0,2.3,2.22,2.3,6891200000.0,,6891200000.0,39570206662.0,16.0,14.934,-33400000.0,-0.171,1.0,777300000.0,0.481,11298200000.0,77000000.0,13667300000.0,,1955100000.0,0.0,0.0,0.0,11717600000.0,2697600000.0,9020000000.0,31135906662.0,-19900000.0,-10600000.0,-729700000.0,796900000.0,-76800000.0,11600000.0,-312700000.0,0.0,280300000.0,900000.0,445500000.0,445500000.0,445500000.0,0.0,9900000.0,0.275,348300000.0,429000000.0,559800000.0,0.174,4.518,20.369,20.465,3932800000.0,0.0,158.81,4.253,4.323,737000000.0,7310000000.0,1617600000.0,1617600000.0,0.0,,,,,11700000.0,348300000.0,1.0,196057595.0,195576000,223297000.0,8.271,7304200000.0,0.0,158100000.0,1133600000.0,37.347,532400000.0
19,STZ,MRQ,2016-12-31,2016-11-30,2016-11-30,2021-10-06,-596700000.0,18320100000.0,,3444800000.0,14875300000.0,,34.939,-223000000.0,197300000.0,197300000.0,919100000.0,405000000.0,1.307,1.613,8631600000.0,1269100000.0,7362500000.0,8631600000.0,0.0,61400000.0,0.0,0.01,0.4,562400000.0,623800000.0,0.345,623800000.0,562400000.0,484800000.0,2.04,1.98,2.04,7018000000.0,,7018000000.0,38242265277.0,18.0,16.23,147800000.0,0.736,1.0,891400000.0,0.492,11012100000.0,77600000.0,13105700000.0,,2123100000.0,0.0,0.0,0.0,11322400000.0,2636600000.0,8685800000.0,30390565277.0,20000000.0,-257300000.0,-361100000.0,582100000.0,-79500000.0,150600000.0,-495500000.0,0.0,370800000.0,-5900000.0,405900000.0,405900000.0,405900000.0,0.0,-900000.0,0.224,357400000.0,534000000.0,772300000.0,0.196,4.33,22.91,22.592,3708000000.0,0.0,151.14,4.194,4.189,856000000.0,6934900000.0,1810500000.0,1810500000.0,0.0,,,,,13000000.0,357400000.0,1.0,201075594.0,200866000,228808000.0,9.013,7308000000.0,0.0,78900000.0,1157000000.0,36.382,808200000.0
20,STZ,MRQ,2016-09-30,2016-08-31,2016-08-31,2021-10-06,-443100000.0,17717400000.0,,3169800000.0,14547600000.0,,35.767,-199200000.0,177300000.0,177300000.0,1052200000.0,353200000.0,1.441,1.468,8029000000.0,1007400000.0,7021600000.0,8029000000.0,0.0,58100000.0,0.0,0.009,0.4,616600000.0,674700000.0,0.334,674700000.0,616600000.0,522500000.0,1.81,1.75,1.81,7182400000.0,,7182400000.0,41034095661.0,20.0,18.174,499800000.0,2.489,1.0,969000000.0,0.479,10798300000.0,94100000.0,12571200000.0,,1855200000.0,0.0,0.0,0.0,10543300000.0,2199600000.0,8343700000.0,32893195661.0,10000000.0,0.0,12900000.0,-435200000.0,-79500000.0,-488900000.0,-199700000.0,0.0,699000000.0,-400000.0,358900000.0,358900000.0,358900000.0,0.0,-5700000.0,0.178,358100000.0,610900000.0,624500000.0,0.221,4.58,27.616,27.161,3632100000.0,0.0,164.05,4.648,4.655,831100000.0,6608700000.0,2021200000.0,2021200000.0,0.0,,,,,15400000.0,358100000.0,1.0,200507136.0,200813000,229003000.0,10.065,6919100000.0,0.0,163600000.0,1200000000.0,34.455,970200000.0
21,STZ,MRQ,2016-06-30,2016-05-31,2016-05-31,2021-10-06,-456500000.0,17630000000.0,,3218500000.0,14411500000.0,,34.258,-169400000.0,167300000.0,167300000.0,990500000.0,319100000.0,1.193,1.554,8308200000.0,1617600000.0,6690600000.0,8308200000.0,0.0,55800000.0,0.0,0.009,0.4,552600000.0,608400000.0,0.325,608400000.0,552600000.0,468000000.0,1.61,1.55,1.61,6848000000.0,,6848000000.0,38592290008.0,20.0,18.232,176500000.0,0.883,1.0,881300000.0,0.471,10790600000.0,84600000.0,12281600000.0,,1918800000.0,0.0,0.0,0.0,10641400000.0,2698700000.0,7942700000.0,30594190008.0,84200000.0,-284900000.0,14900000.0,233000000.0,-79300000.0,191900000.0,-453900000.0,0.0,345900000.0,300000.0,318300000.0,318300000.0,318300000.0,0.0,800000.0,0.17,328600000.0,552700000.0,558500000.0,0.248,4.468,26.965,26.451,3507200000.0,0.0,153.15,4.507,4.509,773300000.0,6329400000.0,1871800000.0,1871800000.0,0.0,,,,,16000000.0,328600000.0,1.0,199766177.0,199895000,228720000.0,9.364,6839400000.0,0.0,149700000.0,1131900000.0,34.215,519800000.0
22,STZ,MRQ,2016-03-31,2016-02-29,2016-02-29,2021-10-06,-452500000.0,16965000000.0,,2977600000.0,13987400000.0,,32.903,-377500000.0,83100000.0,83100000.0,847100000.0,245300000.0,1.31,1.566,8081200000.0,1265000000.0,6816200000.0,8081200000.0,0.0,17600000.0,0.0,0.009,0.31,431800000.0,449400000.0,0.291,449400000.0,431800000.0,348300000.0,1.23,1.19,1.23,6559600000.0,,6559600000.0,35090154224.0,19.0,17.636,-55400000.0,-0.278,1.0,696100000.0,0.451,10542400000.0,83500000.0,12148400000.0,,1851600000.0,0.0,0.0,0.0,10273200000.0,2272300000.0,8000900000.0,28178454224.0,-408200000.0,-998500000.0,-19700000.0,710700000.0,-61200000.0,653800000.0,-1379700000.0,0.0,322100000.0,-4400000.0,243400000.0,243400000.0,243400000.0,0.0,1900000.0,0.158,285000000.0,411100000.0,429300000.0,0.252,4.296,26.712,26.094,3333400000.0,0.0,141.43,4.303,4.249,732500000.0,6090500000.0,1543200000.0,1543200000.0,0.0,,,,,13500000.0,285000000.0,1.0,199239583.0,199359000,228570000.0,7.741,6422600000.0,0.0,104900000.0,1055800000.0,32.216,705300000.0
23,STZ,MRQ,2015-12-31,2015-11-30,2015-11-30,2021-10-06,-344900000.0,16156600000.0,,3460900000.0,12695700000.0,,32.908,-219000000.0,491300000.0,491300000.0,907000000.0,271000000.0,1.802,1.472,7403000000.0,888000000.0,6515000000.0,7403000000.0,0.0,51300000.0,0.0,0.007,0.31,474100000.0,525400000.0,0.32,525400000.0,474100000.0,398500000.0,1.39,1.33,1.39,6492400000.0,,6492400000.0,34656263000.0,20.0,17.819,69500000.0,0.352,1.0,733500000.0,0.447,9569600000.0,75600000.0,11577900000.0,,1884600000.0,0.0,0.0,0.0,9559900000.0,1920800000.0,7639100000.0,27562363000.0,161600000.0,0.0,65700000.0,-26700000.0,-60600000.0,92900000.0,-218700000.0,0.0,288500000.0,-1100000.0,270500000.0,270500000.0,270500000.0,0.0,500000.0,0.165,286200000.0,447300000.0,420900000.0,0.223,4.245,26.861,26.414,2949000000.0,0.0,140.26,4.333,4.35,714700000.0,5908400000.0,1640500000.0,1640500000.0,0.0,,,,,14500000.0,286200000.0,1.0,196509076.0,197291000,227454000.0,8.315,6587000000.0,0.0,128000000.0,1018900000.0,33.387,1540100000.0
24,STZ,MRQ,2015-09-30,2015-08-31,2015-08-31,2021-10-06,-370200000.0,15673400000.0,,3131500000.0,12541900000.0,,30.995,-165100000.0,329700000.0,329700000.0,957800000.0,304100000.0,2.583,1.568,7423600000.0,185400000.0,7238200000.0,7423600000.0,0.0,56700000.0,0.0,0.005,0.31,476800000.0,533500000.0,0.308,533500000.0,476800000.0,399500000.0,1.56,1.49,1.56,6062800000.0,,6062800000.0,32191728416.0,19.0,17.234,432300000.0,2.21,1.0,775600000.0,0.447,9605500000.0,77300000.0,11949600000.0,,1777100000.0,0.0,0.0,0.0,9508400000.0,1212200000.0,8296200000.0,25004828416.0,199000000.0,-317900000.0,23600000.0,93100000.0,-60000000.0,82700000.0,-477700000.0,0.0,597400000.0,-3400000.0,302400000.0,302400000.0,302400000.0,0.0,1700000.0,0.174,296200000.0,479400000.0,373300000.0,0.199,4.124,25.573,25.197,2773300000.0,0.0,128.0,3.993,3.998,723500000.0,5698500000.0,1733400000.0,1733400000.0,0.0,,,,,13700000.0,296200000.0,1.0,195350222.0,195603000,226474000.0,8.862,6067900000.0,0.0,97100000.0,921300000.0,31.022,1919300000.0
25,STZ,MRQ,2015-06-30,2015-05-31,2015-05-31,2021-10-06,-184800000.0,15247300000.0,,2979300000.0,12268000000.0,,30.514,-129700000.0,130700000.0,130700000.0,894200000.0,240200000.0,2.659,1.547,7317600000.0,279400000.0,7038200000.0,7317600000.0,0.0,54700000.0,0.0,0.003,0.31,426700000.0,481400000.0,0.295,481400000.0,426700000.0,349200000.0,1.24,1.18,1.24,5942500000.0,,5942500000.0,30196265209.0,19.0,17.141,76000000.0,0.39,1.0,737100000.0,0.452,9367000000.0,77500000.0,11946900000.0,,1783700000.0,0.0,0.0,0.0,9195400000.0,1120300000.0,8075100000.0,22958365209.0,20600000.0,0.0,9600000.0,-28500000.0,-59800000.0,-53400000.0,-131300000.0,0.0,205700000.0,-400000.0,238600000.0,238600000.0,238600000.0,0.0,1600000.0,0.146,309800000.0,427300000.0,289100000.0,0.25,3.863,26.353,25.91,2742100000.0,0.0,117.89,3.743,3.743,696200000.0,5456200000.0,1631300000.0,1631300000.0,0.0,,,,,12300000.0,309800000.0,1.0,194743958.0,194746000,226231000.0,8.377,5880300000.0,0.0,110600000.0,890800000.0,30.195,1859000000.0
26,STZ,MRQ,2015-03-31,2015-02-28,2015-02-28,2021-10-06,-130900000.0,15093000000.0,,2910800000.0,12182200000.0,,29.779,-178100000.0,110100000.0,110100000.0,758600000.0,211500000.0,2.574,1.596,7296500000.0,210500000.0,7086000000.0,7296500000.0,0.0,47400000.0,0.0,0.0,0.0,357200000.0,404600000.0,0.298,404600000.0,357200000.0,276900000.0,1.12,1.06,1.12,5770700000.0,,5770700000.0,29446718889.0,19.0,17.096,152800000.0,0.789,1.0,597600000.0,0.441,9389200000.0,80300000.0,11759500000.0,,1827200000.0,0.0,0.0,0.0,9211700000.0,1130700000.0,8081000000.0,22195218889.0,42800000.0,-288900000.0,29500000.0,40400000.0,0.0,173100000.0,-456200000.0,0.0,330900000.0,-5000000.0,214600000.0,214600000.0,214600000.0,0.0,-3100000.0,0.158,243900000.0,353700000.0,285800000.0,0.0,3.846,26.445,26.073,2681600000.0,0.0,114.72,3.682,3.668,598900000.0,5277500000.0,1356200000.0,1356200000.0,0.0,,,,,12900000.0,243900000.0,1.0,193472968.0,193781000,225752000.0,6.999,5703800000.0,0.0,62300000.0,847600000.0,29.434,1780100000.0
27,STZ,MRQ,2014-12-31,2014-11-30,2014-11-30,2021-10-06,-8600000.0,14980500000.0,,3030800000.0,11949700000.0,,29.201,-233100000.0,67300000.0,67300000.0,902800000.0,222200000.0,2.428,1.658,7318800000.0,237300000.0,7081500000.0,7318800000.0,0.0,51600000.0,0.0,0.0,0.0,396800000.0,448400000.0,0.291,448400000.0,396800000.0,310800000.0,1.16,1.1,1.16,5635000000.0,,5635000000.0,25680509771.0,17.0,15.207,-151100000.0,-0.783,1.0,638900000.0,0.414,9358800000.0,86000000.0,11624700000.0,,1927200000.0,0.0,0.0,0.0,9345500000.0,1248500000.0,8097000000.0,18592909771.0,-37000000.0,-21400000.0,12100000.0,111400000.0,0.0,135500000.0,-253500000.0,0.0,82000000.0,-1000000.0,222200000.0,222200000.0,222200000.0,0.0,0.0,0.144,263300000.0,375600000.0,445900000.0,0.0,3.3,23.779,23.512,2419100000.0,0.0,96.4,3.118,3.12,701300000.0,5062900000.0,1541700000.0,1541700000.0,0.0,,,,,14200000.0,263300000.0,1.0,192872508.0,192972000,224663000.0,7.989,5621700000.0,0.0,88600000.0,856300000.0,29.132,1782300000.0
28,STZ,MRQ,2014-09-30,2014-08-31,2014-08-31,2021-10-06,104800000.0,14657400000.0,,2838100000.0,11819300000.0,,28.497,-176800000.0,104300000.0,104300000.0,932100000.0,195800000.0,1.513,1.671,7191900000.0,868700000.0,6323200000.0,7191900000.0,0.0,53500000.0,0.0,0.0,0.0,373700000.0,427200000.0,0.266,427200000.0,373700000.0,288700000.0,1.03,0.98,1.03,5487400000.0,,5487400000.0,23591271171.0,16.0,14.176,259000000.0,1.345,1.0,672000000.0,0.419,9362800000.0,85000000.0,10505900000.0,,1778900000.0,0.0,0.0,0.0,9170000000.0,1876300000.0,7293700000.0,16774071171.0,-273700000.0,0.0,11300000.0,-12700000.0,0.0,-538100000.0,-169900000.0,0.0,435800000.0,-1500000.0,195800000.0,195800000.0,195800000.0,0.0,0.0,0.122,293300000.0,378700000.0,441900000.0,0.0,3.057,21.765,21.398,2299900000.0,0.0,87.09,2.86,2.86,656900000.0,4840700000.0,1604100000.0,1604100000.0,0.0,,,,,16200000.0,293300000.0,1.0,192606168.0,192559000,224201000.0,8.33,5294600000.0,0.0,92900000.0,844500000.0,27.496,961800000.0
29,STZ,MRQ,2014-06-30,2014-05-31,2014-05-31,2021-10-06,133400000.0,14842400000.0,,3137200000.0,11705200000.0,,27.598,-131400000.0,378000000.0,378000000.0,855900000.0,206700000.0,1.391,1.807,7195200000.0,849600000.0,6345600000.0,7195200000.0,0.0,49500000.0,0.0,0.0,0.0,392700000.0,442200000.0,0.29,442200000.0,392700000.0,306300000.0,1.09,1.03,1.09,5287000000.0,,5287000000.0,23092172516.0,8.0,7.81,100900000.0,0.527,1.0,670100000.0,0.439,9382500000.0,86400000.0,10022400000.0,,1781500000.0,0.0,0.0,0.0,9555400000.0,2254700000.0,7300700000.0,16135572516.0,314100000.0,0.0,10800000.0,173300000.0,0.0,213100000.0,-136300000.0,0.0,232300000.0,5000000.0,206700000.0,206700000.0,206700000.0,0.0,0.0,0.135,277900000.0,392200000.0,345700000.0,0.0,3.052,7.695,7.498,2157100000.0,0.0,84.13,2.821,2.818,651300000.0,4644900000.0,1526000000.0,1526000000.0,0.0,,,,,11700000.0,277900000.0,1.0,191793326.0,191573000,223773000.0,7.966,5459900000.0,0.0,99600000.0,823400000.0,28.5,882500000.0
30,STZ,MRQ,2014-03-31,2014-02-28,2014-02-28,2021-10-06,86000000.0,14302100000.0,,2747200000.0,11554900000.0,,26.226,-137600000.0,63900000.0,63900000.0,742300000.0,157200000.0,1.356,1.871,7020500000.0,647200000.0,6373300000.0,7020500000.0,0.0,42000000.0,0.0,0.0,0.0,328900000.0,370900000.0,0.287,370900000.0,328900000.0,240400000.0,0.82,0.76,0.82,4981300000.0,,4981300000.0,22470113974.0,9.0,8.382,59500000.0,0.313,1.0,548900000.0,0.425,9377900000.0,88500000.0,9855100000.0,,1743800000.0,0.0,0.0,0.0,9320800000.0,2025700000.0,7295100000.0,15400713974.0,-1300000.0,-300000.0,30300000.0,-119100000.0,0.0,-88100000.0,-106300000.0,0.0,197100000.0,-4000000.0,157200000.0,157200000.0,157200000.0,0.0,0.0,0.122,219500000.0,329400000.0,295200000.0,0.0,3.092,7.926,7.754,2014300000.0,0.0,81.03,3.164,3.132,626200000.0,4438200000.0,1291200000.0,1291200000.0,0.0,,,,,12400000.0,219500000.0,1.0,190061878.0,189939000,223059000.0,6.798,4924200000.0,0.0,83200000.0,790300000.0,25.925,721500000.0
31,STZ,MRQ,2013-12-31,2013-11-30,2013-11-30,2021-10-06,94000000.0,14336300000.0,,2835400000.0,11500900000.0,,25.32,-36700000.0,65200000.0,65200000.0,833600000.0,211000000.0,1.616,1.993,7134600000.0,237600000.0,6897000000.0,7134600000.0,0.0,42100000.0,0.0,0.0,0.0,381800000.0,423900000.0,0.294,423900000.0,381800000.0,292200000.0,1.13,1.07,1.13,4789800000.0,,4789800000.0,20514826989.0,9.0,8.183,103400000.0,0.547,1.0,609700000.0,0.422,9387200000.0,89600000.0,10263500000.0,,1824000000.0,0.0,0.0,0.0,9546500000.0,1755000000.0,7791500000.0,13331126989.0,-51600000.0,-8100000.0,15600000.0,-182200000.0,0.0,-155700000.0,-38100000.0,0.0,140100000.0,2100000.0,211000000.0,211000000.0,211000000.0,0.0,0.0,0.146,245900000.0,363800000.0,462400000.0,0.0,2.783,7.138,7.006,1905400000.0,0.0,70.41,3.12,3.118,668800000.0,4281000000.0,1443300000.0,1443300000.0,0.0,,,,,11900000.0,245900000.0,1.0,189335705.0,189169000,221543000.0,7.63,4949100000.0,0.0,81200000.0,736400000.0,26.162,1080400000.0
32,STZ,MRQ,2013-09-30,2013-08-31,2013-08-31,2021-10-06,64600000.0,14122800000.0,,2670100000.0,11452700000.0,,23.954,-27200000.0,116800000.0,116800000.0,882800000.0,1522000000.0,1.475,2.131,7300500000.0,387800000.0,6912700000.0,7300500000.0,0.0,42200000.0,0.0,0.0,0.0,1677700000.0,1719900000.0,1.178,1719900000.0,1677700000.0,1587400000.0,8.18,7.74,8.18,4510400000.0,,4510400000.0,13136672902.0,6.0,5.653,458500000.0,2.435,1.0,577000000.0,0.395,9383100000.0,90300000.0,10112800000.0,,1643000000.0,0.0,0.0,0.0,9612400000.0,1810600000.0,7801800000.0,10223972902.0,-492500000.0,-4672900000.0,17600000.0,2152000000.0,0.0,3725300000.0,-4699400000.0,0.0,485700000.0,-4100000.0,1522000000.0,1522000000.0,1522000000.0,0.0,0.0,1.043,545000000.0,32000000.0,341200000.0,0.0,2.267,5.789,5.693,1870400000.0,0.0,54.25,2.843,2.841,655900000.0,4070000000.0,1459800000.0,1459800000.0,0.0,,,,,12800000.0,244100000.0,1.0,188460330.0,188297000,220239000.0,7.753,4739700000.0,0.0,65400000.0,724400000.0,25.171,859500000.0
33,STZ,MRQ,2013-06-30,2013-05-31,2013-05-31,2021-10-06,108600000.0,9452400000.0,,2723300000.0,6729100000.0,,16.182,-22000000.0,2159300000.0,2159300000.0,417300000.0,52900000.0,3.416,2.154,5072000000.0,254300000.0,4817700000.0,5072000000.0,0.0,29000000.0,0.0,0.0,0.0,137100000.0,166100000.0,0.247,166100000.0,137100000.0,82300000.0,0.29,0.27,0.29,2997400000.0,,2997400000.0,12816396521.0,18.0,15.386,-18700000.0,-0.101,1.0,256100000.0,0.38,3580700000.0,54800000.0,7987200000.0,,1443800000.0,0.0,0.0,0.0,6455000000.0,797200000.0,5657800000.0,9842496521.0,277800000.0,0.0,62400000.0,1753000000.0,0.0,295500000.0,-20000000.0,0.0,3300000.0,-1000000.0,52900000.0,52900000.0,52900000.0,0.0,0.0,0.079,185600000.0,70500000.0,150000000.0,0.0,3.284,26.695,25.733,1207600000.0,0.0,53.01,3.472,3.464,453800000.0,2548000000.0,673400000.0,673400000.0,0.0,,,,,12800000.0,185600000.0,1.0,185672449.0,185228000,218383000.0,3.636,5871700000.0,0.0,29400000.0,648600000.0,31.7,1926100000.0
34,STZ,MRQ,2013-03-31,2013-02-28,2013-02-28,2021-10-06,132100000.0,7638100000.0,,2471200000.0,5166900000.0,,15.645,-17900000.0,331500000.0,331500000.0,434100000.0,81700000.0,3.645,1.67,3305400000.0,27600000.0,3277800000.0,3305400000.0,0.0,29900000.0,0.0,0.0,0.0,167200000.0,197100000.0,0.283,197100000.0,167200000.0,106800000.0,0.45,0.42,0.45,2860300000.0,,2860300000.0,11269140537.0,15.0,13.12,149400000.0,0.817,1.0,261800000.0,0.376,3593700000.0,60400000.0,6340400000.0,,1480900000.0,0.0,0.0,0.0,4777800000.0,677900000.0,4099900000.0,8124540537.0,131000000.0,0.0,25600000.0,-702800000.0,0.0,-26700000.0,-6600000.0,-4600000.0,167300000.0,-3000000.0,81700000.0,81700000.0,81700000.0,0.0,0.0,0.117,134400000.0,127400000.0,209000000.0,0.0,2.84,20.95,20.577,1229000000.0,0.0,44.24,2.906,2.883,471900000.0,2495100000.0,695900000.0,695900000.0,0.0,,,,,9500000.0,134400000.0,1.0,183646938.0,182820000,218816000.0,3.806,4044400000.0,0.0,25100000.0,618500000.0,22.122,1793300000.0
35,STZ,MRQ,2012-12-31,2012-11-30,2012-11-30,2021-10-06,165300000.0,8322700000.0,,2480600000.0,5842100000.0,,15.266,-16500000.0,850800000.0,850800000.0,456100000.0,109500000.0,3.149,1.999,3995400000.0,66500000.0,3928900000.0,3995400000.0,0.0,29500000.0,0.0,0.0,0.0,211300000.0,240800000.0,0.314,240800000.0,211300000.0,149900000.0,0.61,0.58,0.61,2775300000.0,,2775300000.0,9705974162.0,14.0,11.933,4000000.0,0.022,1.0,310800000.0,0.405,3615000000.0,61400000.0,7064500000.0,,1596300000.0,0.0,0.0,0.0,5547400000.0,787800000.0,4759600000.0,6546774162.0,22000000.0,400000.0,24500000.0,-12400000.0,0.0,17900000.0,-16200000.0,0.0,20500000.0,-200000.0,109500000.0,109500000.0,109500000.0,0.0,0.0,0.143,152000000.0,158800000.0,300400000.0,0.0,2.359,16.003,16.018,1236700000.0,0.0,35.88,2.4,2.391,539100000.0,2413400000.0,766900000.0,766900000.0,0.0,,,,,9900000.0,152000000.0,1.0,182463048.0,181794000,213220000.0,4.219,4707700000.0,0.0,40400000.0,636500000.0,25.896,1692800000.0
36,STZ,MRQ,2012-09-30,2012-08-31,2012-08-31,2021-10-06,157700000.0,8040500000.0,,2177900000.0,5862600000.0,,14.681,-15800000.0,828500000.0,828500000.0,413400000.0,124600000.0,3.32,2.071,3987700000.0,59000000.0,3928700000.0,3987700000.0,0.0,27900000.0,0.0,0.0,0.0,201100000.0,229000000.0,0.328,229000000.0,201100000.0,146500000.0,0.71,0.67,0.71,2618100000.0,,2618100000.0,9193225237.0,13.0,11.287,256300000.0,1.437,1.0,285100000.0,0.408,3617500000.0,54600000.0,6926200000.0,,1364900000.0,0.0,0.0,0.0,5422400000.0,656000000.0,4766400000.0,5841325237.0,109400000.0,-159700000.0,100200000.0,549000000.0,0.0,8000000.0,-172900000.0,2900000.0,272100000.0,2200000.0,124600000.0,124600000.0,124600000.0,0.0,0.0,0.178,154500000.0,130600000.0,185600000.0,0.0,2.231,14.444,15.25,1233500000.0,0.0,32.94,2.194,2.207,487100000.0,2303900000.0,698500000.0,698500000.0,0.0,,,,,9800000.0,154500000.0,1.0,177332278.0,178330000,208176000.0,3.917,4423000000.0,0.0,21900000.0,646200000.0,24.802,1521900000.0
37,STZ,MRQ,2012-06-30,2012-05-31,2012-05-31,2021-10-06,83100000.0,7008200000.0,,1971400000.0,5036800000.0,,12.377,-11900000.0,69100000.0,69100000.0,384200000.0,72000000.0,3.353,2.047,3421000000.0,135600000.0,3285400000.0,3421000000.0,0.0,28100000.0,0.0,0.0,0.0,163900000.0,192000000.0,0.302,192000000.0,163900000.0,113200000.0,0.39,0.38,0.39,2299800000.0,,2299800000.0,6686932914.0,9.0,8.155,84500000.0,0.455,1.0,250600000.0,0.395,3453900000.0,50700000.0,6318300000.0,,1325200000.0,0.0,0.0,0.0,4708400000.0,587900000.0,4120500000.0,3643232914.0,-16700000.0,0.0,-370600000.0,270600000.0,0.0,-97900000.0,-11100000.0,1700000.0,96400000.0,-4100000.0,72000000.0,72000000.0,72000000.0,0.0,0.0,0.113,144500000.0,106100000.0,117200000.0,0.0,1.584,8.233,8.65,1219100000.0,0.0,19.29,1.373,1.351,457800000.0,2179300000.0,634800000.0,634800000.0,0.0,,,,,11600000.0,144000000.0,1.0,188866403.0,185813000,213815000.0,3.416,3554300000.0,0.0,41200000.0,630500000.0,19.128,1383500000.0
38,STZ,MRQ,2012-03-31,2012-02-29,2012-02-29,2021-10-06,173700000.0,7109900000.0,,2034300000.0,5075600000.0,,13.623,-11300000.0,85800000.0,85800000.0,382900000.0,103000000.0,1.696,1.657,3129500000.0,708100000.0,2421400000.0,3129500000.0,0.0,23200000.0,0.0,0.0,0.0,128400000.0,151600000.0,0.241,151600000.0,128400000.0,80500000.0,0.53,0.51,0.53,2676000000.0,,2676000000.0,7409507384.0,10.0,9.049,132000000.0,0.672,1.0,245200000.0,0.39,3499300000.0,47900000.0,5454700000.0,,1374500000.0,0.0,0.0,0.0,4433900000.0,1199600000.0,3234300000.0,4360707384.0,30000000.0,-3900000.0,-121100000.0,21200000.0,0.0,-100100000.0,-16400000.0,-1000000.0,143300000.0,3200000.0,103000000.0,103000000.0,103000000.0,0.0,0.0,0.164,165800000.0,79400000.0,130500000.0,0.0,1.63,9.799,9.927,1255800000.0,0.0,21.84,1.643,1.681,437600000.0,2107300000.0,628100000.0,628100000.0,0.0,,,,,10100000.0,139300000.0,1.0,199666089.0,196430000,226200000.0,3.198,3610600000.0,0.0,-22500000.0,633500000.0,18.381,834700000.0
39,STZ,MRQ,2011-12-31,2011-11-30,2011-11-30,2021-10-06,127800000.0,7225200000.0,,2178500000.0,5046700000.0,,13.198,-14600000.0,55800000.0,55800000.0,417800000.0,104800000.0,1.849,1.739,3104600000.0,526700000.0,2577900000.0,3104600000.0,0.0,28300000.0,0.0,0.0,0.0,213600000.0,241900000.0,0.345,241900000.0,213600000.0,167300000.0,0.53,0.52,0.53,2638000000.0,,2638000000.0,6877667962.0,9.0,8.155,108800000.0,0.544,1.0,282900000.0,0.404,3499800000.0,46300000.0,5596000000.0,,1463500000.0,0.0,0.0,0.0,4587200000.0,1178200000.0,3409000000.0,3941267962.0,45800000.0,-49600000.0,-101100000.0,59300000.0,0.0,-30700000.0,-45500000.0,20200000.0,123400000.0,-1400000.0,104800000.0,104800000.0,104800000.0,0.0,0.0,0.15,122600000.0,160300000.0,270600000.0,0.0,1.494,6.338,6.447,1251700000.0,0.0,19.47,1.438,1.42,569200000.0,2004300000.0,700700000.0,700700000.0,0.0,,,,,13300000.0,121800000.0,1.0,202427733.0,199878000,226518000.0,3.506,3725400000.0,0.0,62500000.0,617800000.0,18.638,1000300000.0
40,STZ,MRQ,2011-09-30,2011-08-31,2011-08-31,2021-10-06,216800000.0,7034700000.0,,1919600000.0,5115100000.0,,12.839,-18000000.0,10000000.0,10000000.0,407200000.0,162700000.0,2.44,1.606,2946400000.0,211700000.0,2734700000.0,2946400000.0,0.0,25400000.0,0.0,0.0,0.0,209100000.0,234500000.0,0.34,234500000.0,209100000.0,166600000.0,0.78,0.76,0.78,2699100000.0,,2699100000.0,7218453139.0,9.0,8.225,258100000.0,1.228,1.0,283000000.0,0.41,3528100000.0,42500000.0,5656200000.0,,1259200000.0,0.0,0.0,0.0,4335600000.0,786800000.0,3548800000.0,4239453139.0,-3400000.0,-21300000.0,-181900000.0,-57800000.0,0.0,-239700000.0,-39400000.0,0.0,276100000.0,-400000.0,162700000.0,162700000.0,162700000.0,0.0,0.0,0.236,137900000.0,145100000.0,138700000.0,0.0,1.571,6.46,6.256,1241000000.0,0.0,19.77,1.41,1.382,501700000.0,1899500000.0,690200000.0,690200000.0,0.0,,,,,10500000.0,138200000.0,1.0,214438702.0,210222000,237238000.0,3.283,3506600000.0,0.0,3900000.0,623300000.0,16.68,1132800000.0
41,STZ,MRQ,2011-06-30,2011-05-31,2011-05-31,2021-10-06,223700000.0,7075400000.0,,1956100000.0,5119300000.0,,12.889,-20900000.0,13400000.0,13400000.0,384300000.0,74500000.0,2.497,1.606,2992400000.0,263500000.0,2728900000.0,2992400000.0,0.0,26900000.0,0.0,0.0,0.0,163900000.0,190800000.0,0.3,190800000.0,163900000.0,119600000.0,0.36,0.35,0.36,2715100000.0,,2715100000.0,7905082555.0,10.0,9.02,220400000.0,1.046,1.0,251000000.0,0.395,3529000000.0,44300000.0,5742000000.0,,1309000000.0,0.0,0.0,0.0,4360300000.0,783400000.0,3576900000.0,4677982555.0,4200000.0,-7500000.0,46400000.0,-248800000.0,0.0,-204600000.0,-33800000.0,1000000.0,241300000.0,1300000.0,74500000.0,74500000.0,74500000.0,0.0,0.0,0.117,149300000.0,101700000.0,104800000.0,0.0,1.723,7.998,7.787,1230700000.0,0.0,21.96,1.471,1.455,459300000.0,1736800000.0,635300000.0,635300000.0,0.0,,,,,13700000.0,138200000.0,1.0,213022885.0,210650000,238518000.0,3.016,3546400000.0,0.0,45100000.0,614100000.0,16.836,1172700000.0
42,STZ,MRQ,2011-03-31,2011-02-28,2011-02-28,2021-10-06,188800000.0,7167600000.0,,2083000000.0,5084600000.0,,12.265,-15000000.0,9200000.0,9200000.0,461300000.0,279800000.0,3.142,1.809,3236300000.0,99600000.0,3136700000.0,3236300000.0,0.0,21800000.0,0.0,0.0,0.0,154400000.0,176200000.0,0.246,176200000.0,154400000.0,107000000.0,1.35,1.32,1.35,2551900000.0,,2551900000.0,7966786296.0,11.0,9.147,235300000.0,1.131,1.0,254000000.0,0.355,3506100000.0,47400000.0,6225700000.0,,1369300000.0,0.0,0.0,0.0,4615700000.0,662900000.0,3952800000.0,4256186296.0,-6800000.0,221300000.0,20300000.0,-500400000.0,0.0,-472700000.0,213200000.0,0.0,250300000.0,2400000.0,279800000.0,279800000.0,279800000.0,0.0,0.0,0.391,151100000.0,102900000.0,129200000.0,0.0,1.668,7.607,7.582,1219600000.0,0.0,20.32,1.277,1.286,417400000.0,1662300000.0,715300000.0,715300000.0,0.0,,,,,6200000.0,128700000.0,1.0,209457987.0,208060000,235141000.0,3.438,3661500000.0,0.0,-172800000.0,597300000.0,17.598,1420100000.0
43,STZ,MRQ,2010-12-31,2010-11-30,2010-11-30,2021-10-06,665900000.0,8257800000.0,,2844800000.0,5413000000.0,,12.951,-14500000.0,16000000.0,16000000.0,614500000.0,139300000.0,1.877,2.037,3726600000.0,593600000.0,3133000000.0,3726600000.0,0.0,34600000.0,0.0,0.0,0.0,241500000.0,276100000.0,0.286,276100000.0,241500000.0,192400000.0,0.67,0.65,0.67,2719000000.0,,2719000000.0,8125381250.0,14.0,11.235,48800000.0,0.232,1.0,351900000.0,0.364,3512200000.0,49100000.0,6940900000.0,,1866600000.0,0.0,0.0,0.0,5538800000.0,1515300000.0,4023500000.0,4355881250.0,2100000.0,0.0,20200000.0,-69200000.0,0.0,-49000000.0,-14200000.0,0.0,63300000.0,2000000.0,139300000.0,139300000.0,139300000.0,0.0,0.0,0.144,181800000.0,170100000.0,334800000.0,0.0,1.602,19.046,18.568,1556100000.0,0.0,20.61,1.31,1.301,868900000.0,1382500000.0,966400000.0,966400000.0,0.0,,,,,14100000.0,176100000.0,1.0,211347950.0,209952000,236790000.0,4.603,4745600000.0,0.0,53100000.0,630800000.0,22.603,1329500000.0
44,STZ,MRQ,2010-09-30,2010-08-31,2010-08-31,2021-10-06,550600000.0,7877100000.0,,2560000000.0,5317100000.0,,11.617,-15600000.0,13900000.0,13900000.0,548600000.0,91300000.0,1.766,2.242,3783400000.0,655700000.0,3127700000.0,3783400000.0,0.0,33700000.0,0.0,0.0,0.0,199600000.0,233300000.0,0.27,233300000.0,199600000.0,149300000.0,0.44,0.43,0.44,2429900000.0,,2429900000.0,7511115601.0,15.0,11.466,230400000.0,1.102,1.0,314200000.0,0.364,3486200000.0,50300000.0,6710700000.0,,1722400000.0,0.0,0.0,0.0,5447200000.0,1449700000.0,3997500000.0,3514215601.0,-7000000.0,0.0,3500000.0,-241900000.0,0.0,-238400000.0,-15500000.0,-100000.0,246000000.0,900000.0,91300000.0,91300000.0,91300000.0,0.0,0.0,0.106,181000000.0,133200000.0,253500000.0,0.0,1.446,26.324,26.031,1529000000.0,0.0,16.66,1.05,1.041,720700000.0,1243200000.0,862800000.0,862800000.0,0.0,,,,,14700000.0,167300000.0,1.0,210937311.0,209167000,234861000.0,4.125,4390900000.0,0.0,58000000.0,601700000.0,20.992,1110300000.0
45,STZ,MRQ,2010-06-30,2010-05-31,2010-05-31,2021-10-06,527500000.0,7896100000.0,,2562000000.0,5334100000.0,,10.615,-24500000.0,20900000.0,20900000.0,517500000.0,49100000.0,1.67,2.437,4017800000.0,816800000.0,3201000000.0,4017800000.0,0.0,34600000.0,0.0,0.0,0.0,150800000.0,185400000.0,0.235,185400000.0,150800000.0,102300000.0,0.23,0.22,0.23,2297400000.0,,2297400000.0,7342551061.0,14.0,10.782,35600000.0,0.164,1.0,270000000.0,0.343,3493600000.0,48500000.0,6865200000.0,,1795600000.0,0.0,0.0,0.0,5598700000.0,1534200000.0,4064500000.0,3550551061.0,-22600000.0,-1600000.0,-278700000.0,193100000.0,0.0,-86000000.0,4600000.0,30400000.0,60100000.0,-1300000.0,49100000.0,49100000.0,49100000.0,0.0,0.0,0.062,173700000.0,96300000.0,224800000.0,0.0,1.545,25.022,25.242,1522900000.0,0.0,16.66,1.056,1.073,636500000.0,1151900000.0,787500000.0,787500000.0,0.0,,,,,11000000.0,168800000.0,1.0,213118311.0,216439000,242582000.0,3.638,4402500000.0,0.0,53200000.0,598300000.0,20.341,1027800000.0
46,STZ,MRQ,2010-03-31,2010-02-28,2010-02-28,2021-10-06,587200000.0,8094300000.0,,2589100000.0,5505200000.0,,11.685,-17800000.0,43500000.0,43500000.0,486300000.0,-51000000.0,1.886,2.142,3835500000.0,558400000.0,3277100000.0,3835500000.0,0.0,35500000.0,0.0,0.0,0.0,-7100000.0,28400000.0,0.04,28400000.0,-7100000.0,-70200000.0,-0.23,-0.23,-0.23,2576300000.0,,2576300000.0,7384671868.0,14.0,10.855,196100000.0,0.889,1.0,222400000.0,0.314,3495600000.0,63100000.0,7018100000.0,,1879900000.0,0.0,0.0,0.0,5518000000.0,1372600000.0,4145400000.0,3337771868.0,-6800000.0,73200000.0,17200000.0,-270100000.0,0.0,-266200000.0,52700000.0,-500000.0,213900000.0,-7200000.0,-51000000.0,-51000000.0,-51000000.0,0.0,0.0,-0.072,271800000.0,-49400000.0,268800000.0,0.0,1.296,33.613,32.696,1567200000.0,0.0,15.04,0.992,0.983,514700000.0,1102800000.0,708700000.0,708700000.0,0.0,,,,,17100000.0,148200000.0,1.0,221926321.0,220470000,246023000.0,3.214,4598700000.0,0.0,-19200000.0,580000000.0,20.859,1216500000.0
47,STZ,MRQ,2009-12-31,2009-11-30,2009-11-30,2021-10-06,677900000.0,8728600000.0,,3093600000.0,5635000000.0,,12.247,-22100000.0,50300000.0,50300000.0,643600000.0,44100000.0,1.962,2.236,4097200000.0,481200000.0,3616000000.0,4097200000.0,0.0,37300000.0,0.0,0.0,0.0,170700000.0,208000000.0,0.211,208000000.0,170700000.0,105200000.0,0.2,0.2,0.2,2697200000.0,,2697200000.0,7935637410.0,36.0,21.022,69200000.0,0.314,1.0,344100000.0,0.348,3614200000.0,65500000.0,7584900000.0,,1992500000.0,0.0,0.0,0.0,6031400000.0,1576400000.0,4455000000.0,3791237410.0,30600000.0,0.0,0.0,-74000000.0,0.0,-38800000.0,-22600000.0,100000.0,91300000.0,700000.0,44100000.0,44100000.0,44100000.0,0.0,0.0,0.045,208000000.0,136100000.0,376700000.0,0.0,1.406,-14.781,-14.258,1649500000.0,0.0,17.11,1.118,1.111,901700000.0,1153800000.0,987700000.0,987700000.0,0.0,,,,,13800000.0,202900000.0,1.0,221580211.0,220239000,245939000.0,4.485,5114400000.0,0.0,61100000.0,626300000.0,23.222,1517200000.0
48,STZ,MRQ,2009-09-30,2009-08-31,2009-08-31,2021-10-06,556000000.0,8433900000.0,,2818600000.0,5615300000.0,,11.452,-4700000.0,19700000.0,19700000.0,567200000.0,99700000.0,1.973,2.353,4164100000.0,473300000.0,3690800000.0,4164100000.0,0.0,45900000.0,0.0,0.0,0.0,213300000.0,259200000.0,0.296,259200000.0,213300000.0,145200000.0,0.46,0.45,0.46,2515300000.0,,2515300000.0,7570415593.0,23.0,15.854,147500000.0,0.672,1.0,309600000.0,0.353,3576600000.0,68100000.0,7572900000.0,,1824000000.0,0.0,0.0,0.0,5918600000.0,1428800000.0,4489800000.0,3265415593.0,2900000.0,6200000.0,2300000.0,-160700000.0,0.0,-151800000.0,2200000.0,-200000.0,152200000.0,300000.0,99700000.0,99700000.0,99700000.0,0.0,0.0,0.114,169500000.0,140100000.0,298500000.0,0.0,1.298,-15.041,-14.644,1622500000.0,0.0,14.79,0.951,0.946,787300000.0,1109700000.0,876800000.0,876800000.0,0.0,,,,,13200000.0,166300000.0,1.0,220785368.0,219646000,244450000.0,3.992,4857300000.0,0.0,45500000.0,609300000.0,22.114,1389800000.0
49,STZ,MRQ,2009-06-30,2009-05-31,2009-05-31,2021-10-06,488000000.0,8401500000.0,,2766700000.0,5634800000.0,,10.618,-45900000.0,16800000.0,16800000.0,522900000.0,6500000.0,1.778,2.613,4321800000.0,609700000.0,3712100000.0,4321800000.0,0.0,37200000.0,0.0,0.0,0.0,147500000.0,184700000.0,0.233,184700000.0,147500000.0,79100000.0,0.03,0.03,0.03,2325200000.0,,2325200000.0,6975222129.0,35.0,19.878,-100700000.0,-0.46,1.0,268700000.0,0.339,3560000000.0,68400000.0,7590800000.0,,1846000000.0,0.0,0.0,0.0,6076300000.0,1555700000.0,4520600000.0,2554722129.0,3700000.0,270200000.0,0.0,-170900000.0,0.0,-166300000.0,224300000.0,-300000.0,-54800000.0,500000.0,6500000.0,6500000.0,6500000.0,0.0,0.0,0.008,184000000.0,84700000.0,276200000.0,0.0,1.099,-7.525,-7.316,1633000000.0,0.0,11.56,0.727,0.72,715900000.0,1010000000.0,791600000.0,791600000.0,0.0,,,,,12200000.0,165100000.0,1.0,220996724.0,218977000,243564000.0,3.615,4841500000.0,0.0,72600000.0,593800000.0,22.11,1211000000.0
50,STZ,MRQ,2009-03-31,2009-02-28,2009-02-28,2021-10-06,94200000.0,8036500000.0,,2534500000.0,5502000000.0,,8.738,-26500000.0,13100000.0,13100000.0,543900000.0,-406800000.0,1.911,3.211,4433600000.0,462500000.0,3971100000.0,4433600000.0,0.0,37800000.0,0.0,0.0,0.0,-312200000.0,-274400000.0,-0.373,-274400000.0,-312200000.0,-389500000.0,-1.89,-1.88,-1.89,1908300000.0,,1908300000.0,7455898682.0,34.0,19.978,149500000.0,0.685,1.0,191200000.0,0.26,3615600000.0,77300000.0,7515000000.0,,1828700000.0,0.0,0.0,0.0,6128200000.0,1326400000.0,4801800000.0,2855198682.0,-168200000.0,-100000.0,37000000.0,-324700000.0,0.0,-320200000.0,-28700000.0,-2100000.0,176000000.0,4700000.0,-406800000.0,-406800000.0,-406800000.0,0.0,0.0,-0.553,471500000.0,-280300000.0,288700000.0,0.0,1.496,-9.473,-9.321,1547500000.0,0.0,13.05,0.781,0.777,524600000.0,1003500000.0,735100000.0,735100000.0,0.0,,,,,12000000.0,172800000.0,1.0,218789171.0,218400000,217659000.0,3.366,4420900000.0,0.0,17300000.0,601200000.0,20.242,1208100000.0
51,STZ,MRQ,2008-12-31,2008-11-30,2008-11-30,2021-10-06,137600000.0,9108500000.0,,3145400000.0,5963100000.0,,10.732,-40700000.0,181300000.0,181300000.0,627200000.0,83500000.0,1.82,2.89,4782000000.0,657600000.0,4124400000.0,4782000000.0,0.0,34000000.0,0.0,0.0,0.0,274000000.0,308000000.0,0.299,308000000.0,274000000.0,195600000.0,0.39,0.38,0.39,2341700000.0,,2341700000.0,7603756966.0,-43.0,-752.847,113400000.0,0.52,1.0,404000000.0,0.392,3956200000.0,78400000.0,8024600000.0,,1978500000.0,0.0,0.0,0.0,6766800000.0,1728400000.0,5038400000.0,2790856966.0,156400000.0,-400000.0,0.0,17900000.0,0.0,24800000.0,-22200000.0,20300000.0,154100000.0,-300000.0,83500000.0,83500000.0,83500000.0,0.0,0.0,0.081,206300000.0,197700000.0,344600000.0,0.0,1.192,-3.826,-3.798,1582800000.0,0.0,12.76,0.734,0.732,813400000.0,1410300000.0,1031200000.0,1031200000.0,0.0,,,,,11800000.0,200500000.0,1.0,218719198.0,218195000,243750000.0,4.726,5152300000.0,0.0,112100000.0,668900000.0,23.613,1417000000.0
52,STZ,MRQ,2008-09-30,2008-08-31,2008-08-31,2021-10-06,573900000.0,9421800000.0,,3038100000.0,6383700000.0,,12.303,-14600000.0,24900000.0,24900000.0,650700000.0,-22700000.0,2.265,2.521,4837800000.0,351300000.0,4486500000.0,4837800000.0,0.0,41000000.0,0.0,0.0,0.0,91600000.0,132600000.0,0.139,132600000.0,91600000.0,10900000.0,-0.11,-0.11,-0.11,2675800000.0,,2675800000.0,9864961641.0,-55.0,-1934.306,194900000.0,0.896,1.0,305800000.0,0.32,4157600000.0,80700000.0,8736000000.0,,2005100000.0,0.0,0.0,0.0,6746000000.0,1341100000.0,5404900000.0,4597261641.0,-300000.0,206900000.0,2900000.0,-416800000.0,0.0,-405100000.0,195200000.0,-600000.0,209500000.0,100000.0,-22700000.0,-22700000.0,-22700000.0,0.0,0.0,-0.024,284300000.0,21500000.0,347700000.0,0.0,1.718,-6.631,-6.618,1752600000.0,0.0,21.11,1.189,1.187,775900000.0,1326800000.0,956500000.0,956500000.0,0.0,,,,,11500000.0,225200000.0,1.0,217776487.0,217487000,217487000.0,4.398,5264200000.0,0.0,33600000.0,618000000.0,24.205,1697000000.0
53,STZ,MRQ,2008-06-30,2008-05-31,2008-05-31,2021-10-06,778500000.0,10156300000.0,,3325400000.0,6830900000.0,,13.299,-21400000.0,25200000.0,25200000.0,602800000.0,44600000.0,1.862,2.526,5292900000.0,717800000.0,4575100000.0,5292900000.0,0.0,44200000.0,0.0,0.0,0.0,162800000.0,207000000.0,0.222,207000000.0,162800000.0,76200000.0,0.21,0.2,0.21,2880100000.0,,2880100000.0,9865570657.0,-134.0,100.772,-54100000.0,-0.25,1.0,329000000.0,0.353,4299300000.0,86600000.0,9338400000.0,,2270700000.0,0.0,0.0,0.0,7276200000.0,1786300000.0,5489900000.0,4628570657.0,4700000.0,-2100000.0,0.0,36300000.0,0.0,53100000.0,-15700000.0,0.0,-32700000.0,0.0,44600000.0,44600000.0,44600000.0,0.0,0.0,0.048,238300000.0,90700000.0,370000000.0,0.0,1.607,-7.734,-7.781,2010300000.0,0.0,21.32,1.217,1.214,791100000.0,1349500000.0,931800000.0,931800000.0,0.0,,,,,10800000.0,233500000.0,1.0,217099937.0,216561000,242955000.0,4.303,5857000000.0,0.0,31600000.0,621400000.0,27.045,1539100000.0
54,STZ,MRQ,2008-03-31,2008-02-29,2008-02-29,2021-10-06,736000000.0,10052800000.0,,3199000000.0,6853800000.0,,12.819,-53600000.0,20500000.0,20500000.0,572700000.0,-834800000.0,1.862,2.635,5257500000.0,608800000.0,4648700000.0,5257500000.0,0.0,48400000.0,0.0,0.0,0.0,-706100000.0,-657700000.0,-0.744,-657700000.0,-706100000.0,-805600000.0,-3.85,-3.82,-3.85,2765900000.0,,2765900000.0,8821139218.0,-96.0,119.852,213900000.0,0.991,1.0,311700000.0,0.352,4313900000.0,99500000.0,9257600000.0,,2179500000.0,0.0,0.0,0.0,7286900000.0,1718300000.0,5568600000.0,4142239218.0,-4400000.0,-778800000.0,3200000.0,563000000.0,0.0,569000000.0,-835500000.0,-3100000.0,267500000.0,-5400000.0,-834800000.0,-834800000.0,-834800000.0,0.0,0.0,-0.944,1045600000.0,-733900000.0,349400000.0,0.0,1.498,-6.754,-6.788,2035000000.0,0.0,19.21,1.098,1.115,731600000.0,1306000000.0,884400000.0,884400000.0,0.0,,,,,7900000.0,220600000.0,1.0,215629319.0,215764000,218947000.0,4.099,5738900000.0,0.0,29200000.0,598200000.0,26.598,1480700000.0
55,STZ,MRQ,2007-12-31,2007-11-30,2007-11-30,2021-10-06,665500000.0,10193600000.0,,3147500000.0,7046100000.0,,16.309,-26100000.0,24900000.0,24900000.0,702900000.0,119600000.0,1.974,1.902,4703800000.0,468600000.0,4235200000.0,4703800000.0,0.0,40500000.0,0.0,0.0,0.0,272500000.0,313000000.0,0.286,313000000.0,272500000.0,190100000.0,0.56,0.55,0.56,3512700000.0,,3512700000.0,9789044479.0,12.0,10.299,48500000.0,0.225,1.0,391900000.0,0.358,4680600000.0,82400000.0,8597300000.0,,2041400000.0,0.0,0.0,0.0,6680900000.0,1594600000.0,5086300000.0,5073244479.0,-8300000.0,-4600000.0,0.0,-61000000.0,0.0,-51800000.0,-31600000.0,-900000.0,74600000.0,500000.0,119600000.0,119600000.0,119600000.0,0.0,0.0,0.109,193600000.0,198300000.0,350800000.0,0.0,1.444,17.392,17.707,1791900000.0,0.0,23.55,1.259,1.258,938500000.0,2140800000.0,1094800000.0,1094800000.0,0.0,,,,,7200000.0,192100000.0,1.0,215424394.0,215387000,243241000.0,5.083,5513000000.0,0.0,70500000.0,606100000.0,25.596,1552900000.0
56,STZ,MRQ,2007-09-30,2007-08-31,2007-08-31,2021-10-06,477700000.0,9731100000.0,,2887400000.0,6843700000.0,,14.823,-28800000.0,33200000.0,33200000.0,582900000.0,72100000.0,1.989,2.052,4749000000.0,457200000.0,4291800000.0,4749000000.0,0.0,38300000.0,0.0,0.0,0.0,197300000.0,235600000.0,0.264,235600000.0,197300000.0,110600000.0,0.34,0.33,0.34,3188800000.0,,3188800000.0,10166085664.0,13.0,11.054,235000000.0,1.092,1.0,309700000.0,0.347,4570800000.0,86700000.0,8424100000.0,,1922700000.0,0.0,0.0,0.0,6542300000.0,1452000000.0,5090300000.0,5212685664.0,-300000.0,-700000.0,3000000.0,-246900000.0,0.0,-236000000.0,-30100000.0,-600000.0,263800000.0,2000000.0,72100000.0,72100000.0,72100000.0,0.0,0.0,0.081,192500000.0,117200000.0,281300000.0,0.0,1.635,18.623,19.5,1728600000.0,0.0,24.18,1.175,1.172,784500000.0,2021200000.0,892600000.0,892600000.0,0.0,,,,,7500000.0,190500000.0,1.0,215578398.0,215127000,243119000.0,4.149,5160300000.0,0.0,38500000.0,545800000.0,23.987,1435400000.0
57,STZ,MRQ,2007-06-30,2007-05-31,2007-05-31,2021-10-06,508200000.0,9826200000.0,,2909300000.0,6916900000.0,,13.633,-15900000.0,33500000.0,33500000.0,633000000.0,29800000.0,1.93,2.141,4986900000.0,605100000.0,4381800000.0,4986900000.0,0.0,38700000.0,0.0,0.0,0.0,144000000.0,182700000.0,0.203,182700000.0,144000000.0,64300000.0,0.13,0.13,0.13,3128300000.0,,3128300000.0,9863884104.0,13.0,10.939,-102000000.0,-0.445,1.0,268200000.0,0.298,4567800000.0,79700000.0,8704300000.0,,1955300000.0,0.0,0.0,0.0,6697900000.0,1507500000.0,5190400000.0,5711884104.0,0.0,-199800000.0,-500000000.0,791700000.0,0.0,303700000.0,-215700000.0,0.0,-86100000.0,-1900000.0,29800000.0,29800000.0,29800000.0,0.0,0.0,0.033,200000000.0,68200000.0,270600000.0,0.0,1.826,20.862,20.25,1744200000.0,0.0,24.3,1.151,1.124,763900000.0,1949100000.0,901200000.0,901200000.0,0.0,,,,,9400000.0,197600000.0,1.0,235056959.0,229460000,257263000.0,3.927,5258400000.0,0.0,34500000.0,555700000.0,22.916,1401800000.0
58,STZ,MRQ,2007-03-31,2007-02-28,2007-02-28,2021-10-06,349100000.0,9438200000.0,,3023300000.0,6414900000.0,,14.583,-55400000.0,33500000.0,33500000.0,796900000.0,70200000.0,1.9,1.762,4185500000.0,470600000.0,3714900000.0,4185500000.0,0.0,41100000.0,0.0,0.0,0.0,178100000.0,219200000.0,0.192,219200000.0,178100000.0,103700000.0,0.3,0.29,0.3,3417500000.0,,3417500000.0,9789914422.0,12.0,10.378,144600000.0,0.617,1.0,345300000.0,0.302,4219300000.0,74400000.0,7779800000.0,,1948100000.0,0.0,0.0,0.0,6020700000.0,1591100000.0,4429600000.0,5498714422.0,-1200000.0,100000.0,2600000.0,-163200000.0,0.0,-144000000.0,-56000000.0,0.0,200000000.0,-1200000.0,70200000.0,70200000.0,70200000.0,0.0,0.0,0.061,206400000.0,138900000.0,376100000.0,0.0,1.609,16.816,16.292,1750200000.0,0.0,23.46,1.054,1.029,881000000.0,1919300000.0,1142200000.0,1142200000.0,0.0,,,,,4400000.0,194000000.0,1.0,234386804.0,234350000,263246000.0,4.874,5218900000.0,0.0,33500000.0,547800000.0,22.27,1432200000.0
59,STZ,MRQ,2006-12-31,2006-11-30,2006-11-30,2021-10-06,359400000.0,9845300000.0,,3636400000.0,6208900000.0,,14.261,-24900000.0,34700000.0,34700000.0,1055600000.0,107800000.0,1.973,1.958,4325900000.0,376500000.0,3949400000.0,4325900000.0,0.0,36000000.0,0.0,0.0,0.0,246200000.0,282200000.0,0.188,282200000.0,246200000.0,173100000.0,0.47,0.45,0.47,3327900000.0,,3327900000.0,10805374029.0,14.0,12.2,6900000.0,0.03,1.0,445200000.0,0.297,4250400000.0,73100000.0,8042900000.0,,2138900000.0,0.0,0.0,0.0,6517400000.0,1843200000.0,4674200000.0,6531174029.0,-7500000.0,-4500000.0,-17900000.0,-11300000.0,0.0,-9500000.0,-29700000.0,0.0,31800000.0,-100000.0,107800000.0,107800000.0,107800000.0,0.0,0.0,0.072,209400000.0,235800000.0,543400000.0,0.0,1.963,20.893,19.986,1706100000.0,0.0,27.98,1.275,1.275,1159600000.0,1849100000.0,1500800000.0,1500800000.0,0.0,,,,,4300000.0,197800000.0,1.0,233422946.0,233361000,263233000.0,6.431,5594900000.0,0.0,65300000.0,552500000.0,23.975,1793200000.0
60,STZ,MRQ,2006-09-30,2006-08-31,2006-08-31,2021-10-06,314600000.0,9448700000.0,,3272600000.0,6176100000.0,,14.128,-57500000.0,42200000.0,42200000.0,1002700000.0,68400000.0,2.087,1.983,4316400000.0,328700000.0,3987700000.0,4316400000.0,0.0,33500000.0,0.0,0.0,0.0,184100000.0,217600000.0,0.154,217600000.0,184100000.0,111600000.0,0.3,0.28,0.3,3167000000.0,,3167000000.0,8944976989.0,12.0,10.334,18300000.0,0.082,1.0,414800000.0,0.293,4236700000.0,72500000.0,7918400000.0,,1926200000.0,0.0,0.0,0.0,6281700000.0,1567800000.0,4713900000.0,6122076989.0,4700000.0,-1091400000.0,-78800000.0,1085000000.0,0.0,1038500000.0,-1091800000.0,55100000.0,75800000.0,-17800000.0,68400000.0,66000000.0,66000000.0,0.0,0.0,0.047,233500000.0,181300000.0,420300000.0,0.0,1.933,19.666,19.218,1698100000.0,2400000.0,27.29,1.252,1.251,1022400000.0,1741300000.0,1417500000.0,1417500000.0,0.0,,,,,4200000.0,204400000.0,1.0,224334078.0,224161000,264163000.0,6.324,5212000000.0,0.0,43200000.0,534400000.0,23.251,1704800000.0
61,STZ,MRQ,2006-06-30,2006-05-31,2006-05-31,2021-10-06,293700000.0,7671500000.0,,2921500000.0,4750000000.0,,13.964,-44400000.0,37500000.0,37500000.0,837300000.0,85500000.0,2.033,1.459,2860400000.0,378600000.0,2481800000.0,2860400000.0,0.0,28700000.0,0.0,0.0,0.0,195600000.0,224300000.0,0.194,224300000.0,195600000.0,146900000.0,0.38,0.36,0.38,3120000000.0,,3120000000.0,8318613180.0,12.0,9.779,-38800000.0,-0.174,1.0,318600000.0,0.276,3091000000.0,48700000.0,5966300000.0,,1751100000.0,0.0,0.0,0.0,4551500000.0,1437100000.0,3114400000.0,5519764180.0,26600000.0,26900000.0,0.0,31300000.0,0.0,40200000.0,-19600000.0,0.0,5600000.0,400000.0,85500000.0,83000000.0,83000000.0,0.0,0.0,0.072,175600000.0,143000000.0,365000000.0,0.0,1.769,16.968,16.577,1442700000.0,2500000.0,24.7,1.184,1.184,854200000.0,1675300000.0,1155900000.0,1155900000.0,0.0,,,,,3600000.0,172600000.0,1.0,223472234.0,223424000,263953000.0,5.174,4580500000.0,0.0,61400000.0,441800000.0,20.501,1484400000.0
62,STZ,MRQ,2006-03-31,2006-02-28,2006-02-28,2021-10-06,247400000.0,7400600000.0,,2700900000.0,4699700000.0,,13.39,-40300000.0,10900000.0,10900000.0,761500000.0,58200000.0,2.081,1.487,2809800000.0,294000000.0,2515800000.0,2809800000.0,0.0,35800000.0,0.0,0.0,0.0,125800000.0,161600000.0,0.154,161600000.0,125800000.0,78500000.0,0.25,0.24,0.25,2975200000.0,,2975200000.0,8753594127.0,13.0,11.011,113400000.0,0.51,1.0,286400000.0,0.273,3077500000.0,47300000.0,5823900000.0,,1704400000.0,0.0,0.0,0.0,4425400000.0,1298100000.0,3127300000.0,5834763127.0,-15500000.0,0.0,3200000.0,-140000000.0,0.0,-128700000.0,-40400000.0,-100000.0,153700000.0,-100000.0,58200000.0,55800000.0,55800000.0,0.0,0.0,0.053,155700000.0,130700000.0,312800000.0,0.0,1.961,18.494,18.292,1425300000.0,2400000.0,26.34,1.267,1.263,771900000.0,1592300000.0,1047900000.0,1047900000.0,0.0,,,,,7300000.0,133900000.0,1.0,221517203.0,222200000,262611000.0,4.716,4323100000.0,0.0,20300000.0,447900000.0,19.456,1402800000.0
63,STZ,MRQ,2005-12-31,2005-11-30,2005-11-30,2021-10-06,264987000.0,7702505000.0,,2996714000.0,4705791000.0,,13.146,-21500000.0,26374000.0,26374000.0,882900000.0,109000000.0,1.872,1.65,2945205000.0,353466000.0,2591739000.0,2945205000.0,0.0,34200000.0,0.0,0.0,0.0,227900000.0,262100000.0,0.207,262100000.0,227900000.0,179800000.0,0.49,0.46,0.49,2906721000.0,,2906721000.0,8191810603.0,12.0,10.445,86700000.0,0.392,1.0,384200000.0,0.303,3069233000.0,48100000.0,5951266000.0,,1805962000.0,0.0,0.0,0.0,4795784000.0,1600837000.0,3194947000.0,5221143603.0,7800000.0,-47300000.0,100000.0,-32600000.0,0.0,-31300000.0,-69100000.0,-400000.0,108200000.0,0.0,109000000.0,106500000.0,106500000.0,0.0,0.0,0.084,162800000.0,221400000.0,485722000.0,0.0,1.796,17.123,16.752,1414135000.0,2500000.0,23.62,1.137,1.137,969528000.0,1536580000.0,1267100000.0,1267100000.0,0.0,,,,,100000.0,156900000.0,1.0,221047570.0,221108000,238583000.0,5.731,4633272000.0,0.0,70800000.0,453384000.0,20.955,1395877000.0
64,STZ,MRQ,2005-09-30,2005-08-31,2005-08-31,2021-10-06,303676000.0,7463373000.0,,2734506000.0,4728867000.0,,12.857,-12000000.0,18667000.0,18667000.0,844000000.0,82400000.0,2.092,1.633,2989334000.0,284867000.0,2704467000.0,2989334000.0,0.0,28800000.0,0.0,0.0,0.0,173900000.0,202700000.0,0.17,202700000.0,173900000.0,127000000.0,0.37,0.34,0.37,2834019000.0,,2834019000.0,9140046133.0,15.0,12.541,102100000.0,0.463,1.0,348000000.0,0.292,3061208000.0,46900000.0,6065894000.0,,1615571000.0,0.0,0.0,0.0,4629354000.0,1306938000.0,3322416000.0,6059943133.0,-600000.0,0.0,3000000.0,-108400000.0,0.0,-99200000.0,-16200000.0,800000.0,114100000.0,700000.0,82400000.0,80000000.0,80000000.0,0.0,0.0,0.067,173800000.0,174200000.0,362084000.0,0.0,2.138,20.692,20.235,1439735000.0,2400000.0,27.52,1.374,1.375,890639000.0,1430070000.0,1192000000.0,1192000000.0,0.0,,,,,100000.0,163700000.0,1.0,220201422.0,220425000,239071000.0,5.408,4402165000.0,0.0,44600000.0,426940000.0,19.971,1427568000.0
65,STZ,MRQ,2005-06-30,2005-05-31,2005-05-31,2021-10-06,307681000.0,7501444000.0,,2719138000.0,4782306000.0,,12.492,61000000.0,19184000.0,19184000.0,790500000.0,75700000.0,2.398,1.736,3099287000.0,130495000.0,2968792000.0,3099287000.0,0.0,29300000.0,0.0,0.0,0.0,139300000.0,168600000.0,0.154,168600000.0,139300000.0,92000000.0,0.34,0.32,0.34,2742210000.0,,2742210000.0,9386158956.0,16.0,13.271,121000000.0,0.551,1.0,306000000.0,0.279,3047726000.0,47300000.0,6399991000.0,,1666159000.0,0.0,0.0,0.0,4759234000.0,1133830000.0,3625404000.0,6114517956.0,1600000.0,16200000.0,0.0,-173200000.0,0.0,-167000000.0,110100000.0,32900000.0,60000000.0,-1500000.0,75700000.0,73200000.0,73200000.0,0.0,0.0,0.067,166200000.0,139800000.0,387177000.0,0.0,2.23,21.011,20.449,1449512000.0,2500000.0,27.81,1.436,1.434,822223000.0,1350101000.0,1096500000.0,1096500000.0,0.0,,,,,0.0,157900000.0,1.0,219867600.0,219519000,238178000.0,4.995,4453718000.0,0.0,16300000.0,441052000.0,20.289,1585308000.0
66,STZ,MRQ,2005-03-31,2005-02-28,2005-02-28,2021-10-06,431843000.0,7804172000.0,,2734035000.0,5070137000.0,,12.777,-28869000.0,17635000.0,17635000.0,750852000.0,47664000.0,2.402,1.807,3289276000.0,84569000.0,3204707000.0,3289276000.0,0.0,30088000.0,0.0,0.0,0.0,120812000.0,150900000.0,0.145,150900000.0,120812000.0,74444000.0,0.21,0.2,0.21,2779913000.0,,2779913000.0,7816106711.0,14.0,11.607,210409000.0,0.967,1.0,286791000.0,0.276,3128319000.0,46368000.0,6809407000.0,,1607735000.0,0.0,0.0,0.0,5024259000.0,1138087000.0,3886172000.0,5800279711.0,4882000.0,-1043584000.0,2259000.0,876654000.0,0.0,899409000.0,-1134253000.0,-61800000.0,239278000.0,448000.0,47664000.0,45217000.0,45217000.0,0.0,0.0,0.044,167158000.0,119633000.0,345254000.0,0.0,2.086,21.748,21.412,1596367000.0,2447000.0,26.765,1.419,1.411,849642000.0,1276853000.0,1037643000.0,1037643000.0,0.0,,,,,31000.0,154584000.0,1.0,216711366.0,217566000,257103000.0,4.769,4675853000.0,0.0,26780000.0,464242000.0,21.492,1595948000.0
67,STZ,MRQ,2004-12-31,2004-11-30,2004-11-30,2021-10-06,414474000.0,6079884000.0,,2548127000.0,3531757000.0,,12.357,-27245000.0,12754000.0,12754000.0,772047000.0,96893000.0,1.919,1.278,2028581000.0,311896000.0,1716685000.0,2028581000.0,0.0,24545000.0,0.0,0.0,0.0,182046000.0,206591000.0,0.19,206591000.0,182046000.0,151395000.0,0.44,0.42,0.44,2669243000.0,,2669243000.0,6807805797.0,12.0,10.046,27000.0,0.0,1.0,313664000.0,0.289,2310868000.0,30651000.0,4457270000.0,,1443430000.0,0.0,0.0,0.0,3410641000.0,1327573000.0,2083068000.0,4824046797.0,2986000.0,-10177000.0,9000.0,7551000.0,0.0,13015000.0,-37422000.0,0.0,27272000.0,121000.0,96893000.0,94442000.0,94442000.0,0.0,0.0,0.087,131977000.0,181687000.0,383416000.0,0.0,1.807,17.116,16.805,1124070000.0,2451000.0,22.35,1.227,1.228,906317000.0,1231676000.0,1085711000.0,1085711000.0,0.0,,,,,16000.0,130333000.0,1.0,215841020.0,216019000,233452000.0,5.026,3769016000.0,0.0,54502000.0,280008000.0,17.448,1220554000.0
68,STZ,MRQ,2004-09-30,2004-08-31,2004-08-31,2021-10-06,228354000.0,5655650000.0,,2294596000.0,3361054000.0,,11.075,-28218000.0,9768000.0,9768000.0,747258000.0,80614000.0,1.907,1.375,1993527000.0,272939000.0,1720588000.0,1993527000.0,0.0,24812000.0,0.0,0.0,0.0,156359000.0,181171000.0,0.175,181171000.0,156359000.0,125959000.0,0.37,0.35,0.37,2381169000.0,,2381169000.0,6021434764.0,11.0,9.167,72390000.0,0.337,1.0,289683000.0,0.279,2211962000.0,30400000.0,4224179000.0,,1318748000.0,0.0,0.0,0.0,3274481000.0,1203268000.0,2071213000.0,3944239764.0,-1675000.0,-1000.0,2431000.0,-91792000.0,0.0,-80275000.0,-28219000.0,0.0,100608000.0,6211000.0,80614000.0,78163000.0,78163000.0,0.0,0.0,0.075,133524000.0,156159000.0,403073000.0,0.0,1.656,14.728,14.42,1061278000.0,2451000.0,18.385,1.029,1.031,789081000.0,1137234000.0,1036941000.0,1036941000.0,0.0,,,,,28000.0,132355000.0,1.0,214535750.0,215000000,232293000.0,4.823,3443688000.0,0.0,45345000.0,267433000.0,16.017,1091328000.0
69,STZ,MRQ,2004-06-30,2004-05-31,2004-05-31,2021-10-06,250385000.0,5549074000.0,,2180235000.0,3368839000.0,,10.82,-21668000.0,11443000.0,11443000.0,676843000.0,51329000.0,1.868,1.401,2088638000.0,352479000.0,1736159000.0,2088638000.0,0.0,24255000.0,0.0,0.0,0.0,110483000.0,134738000.0,0.145,134738000.0,110483000.0,80202000.0,0.23,0.22,0.23,2310683000.0,,2310683000.0,5856725584.0,12.0,9.737,-68126000.0,-0.319,1.0,250462000.0,0.27,2225799000.0,30281000.0,4233129000.0,,1315356000.0,0.0,0.0,0.0,3238391000.0,1167341000.0,2071050000.0,3845971584.0,-25693000.0,-1338000.0,1000.0,48687000.0,0.0,52051000.0,-23006000.0,0.0,-46458000.0,-8280000.0,51329000.0,48878000.0,48878000.0,0.0,0.0,0.053,140041000.0,110421000.0,361506000.0,0.0,1.664,17.142,16.59,1060706000.0,2451000.0,18.0,1.038,1.037,711847000.0,1059071000.0,927305000.0,927305000.0,0.0,,,,,25000.0,138428000.0,1.0,213665088.0,213557000,230123000.0,4.342,3323275000.0,0.0,28873000.0,233635000.0,15.562,1012894000.0
70,STZ,MRQ,2004-03-31,2004-02-29,2004-02-29,2021-10-06,372302000.0,5558673000.0,,2071471000.0,3487202000.0,,11.204,-32146000.0,37136000.0,37136000.0,637760000.0,62821000.0,2.012,1.338,2047890000.0,269037000.0,1778853000.0,2047890000.0,0.0,24575000.0,0.0,0.0,0.0,130616000.0,155191000.0,0.176,155191000.0,130616000.0,98163000.0,0.29,0.275,0.29,2377619000.0,,2377619000.0,5522509028.0,11.0,9.344,128639000.0,0.606,1.0,243555000.0,0.276,2285615000.0,32453000.0,4254010000.0,,1261378000.0,0.0,0.0,0.0,3181054000.0,1029802000.0,2151252000.0,3356191028.0,-1239000.0,-13000.0,1676000.0,-207802000.0,0.0,-197160000.0,-32100000.0,59000.0,160785000.0,67236000.0,62821000.0,60369000.0,60369000.0,0.0,0.0,0.068,112516000.0,131039000.0,270291000.0,0.0,1.412,15.634,14.676,1097362000.0,2452000.0,15.85,0.945,0.899,635910000.0,1010193000.0,881315000.0,881315000.0,0.0,,,,,25000.0,108849000.0,1.0,211747068.0,212204000,228234000.0,4.153,3273058000.0,0.0,35342000.0,235875000.0,15.424,1041669000.0
71,STZ,MRQ,2003-12-31,2003-11-30,2003-11-30,2021-10-06,286626000.0,5624280000.0,,2216396000.0,3407884000.0,,10.467,-23205000.0,38375000.0,38375000.0,704632000.0,82840000.0,1.991,1.551,2204693000.0,233874000.0,1970819000.0,2204693000.0,0.0,24436000.0,0.0,0.0,0.0,161321000.0,185757000.0,0.188,185757000.0,161321000.0,129432000.0,0.385,0.365,0.385,2204937000.0,,2204937000.0,5845148742.0,12.0,10.42,67902000.0,0.322,1.0,282616000.0,0.286,2247647000.0,31889000.0,4429627000.0,,1291979000.0,0.0,0.0,0.0,3419343000.0,1113324000.0,2306019000.0,3628596742.0,-9090000.0,2466000.0,-285000.0,-86579000.0,0.0,-78335000.0,-20726000.0,13000.0,91107000.0,-1136000.0,82840000.0,80390000.0,80390000.0,0.0,0.0,0.081,121421000.0,161195000.0,340070000.0,0.0,1.646,17.587,15.977,1047982000.0,2450000.0,17.255,1.092,1.093,768096000.0,949824000.0,987248000.0,987248000.0,0.0,,,,,25000.0,113333000.0,1.0,210292480.0,210646000,228392000.0,4.687,3376633000.0,0.0,46592000.0,233339000.0,16.03,1103072000.0
72,STZ,MRQ,2003-09-30,2003-08-31,2003-08-31,2021-10-06,65731000.0,5198690000.0,,1970168000.0,3228522000.0,,9.611,-23099000.0,47465000.0,47465000.0,670532000.0,35564000.0,2.307,1.744,2264017000.0,117089000.0,2146928000.0,2264017000.0,0.0,29149000.0,0.0,0.0,0.0,96667000.0,125816000.0,0.138,125816000.0,96667000.0,55569000.0,0.18,0.17,0.18,1894728000.0,,1894728000.0,5461835214.0,12.0,10.464,71679000.0,0.364,1.0,240532000.0,0.264,2139549000.0,41098000.0,4421611000.0,,1198350000.0,0.0,0.0,0.0,3303962000.0,854082000.0,2449880000.0,2729458214.0,1457000.0,-1472000.0,428176000.0,-513241000.0,0.0,-77409000.0,-23794000.0,777000.0,94778000.0,7882000.0,35564000.0,34720000.0,34720000.0,0.0,0.0,0.038,144376000.0,96156000.0,255840000.0,0.0,1.441,14.345,13.69,991990000.0,844000.0,14.375,0.888,0.922,615470000.0,869434000.0,911064000.0,911064000.0,0.0,,,,,25000.0,127293000.0,1.0,189875354.0,197144000,208262000.0,4.621,3059141000.0,0.0,20005000.0,202896000.0,15.517,1116086000.0
73,STZ,MRQ,2003-06-30,2003-05-31,2003-05-31,2021-10-06,79178000.0,5358956000.0,,2050237000.0,3308719000.0,,7.75,-13195000.0,46008000.0,46008000.0,563717000.0,39189000.0,1.68,2.722,2778385000.0,484837000.0,2293548000.0,2778385000.0,0.0,23794000.0,0.0,0.0,0.0,100476000.0,124270000.0,0.161,124270000.0,100476000.0,61233000.0,0.21,0.205,0.21,1439662000.0,,1439662000.0,3853081167.0,9.0,7.408,-19558000.0,-0.105,1.0,209085000.0,0.271,2221808000.0,39243000.0,4649334000.0,,1329108000.0,0.0,0.0,0.0,3919294000.0,1220191000.0,2699103000.0,2601373167.0,32198000.0,-1068672000.0,0.0,1090487000.0,0.0,1098058000.0,-1081867000.0,0.0,-6363000.0,22370000.0,39189000.0,39189000.0,39189000.0,0.0,0.0,0.051,110118000.0,98967000.0,279877000.0,0.0,1.807,12.682,12.039,981116000.0,0.0,13.785,0.911,0.897,566348000.0,834714000.0,772802000.0,772802000.0,0.0,,,,,158000.0,107802000.0,1.0,188710422.0,185760000,191322000.0,4.16,3137148000.0,0.0,22044000.0,297279000.0,16.888,830046000.0
74,STZ,MRQ,2003-03-31,2003-02-28,2003-02-28,2021-10-06,-59257000.0,3196330000.0,,1330101000.0,1866229000.0,,6.486,-19431000.0,13810000.0,13810000.0,475801000.0,52021000.0,2.273,1.72,1265518000.0,73887000.0,1191631000.0,1265518000.0,0.0,14506000.0,0.0,0.0,0.0,110595000.0,125101000.0,0.192,125101000.0,110595000.0,85702000.0,0.305,0.285,0.305,1174984000.0,,1174984000.0,3552974547.0,8.0,7.1,69358000.0,0.383,1.0,177233000.0,0.271,1104651000.0,24893000.0,2758179000.0,,819912000.0,0.0,0.0,0.0,2021346000.0,585208000.0,1436138000.0,2228800547.0,-16126000.0,0.0,1566000.0,-91117000.0,0.0,-86384000.0,-19431000.0,0.0,88789000.0,900000.0,52021000.0,52021000.0,52021000.0,0.0,0.0,0.08,91910000.0,85323000.0,171073000.0,0.0,1.897,10.963,10.709,602469000.0,0.0,12.315,0.816,0.81,399095000.0,795525000.0,653034000.0,653034000.0,0.0,,,,,25000.0,87146000.0,1.0,180982586.0,181146000,185958000.0,3.605,2091679000.0,0.0,33681000.0,181660000.0,11.547,744893000.0
75,STZ,MRQ,2002-12-31,2002-11-30,2002-11-30,2021-10-06,-20965000.0,3340403000.0,,1465912000.0,1874491000.0,,6.355,-17345000.0,29936000.0,29936000.0,524885000.0,64344000.0,2.06,1.91,1354110000.0,88536000.0,1265574000.0,1354110000.0,0.0,14582000.0,0.0,0.0,0.0,132206000.0,146788000.0,0.199,146788000.0,132206000.0,106004000.0,0.355,0.345,0.355,1147916000.0,,1147916000.0,3465826176.0,9.0,7.382,16353000.0,0.091,1.0,213494000.0,0.289,1103772000.0,26202000.0,2849356000.0,,880149000.0,0.0,0.0,0.0,2192487000.0,711449000.0,1481038000.0,2123298176.0,4921000.0,-870000.0,10000.0,-14403000.0,0.0,-10862000.0,-18215000.0,0.0,33698000.0,300000.0,64344000.0,64344000.0,64344000.0,0.0,0.0,0.087,85470000.0,128024000.0,217715000.0,0.0,1.85,11.91,11.819,599153000.0,0.0,11.76,0.788,0.788,479662000.0,743504000.0,738379000.0,738379000.0,0.0,,,,,25000.0,85470000.0,1.0,180552566.0,180646000,186166000.0,4.087,2236631000.0,0.0,41660000.0,203908000.0,12.381,754463000.0
76,STZ,MRQ,2002-09-30,2002-08-31,2002-08-31,2021-10-06,-22486000.0,3182692000.0,,1313987000.0,1868705000.0,,6.011,-21802000.0,25015000.0,25015000.0,496544000.0,49572000.0,2.169,1.952,1367543000.0,81968000.0,1285575000.0,1367543000.0,0.0,15152000.0,0.0,0.0,0.0,108818000.0,123970000.0,0.18,123970000.0,108818000.0,81667000.0,0.275,0.265,0.275,1078274000.0,,1078274000.0,3927313848.0,10.0,8.661,49413000.0,0.275,1.0,193262000.0,0.28,1102783000.0,27151000.0,2816658000.0,,768292000.0,0.0,0.0,0.0,2104418000.0,605779000.0,1498639000.0,2538306848.0,18451000.0,0.0,1309000.0,-46034000.0,0.0,-31533000.0,-21802000.0,0.0,71215000.0,571000.0,49572000.0,49572000.0,49572000.0,0.0,0.0,0.072,87616000.0,105646000.0,160291000.0,0.0,2.354,15.517,15.357,594331000.0,0.0,14.205,0.954,0.958,435550000.0,679160000.0,689806000.0,689806000.0,0.0,,,,,25000.0,87616000.0,1.0,178691084.0,179382000,186058000.0,3.845,2079909000.0,0.0,32095000.0,195310000.0,11.595,708208000.0
77,STZ,MRQ,2002-06-30,2002-05-31,2002-05-31,2021-10-06,-27940000.0,3096434000.0,,1260044000.0,1836390000.0,,5.679,-11709000.0,6564000.0,6564000.0,473667000.0,37369000.0,2.104,2.069,1395571000.0,116388000.0,1279183000.0,1395571000.0,0.0,15849000.0,0.0,0.0,0.0,88704000.0,104553000.0,0.161,104553000.0,88704000.0,61563000.0,0.21,0.2,0.21,1009091000.0,,1009091000.0,4043754158.0,11.0,9.197,30642000.0,0.172,1.0,176726000.0,0.272,1087046000.0,27141000.0,2799498000.0,,767722000.0,0.0,0.0,0.0,2087343000.0,598897000.0,1488446000.0,2623148158.0,-2397000.0,-804000.0,0.0,-41521000.0,0.0,-32705000.0,-12513000.0,0.0,42351000.0,470000.0,37369000.0,37369000.0,37369000.0,0.0,0.0,0.057,90761000.0,85965000.0,155469000.0,0.0,2.6,17.494,17.134,580211000.0,0.0,14.735,0.987,0.985,420853000.0,629588000.0,650393000.0,650393000.0,0.0,,,,,25000.0,90761000.0,1.0,178021592.0,177690000,184706000.0,3.66,2009388000.0,0.0,24194000.0,192933000.0,11.308,661147000.0
78,STZ,MRQ,2002-03-31,2002-02-28,2002-02-28,2021-10-06,-35222000.0,3069385000.0,,1231248000.0,1838137000.0,,5.44,-23674000.0,8961000.0,8961000.0,454474000.0,27001000.0,2.069,2.212,1429567000.0,136384000.0,1293183000.0,1429567000.0,0.0,21413000.0,0.0,0.0,0.0,72783000.0,94196000.0,0.153,94196000.0,72783000.0,45002000.0,0.155,0.145,0.155,955736000.0,,955736000.0,3867548360.0,11.0,9.058,65951000.0,0.375,1.0,162871000.0,0.264,1094070000.0,27781000.0,2800711000.0,,777586000.0,0.0,0.0,0.0,2113649000.0,595210000.0,1518439000.0,2378382360.0,-493000.0,-495000.0,1137000.0,-76294000.0,0.0,-65379000.0,-24169000.0,0.0,89625000.0,-570000.0,27001000.0,27001000.0,27001000.0,0.0,0.0,0.044,90727000.0,72144000.0,153433000.0,0.0,2.489,17.434,16.984,578764000.0,0.0,13.588,0.912,0.891,383922000.0,592219000.0,617345000.0,617345000.0,0.0,,,,,25000.0,90727000.0,1.0,175041940.0,175696000,179760000.0,3.514,1975315000.0,0.0,18001000.0,223384000.0,11.243,636038000.0
79,STZ,MRQ,2001-12-31,2001-11-30,2001-11-30,2021-10-06,-34082000.0,3127491000.0,,1387353000.0,1740138000.0,,5.211,-18255000.0,9454000.0,9454000.0,508740000.0,49643000.0,1.74,2.455,1498620000.0,239532000.0,1259088000.0,1498620000.0,0.0,20730000.0,0.0,0.0,0.0,109988000.0,130718000.0,0.186,130718000.0,109988000.0,82739000.0,0.285,0.275,0.285,905281000.0,,905281000.0,3085748161.0,9.0,7.61,-563000.0,-0.003,1.0,193114000.0,0.275,0.0,27249000.0,3819116000.0,,831889000.0,0.0,0.0,0.0,2222210000.0,797541000.0,1424669000.0,1643551161.0,2686000.0,-72148000.0,11964000.0,55397000.0,0.0,76218000.0,-90403000.0,0.0,17692000.0,-821000.0,49643000.0,49643000.0,49643000.0,0.0,0.0,0.071,84291000.0,108823000.0,217550000.0,0.0,1.816,12.861,12.386,561667000.0,0.0,9.475,0.697,0.698,473835000.0,565218000.0,701854000.0,701854000.0,0.0,,,,,25000.0,84291000.0,1.0,173461864.0,173716000,178954000.0,4.04,3127491000.0,0.0,33096000.0,181930000.0,18.003,589812000.0
80,STZ,MRQ,2001-09-30,2001-08-31,2001-08-31,2021-10-06,-28853000.0,2906711000.0,,1253801000.0,1652910000.0,,4.951,17066000.0,6768000.0,6768000.0,505842000.0,35934000.0,2.033,2.46,1448965000.0,164845000.0,1284120000.0,1448965000.0,0.0,21336000.0,0.0,0.0,0.0,88864000.0,110200000.0,0.16,110200000.0,88864000.0,59890000.0,0.21,0.205,0.21,840057000.0,,840057000.0,3171339702.0,11.0,8.366,88451000.0,0.521,1.0,183285000.0,0.266,0.0,28974000.0,3732133000.0,,769117000.0,0.0,0.0,0.0,2066654000.0,616775000.0,1449879000.0,1783063702.0,3029000.0,-148688000.0,486000.0,41146000.0,0.0,63227000.0,-131622000.0,0.0,71385000.0,39000.0,35934000.0,35934000.0,35934000.0,0.0,0.0,0.052,94284000.0,89001000.0,149481000.0,0.0,2.123,15.764,14.746,560452000.0,0.0,10.588,0.78,0.785,406929000.0,515575000.0,689127000.0,689127000.0,0.0,,,,,26000.0,94284000.0,1.0,168412156.0,169658000,175728000.0,4.062,2906711000.0,0.0,23956000.0,178017000.0,17.133,637026000.0
81,STZ,MRQ,2001-06-30,2001-05-31,2001-05-31,2021-10-06,-30375000.0,2739693000.0,,1199332000.0,1540361000.0,,4.733,-10470000.0,3739000.0,3739000.0,442541000.0,23843000.0,2.377,2.508,1392015000.0,97899000.0,1294116000.0,1392015000.0,0.0,21925000.0,0.0,0.0,0.0,69923000.0,91848000.0,0.154,91848000.0,69923000.0,39738000.0,0.145,0.14,0.145,780947000.0,,780947000.0,2842243238.0,10.0,7.955,24127000.0,0.146,1.0,152675000.0,0.257,0.0,30185000.0,3623346000.0,,756611000.0,0.0,0.0,0.0,1958746000.0,504623000.0,1454123000.0,1622118238.0,-141933000.0,-328783000.0,139878000.0,18174000.0,0.0,162849000.0,-339253000.0,0.0,34597000.0,-126000.0,23843000.0,23843000.0,23843000.0,0.0,0.0,0.04,82752000.0,69923000.0,154394000.0,0.0,2.077,15.706,14.106,583070000.0,0.0,9.662,0.726,0.713,374398000.0,479641000.0,595216000.0,595216000.0,0.0,,,,,25000.0,82752000.0,1.0,167877696.0,165016000,170102000.0,3.607,2739693000.0,0.0,15895000.0,175296000.0,16.603,694709000.0
82,STZ,MRQ,2001-03-31,2001-02-28,2001-02-28,2021-10-06,-26004000.0,2512169000.0,,1190989000.0,1321180000.0,,4.159,-19781000.0,145672000.0,145672000.0,386999000.0,18377000.0,2.788,3.076,1365797000.0,58360000.0,1307437000.0,1365797000.0,0.0,15272000.0,0.0,0.0,0.0,57462000.0,72734000.0,0.195,72734000.0,57462000.0,30628000.0,0.125,0.12,0.125,616268000.0,,616268000.0,2458706970.0,9.0,7.205,67903000.0,0.458,1.0,-13626000.0,-0.036,0.0,26834000.0,3305134000.0,,670018000.0,0.0,0.0,0.0,1895901000.0,427160000.0,1468741000.0,1178104970.0,143801000.0,-4459000.0,786000.0,74986000.0,0.0,84048000.0,-24240000.0,0.0,87684000.0,-3691000.0,18377000.0,18377000.0,18377000.0,0.0,0.0,0.049,-71088000.0,57462000.0,114793000.0,0.0,1.912,12.103,12.002,548614000.0,0.0,7.981,0.529,0.527,314262000.0,455798000.0,373373000.0,373373000.0,0.0,,,,,25000.0,-71088000.0,1.0,147609080.0,148188000,150612000.0,2.52,2512169000.0,0.0,12251000.0,187928000.0,16.953,763829000.0
83,STZ,MRQ,2000-12-31,2000-11-30,2000-11-30,2021-10-06,-27632000.0,2465790000.0,,1158804000.0,1306986000.0,,3.961,-22090000.0,1871000.0,1871000.0,421524000.0,34953000.0,1.893,3.23,1282473000.0,158544000.0,1123929000.0,1282473000.0,0.0,19046000.0,0.0,0.0,0.0,85238000.0,104284000.0,0.166,104284000.0,85238000.0,58255000.0,0.237,0.233,0.237,582871000.0,,582871000.0,2104812669.0,8.0,6.262,-83972000.0,-0.571,1.0,208053000.0,0.33,0.0,26983000.0,3134262000.0,,699885000.0,0.0,0.0,0.0,1882919000.0,612130000.0,1270789000.0,899903669.0,-2279000.0,0.0,0.0,77541000.0,0.0,79893000.0,-22090000.0,0.0,-61882000.0,1800000.0,34953000.0,34953000.0,34953000.0,0.0,0.0,0.056,122815000.0,85238000.0,163195000.0,0.0,1.544,9.523,9.511,536300000.0,0.0,6.125,0.377,0.377,386908000.0,437421000.0,629577000.0,629577000.0,0.0,,,,,255000.0,122815000.0,1.0,146923048.0,147152000,149876000.0,4.278,2465790000.0,0.0,23302000.0,161376000.0,16.757,546674000.0
84,STZ,MRQ,2000-09-30,2000-08-31,2000-08-31,2021-10-06,-23262000.0,2340059000.0,,1031516000.0,1308543000.0,,3.757,-14389000.0,4150000.0,4150000.0,436851000.0,26110000.0,2.078,3.254,1209059000.0,64075000.0,1144984000.0,1209059000.0,0.0,17719000.0,0.0,0.0,0.0,70704000.0,88423000.0,0.139,88423000.0,70704000.0,43517000.0,0.177,0.175,0.177,550035000.0,,550035000.0,2243844558.0,9.0,6.884,43613000.0,0.298,1.0,200639000.0,0.315,0.0,27187000.0,3048682000.0,,604346000.0,0.0,0.0,0.0,1790024000.0,496286000.0,1293738000.0,985655558.0,-9874000.0,0.0,761000.0,-52414000.0,0.0,-50448000.0,-14389000.0,0.0,58002000.0,-3039000.0,26110000.0,26110000.0,26110000.0,0.0,0.0,0.041,129935000.0,70704000.0,137717000.0,0.0,1.792,11.02,10.987,530069000.0,0.0,6.735,0.409,0.409,358297000.0,402468000.0,637490000.0,637490000.0,0.0,,,,,0.0,129935000.0,1.0,146348264.0,146400000,149312000.0,4.354,2340059000.0,0.0,17407000.0,160448000.0,15.984,535230000.0
85,STZ,MRQ,2000-06-30,2000-05-31,2000-05-31,2021-10-06,-15415000.0,2327100000.0,,1002594000.0,1324506000.0,,3.631,-9948000.0,14024000.0,14024000.0,401707000.0,17902000.0,2.257,3.395,1272213000.0,66508000.0,1205705000.0,1272213000.0,0.0,18346000.0,0.0,0.0,0.0,57464000.0,75810000.0,0.129,75810000.0,57464000.0,29837000.0,0.122,0.12,0.122,529544000.0,,529544000.0,2239890675.0,9.0,6.963,10023000.0,0.069,1.0,183873000.0,0.314,0.0,27627000.0,3141141000.0,,601733000.0,0.0,0.0,0.0,1797556000.0,444148000.0,1353408000.0,956276675.0,-20284000.0,0.0,0.0,-32030000.0,0.0,-30057000.0,-9948000.0,0.0,19971000.0,-250000.0,17902000.0,17902000.0,17902000.0,0.0,0.0,0.031,126409000.0,57464000.0,129376000.0,0.0,1.806,11.326,11.269,530991000.0,0.0,6.548,0.399,0.399,334731000.0,376358000.0,585580000.0,585580000.0,0.0,,,,,0.0,126409000.0,1.0,146052184.0,145840000,148784000.0,4.015,2327100000.0,0.0,11935000.0,156549000.0,15.957,558446000.0
86,STZ,MRQ,2000-03-31,2000-02-29,2000-02-29,2021-10-06,-4149000.0,2348791000.0,,995997000.0,1352794000.0,,3.588,2611000.0,34308000.0,34308000.0,368228000.0,15528000.0,2.273,3.51,1317922000.0,80787000.0,1237135000.0,1317922000.0,0.0,13881000.0,0.0,0.0,0.0,53744000.0,67625000.0,0.126,67625000.0,53744000.0,25881000.0,0.106,0.108,0.106,520840000.0,,520840000.0,2271844037.0,10.0,7.579,94404000.0,0.65,1.0,167523000.0,0.313,0.0,27863000.0,3194188000.0,,615700000.0,0.0,0.0,0.0,1827951000.0,438217000.0,1389734000.0,888008037.0,9641000.0,-384000.0,827000.0,-87564000.0,0.0,-85765000.0,2227000.0,0.0,91793000.0,1386000.0,15528000.0,15528000.0,15528000.0,0.0,0.0,0.029,113779000.0,53744000.0,122213000.0,0.0,1.705,11.477,11.449,542971000.0,0.0,6.125,0.379,0.378,291108000.0,358456000.0,535751000.0,535751000.0,0.0,,,,,80000.0,113779000.0,1.0,144980904.0,145176000,147920000.0,3.69,2348791000.0,0.0,10353000.0,146893000.0,16.179,557780000.0
87,STZ,MRQ,1999-12-31,1999-11-30,1999-11-30,2021-10-06,-7677000.0,2532995000.0,,1171242000.0,1361753000.0,,3.438,-15693000.0,24667000.0,24667000.0,443282000.0,29900000.0,1.829,4.094,1408503000.0,154640000.0,1253863000.0,1408503000.0,0.0,16699000.0,0.0,0.0,0.0,77378000.0,94077000.0,0.144,94077000.0,77378000.0,49834000.0,0.206,0.2,0.206,497295000.0,,497295000.0,2324312631.0,11.0,8.575,-18529000.0,-0.128,1.0,209687000.0,0.321,0.0,27544000.0,3276463000.0,,677363000.0,0.0,0.0,0.0,2035700000.0,640368000.0,1395332000.0,961436631.0,20327000.0,-35000.0,0.0,40211000.0,0.0,41403000.0,-15728000.0,0.0,-2836000.0,-2512000.0,29900000.0,29900000.0,29900000.0,0.0,0.0,0.046,132309000.0,77378000.0,182971000.0,0.0,1.933,15.425,15.408,561397000.0,0.0,6.656,0.425,0.425,402128000.0,342928000.0,652969000.0,652969000.0,0.0,,,,,7000.0,132309000.0,1.0,144441184.0,144664000,149208000.0,4.514,2532995000.0,0.0,19934000.0,159637000.0,17.51,530874000.0
88,STZ,MRQ,1999-09-30,1999-08-31,1999-08-31,2021-10-06,-4907000.0,2380288000.0,,1025455000.0,1354833000.0,,3.255,-19082000.0,4340000.0,4340000.0,432452000.0,21101000.0,2.055,4.076,1367216000.0,92921000.0,1274295000.0,1367216000.0,0.0,20380000.0,0.0,0.0,0.0,63808000.0,84188000.0,0.135,84188000.0,63808000.0,35168000.0,0.146,0.142,0.146,468949000.0,,468949000.0,2142863553.0,12.0,9.414,45627000.0,0.317,1.0,189128000.0,0.304,0.0,28640000.0,3244133000.0,,602257000.0,0.0,0.0,0.0,1911339000.0,499031000.0,1412308000.0,1041340553.0,2410000.0,-266991000.0,601000.0,223923000.0,0.0,225409000.0,-286073000.0,0.0,64709000.0,-1635000.0,21101000.0,21101000.0,21101000.0,0.0,0.0,0.034,125320000.0,63808000.0,150354000.0,0.0,2.221,19.801,19.714,553442000.0,0.0,7.235,0.524,0.525,344652000.0,313028000.0,621580000.0,621580000.0,0.0,,,,,6000.0,125320000.0,1.0,143930968.0,144080000,147992000.0,4.314,2380288000.0,0.0,14067000.0,151730000.0,16.521,526424000.0
89,STZ,MRQ,1999-06-30,1999-05-31,1999-05-31,2021-10-06,-3323000.0,2006610000.0,,933662000.0,1072948000.0,,3.115,-10606000.0,1930000.0,1930000.0,374046000.0,10846000.0,2.462,3.48,1103453000.0,30313000.0,1073140000.0,1103453000.0,0.0,13763000.0,0.0,0.0,0.0,40111000.0,53874000.0,0.102,53874000.0,40111000.0,18077000.0,0.075,0.074,0.075,447938000.0,,447938000.0,1318569190.0,9.0,7.026,-16217000.0,-0.113,1.0,156123000.0,0.294,0.0,22034000.0,2728880000.0,,547835000.0,0.0,0.0,0.0,1558672000.0,379253000.0,1179419000.0,890706190.0,-25715000.0,-185500000.0,0.0,174201000.0,0.0,174510000.0,-196106000.0,0.0,-5611000.0,1492000.0,10846000.0,10846000.0,10846000.0,0.0,0.0,0.02,116012000.0,40111000.0,134339000.0,0.0,1.988,18.472,18.619,458229000.0,0.0,6.219,0.519,0.522,327700000.0,291927000.0,530169000.0,530169000.0,0.0,,,,,763000.0,110502000.0,1.0,143229136.0,143816000,147576000.0,3.686,2006610000.0,0.0,7231000.0,125093000.0,13.953,554409000.0
90,STZ,MRQ,1999-03-31,1999-02-28,1999-02-28,2021-10-06,-4173000.0,1793776000.0,,855739000.0,938037000.0,,3.033,-27811000.0,27645000.0,27645000.0,322401000.0,481000.0,2.061,3.121,925422000.0,93733000.0,831689000.0,925422000.0,0.0,12901000.0,0.0,0.0,0.0,26024000.0,38925000.0,0.085,38925000.0,26024000.0,8262000.0,0.005,0.006,0.005,435272000.0,,435272000.0,1383559410.0,10.0,7.995,20103000.0,0.14,1.0,137042000.0,0.298,0.0,17762000.0,2276281000.0,,508571000.0,0.0,0.0,0.0,1358504000.0,415272000.0,943232000.0,955696410.0,25504000.0,-332216000.0,555000.0,335492000.0,0.0,337109000.0,-360027000.0,0.0,47914000.0,508000.0,481000.0,481000.0,481000.0,0.0,0.0,0.001,99581000.0,37461000.0,122746000.0,0.0,2.196,18.935,19.341,428803000.0,0.0,6.673,0.638,0.652,260433000.0,281081000.0,459443000.0,459443000.0,0.0,,,,,68000.0,96965000.0,1.0,143229136.0,143504000,146968000.0,3.202,1793776000.0,0.0,7781000.0,137521000.0,12.5,440467000.0
91,STZ,MRQ,1998-12-31,1998-11-30,1998-11-30,2021-10-06,0.0,1167233000.0,,659322000.0,507911000.0,,2.96,-7544000.0,2141000.0,2141000.0,259891000.0,20161000.0,1.7,1.755,430004000.0,138618000.0,291386000.0,430004000.0,0.0,8722000.0,0.0,0.0,0.0,41920000.0,50642000.0,0.135,50642000.0,41920000.0,34172000.0,0.141,0.138,0.141,423630000.0,,423630000.0,1272318176.0,10.0,7.862,-36717000.0,-0.257,1.0,115695000.0,0.308,0.0,7748000.0,1207234000.0,,441048000.0,0.0,0.0,0.0,743603000.0,387862000.0,355741000.0,889266176.0,668000.0,0.0,-8863000.0,45381000.0,0.0,37385000.0,-7544000.0,0.0,-29173000.0,0.0,20161000.0,20161000.0,20161000.0,0.0,0.0,0.054,73775000.0,41920000.0,71379000.0,0.0,2.099,15.574,15.987,247499000.0,0.0,6.219,0.673,0.674,173760000.0,269383000.0,375586000.0,375586000.0,0.0,,,,,25000.0,73775000.0,1.0,142997576.0,143136000,146600000.0,2.624,1167233000.0,0.0,14011000.0,83969000.0,8.155,271460000.0
92,STZ,MRQ,1998-09-30,1998-08-31,1998-08-31,2021-10-06,0.0,1047706000.0,,539545000.0,508161000.0,,2.755,-8443000.0,1473000.0,1473000.0,246150000.0,16731000.0,1.956,1.557,384525000.0,87118000.0,297407000.0,384525000.0,0.0,8459000.0,0.0,0.0,0.0,35782000.0,44241000.0,0.127,44241000.0,35782000.0,28357000.0,0.113,0.11,0.113,409745000.0,,409745000.0,1190664580.0,10.0,7.566,57292000.0,0.385,1.0,103236000.0,0.295,0.0,7425000.0,1154886000.0,,345972000.0,0.0,0.0,0.0,637961000.0,275872000.0,362089000.0,784000580.0,708000.0,-10000.0,-35380000.0,-23000000.0,0.0,-56574000.0,-8453000.0,0.0,65735000.0,0.0,16731000.0,16731000.0,16731000.0,0.0,0.0,0.048,67454000.0,35782000.0,65624000.0,0.0,1.913,14.372,14.298,246157000.0,0.0,5.219,0.619,0.612,154550000.0,249733000.0,349386000.0,349386000.0,0.0,,,,,26000.0,67454000.0,1.0,150227656.0,148712000,152408000.0,2.349,1047706000.0,0.0,11626000.0,80798000.0,7.045,263673000.0
93,STZ,MRQ,1998-06-30,1998-05-31,1998-05-31,2021-10-06,0.0,1063447000.0,,555327000.0,508120000.0,,2.866,-5628000.0,765000.0,765000.0,220867000.0,13099000.0,2.093,1.474,407429000.0,104118000.0,303311000.0,407429000.0,0.0,8508000.0,0.0,0.0,0.0,30729000.0,39237000.0,0.125,39237000.0,30729000.0,22202000.0,0.087,0.085,0.087,429797000.0,,429797000.0,1289727647.0,11.0,8.587,17141000.0,0.114,1.0,92061000.0,0.294,0.0,8527000.0,1204836000.0,,362915000.0,0.0,0.0,0.0,633650000.0,265275000.0,368375000.0,865723647.0,-467000.0,-706000.0,650000.0,-17900000.0,0.0,-16902000.0,-6334000.0,0.0,22769000.0,0.0,13099000.0,13099000.0,13099000.0,0.0,0.0,0.042,61332000.0,30729000.0,44020000.0,0.0,2.014,17.251,17.161,243663000.0,0.0,5.766,0.71,0.709,169592000.0,233961000.0,312928000.0,312928000.0,0.0,,,,,25000.0,61332000.0,1.0,150136336.0,149984000,154624000.0,2.086,1063447000.0,0.0,9103000.0,80579000.0,7.09,290052000.0
94,STZ,MRQ,1998-03-31,1998-02-28,1998-02-28,2021-10-06,0.0,1090555000.0,,581734000.0,508821000.0,,2.844,-7992000.0,1232000.0,1232000.0,202291000.0,7108000.0,2.003,1.563,425236000.0,116018000.0,309218000.0,425236000.0,0.0,7368000.0,0.0,0.0,0.0,20351000.0,27719000.0,0.098,27719000.0,20351000.0,12047000.0,0.047,0.046,0.047,425427000.0,,425427000.0,1517082244.0,14.0,10.446,50279000.0,0.336,1.0,80259000.0,0.284,0.0,8304000.0,1224092000.0,,411424000.0,0.0,0.0,0.0,665128000.0,290467000.0,374661000.0,1042961244.0,-1066000.0,0.0,0.0,-51927000.0,0.0,-51345000.0,-7992000.0,0.0,58271000.0,0.0,7108000.0,7108000.0,7108000.0,0.0,0.0,0.025,59908000.0,20351000.0,52055000.0,0.0,2.452,22.129,22.123,244035000.0,0.0,6.969,0.86,0.858,142615000.0,230609000.0,282550000.0,282550000.0,0.0,,,,,1218000.0,59908000.0,1.0,149662600.0,149592000,154064000.0,1.889,1090555000.0,0.0,4939000.0,76735000.0,7.29,291267000.0
95,STZ,MRQ,1997-12-31,1997-11-30,1997-11-30,2021-10-06,0.0,1131513000.0,,625977000.0,505536000.0,,2.671,-958000.0,2298000.0,2298000.0,224703000.0,17611000.0,1.626,1.838,476419000.0,201119000.0,275300000.0,476419000.0,0.0,8469000.0,0.0,0.0,0.0,37711000.0,46180000.0,0.143,46180000.0,37711000.0,29850000.0,0.117,0.115,0.117,398678000.0,,398678000.0,1257260478.0,9.0,7.248,-111328000.0,-0.746,1.0,98000000.0,0.304,0.0,7861000.0,1220656000.0,,419392000.0,0.0,0.0,0.0,732835000.0,384978000.0,347857000.0,893224478.0,-1980000.0,0.0,1052000.0,107843000.0,0.0,109348000.0,-958000.0,0.0,-110370000.0,0.0,17611000.0,17611000.0,17611000.0,0.0,0.0,0.055,60289000.0,37711000.0,69838000.0,0.0,2.24,13.859,13.919,241381000.0,0.0,5.985,0.749,0.75,184992000.0,210297000.0,322703000.0,322703000.0,0.0,,,,,179000.0,60289000.0,1.0,149243856.0,149272000,153448000.0,2.162,1131513000.0,0.0,12239000.0,84913000.0,7.58,240999000.0
96,STZ,MRQ,1997-09-30,1997-08-31,1997-08-31,2021-10-06,0.0,1032950000.0,,520481000.0,512469000.0,,2.555,-8893000.0,4278000.0,4278000.0,216765000.0,12365000.0,1.837,1.722,368314000.0,69319000.0,298995000.0,368314000.0,0.0,8556000.0,0.0,0.0,0.0,28501000.0,37057000.0,0.123,37057000.0,28501000.0,20956000.0,0.084,0.081,0.084,379413000.0,,379413000.0,1145051516.0,9.0,7.191,24792000.0,0.167,1.0,84759000.0,0.281,0.0,7545000.0,1113716000.0,,334756000.0,0.0,0.0,0.0,653537000.0,283270000.0,370267000.0,755852516.0,2657000.0,0.0,0.0,-22603000.0,0.0,-22135000.0,-8893000.0,0.0,33685000.0,0.0,12365000.0,12365000.0,12365000.0,0.0,0.0,0.041,56258000.0,28501000.0,120511000.0,0.0,1.992,13.705,13.955,246712000.0,0.0,5.094,0.637,0.637,160885000.0,192686000.0,301524000.0,301524000.0,0.0,,,,,284000.0,56258000.0,1.0,148388224.0,148472000,151696000.0,2.031,1032950000.0,0.0,8591000.0,82422000.0,6.957,237211000.0
97,STZ,MRQ,1997-06-30,1997-05-31,1997-05-31,2021-10-06,0.0,981658000.0,,471760000.0,509898000.0,,2.44,-808000.0,1621000.0,1621000.0,225279000.0,10046000.0,2.184,1.68,390820000.0,61851000.0,328969000.0,390820000.0,0.0,8768000.0,0.0,0.0,0.0,25507000.0,34275000.0,0.112,34275000.0,25507000.0,17028000.0,0.068,0.066,0.068,366318000.0,,366318000.0,998923240.0,9.0,6.76,46361000.0,0.309,1.0,80732000.0,0.264,0.0,8479000.0,1154823000.0,,290286000.0,0.0,0.0,0.0,615340000.0,216034000.0,399306000.0,572582240.0,-8389000.0,0.0,-9029000.0,-45994000.0,0.0,-54750000.0,-808000.0,0.0,47169000.0,0.0,10046000.0,10046000.0,10046000.0,0.0,0.0,0.033,55225000.0,25507000.0,54131000.0,0.0,1.563,11.997,12.372,241633000.0,0.0,3.86,0.492,0.498,160797000.0,180321000.0,306011000.0,306011000.0,0.0,,,,,66000.0,55225000.0,1.0,148337368.0,150160000,152360000.0,2.038,981658000.0,0.0,6982000.0,82424000.0,6.537,255726000.0
98,STZ,MRQ,1997-03-31,1997-02-28,1997-02-28,2021-10-06,0.0,1020901000.0,,501015000.0,519886000.0,,2.57,-2328000.0,10010000.0,10010000.0,163793000.0,24430000.0,2.032,1.799,436351000.0,97467000.0,338884000.0,436351000.0,0.0,6022000.0,0.0,0.0,0.0,49924000.0,55946000.0,0.214,55946000.0,49924000.0,41342000.0,0.161,0.159,0.161,364733000.0,,364733000.0,1096002052.0,10.0,7.556,90076000.0,0.635,1.0,97776000.0,0.374,0.0,8582000.0,1200669000.0,,326626000.0,0.0,0.0,0.0,656168000.0,246573000.0,409595000.0,580501052.0,5013000.0,0.0,-768000.0,-84302000.0,0.0,-85063000.0,-2328000.0,0.0,92404000.0,0.0,24430000.0,24430000.0,24430000.0,0.0,0.0,0.093,47852000.0,49924000.0,55892000.0,0.0,1.592,12.57,12.855,249552000.0,0.0,3.844,0.511,0.524,142592000.0,170275000.0,261569000.0,261569000.0,0.0,,,,,255000.0,47852000.0,1.0,151024664.0,141898376,147914376.0,1.843,1020901000.0,0.0,16912000.0,78453000.0,7.195,254442000.0
99,STZ,MRQ,1996-12-31,1996-11-30,1996-11-30,2021-10-06,0.0,1119513000.0,,591332000.0,528181000.0,,2.285,-3552000.0,4997000.0,4997000.0,236050000.0,8311000.0,1.755,2.122,520498000.0,170597000.0,349901000.0,520498000.0,0.0,8536000.0,0.0,0.0,0.0,23414000.0,31950000.0,0.101,31950000.0,23414000.0,14749000.0,0.052,0.052,0.052,358565000.0,,358565000.0,,,,-77994000.0,-0.497,1.0,81683000.0,0.257,0.0,8665000.0,1298095000.0,,373631000.0,0.0,0.0,0.0,760948000.0,336919000.0,424029000.0,509708241.0,2967000.0,-13848000.0,-14222000.0,109021000.0,0.0,94809000.0,-17400000.0,0.0,-74442000.0,0.0,8311000.0,8311000.0,8311000.0,0.0,0.0,0.026,58269000.0,23414000.0,79567000.0,0.0,1.422,34.762,35.904,251218000.0,0.0,3.375,0.454,0.472,198106000.0,164353000.0,317733000.0,317733000.0,0.0,,,,,7000.0,58269000.0,1.0,151024664.0,156942832,158231944.0,2.025,1119513000.0,0.0,6438000.0,87043000.0,7.133,254413000.0
100,STZ,MRQ,1996-09-30,1996-08-31,1996-08-31,2021-10-06,,,,,,,,-7695000.0,,,209383000.0,4941000.0,,,,,,,,8697000.0,,0.0,0.0,16908000.0,25605000.0,0.092,25605000.0,16908000.0,8900000.0,0.031,0.031,0.031,,,,,,,42728000.0,0.272,1.0,69835000.0,0.25,,8008000.0,,,,,,,,,,,-593000.0,0.0,-5140000.0,-38181000.0,0.0,-43321000.0,-7695000.0,0.0,50423000.0,0.0,4941000.0,4941000.0,4941000.0,0.0,0.0,0.018,52927000.0,16908000.0,,0.0,,,27.123,,0.0,2.875,,0.414,,,279218000.0,279218000.0,0.0,,,,,13000.0,52927000.0,1.0,,157227912,157227912.0,1.776,,,3959000.0,,,
101,STZ,MRQ,1996-06-30,1996-05-31,1996-05-31,2021-10-06,,,,,,,,-8900000.0,,,203586000.0,8501000.0,,,,,,,,8584000.0,,0.0,0.0,22964000.0,31548000.0,0.114,31548000.0,22964000.0,14169000.0,0.054,0.054,0.054,,,,,,,30483000.0,0.192,1.0,72907000.0,0.264,,8795000.0,,,,,,,,,,,-716000.0,0.0,363000.0,-31562000.0,0.0,-31199000.0,-8900000.0,0.0,39383000.0,0.0,8501000.0,8501000.0,8501000.0,0.0,0.0,0.031,49943000.0,22964000.0,,0.0,,,,,0.0,3.781,,,,,276493000.0,276493000.0,0.0,,,,,0.0,49943000.0,1.0,,159164640,159164640.0,1.737,,,5668000.0,,,
102,STZ,MRQ,1996-03-31,1996-02-29,1996-02-29,2021-10-06,0.0,1054580000.0,,518020000.0,536560000.0,,2.331,15837000.0,3339000.0,3339000.0,187876000.0,-7090000.0,1.727,1.958,479713000.0,152097000.0,327616000.0,479713000.0,0.0,-1436000.0,0.0,0.0,0.0,-1400000.0,-2836000.0,-0.011,-2836000.0,-1400000.0,-10651000.0,-0.044,-0.044,-0.044,356506000.0,,356506000.0,,,,-25606000.0,-0.167,1.0,61563000.0,0.247,0.0,9251000.0,1230988000.0,,341838000.0,0.0,0.0,0.0,698074000.0,299966000.0,398108000.0,,955000.0,-1307000.0,-636000.0,29294000.0,0.0,27868000.0,14530000.0,0.0,-41443000.0,0.0,-7090000.0,-7090000.0,-7090000.0,0.0,0.0,-0.028,62963000.0,-1400000.0,59730000.0,0.0,,,226.19,250638000.0,0.0,4.75,,1.421,142471000.0,142600000.0,249439000.0,249439000.0,0.0,,,,,0.0,62307000.0,1.0,,152946568,156082568.0,1.631,1054580000.0,0.0,-3561000.0,77893000.0,6.895,218054000.0
103,STZ,MRQ,1995-12-31,1995-11-30,1995-11-30,2021-10-06,,,,,,,,,,,208332000.0,10412000.0,,,,,,,,,,0.0,0.0,25401000.0,,,,25401000.0,17354000.0,0.065,0.065,0.065,,,,,,,,,1.0,77253000.0,0.271,,8047000.0,,,,,,,,,,,,,,,,,,,,,10412000.0,10412000.0,10412000.0,0.0,0.0,0.036,51852000.0,25401000.0,,0.0,,,,,0.0,4.188,,,,,285585000.0,285585000.0,0.0,,,,,,50104000.0,1.0,,160829432,160829432.0,1.776,,,6942000.0,,,
0,STZ,MRT,2021-09-30,2021-08-31,2021-08-31,2021-10-06,-290400000.0,25340300000.0,26567025000.0,2943700000.0,22396600000.0,0.331,58.702,-938100000.0,103400000.0,103400000.0,4177800000.0,797200000.0,1.346,1.234,10573500000.0,491800000.0,10081700000.0,10573500000.0,0.0,395500000.0,0.0,0.014,3.02,1514300000.0,1909800000.0,0.217,1909800000.0,1514300000.0,1146300000.0,3.95,3.77,3.95,11192700000.0,12591325000.0,11192700000.0,50497508772.0,33.0,26.441,1949400000.0,10.224,1.0,4610900000.0,0.525,10528600000.0,368000000.0,23094700000.0,24451975000.0,1339000000.0,3307600000.0,0.0,3307600000.0,13815700000.0,2187100000.0,11628600000.0,40557108772.0,-101200000.0,929400000.0,-1255200000.0,-1092900000.0,-576700000.0,-2980900000.0,-9700000.0,0.0,2887500000.0,1900000.0,757200000.0,757200000.0,757200000.0,0.0,40000000.0,0.086,2472800000.0,2138100000.0,840400000.0,0.765,3.624,53.562,53.453,5505400000.0,0.0,211.14,4.615,4.581,972800000.0,13922200000.0,8788700000.0,8788700000.0,0.0,0.029,0.06,0.062,0.172,65000000.0,1785900000.0,1.0,192086335.0,190669000,215752000.0,46.094,14811700000.0,2448000000.0,389100000.0,1546900000.0,77.683,756600000.0
1,STZ,MRT,2021-06-30,2021-05-31,2021-05-31,2021-10-06,-236600000.0,26192400000.0,26847575000.0,3313100000.0,22879300000.0,0.323,63.253,-832300000.0,503800000.0,503800000.0,4081000000.0,1307100000.0,1.606,1.109,10444200000.0,529400000.0,9914800000.0,10444200000.0,0.0,380900000.0,0.0,0.013,3.01,2033400000.0,2414300000.0,0.278,2414300000.0,2033400000.0,1661000000.0,6.62,6.38,6.62,12261600000.0,12715150000.0,12261600000.0,56494023840.0,28.0,23.4,2003700000.0,10.336,1.0,4597000000.0,0.53,10540700000.0,372400000.0,23529300000.0,25051525000.0,1377600000.0,3732400000.0,0.0,3732400000.0,13594800000.0,2062800000.0,11532000000.0,46512323840.0,201000000.0,926000000.0,-333800000.0,-1767000000.0,-577800000.0,-2734100000.0,94600000.0,0.0,2836000000.0,4500000.0,1267800000.0,1267800000.0,1267800000.0,0.0,39300000.0,0.146,2359400000.0,2237600000.0,821100000.0,0.455,3.793,36.687,36.211,5392200000.0,0.0,239.72,5.36,5.355,922800000.0,14063600000.0,8678000000.0,8678000000.0,0.0,0.047,0.1,0.081,0.234,64400000.0,1694500000.0,1.0,194027715.0,193849000,193849000.0,44.767,15651700000.0,2591000000.0,393200000.0,1617200000.0,80.742,1250300000.0
2,STZ,MRT,2021-03-31,2021-02-28,2021-02-28,2021-10-06,-335500000.0,27104800000.0,26836925000.0,3044500000.0,24060300000.0,0.321,70.272,-845700000.0,460600000.0,460600000.0,4148900000.0,2031800000.0,2.399,0.969,10442300000.0,29200000.0,10413100000.0,10442300000.0,0.0,377100000.0,0.0,0.014,3.0,2894800000.0,3271900000.0,0.38,3271900000.0,2894800000.0,2509100000.0,10.44,10.23,10.44,13598900000.0,12416250000.0,13598900000.0,52355214372.0,18.0,16.001,1960800000.0,10.132,1.0,4466000000.0,0.518,10525600000.0,385700000.0,25291800000.0,25631275000.0,1291100000.0,4606500000.0,0.0,4606500000.0,13175700000.0,1269100000.0,11906600000.0,41523614372.0,379200000.0,757200000.0,58900000.0,-1787800000.0,-575000000.0,-2346600000.0,-87900000.0,0.0,2806500000.0,7200000.0,1998000000.0,1998000000.0,1998000000.0,0.0,33800000.0,0.232,1689100000.0,2776900000.0,460000000.0,0.287,3.053,20.783,20.511,5821600000.0,0.0,214.14,4.82,4.81,785300000.0,15117800000.0,8614900000.0,8614900000.0,0.0,0.074,0.161,0.113,0.336,63000000.0,1665100000.0,1.0,193908725.0,193519000,218588000.0,44.517,16579200000.0,2492500000.0,511100000.0,1493500000.0,85.672,1775400000.0
3,STZ,MRT,2020-12-31,2020-11-30,2020-11-30,2021-10-06,-357400000.0,27630600000.0,26891525000.0,3447100000.0,24183500000.0,0.318,68.674,-630000000.0,152900000.0,152900000.0,4142700000.0,2050200000.0,1.689,1.05,10984500000.0,568400000.0,10416100000.0,10984500000.0,0.0,381500000.0,0.0,0.015,3.0,2905100000.0,3286600000.0,0.384,3286600000.0,2905100000.0,2509800000.0,10.52,10.33,10.52,13312100000.0,12049475000.0,13312100000.0,51287852311.0,18.0,15.605,2208400000.0,11.393,1.0,4422100000.0,0.516,10528700000.0,395300000.0,25892100000.0,25967975000.0,1376900000.0,4496100000.0,0.0,4496100000.0,13978100000.0,2041400000.0,11936700000.0,39891852311.0,59200000.0,-208900000.0,82500000.0,-1413400000.0,-573400000.0,-1945900000.0,-838300000.0,1500000.0,2838400000.0,5000000.0,2013500000.0,2013500000.0,2013500000.0,0.0,36700000.0,0.235,1643000000.0,2779100000.0,732100000.0,0.285,2.997,19.812,19.567,5580700000.0,0.0,205.84,4.658,4.659,915400000.0,14879100000.0,8564800000.0,8564800000.0,0.0,0.075,0.167,0.112,0.339,61800000.0,1586300000.0,1.0,193800293.0,193845000,218718000.0,44.184,17101900000.0,2563000000.0,496300000.0,1520600000.0,88.225,1405700000.0
4,STZ,MRT,2020-09-30,2020-08-31,2020-08-31,2021-10-06,-815500000.0,26462500000.0,26757300000.0,3537200000.0,22925300000.0,0.304,60.446,-622700000.0,204600000.0,204600000.0,3984700000.0,1124700000.0,1.852,1.237,11600600000.0,533800000.0,11066800000.0,11600600000.0,0.0,384900000.0,0.0,0.016,3.0,1156500000.0,1541400000.0,0.19,1541400000.0,1156500000.0,753800000.0,5.74,5.63,5.74,11688000000.0,11648800000.0,11688000000.0,47474020658.0,41.0,30.799,1953900000.0,10.105,1.0,4141400000.0,0.51,10455700000.0,402700000.0,25492900000.0,26095625000.0,1328400000.0,3695900000.0,0.0,3695900000.0,14458700000.0,1909900000.0,12548800000.0,35602820658.0,123300000.0,58300000.0,77300000.0,-1375000000.0,-571800000.0,-1898500000.0,-560600000.0,1500000.0,2576600000.0,5800000.0,1093000000.0,1093000000.0,1093000000.0,0.0,31700000.0,0.135,1954500000.0,2186900000.0,651200000.0,0.523,3.046,32.573,32.139,5184900000.0,0.0,184.48,4.381,4.39,926300000.0,13742200000.0,8126100000.0,8126100000.0,0.0,0.041,0.094,0.044,0.142,60800000.0,1528800000.0,1.0,192990138.0,193362000,218426000.0,42.025,16006800000.0,2574800000.0,-339200000.0,1482000000.0,82.782,1627300000.0
5,STZ,MRT,2020-06-30,2020-05-31,2020-05-31,2021-10-06,-1022400000.0,26149800000.0,27030450000.0,3396200000.0,22753600000.0,0.304,57.367,-689300000.0,302800000.0,302800000.0,4098200000.0,85900000.0,1.938,1.335,12174000000.0,534700000.0,11639300000.0,12174000000.0,0.0,397300000.0,0.0,0.017,3.0,-207000000.0,190300000.0,0.023,190300000.0,-207000000.0,-621100000.0,0.29,0.24,0.29,11066000000.0,11571175000.0,11066000000.0,45406815831.0,-219.0,238.606,1955200000.0,10.136,1.0,4111500000.0,0.501,10420300000.0,414100000.0,25848300000.0,26657650000.0,1332600000.0,3695200000.0,0.0,3695200000.0,14772200000.0,1752400000.0,13019800000.0,33303615831.0,204100000.0,69200000.0,22200000.0,-1258800000.0,-570100000.0,-1826000000.0,-616600000.0,1500000.0,2644500000.0,2200000.0,55700000.0,55700000.0,55700000.0,0.0,30200000.0,0.007,2043800000.0,2067700000.0,505500000.0,10.345,3.01,597.911,595.517,5098200000.0,0.0,172.7,4.057,4.058,700500000.0,13374100000.0,8209700000.0,8209700000.0,0.0,0.002,0.005,-0.008,-0.025,59500000.0,1569100000.0,1.0,192840856.0,192897000,192897000.0,42.56,15729500000.0,2599500000.0,-676800000.0,1380500000.0,81.544,1643800000.0
6,STZ,MRT,2020-03-31,2020-02-29,2020-02-29,2021-10-06,-266300000.0,27323200000.0,27730775000.0,3484100000.0,23839100000.0,0.301,63.304,-718200000.0,81400000.0,81400000.0,4191600000.0,21400000.0,1.507,1.224,12184600000.0,973800000.0,11210800000.0,12184600000.0,0.0,414800000.0,0.0,0.017,3.0,-549700000.0,-134900000.0,-0.016,-134900000.0,-549700000.0,-978400000.0,-0.07,-0.07,-0.07,12131800000.0,11848325000.0,12131800000.0,45298517770.0,-82.0,-335.793,1832900000.0,9.564,1.0,4151900000.0,0.498,10476000000.0,428700000.0,26638600000.0,27372375000.0,1373600000.0,4211000000.0,0.0,4211000000.0,14848900000.0,2311800000.0,12537100000.0,33036217770.0,-12200000.0,185300000.0,28200000.0,-1464800000.0,-569200000.0,-2031400000.0,-531000000.0,1500000.0,2551100000.0,-900000.0,-11800000.0,-11800000.0,-11800000.0,0.0,33200000.0,-0.001,2071500000.0,2080400000.0,557600000.0,-42.857,2.723,-2799.679,-2462.571,5333000000.0,0.0,172.38,3.96,3.959,864800000.0,13695300000.0,8343500000.0,8343500000.0,0.0,0.0,-0.001,-0.02,-0.066,60400000.0,1621800000.0,1.0,191647626.0,191642000,191642000.0,43.537,16847200000.0,2656300000.0,-966600000.0,1326300000.0,87.91,1172300000.0
7,STZ,MRT,2019-12-31,2019-11-30,2019-11-30,2021-10-06,-383800000.0,27093700000.0,28207850000.0,3469900000.0,23623800000.0,0.292,61.095,-777600000.0,93700000.0,93700000.0,4142200000.0,861800000.0,1.41,1.286,12356000000.0,1016300000.0,11339700000.0,12356000000.0,0.0,398500000.0,0.0,0.016,2.99,511400000.0,909900000.0,0.11,909900000.0,511400000.0,63600000.0,4.41,4.14,4.41,11709400000.0,11953125000.0,11709400000.0,48521305324.0,95.0,53.326,1571100000.0,8.197,1.0,4095600000.0,0.497,10493100000.0,447800000.0,26402700000.0,27788650000.0,1358800000.0,4098900000.0,0.0,4098900000.0,15057400000.0,2460200000.0,12597200000.0,35655805324.0,-36900000.0,195300000.0,19500000.0,-1246700000.0,-566800000.0,-1808200000.0,-580400000.0,0.0,2348700000.0,3000000.0,829300000.0,829300000.0,829300000.0,0.0,32500000.0,0.101,2096900000.0,1998700000.0,676500000.0,0.678,3.045,42.995,42.19,5187200000.0,0.0,186.06,4.328,4.329,808300000.0,13439400000.0,8237800000.0,8237800000.0,0.0,0.029,0.069,0.018,0.062,63600000.0,1679900000.0,1.0,191636060.0,191660000,218170000.0,42.981,16600600000.0,2663000000.0,-765700000.0,1257500000.0,86.615,1009700000.0
8,STZ,MRT,2019-09-30,2019-08-31,2019-08-31,2021-10-06,-476600000.0,27555100000.0,28407025000.0,3537500000.0,24017600000.0,0.289,59.373,-843300000.0,81300000.0,81300000.0,4132900000.0,807400000.0,1.611,1.394,12946800000.0,787000000.0,12159800000.0,12946800000.0,0.0,378200000.0,0.0,0.015,2.98,1118000000.0,1496200000.0,0.182,1496200000.0,1118000000.0,700500000.0,4.13,3.85,4.13,11377500000.0,11839950000.0,11377500000.0,52412596451.0,47.0,35.03,1483900000.0,7.744,1.0,4078100000.0,0.497,10483700000.0,417500000.0,27741000000.0,27837075000.0,1311400000.0,4576000000.0,0.0,4576000000.0,15864100000.0,2195900000.0,13668200000.0,39113696451.0,-124800000.0,-4024000000.0,24600000.0,2974500000.0,-563600000.0,2421200000.0,-4868700000.0,0.0,2327200000.0,-4500000.0,772000000.0,772000000.0,772000000.0,0.0,35400000.0,0.094,1714100000.0,2364000000.0,608600000.0,0.722,3.438,50.665,49.436,5141600000.0,0.0,204.17,4.764,4.765,953700000.0,13221400000.0,8211000000.0,8211000000.0,0.0,0.027,0.065,0.04,0.136,61800000.0,1687100000.0,1.0,191574161.0,191626000,191626000.0,42.849,17071400000.0,2146800000.0,-71500000.0,1508400000.0,89.087,1341600000.0
9,STZ,MRT,2019-06-30,2019-05-31,2019-05-31,2021-10-06,-355500000.0,28951100000.0,27542625000.0,3580900000.0,25370200000.0,0.296,63.597,-801200000.0,98700000.0,98700000.0,4105700000.0,2475700000.0,1.218,1.352,13397600000.0,1651800000.0,11745800000.0,13397600000.0,0.0,358300000.0,0.0,0.017,2.97,3185400000.0,3543700000.0,0.434,3543700000.0,3185400000.0,2791500000.0,13.01,12.49,13.01,12174600000.0,11812650000.0,12174600000.0,47083707116.0,15.0,13.287,1534200000.0,8.014,1.0,4060400000.0,0.497,10603500000.0,393900000.0,28707200000.0,25967075000.0,1494100000.0,5839900000.0,0.0,5839900000.0,16462900000.0,2939300000.0,13523600000.0,33560807116.0,-111300000.0,-4292700000.0,-338300000.0,3461200000.0,-560200000.0,2548100000.0,-4991800000.0,111700000.0,2335400000.0,-3000000.0,2446700000.0,2446700000.0,2446700000.0,0.0,29000000.0,0.3,1650900000.0,2409500000.0,579100000.0,0.228,2.757,13.717,13.563,5118000000.0,0.0,176.45,4.11,4.136,788300000.0,13888900000.0,8166100000.0,8166100000.0,0.0,0.089,0.207,0.123,0.39,62300000.0,1650900000.0,1.0,190200097.0,191435000,191435000.0,42.657,18347600000.0,2203100000.0,344800000.0,1777800000.0,95.842,641600000.0
10,STZ,MRT,2019-03-31,2019-02-28,2019-02-28,2021-10-06,-353900000.0,29231500000.0,26079025000.0,3684000000.0,25547500000.0,0.311,65.86,-814000000.0,93600000.0,93600000.0,4035700000.0,3459100000.0,1.164,1.306,13616500000.0,1856700000.0,11759800000.0,13616500000.0,0.0,333100000.0,0.0,0.017,2.96,4488900000.0,4822000000.0,0.594,4822000000.0,4488900000.0,4121800000.0,18.24,17.57,18.24,12551000000.0,11408100000.0,12551000000.0,45556515697.0,10.0,9.448,1432300000.0,7.516,1.0,4080300000.0,0.503,11286900000.0,367100000.0,28303700000.0,23703050000.0,2130400000.0,6700300000.0,0.0,6700300000.0,16394300000.0,3163800000.0,13230500000.0,32117515697.0,3300000.0,-4127100000.0,-441100000.0,3605700000.0,-557700000.0,2593300000.0,-4831800000.0,110200000.0,2246300000.0,-4500000.0,3435900000.0,3435900000.0,3435900000.0,0.0,23200000.0,0.423,1668100000.0,2412200000.0,616700000.0,0.162,2.559,9.348,9.274,5267300000.0,0.0,169.16,3.957,3.972,846900000.0,14276200000.0,8116000000.0,8116000000.0,0.0,0.132,0.301,0.189,0.553,64100000.0,1668100000.0,1.0,189864718.0,190570000,218853000.0,42.588,17944600000.0,2183300000.0,685900000.0,1470700000.0,94.163,520200000.0
11,STZ,MRT,2018-12-31,2018-11-30,2018-11-30,2021-10-06,-505900000.0,27890400000.0,23905825000.0,3638500000.0,24251900000.0,0.338,59.345,-921300000.0,130600000.0,130600000.0,4048800000.0,3123500000.0,1.082,1.454,13569600000.0,1797100000.0,11772500000.0,13569600000.0,0.0,238300000.0,0.0,0.014,2.74,3518200000.0,3756500000.0,0.465,3756500000.0,3518200000.0,3182700000.0,16.4,15.75,16.4,11256700000.0,10264125000.0,11256700000.0,46805183198.0,13.0,12.46,1515600000.0,7.99,1.0,4032000000.0,0.499,11369600000.0,335500000.0,26596400000.0,20929025000.0,2198000000.0,3583000000.0,0.0,3583000000.0,16370400000.0,3363400000.0,13007000000.0,37087683198.0,-23900000.0,-4165400000.0,-1259100000.0,4316600000.0,-516900000.0,2518200000.0,-4972100000.0,110200000.0,2436900000.0,-6900000.0,3106900000.0,3106900000.0,3106900000.0,0.0,16600000.0,0.384,1573300000.0,2458700000.0,882700000.0,0.167,3.295,11.937,11.937,4986300000.0,0.0,195.76,4.59,4.595,837200000.0,13176800000.0,8080800000.0,8080800000.0,0.0,0.13,0.303,0.168,0.435,66500000.0,1573300000.0,1.0,189454859.0,189682000,218138000.0,42.602,16520800000.0,0.0,75800000.0,0.0,87.097,275100000.0
12,STZ,MRT,2018-09-30,2018-08-31,2018-08-31,2021-10-06,-304600000.0,24097500000.0,21960000000.0,3585500000.0,20512000000.0,0.36,59.153,-873300000.0,206100000.0,206100000.0,3937800000.0,3307800000.0,1.658,1.115,9923600000.0,736000000.0,9187600000.0,9923600000.0,0.0,321700000.0,0.0,0.012,2.52,3831800000.0,4153500000.0,0.525,4153500000.0,3831800000.0,3487700000.0,17.33,16.64,17.33,11268300000.0,9448425000.0,11268300000.0,49702436747.0,13.0,11.966,1293700000.0,6.791,1.0,3972300000.0,0.502,11391500000.0,344100000.0,20261000000.0,18124275000.0,1941900000.0,0.0,0.0,0.0,12562300000.0,2162500000.0,10399800000.0,39805436747.0,80500000.0,-406500000.0,-1489600000.0,1076700000.0,-478200000.0,-913800000.0,-1171300000.0,110200000.0,2167000000.0,-1400000.0,3296600000.0,3296600000.0,3296600000.0,0.0,11200000.0,0.417,1580500000.0,2391800000.0,734900000.0,0.145,3.533,12.075,12.014,4947700000.0,0.0,208.2,5.032,5.014,951200000.0,13012900000.0,7910100000.0,7910100000.0,0.0,0.15,0.349,0.211,0.484,67900000.0,1580500000.0,1.0,191188457.0,190495000,219230000.0,41.524,12706000000.0,0.0,191100000.0,0.0,66.7,1423000000.0
13,STZ,MRT,2018-06-30,2018-05-31,2018-05-31,2021-10-06,-378600000.0,23096700000.0,20790225000.0,3604800000.0,19491900000.0,0.37,55.157,-1002800000.0,210000000.0,210000000.0,3826100000.0,2660600000.0,1.811,1.187,10107000000.0,690600000.0,9416400000.0,10107000000.0,0.0,307900000.0,0.0,0.01,2.3,3093100000.0,3401000000.0,0.442,3401000000.0,3093100000.0,2755700000.0,13.81,13.26,13.81,10556400000.0,8613375000.0,10556400000.0,52790429721.0,17.0,15.522,1051000000.0,5.491,1.0,3872800000.0,0.503,11352100000.0,337400000.0,19651100000.0,16740750000.0,2068400000.0,0.0,0.0,0.0,12530900000.0,1990500000.0,10540400000.0,42694029721.0,10900000.0,-256600000.0,-1098100000.0,771700000.0,-440100000.0,-788800000.0,-1255300000.0,-1500000.0,2053800000.0,1200000.0,2648700000.0,2648700000.0,2648700000.0,0.0,11900000.0,0.344,1528700000.0,2344100000.0,650300000.0,0.167,4.044,16.119,16.154,4815800000.0,0.0,223.08,5.545,5.546,827900000.0,12002400000.0,7698900000.0,7698900000.0,0.0,0.127,0.308,0.185,0.402,63100000.0,1528700000.0,1.0,191384390.0,191389000,220386000.0,40.226,11744600000.0,0.0,107000000.0,0.0,61.365,1614300000.0
14,STZ,MRT,2018-03-31,2018-02-28,2018-02-28,2021-10-06,-202900000.0,20538700000.0,19755900000.0,3474000000.0,17064700000.0,0.384,40.941,-1051700000.0,90300000.0,90300000.0,3767800000.0,2315300000.0,1.703,1.573,10186700000.0,769100000.0,9417600000.0,10186700000.0,0.0,293800000.0,0.0,0.01,2.08,2658100000.0,2951900000.0,0.389,2951900000.0,2658100000.0,2326100000.0,11.96,11.47,11.96,7975100000.0,7821700000.0,7975100000.0,51151856482.0,19.0,17.328,879700000.0,4.516,1.0,3812500000.0,0.503,11387900000.0,332000000.0,17207600000.0,15459825000.0,2084000000.0,793700000.0,0.0,793700000.0,12547000000.0,2039600000.0,10507400000.0,41956156482.0,-87100000.0,-366000000.0,-989100000.0,819700000.0,-400100000.0,-601200000.0,-1423100000.0,0.0,1931400000.0,5800000.0,2303400000.0,2303400000.0,2303400000.0,0.0,11900000.0,0.304,1532700000.0,2279800000.0,592200000.0,0.174,5.261,18.215,18.017,4789700000.0,0.0,215.48,5.535,5.537,776200000.0,9157200000.0,7580300000.0,7580300000.0,0.0,0.117,0.294,0.172,0.351,60900000.0,1532700000.0,1.0,194710212.0,194793000,224081000.0,38.915,9150800000.0,0.0,22700000.0,1089800000.0,46.977,1434400000.0
15,STZ,MRT,2017-12-31,2017-11-30,2017-11-30,2021-10-06,-209000000.0,20107100000.0,19271825000.0,3545600000.0,16561500000.0,0.386,40.941,-1018100000.0,154500000.0,154500000.0,3691300000.0,1856900000.0,1.398,1.513,9350200000.0,1236000000.0,8114200000.0,9350200000.0,0.0,367800000.0,0.0,0.009,1.96,2670600000.0,3038400000.0,0.409,3038400000.0,2670600000.0,2348500000.0,9.51,9.14,9.51,7993900000.0,7550725000.0,7993900000.0,51383499348.0,19.0,16.911,730600000.0,3.742,1.0,3744600000.0,0.504,11389500000.0,322100000.0,15377400000.0,14574750000.0,2167600000.0,0.0,0.0,0.0,12098000000.0,2535900000.0,9562100000.0,42561699348.0,-42800000.0,-333800000.0,-931400000.0,864500000.0,-377900000.0,-446500000.0,-1351000000.0,0.0,1748700000.0,6000000.0,1838400000.0,1838400000.0,1838400000.0,0.0,18500000.0,0.247,1547600000.0,2197000000.0,742200000.0,0.206,5.324,23.151,22.88,4551000000.0,0.0,217.59,5.724,5.714,779500000.0,8401700000.0,7435900000.0,7435900000.0,0.0,0.095,0.243,0.183,0.359,57200000.0,1547600000.0,1.0,195605034.0,195255000,224510000.0,38.083,8717600000.0,0.0,510100000.0,1233600000.0,44.647,1009700000.0
16,STZ,MRT,2017-09-30,2017-08-31,2017-08-31,2021-10-06,-87400000.0,19418400000.0,18825075000.0,3373400000.0,16045000000.0,0.395,40.569,-1041000000.0,125600000.0,125600000.0,3718800000.0,1765500000.0,1.614,1.447,8947400000.0,910500000.0,8036900000.0,8947400000.0,0.0,264500000.0,0.0,0.009,1.84,2508200000.0,2772700000.0,0.372,2772700000.0,2508200000.0,2189900000.0,9.0,8.67,9.0,7928100000.0,7306750000.0,7928100000.0,48092374822.0,19.0,17.345,713000000.0,3.648,1.0,3725700000.0,0.5,11423300000.0,318300000.0,14726900000.0,14006825000.0,1929700000.0,0.0,0.0,0.0,11473100000.0,2090000000.0,9383100000.0,39079974822.0,-51700000.0,-399700000.0,-1073100000.0,1064500000.0,-357300000.0,-358100000.0,-1448800000.0,0.0,1754000000.0,1200000.0,1751500000.0,1751500000.0,1751500000.0,0.0,14000000.0,0.235,1484300000.0,2241400000.0,601700000.0,0.204,4.929,22.312,22.233,4464200000.0,0.0,200.1,5.25,5.253,853300000.0,8011000000.0,7444500000.0,7444500000.0,0.0,0.093,0.24,0.179,0.337,53600000.0,1484300000.0,1.0,195302223.0,195425000,224684000.0,38.094,7995100000.0,0.0,438400000.0,1167100000.0,40.911,1283400000.0
17,STZ,MRT,2017-06-30,2017-05-31,2017-05-31,2021-10-06,-212300000.0,18959400000.0,18399825000.0,3360500000.0,15598900000.0,0.401,37.916,-953000000.0,199100000.0,199100000.0,3751800000.0,1614600000.0,1.54,1.565,9211500000.0,1134300000.0,8077200000.0,9211500000.0,0.0,251800000.0,0.0,0.009,1.72,2411900000.0,2663700000.0,0.361,2663700000.0,2411900000.0,2080800000.0,8.22,7.93,8.22,7389700000.0,7120325000.0,7389700000.0,44659107044.0,19.0,16.766,778700000.0,3.995,1.0,3626000000.0,0.491,11262000000.0,331100000.0,14527400000.0,13467900000.0,1936900000.0,0.0,0.0,0.0,11561600000.0,2182400000.0,9379200000.0,35598407044.0,31800000.0,-267900000.0,-1061300000.0,908400000.0,-336300000.0,-468300000.0,-1229200000.0,0.0,1731700000.0,-2400000.0,1608800000.0,1608800000.0,1608800000.0,0.0,5800000.0,0.218,1491000000.0,2135000000.0,558800000.0,0.209,4.817,22.127,22.232,4186900000.0,0.0,182.75,4.825,4.828,832000000.0,7612300000.0,7377800000.0,7377800000.0,0.0,0.087,0.226,0.179,0.327,55200000.0,1491000000.0,1.0,194792925.0,194899000,224374000.0,37.854,7697400000.0,0.0,472000000.0,1135500000.0,39.494,1178100000.0
18,STZ,MRT,2017-03-31,2017-02-28,2017-02-28,2021-10-06,-399800000.0,18602400000.0,18067475000.0,3230000000.0,15372400000.0,0.405,34.579,-905300000.0,177400000.0,177400000.0,3802100000.0,1532700000.0,1.197,1.7,9238100000.0,1517400000.0,7720700000.0,9238100000.0,0.0,237500000.0,0.0,0.01,1.6,2412200000.0,2649700000.0,0.362,2649700000.0,2412200000.0,2078900000.0,7.76,7.49,7.76,6891200000.0,6984900000.0,6891200000.0,39570206662.0,16.0,14.934,790700000.0,3.968,1.0,3519000000.0,0.481,11298200000.0,333300000.0,13667300000.0,12906450000.0,1955100000.0,0.0,0.0,0.0,11717600000.0,2697600000.0,9020000000.0,31135906662.0,94300000.0,-552800000.0,-1063000000.0,1176800000.0,-315100000.0,-134800000.0,-1461800000.0,0.0,1696000000.0,-5100000.0,1528600000.0,1528600000.0,1528600000.0,0.0,4100000.0,0.209,1392400000.0,2126600000.0,559800000.0,0.206,4.518,20.369,20.465,3932800000.0,0.0,158.81,4.253,4.323,737000000.0,7310000000.0,7321100000.0,7321100000.0,0.0,0.085,0.219,0.187,0.329,56100000.0,1392400000.0,1.0,196057595.0,199287000,227452000.0,36.736,7304200000.0,0.0,550300000.0,1133600000.0,36.652,532400000.0
19,STZ,MRT,2016-12-31,2016-11-30,2016-11-30,2021-10-06,-596700000.0,18320100000.0,17658125000.0,3444800000.0,14875300000.0,0.41,34.939,-969100000.0,197300000.0,197300000.0,3808900000.0,1322600000.0,1.307,1.613,8631600000.0,1269100000.0,7362500000.0,8631600000.0,0.0,192900000.0,0.0,0.01,1.51,2163400000.0,2356300000.0,0.325,2356300000.0,2163400000.0,1823600000.0,6.69,6.47,6.69,7018000000.0,6902000000.0,7018000000.0,38242265277.0,18.0,16.23,768700000.0,3.827,1.0,3437800000.0,0.474,11012100000.0,339800000.0,13105700000.0,12526725000.0,2123100000.0,0.0,0.0,0.0,11322400000.0,2636600000.0,8685800000.0,30390565277.0,-294000000.0,-1540700000.0,-353000000.0,1090600000.0,-299500000.0,507400000.0,-2528800000.0,0.0,1737800000.0,-10400000.0,1326500000.0,1326500000.0,1326500000.0,0.0,-3900000.0,0.183,1329100000.0,2108700000.0,772300000.0,0.226,4.33,22.91,22.592,3708000000.0,0.0,151.14,4.194,4.189,856000000.0,6934900000.0,7246700000.0,7246700000.0,0.0,0.075,0.192,0.173,0.299,57900000.0,1329100000.0,1.0,201075594.0,200866000,228808000.0,36.077,7308000000.0,0.0,497100000.0,1157000000.0,36.382,808200000.0
20,STZ,MRT,2016-09-30,2016-08-31,2016-08-31,2021-10-06,-443100000.0,17717400000.0,17117250000.0,3169800000.0,14547600000.0,0.413,35.767,-965100000.0,177300000.0,177300000.0,3796800000.0,1188600000.0,1.441,1.468,8029000000.0,1007400000.0,7021600000.0,8029000000.0,0.0,182800000.0,0.0,0.009,1.42,2075100000.0,2257900000.0,0.319,2257900000.0,2075100000.0,1737300000.0,6.04,5.82,6.04,7182400000.0,6770600000.0,7182400000.0,41034095661.0,20.0,18.174,690400000.0,3.438,1.0,3279900000.0,0.463,10798300000.0,337800000.0,12571200000.0,12144775000.0,1855200000.0,0.0,0.0,0.0,10543300000.0,2199600000.0,8343700000.0,32893195661.0,-152400000.0,-1283400000.0,73800000.0,481800000.0,-280600000.0,449700000.0,-2252000000.0,0.0,1655500000.0,-5600000.0,1191100000.0,1191100000.0,1191100000.0,0.0,-2500000.0,0.168,1257900000.0,2022000000.0,624500000.0,0.235,4.58,27.616,27.161,3632100000.0,0.0,164.05,4.648,4.655,831100000.0,6608700000.0,7076700000.0,7076700000.0,0.0,0.07,0.176,0.171,0.293,59400000.0,1257900000.0,1.0,200507136.0,200813000,229003000.0,35.24,6919100000.0,0.0,546200000.0,1200000000.0,34.455,970200000.0
21,STZ,MRT,2016-06-30,2016-05-31,2016-05-31,2021-10-06,-456500000.0,17630000000.0,16606250000.0,3218500000.0,14411500000.0,0.409,34.258,-931000000.0,167300000.0,167300000.0,3702400000.0,1139500000.0,1.193,1.554,8308200000.0,1617600000.0,6690600000.0,8308200000.0,0.0,181400000.0,0.0,0.009,1.33,1935300000.0,2116700000.0,0.312,2116700000.0,1935300000.0,1614300000.0,5.79,5.56,5.79,6848000000.0,6490700000.0,6848000000.0,38592290008.0,20.0,18.232,622900000.0,3.116,1.0,3086500000.0,0.455,10790600000.0,321000000.0,12281600000.0,11989375000.0,1918800000.0,0.0,0.0,0.0,10641400000.0,2698700000.0,7942700000.0,30594190008.0,36600000.0,-1601300000.0,84500000.0,1010100000.0,-261100000.0,1021300000.0,-2530000000.0,0.0,1553900000.0,-8600000.0,1134600000.0,1134600000.0,1134600000.0,0.0,4900000.0,0.167,1196000000.0,1890500000.0,558500000.0,0.23,4.468,26.965,26.451,3507200000.0,0.0,153.15,4.507,4.509,773300000.0,6329400000.0,6788900000.0,6788900000.0,0.0,0.068,0.175,0.161,0.285,57700000.0,1196000000.0,1.0,199766177.0,199895000,228720000.0,33.962,6839400000.0,0.0,479700000.0,1131900000.0,34.215,519800000.0
22,STZ,MRT,2016-03-31,2016-02-29,2016-02-29,2021-10-06,-452500000.0,16965000000.0,16010575000.0,2977600000.0,13987400000.0,0.409,33.34,-891300000.0,83100000.0,83100000.0,3606100000.0,1060600000.0,1.31,1.566,8081200000.0,1265000000.0,6816200000.0,8081200000.0,0.0,180300000.0,0.0,0.009,1.24,1809400000.0,1989700000.0,0.304,1989700000.0,1809400000.0,1495500000.0,5.42,5.18,5.42,6559600000.0,6264325000.0,6559600000.0,35090154224.0,19.0,17.636,522400000.0,2.655,1.0,2942300000.0,0.449,10542400000.0,313900000.0,12148400000.0,11905700000.0,1851600000.0,0.0,0.0,0.0,10273200000.0,2272300000.0,8000900000.0,28178454224.0,-27000000.0,-1316400000.0,79200000.0,748600000.0,-241600000.0,776000000.0,-2207400000.0,0.0,1413700000.0,-9300000.0,1054900000.0,1054900000.0,1054900000.0,0.0,5700000.0,0.161,1177200000.0,1765100000.0,429300000.0,0.229,4.296,26.712,26.094,3333400000.0,0.0,141.43,4.303,4.249,732500000.0,6090500000.0,6548400000.0,6548400000.0,0.0,0.066,0.168,0.152,0.276,54000000.0,1177200000.0,1.0,199239583.0,196746000,227184000.0,33.284,6422600000.0,0.0,440600000.0,1055800000.0,32.644,705300000.0
23,STZ,MRT,2015-12-31,2015-11-30,2015-11-30,2021-10-06,-344900000.0,16156600000.0,15542575000.0,3460900000.0,12695700000.0,0.409,32.908,-691900000.0,491300000.0,491300000.0,3517600000.0,1026800000.0,1.802,1.472,7403000000.0,888000000.0,6515000000.0,7403000000.0,0.0,210100000.0,0.0,0.007,0.93,1734800000.0,1944900000.0,0.306,1944900000.0,1734800000.0,1424100000.0,5.31,5.06,5.31,6492400000.0,6067100000.0,6492400000.0,34656263000.0,20.0,17.819,730600000.0,3.703,1.0,2843800000.0,0.447,9569600000.0,310700000.0,11577900000.0,11808475000.0,1884600000.0,0.0,0.0,0.0,9559900000.0,1920800000.0,7639100000.0,27562363000.0,424000000.0,-606800000.0,128400000.0,78300000.0,-180400000.0,295300000.0,-1283900000.0,0.0,1422500000.0,-9900000.0,1026100000.0,1026100000.0,1026100000.0,0.0,700000.0,0.161,1136100000.0,1707700000.0,420900000.0,0.175,4.245,26.861,26.414,2949000000.0,0.0,140.26,4.333,4.35,714700000.0,5908400000.0,6361400000.0,6361400000.0,0.0,0.066,0.169,0.147,0.273,53400000.0,1136100000.0,1.0,196509076.0,197291000,227454000.0,32.244,6587000000.0,0.0,398000000.0,1018900000.0,33.387,1540100000.0
24,STZ,MRT,2015-09-30,2015-08-31,2015-08-31,2021-10-06,-370200000.0,15673400000.0,15248550000.0,3131500000.0,12541900000.0,0.411,30.995,-706000000.0,329700000.0,329700000.0,3513400000.0,978000000.0,2.583,1.568,7423600000.0,185400000.0,7238200000.0,7423600000.0,0.0,210400000.0,0.0,0.005,0.62,1657500000.0,1867900000.0,0.298,1867900000.0,1657500000.0,1336400000.0,5.08,4.83,5.08,6062800000.0,5852750000.0,6062800000.0,32191728416.0,19.0,17.234,510000000.0,2.607,1.0,2749200000.0,0.439,9605500000.0,321100000.0,11949600000.0,11820175000.0,1777100000.0,0.0,0.0,0.0,9508400000.0,1212200000.0,8296200000.0,25004828416.0,225400000.0,-628200000.0,74800000.0,216400000.0,-119800000.0,337900000.0,-1318700000.0,0.0,1216000000.0,-9800000.0,977800000.0,977800000.0,977800000.0,0.0,200000.0,0.156,1113200000.0,1636000000.0,373300000.0,0.122,4.124,25.573,25.197,2773300000.0,0.0,128.0,3.993,3.998,723500000.0,5698500000.0,6262600000.0,6262600000.0,0.0,0.064,0.167,0.14,0.265,53100000.0,1113200000.0,1.0,195350222.0,195603000,226474000.0,32.017,6067900000.0,0.0,358600000.0,921300000.0,31.022,1919300000.0
25,STZ,MRT,2015-06-30,2015-05-31,2015-05-31,2021-10-06,-184800000.0,15247300000.0,14994550000.0,2979300000.0,12268000000.0,0.409,30.514,-717700000.0,130700000.0,130700000.0,3487700000.0,869700000.0,2.659,1.547,7317600000.0,279400000.0,7038200000.0,7317600000.0,0.0,207200000.0,0.0,0.003,0.31,1554400000.0,1761600000.0,0.287,1761600000.0,1554400000.0,1225600000.0,4.55,4.32,4.55,5942500000.0,5708900000.0,5942500000.0,30196265209.0,19.0,17.141,336700000.0,1.729,1.0,2645600000.0,0.431,9367000000.0,328800000.0,11946900000.0,11459250000.0,1783700000.0,0.0,0.0,0.0,9195400000.0,1120300000.0,8075100000.0,22958365209.0,-247300000.0,-310300000.0,62500000.0,110600000.0,-59800000.0,-282900000.0,-1010900000.0,0.0,1054400000.0,-7900000.0,871200000.0,871200000.0,871200000.0,0.0,-1500000.0,0.142,1110300000.0,1535300000.0,289100000.0,0.068,3.863,26.353,25.91,2742100000.0,0.0,117.89,3.743,3.743,696200000.0,5456200000.0,6133300000.0,6133300000.0,0.0,0.058,0.153,0.136,0.253,55600000.0,1110300000.0,1.0,194743958.0,194746000,226231000.0,31.494,5880300000.0,0.0,354400000.0,890800000.0,30.195,1859000000.0
26,STZ,MRT,2015-03-31,2015-02-28,2015-02-28,2021-10-06,-130900000.0,15093000000.0,14893325000.0,2910800000.0,12182200000.0,0.405,29.943,-719400000.0,110100000.0,110100000.0,3449400000.0,836200000.0,2.574,1.596,7296500000.0,210500000.0,7086000000.0,7296500000.0,0.0,202000000.0,0.0,0.0,0.0,1520400000.0,1722400000.0,0.286,1722400000.0,1520400000.0,1182700000.0,4.4,4.17,4.4,5770700000.0,5545025000.0,5770700000.0,29446718889.0,19.0,17.096,361600000.0,1.876,1.0,2578600000.0,0.428,9389200000.0,337700000.0,11759500000.0,10978125000.0,1827200000.0,0.0,0.0,0.0,9211700000.0,1130700000.0,8081000000.0,22195218889.0,46200000.0,-310300000.0,63700000.0,312400000.0,0.0,-16400000.0,-1015900000.0,0.0,1081000000.0,-2500000.0,839300000.0,839300000.0,839300000.0,0.0,-3100000.0,0.139,1078400000.0,1500200000.0,285800000.0,0.0,3.846,26.445,26.073,2681600000.0,0.0,114.72,3.682,3.668,598900000.0,5277500000.0,6028000000.0,6028000000.0,0.0,0.056,0.151,0.138,0.252,55000000.0,1078400000.0,1.0,193472968.0,192722000,224621000.0,31.278,5703800000.0,0.0,343400000.0,847600000.0,29.596,1780100000.0
27,STZ,MRT,2014-12-31,2014-11-30,2014-11-30,2021-10-06,-8600000.0,14980500000.0,14695600000.0,3030800000.0,11949700000.0,0.406,29.201,-678900000.0,67300000.0,67300000.0,3433100000.0,781900000.0,2.428,1.658,7318800000.0,237300000.0,7081500000.0,7318800000.0,0.0,196600000.0,0.0,0.0,0.0,1492100000.0,1688700000.0,0.283,1688700000.0,1492100000.0,1146200000.0,4.1,3.87,4.1,5635000000.0,5347675000.0,5635000000.0,25680509771.0,17.0,15.207,268300000.0,1.39,1.0,2529900000.0,0.424,9358800000.0,345900000.0,11624700000.0,10502025000.0,1927200000.0,0.0,0.0,0.0,9345500000.0,1248500000.0,8097000000.0,18592909771.0,2100000.0,-21700000.0,64500000.0,152900000.0,0.0,-277600000.0,-666000000.0,0.0,947200000.0,-1500000.0,781900000.0,781900000.0,781900000.0,0.0,0.0,0.131,1054000000.0,1475900000.0,445900000.0,0.0,3.3,23.779,23.512,2419100000.0,0.0,96.4,3.118,3.12,701300000.0,5062900000.0,5963000000.0,5963000000.0,0.0,0.053,0.146,0.142,0.25,54500000.0,1054000000.0,1.0,192872508.0,192972000,224663000.0,30.901,5621700000.0,0.0,364300000.0,856300000.0,29.132,1782300000.0
28,STZ,MRT,2014-09-30,2014-08-31,2014-08-31,2021-10-06,104800000.0,14657400000.0,14534550000.0,2838100000.0,11819300000.0,0.403,28.497,-482500000.0,104300000.0,104300000.0,3363900000.0,770700000.0,1.513,1.671,7191900000.0,868700000.0,6323200000.0,7191900000.0,0.0,187100000.0,0.0,0.0,0.0,1477100000.0,1664200000.0,0.284,1664200000.0,1477100000.0,1127600000.0,4.07,3.84,4.07,5487400000.0,5136375000.0,5487400000.0,23591271171.0,16.0,14.176,522800000.0,2.715,1.0,2500700000.0,0.426,9362800000.0,349500000.0,10505900000.0,10161725000.0,1778900000.0,0.0,0.0,0.0,9170000000.0,1876300000.0,7293700000.0,16774071171.0,-12500000.0,-8400000.0,68000000.0,-140700000.0,0.0,-568800000.0,-450600000.0,0.0,1005300000.0,1600000.0,770700000.0,770700000.0,770700000.0,0.0,0.0,0.131,1036600000.0,1464100000.0,441900000.0,0.0,3.057,21.765,21.398,2299900000.0,0.0,87.09,2.86,2.86,656900000.0,4840700000.0,5864600000.0,5864600000.0,0.0,0.053,0.15,0.145,0.252,52200000.0,1036600000.0,1.0,192606168.0,192559000,224201000.0,30.456,5294600000.0,0.0,356900000.0,844500000.0,27.496,961800000.0
29,STZ,MRT,2014-06-30,2014-05-31,2014-05-31,2021-10-06,133400000.0,14842400000.0,14400900000.0,3137200000.0,11705200000.0,0.397,27.598,-332900000.0,378000000.0,378000000.0,3314600000.0,2096900000.0,1.391,1.807,7195200000.0,849600000.0,6345600000.0,7195200000.0,0.0,175800000.0,0.0,0.0,0.0,2781100000.0,2956900000.0,0.517,2956900000.0,2781100000.0,2426300000.0,11.22,10.6,11.22,5287000000.0,4892125000.0,5287000000.0,23092172516.0,8.0,7.81,722300000.0,3.77,1.0,2405700000.0,0.421,9382500000.0,354800000.0,10022400000.0,10063450000.0,1781500000.0,0.0,0.0,0.0,9555400000.0,2254700000.0,7300700000.0,16135572516.0,-231300000.0,-4681300000.0,74300000.0,2024000000.0,0.0,3694600000.0,-4980100000.0,0.0,1055200000.0,-1000000.0,2096900000.0,2096900000.0,2096900000.0,0.0,0.0,0.367,1288300000.0,1117400000.0,345700000.0,0.0,3.052,7.695,7.498,2157100000.0,0.0,84.13,2.821,2.818,651300000.0,4644900000.0,5720300000.0,5720300000.0,0.0,0.146,0.429,0.276,0.486,48800000.0,987400000.0,1.0,191793326.0,191573000,223773000.0,29.86,5459900000.0,0.0,329400000.0,823400000.0,28.5,882500000.0
30,STZ,MRT,2014-03-31,2014-02-28,2014-02-28,2021-10-06,86000000.0,14302100000.0,13053400000.0,2747200000.0,11554900000.0,0.373,26.475,-223500000.0,63900000.0,63900000.0,2876000000.0,1943100000.0,1.356,1.871,7020500000.0,647200000.0,6373300000.0,7020500000.0,0.0,155300000.0,0.0,0.0,0.0,2525500000.0,2680800000.0,0.551,2680800000.0,2525500000.0,2202300000.0,10.45,9.83,10.45,4981300000.0,4319725000.0,4981300000.0,22470113974.0,9.0,8.382,602700000.0,3.203,1.0,1991700000.0,0.409,9377900000.0,323200000.0,9855100000.0,9554650000.0,1743800000.0,0.0,0.0,0.0,9320800000.0,2025700000.0,7295100000.0,15400713974.0,-267600000.0,-4681300000.0,125900000.0,3603700000.0,0.0,3777000000.0,-4863800000.0,0.0,826200000.0,-7000000.0,1943100000.0,1943100000.0,1943100000.0,0.0,0.0,0.399,1196000000.0,795700000.0,295200000.0,0.0,3.092,7.926,7.754,2014300000.0,0.0,81.03,3.164,3.132,626200000.0,4438200000.0,4867700000.0,4867700000.0,0.0,0.149,0.45,0.264,0.519,49900000.0,895100000.0,1.0,190061878.0,188154000,221037000.0,25.871,4924200000.0,0.0,259200000.0,790300000.0,26.171,721500000.0
31,STZ,MRT,2013-12-31,2013-11-30,2013-11-30,2021-10-06,94000000.0,14336300000.0,11387400000.0,2835400000.0,11500900000.0,0.375,25.32,-103800000.0,65200000.0,65200000.0,2567800000.0,1867600000.0,1.616,1.993,7134600000.0,237600000.0,6897000000.0,7134600000.0,0.0,143200000.0,0.0,0.0,0.0,2363800000.0,2507000000.0,0.587,2507000000.0,2363800000.0,2068700000.0,10.05,9.5,10.05,4789800000.0,3789475000.0,4789800000.0,20514826989.0,9.0,8.183,692600000.0,3.661,1.0,1704600000.0,0.399,9387200000.0,295100000.0,10263500000.0,8675975000.0,1824000000.0,0.0,0.0,0.0,9546500000.0,1755000000.0,7791500000.0,13331126989.0,-135300000.0,-4681000000.0,121200000.0,3020000000.0,0.0,3838400000.0,-4764100000.0,-4600000.0,796400000.0,-6000000.0,1867600000.0,1867600000.0,1867600000.0,0.0,0.0,0.437,1110900000.0,593700000.0,462400000.0,0.0,2.783,7.138,7.006,1905400000.0,0.0,70.41,3.12,3.118,668800000.0,4281000000.0,4272400000.0,4272400000.0,0.0,0.164,0.493,0.272,0.553,47000000.0,810000000.0,1.0,189335705.0,189169000,221543000.0,22.585,4949100000.0,0.0,201100000.0,736400000.0,26.162,1080400000.0
32,STZ,MRT,2013-09-30,2013-08-31,2013-08-31,2021-10-06,64600000.0,14122800000.0,9884000000.0,2670100000.0,11452700000.0,0.364,23.954,-83600000.0,116800000.0,116800000.0,2190300000.0,1766100000.0,1.475,2.131,7300500000.0,387800000.0,6912700000.0,7300500000.0,0.0,130600000.0,0.0,0.0,0.0,2193300000.0,2323900000.0,0.646,2323900000.0,2193300000.0,1926400000.0,9.53,9.01,9.53,4510400000.0,3285850000.0,4510400000.0,13136672902.0,6.0,5.653,593200000.0,3.15,1.0,1405700000.0,0.391,9383100000.0,266900000.0,10112800000.0,7876225000.0,1643000000.0,0.0,0.0,0.0,9612400000.0,1810600000.0,7801800000.0,10223972902.0,-61700000.0,-4672500000.0,130100000.0,3189800000.0,0.0,4012000000.0,-4742200000.0,-4600000.0,676800000.0,-8300000.0,1766100000.0,1766100000.0,1766100000.0,0.0,0.0,0.491,1017000000.0,388700000.0,341200000.0,0.0,2.267,5.789,5.693,1870400000.0,0.0,54.25,2.843,2.841,655900000.0,4070000000.0,3596000000.0,3596000000.0,0.0,0.179,0.537,0.278,0.61,45000000.0,716100000.0,1.0,188460330.0,188297000,220239000.0,19.097,4739700000.0,0.0,160300000.0,724400000.0,25.171,859500000.0
33,STZ,MRT,2013-06-30,2013-05-31,2013-05-31,2021-10-06,108600000.0,9452400000.0,8363425000.0,2723300000.0,6729100000.0,0.339,16.182,-72200000.0,2159300000.0,2159300000.0,1720900000.0,368700000.0,3.416,2.154,5072000000.0,254300000.0,4817700000.0,5072000000.0,0.0,116300000.0,0.0,0.0,0.0,716700000.0,833000000.0,0.294,833000000.0,716700000.0,485500000.0,2.06,1.94,2.06,2997400000.0,2812775000.0,2997400000.0,12816396521.0,18.0,15.386,391000000.0,2.111,1.0,1113800000.0,0.393,3580700000.0,231200000.0,7987200000.0,7079575000.0,1443800000.0,0.0,0.0,0.0,6455000000.0,797200000.0,5657800000.0,9842496521.0,540200000.0,-159300000.0,212700000.0,1586800000.0,0.0,294700000.0,-215700000.0,-1700000.0,463200000.0,-2000000.0,368700000.0,368700000.0,368700000.0,0.0,0.0,0.13,626500000.0,487300000.0,150000000.0,0.0,3.284,26.695,25.733,1207600000.0,0.0,53.01,3.472,3.464,453800000.0,2548000000.0,2834700000.0,2834700000.0,0.0,0.044,0.131,0.101,0.253,42000000.0,626500000.0,1.0,185672449.0,185228000,218383000.0,15.304,5871700000.0,0.0,116800000.0,648600000.0,31.7,1926100000.0
34,STZ,MRT,2013-03-31,2013-02-28,2013-02-28,2021-10-06,132100000.0,7638100000.0,7752375000.0,2471200000.0,5166900000.0,0.361,15.7,-62100000.0,331500000.0,331500000.0,1687800000.0,387800000.0,3.645,1.67,3305400000.0,27600000.0,3277800000.0,3305400000.0,0.0,115400000.0,0.0,0.0,0.0,743500000.0,858900000.0,0.307,858900000.0,743500000.0,516400000.0,2.15,2.04,2.15,2860300000.0,2638375000.0,2860300000.0,11269140537.0,15.0,13.12,494200000.0,2.713,1.0,1108300000.0,0.396,3593700000.0,227100000.0,6340400000.0,6662350000.0,1480900000.0,0.0,0.0,0.0,4777800000.0,677900000.0,4099900000.0,8124540537.0,245700000.0,-159300000.0,-220300000.0,104400000.0,0.0,-98700000.0,-206800000.0,0.0,556300000.0,-5100000.0,387800000.0,387800000.0,387800000.0,0.0,0.0,0.139,585400000.0,522900000.0,209000000.0,0.0,2.84,20.95,20.577,1229000000.0,0.0,44.24,2.906,2.883,471900000.0,2495100000.0,2796100000.0,2796100000.0,0.0,0.05,0.147,0.112,0.266,40800000.0,585400000.0,1.0,183646938.0,182190000,213839000.0,15.347,4044400000.0,0.0,128600000.0,618500000.0,22.199,1793300000.0
35,STZ,MRT,2012-12-31,2012-11-30,2012-11-30,2021-10-06,165300000.0,8322700000.0,7620325000.0,2480600000.0,5842100000.0,0.358,15.266,-55500000.0,850800000.0,850800000.0,1636600000.0,409100000.0,3.149,1.999,3995400000.0,66500000.0,3928900000.0,3995400000.0,0.0,108700000.0,0.0,0.0,0.0,704700000.0,813400000.0,0.298,813400000.0,704700000.0,490100000.0,2.24,2.14,2.24,2775300000.0,2592300000.0,2775300000.0,9705974162.0,14.0,11.933,476800000.0,2.623,1.0,1091700000.0,0.4,3615000000.0,214600000.0,7064500000.0,6440925000.0,1596300000.0,0.0,0.0,0.0,5547400000.0,787800000.0,4759600000.0,6546774162.0,144700000.0,-163200000.0,-367000000.0,828400000.0,0.0,-172100000.0,-216600000.0,3600000.0,532300000.0,1100000.0,409100000.0,409100000.0,409100000.0,0.0,0.0,0.15,616800000.0,474900000.0,300400000.0,0.0,2.359,16.003,16.018,1236700000.0,0.0,35.88,2.4,2.391,539100000.0,2413400000.0,2728300000.0,2728300000.0,0.0,0.054,0.158,0.109,0.258,41400000.0,589800000.0,1.0,182463048.0,181794000,213220000.0,15.008,4707700000.0,0.0,81000000.0,636500000.0,25.896,1692800000.0
36,STZ,MRT,2012-09-30,2012-08-31,2012-08-31,2021-10-06,157700000.0,8040500000.0,7345950000.0,2177900000.0,5862600000.0,0.362,14.681,-53600000.0,828500000.0,828500000.0,1598300000.0,404400000.0,3.32,2.071,3987700000.0,59000000.0,3928700000.0,3987700000.0,0.0,107500000.0,0.0,0.0,0.0,707000000.0,814500000.0,0.306,814500000.0,707000000.0,507500000.0,2.16,2.08,2.16,2618100000.0,2557975000.0,2618100000.0,9193225237.0,13.0,11.287,581600000.0,3.261,1.0,1063800000.0,0.4,3617500000.0,199500000.0,6926200000.0,6073800000.0,1364900000.0,0.0,0.0,0.0,5422400000.0,656000000.0,4766400000.0,5841325237.0,168500000.0,-213200000.0,-492600000.0,900100000.0,0.0,-220700000.0,-245900000.0,23800000.0,635200000.0,-100000.0,404400000.0,404400000.0,404400000.0,0.0,0.0,0.152,587400000.0,476400000.0,185600000.0,0.0,2.231,14.444,15.25,1233500000.0,0.0,32.94,2.194,2.207,487100000.0,2303900000.0,2662100000.0,2662100000.0,0.0,0.055,0.158,0.116,0.266,44800000.0,559600000.0,1.0,177332278.0,178330000,208176000.0,14.928,4423000000.0,0.0,103100000.0,646200000.0,24.802,1521900000.0
37,STZ,MRT,2012-06-30,2012-05-31,2012-05-31,2021-10-06,83100000.0,7008200000.0,7094500000.0,1971400000.0,5036800000.0,0.374,12.377,-55800000.0,69100000.0,69100000.0,1592100000.0,442500000.0,3.353,2.047,3421000000.0,135600000.0,3285400000.0,3421000000.0,0.0,105000000.0,0.0,0.0,0.0,715000000.0,820000000.0,0.309,820000000.0,715000000.0,527600000.0,2.23,2.17,2.23,2299800000.0,2578225000.0,2299800000.0,6686932914.0,9.0,8.155,583400000.0,3.14,1.0,1061700000.0,0.4,3453900000.0,187400000.0,6318300000.0,5756300000.0,1325200000.0,0.0,0.0,0.0,4708400000.0,587900000.0,4120500000.0,3643232914.0,55700000.0,-74800000.0,-774700000.0,293300000.0,0.0,-468400000.0,-112400000.0,20900000.0,639200000.0,-2700000.0,442500000.0,442500000.0,442500000.0,0.0,0.0,0.167,570800000.0,490900000.0,117200000.0,0.0,1.584,8.233,8.65,1219100000.0,0.0,19.29,1.373,1.351,457800000.0,2179300000.0,2653800000.0,2653800000.0,0.0,0.062,0.172,0.124,0.269,45500000.0,543300000.0,1.0,188866403.0,185813000,213815000.0,14.282,3554300000.0,0.0,85100000.0,630500000.0,19.128,1383500000.0
38,STZ,MRT,2012-03-31,2012-02-29,2012-02-29,2021-10-06,173700000.0,7109900000.0,7111300000.0,2034300000.0,5075600000.0,0.373,13.097,-64800000.0,85800000.0,85800000.0,1592200000.0,445000000.0,1.696,1.657,3129500000.0,708100000.0,2421400000.0,3129500000.0,0.0,103800000.0,0.0,0.0,0.0,715000000.0,818800000.0,0.308,818800000.0,715000000.0,534000000.0,2.2,2.13,2.2,2676000000.0,2682050000.0,2676000000.0,7409507384.0,10.0,9.049,719300000.0,3.521,1.0,1062100000.0,0.4,3499300000.0,181000000.0,5454700000.0,5612225000.0,1374500000.0,0.0,0.0,0.0,4433900000.0,1199600000.0,3234300000.0,4360707384.0,76600000.0,-82300000.0,-357700000.0,-226100000.0,0.0,-575100000.0,-135100000.0,20200000.0,784100000.0,2700000.0,445000000.0,445000000.0,445000000.0,0.0,0.0,0.168,575600000.0,486500000.0,130500000.0,0.0,1.63,9.799,9.927,1255800000.0,0.0,21.84,1.643,1.681,437600000.0,2107300000.0,2654300000.0,2654300000.0,0.0,0.063,0.166,0.127,0.269,47600000.0,537500000.0,1.0,199666089.0,204314000,232245000.0,12.991,3610600000.0,0.0,89000000.0,633500000.0,17.672,834700000.0
39,STZ,MRT,2011-12-31,2011-11-30,2011-11-30,2021-10-06,127800000.0,7225200000.0,7125725000.0,2178500000.0,5046700000.0,0.385,13.198,-68500000.0,55800000.0,55800000.0,1670600000.0,621800000.0,1.849,1.739,3104600000.0,526700000.0,2577900000.0,3104600000.0,0.0,102400000.0,0.0,0.0,0.0,741000000.0,843400000.0,0.308,843400000.0,741000000.0,560500000.0,3.02,2.95,3.02,2638000000.0,2651025000.0,2638000000.0,6877667962.0,9.0,8.155,822600000.0,4.116,1.0,1070900000.0,0.391,3499800000.0,180500000.0,5596000000.0,5804975000.0,1463500000.0,0.0,0.0,0.0,4587200000.0,1178200000.0,3409000000.0,3941267962.0,39800000.0,142900000.0,-216300000.0,-747700000.0,0.0,-947700000.0,94500000.0,21200000.0,891100000.0,1900000.0,621800000.0,621800000.0,621800000.0,0.0,0.0,0.227,560900000.0,510000000.0,270600000.0,0.0,1.494,6.338,6.447,1251700000.0,0.0,19.47,1.438,1.42,569200000.0,2004300000.0,2741500000.0,2741500000.0,0.0,0.087,0.235,0.128,0.27,43700000.0,526900000.0,1.0,202427733.0,199878000,226518000.0,13.716,3725400000.0,0.0,-61300000.0,617800000.0,18.638,1000300000.0
40,STZ,MRT,2011-09-30,2011-08-31,2011-08-31,2021-10-06,216800000.0,7034700000.0,7383875000.0,1919600000.0,5115100000.0,0.407,12.839,-68400000.0,10000000.0,10000000.0,1867300000.0,656300000.0,2.44,1.606,2946400000.0,211700000.0,2734700000.0,2946400000.0,0.0,108700000.0,0.0,0.0,0.0,768900000.0,877600000.0,0.292,877600000.0,768900000.0,585600000.0,3.16,3.08,3.16,2699100000.0,2671275000.0,2699100000.0,7218453139.0,9.0,8.225,762600000.0,3.628,1.0,1139900000.0,0.379,3528100000.0,183300000.0,5656200000.0,6141200000.0,1259200000.0,0.0,0.0,0.0,4335600000.0,786800000.0,3548800000.0,4239453139.0,-3900000.0,192500000.0,-95000000.0,-876200000.0,0.0,-966000000.0,125800000.0,1000000.0,831000000.0,5300000.0,656300000.0,656300000.0,656300000.0,0.0,0.0,0.218,620100000.0,519800000.0,138700000.0,0.0,1.571,6.46,6.256,1241000000.0,0.0,19.77,1.41,1.382,501700000.0,1899500000.0,3007200000.0,3007200000.0,0.0,0.089,0.246,0.125,0.256,44500000.0,581200000.0,1.0,214438702.0,210222000,237238000.0,14.305,3506600000.0,0.0,-70700000.0,623300000.0,16.68,1132800000.0
41,STZ,MRT,2011-06-30,2011-05-31,2011-05-31,2021-10-06,223700000.0,7075400000.0,7594475000.0,1956100000.0,5119300000.0,0.419,12.889,-66000000.0,13400000.0,13400000.0,2008700000.0,584900000.0,2.497,1.606,2992400000.0,263500000.0,2728900000.0,2992400000.0,0.0,117000000.0,0.0,0.0,0.0,759400000.0,876400000.0,0.276,876400000.0,759400000.0,568300000.0,2.82,2.75,2.82,2715100000.0,2603975000.0,2715100000.0,7905082555.0,10.0,9.02,734900000.0,3.489,1.0,1171100000.0,0.368,3529000000.0,191100000.0,5742000000.0,6404825000.0,1309000000.0,0.0,0.0,0.0,4360300000.0,783400000.0,3576900000.0,4677982555.0,-7500000.0,213800000.0,90400000.0,-1060300000.0,0.0,-964700000.0,149700000.0,900000.0,800900000.0,6600000.0,584900000.0,584900000.0,584900000.0,0.0,0.0,0.184,663200000.0,507900000.0,104800000.0,0.0,1.723,7.998,7.787,1230700000.0,0.0,21.96,1.471,1.455,459300000.0,1736800000.0,3179800000.0,3179800000.0,0.0,0.077,0.225,0.119,0.239,48700000.0,610300000.0,1.0,213022885.0,210650000,238518000.0,15.095,3546400000.0,0.0,-16600000.0,614100000.0,16.836,1172700000.0
42,STZ,MRT,2011-03-31,2011-02-28,2011-02-28,2021-10-06,188800000.0,7167600000.0,7799650000.0,2083000000.0,5084600000.0,0.427,12.099,-69600000.0,9200000.0,9200000.0,2141900000.0,559500000.0,3.142,1.809,3236300000.0,99600000.0,3136700000.0,3236300000.0,0.0,124700000.0,0.0,0.0,0.0,746300000.0,871000000.0,0.261,871000000.0,746300000.0,551000000.0,2.68,2.62,2.68,2551900000.0,2499550000.0,2551900000.0,7966786296.0,11.0,9.147,550100000.0,2.608,1.0,1190100000.0,0.357,3506100000.0,195300000.0,6225700000.0,6685625000.0,1369300000.0,0.0,0.0,0.0,4615700000.0,662900000.0,3952800000.0,4256186296.0,-34300000.0,219700000.0,-234700000.0,-618400000.0,0.0,-846100000.0,188100000.0,30300000.0,619700000.0,4000000.0,559500000.0,559500000.0,559500000.0,0.0,0.0,0.168,687600000.0,502500000.0,129200000.0,0.0,1.668,7.607,7.582,1219600000.0,0.0,20.32,1.277,1.286,417400000.0,1662300000.0,3332000000.0,3332000000.0,0.0,0.072,0.224,0.112,0.224,46000000.0,640900000.0,1.0,209457987.0,210910000,237451000.0,15.798,3661500000.0,0.0,-8500000.0,597300000.0,17.36,1420100000.0
43,STZ,MRT,2010-12-31,2010-11-30,2010-11-30,2021-10-06,665900000.0,8257800000.0,8031325000.0,2844800000.0,5413000000.0,0.414,12.951,-72400000.0,16000000.0,16000000.0,2166900000.0,228700000.0,1.877,2.037,3726600000.0,593600000.0,3133000000.0,3726600000.0,0.0,138400000.0,0.0,0.0,0.0,584800000.0,723200000.0,0.217,723200000.0,584800000.0,373800000.0,1.11,1.07,1.11,2719000000.0,2505650000.0,2719000000.0,8125381250.0,14.0,11.235,510900000.0,2.433,1.0,1158500000.0,0.348,3512200000.0,211000000.0,6940900000.0,6883725000.0,1866600000.0,0.0,0.0,0.0,5538800000.0,1515300000.0,4023500000.0,4355881250.0,-34300000.0,71600000.0,-237800000.0,-388100000.0,0.0,-639600000.0,27600000.0,29800000.0,583300000.0,-5600000.0,228700000.0,228700000.0,228700000.0,0.0,0.0,0.069,808300000.0,350200000.0,334800000.0,0.0,1.602,19.046,18.568,1556100000.0,0.0,20.61,1.31,1.301,868900000.0,1382500000.0,3325400000.0,3325400000.0,0.0,0.028,0.091,0.085,0.176,56900000.0,660400000.0,1.0,211347950.0,209952000,236790000.0,15.839,4745600000.0,0.0,145100000.0,630800000.0,22.603,1329500000.0
44,STZ,MRT,2010-09-30,2010-08-31,2010-08-31,2021-10-06,550600000.0,7877100000.0,8149025000.0,2560000000.0,5317100000.0,0.411,11.617,-80000000.0,13900000.0,13900000.0,2196000000.0,133500000.0,1.766,2.242,3783400000.0,655700000.0,3127700000.0,3783400000.0,0.0,141100000.0,0.0,0.0,0.0,514000000.0,655100000.0,0.196,655100000.0,514000000.0,286600000.0,0.64,0.62,0.64,2429900000.0,2500200000.0,2429900000.0,7511115601.0,15.0,11.466,531300000.0,2.54,1.0,1150700000.0,0.344,3486200000.0,227400000.0,6710700000.0,7044725000.0,1722400000.0,0.0,0.0,0.0,5447200000.0,1449700000.0,3997500000.0,3514215601.0,-5800000.0,71600000.0,-258000000.0,-392900000.0,0.0,-629400000.0,19200000.0,29900000.0,611300000.0,-6900000.0,133500000.0,133500000.0,133500000.0,0.0,0.0,0.04,834500000.0,316200000.0,253500000.0,0.0,1.446,26.324,26.031,1529000000.0,0.0,16.66,1.05,1.041,720700000.0,1243200000.0,3346700000.0,3346700000.0,0.0,0.016,0.053,0.073,0.154,56600000.0,687200000.0,1.0,210937311.0,209167000,234861000.0,16.0,4390900000.0,0.0,153100000.0,601700000.0,20.992,1110300000.0
45,STZ,MRT,2010-06-30,2010-05-31,2010-05-31,2021-10-06,527500000.0,7896100000.0,8288225000.0,2562000000.0,5334100000.0,0.405,10.615,-69100000.0,20900000.0,20900000.0,2214600000.0,141900000.0,1.67,2.437,4017800000.0,816800000.0,3201000000.0,4017800000.0,0.0,153300000.0,0.0,0.0,0.0,527700000.0,681000000.0,0.203,681000000.0,527700000.0,282500000.0,0.66,0.64,0.66,2297400000.0,2521550000.0,2297400000.0,7342551061.0,14.0,10.782,448400000.0,2.072,1.0,1146100000.0,0.341,3493600000.0,245200000.0,6865200000.0,7260275000.0,1795600000.0,0.0,0.0,0.0,5598700000.0,1534200000.0,4064500000.0,3550551061.0,4100000.0,77800000.0,-259200000.0,-311700000.0,0.0,-542800000.0,36900000.0,29800000.0,517500000.0,-7500000.0,141900000.0,141900000.0,141900000.0,0.0,0.0,0.042,823000000.0,323100000.0,224800000.0,0.0,1.545,25.022,25.242,1522900000.0,0.0,16.66,1.056,1.073,636500000.0,1151900000.0,3360700000.0,3360700000.0,0.0,0.017,0.056,0.073,0.157,55100000.0,686200000.0,1.0,213118311.0,216439000,242582000.0,15.527,4402500000.0,0.0,140600000.0,598300000.0,20.341,1027800000.0
46,STZ,MRT,2010-03-31,2010-02-28,2010-02-28,2021-10-06,587200000.0,8094300000.0,8414575000.0,2589100000.0,5505200000.0,0.4,11.719,-90500000.0,43500000.0,43500000.0,2220000000.0,99300000.0,1.886,2.142,3835500000.0,558400000.0,3277100000.0,3835500000.0,0.0,155900000.0,0.0,0.0,0.0,524400000.0,680300000.0,0.202,680300000.0,524400000.0,259300000.0,0.46,0.45,0.46,2576300000.0,2528500000.0,2576300000.0,7384671868.0,14.0,10.855,312100000.0,1.42,1.0,1144800000.0,0.34,3495600000.0,265100000.0,7018100000.0,7441675000.0,1879900000.0,0.0,0.0,0.0,5518000000.0,1372600000.0,4145400000.0,3337771868.0,30400000.0,349600000.0,19500000.0,-675700000.0,0.0,-623100000.0,256600000.0,-900000.0,402600000.0,-5700000.0,99300000.0,99300000.0,99300000.0,0.0,0.0,0.03,833300000.0,311500000.0,268800000.0,0.0,1.296,33.613,32.696,1567200000.0,0.0,15.04,0.992,0.983,514700000.0,1102800000.0,3364800000.0,3364800000.0,0.0,0.012,0.039,0.07,0.156,56300000.0,682500000.0,1.0,221926321.0,219831000,244946000.0,15.306,4598700000.0,0.0,160000000.0,580000000.0,20.919,1216500000.0
47,STZ,MRT,2009-12-31,2009-11-30,2009-11-30,2021-10-06,677900000.0,8728600000.0,8400125000.0,3093600000.0,5635000000.0,0.404,12.247,-99200000.0,50300000.0,50300000.0,2277600000.0,-256500000.0,1.962,2.236,4097200000.0,481200000.0,3616000000.0,4097200000.0,0.0,158200000.0,0.0,0.0,0.0,219300000.0,377500000.0,0.111,377500000.0,219300000.0,-60000000.0,-1.2,-1.2,-1.2,2697200000.0,2361500000.0,2697200000.0,7935637410.0,36.0,21.022,265500000.0,1.206,1.0,1113600000.0,0.328,3614200000.0,279300000.0,7584900000.0,7565900000.0,1992500000.0,0.0,0.0,0.0,6031400000.0,1576400000.0,4455000000.0,3791237410.0,-131000000.0,276300000.0,39300000.0,-730300000.0,0.0,-677100000.0,175200000.0,-2500000.0,364700000.0,6200000.0,-256500000.0,-256500000.0,-256500000.0,0.0,0.0,-0.076,1033000000.0,80600000.0,376700000.0,0.0,1.406,-14.781,-14.258,1649500000.0,0.0,17.11,1.118,1.111,901700000.0,1153800000.0,3391200000.0,3391200000.0,0.0,-0.031,-0.109,0.029,0.065,51200000.0,707100000.0,1.0,221580211.0,220239000,245939000.0,15.398,5114400000.0,0.0,196500000.0,626300000.0,23.222,1517200000.0
48,STZ,MRT,2009-09-30,2009-08-31,2009-08-31,2021-10-06,556000000.0,8433900000.0,8495100000.0,2818600000.0,5615300000.0,0.404,11.452,-117800000.0,19700000.0,19700000.0,2261200000.0,-217100000.0,1.973,2.353,4164100000.0,473300000.0,3690800000.0,4164100000.0,0.0,154900000.0,0.0,0.0,0.0,322600000.0,477500000.0,0.139,477500000.0,322600000.0,30400000.0,-1.01,-1.02,-1.01,2515300000.0,2272625000.0,2515300000.0,7570415593.0,23.0,15.854,309700000.0,1.41,1.0,1173500000.0,0.342,3576600000.0,292200000.0,7572900000.0,7675825000.0,1824000000.0,0.0,0.0,0.0,5918600000.0,1428800000.0,4489800000.0,3265415593.0,-5200000.0,275900000.0,39300000.0,-638400000.0,0.0,-613500000.0,175600000.0,17700000.0,427500000.0,5200000.0,-217100000.0,-217100000.0,-217100000.0,0.0,0.0,-0.063,1031300000.0,142200000.0,298500000.0,0.0,1.298,-15.041,-14.644,1622500000.0,0.0,14.79,0.951,0.946,787300000.0,1109700000.0,3434700000.0,3434700000.0,0.0,-0.026,-0.096,0.042,0.094,49200000.0,704700000.0,1.0,220785368.0,219646000,244450000.0,15.637,4857300000.0,0.0,247500000.0,609300000.0,22.114,1389800000.0
49,STZ,MRT,2009-06-30,2009-05-31,2009-05-31,2021-10-06,488000000.0,8401500000.0,8742075000.0,2766700000.0,5634800000.0,0.402,10.618,-127700000.0,16800000.0,16800000.0,2344700000.0,-339500000.0,1.778,2.613,4321800000.0,609700000.0,3712100000.0,4321800000.0,0.0,150000000.0,0.0,0.0,0.0,200900000.0,350900000.0,0.1,350900000.0,200900000.0,-103900000.0,-1.58,-1.58,-1.58,2325200000.0,2312750000.0,2325200000.0,6975222129.0,35.0,19.878,357100000.0,1.631,1.0,1169700000.0,0.333,3560000000.0,304800000.0,7590800000.0,7966600000.0,1846000000.0,0.0,0.0,0.0,6076300000.0,1555700000.0,4520600000.0,2554722129.0,-8400000.0,476600000.0,39900000.0,-894500000.0,0.0,-866800000.0,368600000.0,17300000.0,484800000.0,5000000.0,-339500000.0,-339500000.0,-339500000.0,0.0,0.0,-0.097,1146100000.0,23600000.0,276200000.0,0.0,1.099,-7.525,-7.316,1633000000.0,0.0,11.56,0.727,0.72,715900000.0,1010000000.0,3514400000.0,3514400000.0,0.0,-0.039,-0.147,0.025,0.057,47500000.0,763600000.0,1.0,220996724.0,218977000,243564000.0,16.049,4841500000.0,0.0,235600000.0,593800000.0,22.11,1211000000.0
50,STZ,MRT,2009-03-31,2009-02-28,2009-02-28,2021-10-06,94200000.0,8036500000.0,9180775000.0,2534500000.0,5502000000.0,0.398,8.767,-103200000.0,13100000.0,13100000.0,2424600000.0,-301400000.0,1.911,3.211,4433600000.0,462500000.0,3971100000.0,4433600000.0,0.0,157000000.0,0.0,0.0,0.0,216200000.0,373200000.0,0.102,373200000.0,216200000.0,-106800000.0,-1.4,-1.4,-1.4,1908300000.0,2451475000.0,1908300000.0,7455898682.0,34.0,19.978,403700000.0,1.855,1.0,1230000000.0,0.337,3615600000.0,323000000.0,7515000000.0,8403500000.0,1828700000.0,0.0,0.0,0.0,6128200000.0,1326400000.0,4801800000.0,2855198682.0,-7400000.0,204300000.0,39900000.0,-687300000.0,0.0,-647400000.0,128600000.0,17600000.0,506900000.0,4500000.0,-301400000.0,-301400000.0,-301400000.0,0.0,0.0,-0.082,1200400000.0,29600000.0,288700000.0,0.0,1.496,-9.473,-9.321,1547500000.0,0.0,13.05,0.781,0.777,524600000.0,1003500000.0,3654600000.0,3654600000.0,0.0,-0.033,-0.123,0.026,0.059,46100000.0,832000000.0,1.0,218789171.0,217659000,217659000.0,16.79,4420900000.0,0.0,194600000.0,601200000.0,20.311,1208100000.0
51,STZ,MRT,2008-12-31,2008-11-30,2008-11-30,2021-10-06,137600000.0,9108500000.0,9684850000.0,3145400000.0,5963100000.0,0.393,10.732,-130300000.0,181300000.0,181300000.0,2453400000.0,-729400000.0,1.82,2.89,4782000000.0,657600000.0,4124400000.0,4782000000.0,0.0,167600000.0,0.0,0.0,0.0,-177700000.0,-10100000.0,-0.003,-10100000.0,-177700000.0,-522900000.0,-3.36,-3.35,-3.36,2341700000.0,2665875000.0,2341700000.0,7603756966.0,-43.0,-752.847,468100000.0,2.145,1.0,1350500000.0,0.355,3956200000.0,345200000.0,8024600000.0,8839150000.0,1978500000.0,0.0,0.0,0.0,6766800000.0,1728400000.0,5038400000.0,2790856966.0,156400000.0,-574400000.0,6100000.0,200400000.0,0.0,241800000.0,-678200000.0,16600000.0,598400000.0,-5600000.0,-729400000.0,-729400000.0,-729400000.0,0.0,0.0,-0.192,1774500000.0,-424000000.0,344600000.0,0.0,1.192,-3.826,-3.798,1582800000.0,0.0,12.76,0.734,0.732,813400000.0,1410300000.0,3803900000.0,3803900000.0,0.0,-0.075,-0.274,-0.02,-0.047,42000000.0,879800000.0,1.0,218719198.0,218195000,243750000.0,17.433,5152300000.0,0.0,206500000.0,668900000.0,23.613,1417000000.0
52,STZ,MRT,2008-09-30,2008-08-31,2008-08-31,2021-10-06,573900000.0,9421800000.0,9956125000.0,3038100000.0,6383700000.0,0.388,12.303,-115700000.0,24900000.0,24900000.0,2529100000.0,-693300000.0,2.265,2.521,4837800000.0,351300000.0,4486500000.0,4837800000.0,0.0,174100000.0,0.0,0.0,0.0,-179200000.0,-5100000.0,-0.001,-5100000.0,-179200000.0,-528400000.0,-3.19,-3.18,-3.19,2675800000.0,2958625000.0,2675800000.0,9864961641.0,-55.0,-1934.306,403200000.0,1.854,1.0,1338400000.0,0.346,4157600000.0,349200000.0,8736000000.0,8982325000.0,2005100000.0,0.0,0.0,0.0,6746000000.0,1341100000.0,5404900000.0,4597261641.0,-8300000.0,-578600000.0,6100000.0,121500000.0,0.0,165200000.0,-687600000.0,-4600000.0,518900000.0,-4800000.0,-693300000.0,-693300000.0,-693300000.0,0.0,0.0,-0.179,1761800000.0,-423400000.0,347700000.0,0.0,1.718,-6.631,-6.618,1752600000.0,0.0,21.11,1.189,1.187,775900000.0,1326800000.0,3867500000.0,3867500000.0,0.0,-0.07,-0.234,-0.02,-0.046,37400000.0,871400000.0,1.0,217776487.0,217487000,217487000.0,17.783,5264200000.0,0.0,164900000.0,618000000.0,24.205,1697000000.0
53,STZ,MRT,2008-06-30,2008-05-31,2008-05-31,2021-10-06,778500000.0,10156300000.0,10033450000.0,3325400000.0,6830900000.0,0.379,13.299,-129900000.0,25200000.0,25200000.0,2461300000.0,-598500000.0,1.862,2.526,5292900000.0,717800000.0,4575100000.0,5292900000.0,0.0,171400000.0,0.0,0.0,0.0,-73500000.0,97900000.0,0.026,97900000.0,-73500000.0,-428700000.0,-2.74,-2.74,-2.74,2880100000.0,3086875000.0,2880100000.0,9865570657.0,-134.0,100.772,443300000.0,2.047,1.0,1342300000.0,0.353,4299300000.0,355200000.0,9338400000.0,8904350000.0,2270700000.0,0.0,0.0,0.0,7276200000.0,1786300000.0,5489900000.0,4628570657.0,-8300000.0,-786200000.0,6200000.0,291400000.0,0.0,334300000.0,-912900000.0,-4600000.0,573200000.0,-2900000.0,-598500000.0,-598500000.0,-598500000.0,0.0,0.0,-0.157,1670000000.0,-327700000.0,370000000.0,0.0,1.607,-7.734,-7.781,2010300000.0,0.0,21.32,1.217,1.214,791100000.0,1349500000.0,3803600000.0,3803600000.0,0.0,-0.06,-0.194,-0.008,-0.019,33400000.0,836700000.0,1.0,217099937.0,216561000,242955000.0,17.564,5857000000.0,0.0,169800000.0,621400000.0,27.045,1539100000.0
54,STZ,MRT,2008-03-31,2008-02-29,2008-02-29,2021-10-06,736000000.0,10052800000.0,9950925000.0,3199000000.0,6853800000.0,0.379,12.633,-124400000.0,20500000.0,20500000.0,2491500000.0,-613300000.0,1.862,2.635,5257500000.0,608800000.0,4648700000.0,5257500000.0,0.0,165900000.0,0.0,0.0,0.0,-92300000.0,73600000.0,0.02,73600000.0,-92300000.0,-440600000.0,-2.83,-2.83,-2.83,2765900000.0,3148925000.0,2765900000.0,8821139218.0,-96.0,119.852,395400000.0,1.806,1.0,1281500000.0,0.34,4313900000.0,348300000.0,9257600000.0,8745825000.0,2179500000.0,0.0,0.0,0.0,7286900000.0,1718300000.0,5568600000.0,4142239218.0,-13000000.0,-983900000.0,-493800000.0,1046800000.0,0.0,584900000.0,-1112900000.0,-4600000.0,519800000.0,-4800000.0,-613300000.0,-613300000.0,-613300000.0,0.0,0.0,-0.163,1631700000.0,-350200000.0,349400000.0,0.0,1.498,-6.754,-6.788,2035000000.0,0.0,19.21,1.098,1.115,731600000.0,1306000000.0,3773000000.0,3773000000.0,0.0,-0.062,-0.195,-0.011,-0.024,32000000.0,800800000.0,1.0,215629319.0,218947000,218947000.0,17.232,5738900000.0,0.0,172700000.0,598200000.0,26.211,1480700000.0
55,STZ,MRT,2007-12-31,2007-11-30,2007-11-30,2021-10-06,665500000.0,10193600000.0,9797275000.0,3147500000.0,7046100000.0,0.411,16.309,-126200000.0,24900000.0,24900000.0,2715700000.0,291700000.0,1.974,1.902,4703800000.0,468600000.0,4235200000.0,4703800000.0,0.0,158600000.0,0.0,0.0,0.0,791900000.0,950500000.0,0.236,950500000.0,791900000.0,468700000.0,1.33,1.3,1.33,3512700000.0,3311825000.0,3512700000.0,9789044479.0,12.0,10.299,326100000.0,1.514,1.0,1315100000.0,0.326,4680600000.0,323200000.0,8597300000.0,8376375000.0,2041400000.0,0.0,0.0,0.0,6680900000.0,1594600000.0,5086300000.0,5073244479.0,-9800000.0,-205000000.0,-494400000.0,320600000.0,0.0,-128100000.0,-333400000.0,-1500000.0,452300000.0,-600000.0,291700000.0,291700000.0,291700000.0,0.0,0.0,0.072,792500000.0,522600000.0,350800000.0,0.0,1.444,17.392,17.707,1791900000.0,0.0,23.55,1.259,1.258,938500000.0,2140800000.0,4030800000.0,4030800000.0,0.0,0.03,0.088,0.095,0.196,28500000.0,774200000.0,1.0,215424394.0,215387000,243241000.0,18.714,5513000000.0,0.0,177000000.0,606100000.0,25.596,1552900000.0
56,STZ,MRT,2007-09-30,2007-08-31,2007-08-31,2021-10-06,477700000.0,9731100000.0,9710200000.0,2887400000.0,6843700000.0,0.457,14.823,-125000000.0,33200000.0,33200000.0,3068400000.0,279900000.0,1.989,2.052,4749000000.0,457200000.0,4291800000.0,4749000000.0,0.0,154100000.0,0.0,0.0,0.0,765600000.0,919700000.0,0.207,919700000.0,765600000.0,451700000.0,1.24,1.2,1.24,3188800000.0,3265625000.0,3188800000.0,10166085664.0,13.0,11.054,284500000.0,1.322,1.0,1368400000.0,0.308,4570800000.0,313900000.0,8424100000.0,8237775000.0,1922700000.0,0.0,0.0,0.0,6542300000.0,1452000000.0,5090300000.0,5212685664.0,-9000000.0,-204900000.0,-512300000.0,370300000.0,0.0,-85800000.0,-331500000.0,-600000.0,409500000.0,-1200000.0,279900000.0,279900000.0,279900000.0,0.0,0.0,0.063,808300000.0,560100000.0,281300000.0,0.0,1.635,18.623,19.5,1728600000.0,0.0,24.18,1.175,1.172,784500000.0,2021200000.0,4436800000.0,4436800000.0,0.0,0.029,0.086,0.093,0.173,25600000.0,779900000.0,1.0,215578398.0,215127000,243119000.0,20.624,5160300000.0,0.0,171800000.0,545800000.0,23.987,1435400000.0
57,STZ,MRT,2007-06-30,2007-05-31,2007-05-31,2021-10-06,508200000.0,9826200000.0,9639600000.0,2909300000.0,6916900000.0,0.515,13.633,-153700000.0,33500000.0,33500000.0,3488200000.0,276200000.0,1.93,2.141,4986900000.0,605100000.0,4381800000.0,4986900000.0,0.0,149300000.0,0.0,0.0,0.0,752400000.0,901700000.0,0.182,901700000.0,752400000.0,452700000.0,1.2,1.15,1.2,3128300000.0,3260175000.0,3128300000.0,9863884104.0,13.0,10.939,67800000.0,0.295,1.0,1473500000.0,0.297,4567800000.0,299700000.0,8704300000.0,8111350000.0,1955300000.0,0.0,0.0,0.0,6697900000.0,1507500000.0,5190400000.0,5711884104.0,-4000000.0,-1295600000.0,-594100000.0,1702200000.0,0.0,1188700000.0,-1393200000.0,55100000.0,221500000.0,-21000000.0,276200000.0,273800000.0,273800000.0,0.0,0.0,0.055,849300000.0,624200000.0,270600000.0,0.0,1.826,20.862,20.25,1744200000.0,2400000.0,24.3,1.151,1.124,763900000.0,1949100000.0,4961700000.0,4961700000.0,0.0,0.028,0.084,0.093,0.152,22300000.0,793800000.0,1.0,235056959.0,229460000,257263000.0,21.623,5258400000.0,0.0,176500000.0,555700000.0,22.916,1401800000.0
58,STZ,MRT,2007-03-31,2007-02-28,2007-02-28,2021-10-06,349100000.0,9438200000.0,9100925000.0,3023300000.0,6414900000.0,0.573,14.936,-182200000.0,33500000.0,33500000.0,3692500000.0,331900000.0,1.9,1.762,4185500000.0,470600000.0,3714900000.0,4185500000.0,0.0,139300000.0,0.0,0.0,0.0,804000000.0,943300000.0,0.181,943300000.0,804000000.0,535300000.0,1.44,1.38,1.44,3417500000.0,3258100000.0,3417500000.0,9789914422.0,12.0,10.378,131000000.0,0.573,1.0,1523900000.0,0.292,4219300000.0,268700000.0,7779800000.0,7426850000.0,1948100000.0,0.0,0.0,0.0,6020700000.0,1591100000.0,4429600000.0,5498714422.0,22600000.0,-1068900000.0,-94100000.0,941800000.0,0.0,925200000.0,-1197100000.0,55100000.0,313200000.0,-18700000.0,331900000.0,327000000.0,327000000.0,0.0,0.0,0.063,824900000.0,699000000.0,376100000.0,0.0,1.609,16.816,16.292,1750200000.0,4900000.0,23.46,1.054,1.029,881000000.0,1919300000.0,5216400000.0,5216400000.0,0.0,0.036,0.1,0.108,0.154,16500000.0,768800000.0,1.0,234386804.0,228806000,263612000.0,22.798,5218900000.0,0.0,203400000.0,547800000.0,22.809,1432200000.0
59,STZ,MRT,2006-12-31,2006-11-30,2006-11-30,2021-10-06,359400000.0,9845300000.0,8591525000.0,3636400000.0,6208900000.0,0.596,14.261,-167100000.0,34700000.0,34700000.0,3657100000.0,319900000.0,1.973,1.958,4325900000.0,376500000.0,3949400000.0,4325900000.0,0.0,134000000.0,0.0,0.0,0.0,751700000.0,885700000.0,0.173,885700000.0,751700000.0,510100000.0,1.4,1.33,1.4,3327900000.0,3147525000.0,3327900000.0,10805374029.0,14.0,12.2,99800000.0,0.428,1.0,1465000000.0,0.286,4250400000.0,241600000.0,8042900000.0,6937875000.0,2138900000.0,0.0,0.0,0.0,6517400000.0,1843200000.0,4674200000.0,6531174029.0,8300000.0,-1069000000.0,-93500000.0,965000000.0,0.0,940500000.0,-1181500000.0,55000000.0,266900000.0,-17600000.0,319900000.0,312600000.0,312600000.0,0.0,0.0,0.061,774200000.0,690800000.0,543400000.0,0.0,1.963,20.893,19.986,1706100000.0,7300000.0,27.98,1.275,1.275,1159600000.0,1849100000.0,5122100000.0,5122100000.0,0.0,0.036,0.099,0.108,0.147,19400000.0,708700000.0,1.0,233422946.0,233361000,263233000.0,21.949,5594900000.0,0.0,190200000.0,552500000.0,23.975,1793200000.0
60,STZ,MRT,2006-09-30,2006-08-31,2006-08-31,2021-10-06,314600000.0,9448700000.0,8055826250.0,3272600000.0,6176100000.0,0.607,14.128,-163700000.0,42200000.0,42200000.0,3484400000.0,321100000.0,2.087,1.983,4316400000.0,328700000.0,3987700000.0,4316400000.0,0.0,132200000.0,0.0,0.0,0.0,733400000.0,865600000.0,0.177,865600000.0,733400000.0,516800000.0,1.42,1.34,1.42,3167000000.0,3042230250.0,3167000000.0,8944976989.0,12.0,10.334,179600000.0,0.801,1.0,1404000000.0,0.287,4236700000.0,216600000.0,7918400000.0,6414966500.0,1926200000.0,0.0,0.0,0.0,6281700000.0,1567800000.0,4713900000.0,6122076989.0,23600000.0,-1111800000.0,-75500000.0,943700000.0,0.0,918700000.0,-1220900000.0,54600000.0,343300000.0,-17500000.0,321100000.0,311300000.0,311300000.0,0.0,0.0,0.064,727600000.0,676400000.0,420300000.0,0.0,1.933,19.666,19.218,1698100000.0,9800000.0,27.29,1.252,1.251,1022400000.0,1741300000.0,4888400000.0,4888400000.0,0.0,0.039,0.102,0.114,0.15,15200000.0,667800000.0,1.0,224334078.0,224161000,264163000.0,21.808,5212000000.0,0.0,195700000.0,534400000.0,23.251,1704800000.0
61,STZ,MRT,2006-06-30,2006-05-31,2006-05-31,2021-10-06,293700000.0,7671500000.0,7559494500.0,2921500000.0,4750000000.0,0.617,13.964,-118200000.0,37500000.0,37500000.0,3325700000.0,335100000.0,2.033,1.459,2860400000.0,378600000.0,2481800000.0,2860400000.0,0.0,127500000.0,0.0,0.0,0.0,723200000.0,850700000.0,0.182,850700000.0,723200000.0,532200000.0,1.49,1.4,1.49,3120000000.0,2958985000.0,3120000000.0,8318613180.0,12.0,9.779,263400000.0,1.179,1.0,1337200000.0,0.287,3091000000.0,191000000.0,5966300000.0,5951840000.0,1751100000.0,0.0,0.0,0.0,4551500000.0,1437100000.0,3114400000.0,5519764180.0,18300000.0,-20400000.0,6300000.0,-249700000.0,0.0,-219000000.0,-145300000.0,300000.0,381600000.0,1000000.0,335100000.0,325300000.0,325300000.0,0.0,0.0,0.07,667900000.0,669300000.0,365000000.0,0.0,1.769,16.968,16.577,1442700000.0,9800000.0,24.7,1.184,1.184,854200000.0,1675300000.0,4662900000.0,4662900000.0,0.0,0.043,0.11,0.122,0.155,11100000.0,627100000.0,1.0,223472234.0,223424000,263953000.0,20.87,4580500000.0,0.0,197100000.0,441800000.0,20.501,1484400000.0
62,STZ,MRT,2006-03-31,2006-02-28,2006-02-28,2021-10-06,247400000.0,7400600000.0,7516980500.0,2700900000.0,4699700000.0,0.612,13.474,-12800000.0,10900000.0,10900000.0,3278900000.0,325300000.0,2.081,1.487,2809800000.0,294000000.0,2515800000.0,2809800000.0,0.0,128100000.0,0.0,0.0,0.0,666900000.0,795000000.0,0.173,795000000.0,666900000.0,477300000.0,1.44,1.36,1.44,2975200000.0,2864537500.0,2975200000.0,8753594127.0,13.0,11.011,423200000.0,1.917,1.0,1324600000.0,0.288,3077500000.0,189600000.0,5823900000.0,6060262750.0,1704400000.0,0.0,0.0,0.0,4425400000.0,1298100000.0,3127300000.0,5834763127.0,-6700000.0,-31100000.0,6300000.0,-454200000.0,0.0,-426200000.0,-15600000.0,33200000.0,436000000.0,-900000.0,325300000.0,315500000.0,315500000.0,0.0,0.0,0.069,658500000.0,666100000.0,312800000.0,0.0,1.961,18.494,18.292,1425300000.0,9800000.0,26.34,1.267,1.263,771900000.0,1592300000.0,4603500000.0,4603500000.0,0.0,0.042,0.11,0.11,0.145,7500000.0,612400000.0,1.0,221517203.0,220811000,262611000.0,20.848,4323100000.0,0.0,152000000.0,447900000.0,19.578,1402800000.0
63,STZ,MRT,2005-12-31,2005-11-30,2005-11-30,2021-10-06,264987000.0,7702505000.0,7617873500.0,2996714000.0,4705791000.0,0.603,13.146,-1369000.0,26374000.0,26374000.0,3268252000.0,314764000.0,1.872,1.65,2945205000.0,353466000.0,2591739000.0,2945205000.0,0.0,122388000.0,0.0,0.0,0.0,661912000.0,784300000.0,0.171,784300000.0,661912000.0,473244000.0,1.41,1.32,1.41,2906721000.0,2815715750.0,2906721000.0,8191810603.0,12.0,10.445,520209000.0,2.353,1.0,1324991000.0,0.288,3069233000.0,188668000.0,5951266000.0,6306639500.0,1805962000.0,0.0,0.0,0.0,4795784000.0,1600837000.0,3194947000.0,5221143603.0,13682000.0,-1074684000.0,5359000.0,562454000.0,0.0,601909000.0,-1109453000.0,-28500000.0,521578000.0,-352000.0,314764000.0,304917000.0,304917000.0,0.0,0.0,0.066,669958000.0,655033000.0,485722000.0,0.0,1.796,17.123,16.752,1414135000.0,9847000.0,23.62,1.137,1.137,969528000.0,1536580000.0,4593243000.0,4593243000.0,0.0,0.04,0.108,0.105,0.144,231000.0,633084000.0,1.0,221047570.0,221108000,238583000.0,20.774,4633272000.0,0.0,158480000.0,453384000.0,20.955,1395877000.0
64,STZ,MRT,2005-09-30,2005-08-31,2005-08-31,2021-10-06,303676000.0,7463373000.0,7212218250.0,2734506000.0,4728867000.0,0.612,12.857,-7114000.0,18667000.0,18667000.0,3157399000.0,302657000.0,2.092,1.633,2989334000.0,284867000.0,2704467000.0,2989334000.0,0.0,112733000.0,0.0,0.0,0.0,616058000.0,728791000.0,0.165,728791000.0,616058000.0,444839000.0,1.36,1.28,1.36,2834019000.0,2756346250.0,2834019000.0,9140046133.0,15.0,12.541,433536000.0,1.967,1.0,1254455000.0,0.284,3061208000.0,171219000.0,6065894000.0,5933140500.0,1615571000.0,0.0,0.0,0.0,4629354000.0,1306938000.0,3322416000.0,6059943133.0,8868000.0,-1037561000.0,5268000.0,602605000.0,0.0,646224000.0,-1077775000.0,-28100000.0,440650000.0,-231000.0,302657000.0,292859000.0,292859000.0,0.0,0.0,0.066,639135000.0,615320000.0,362084000.0,0.0,2.138,20.692,20.235,1439735000.0,9798000.0,27.52,1.374,1.375,890639000.0,1430070000.0,4411854000.0,4411854000.0,0.0,0.041,0.106,0.104,0.14,147000.0,606517000.0,1.0,220201422.0,220425000,239071000.0,20.015,4402165000.0,0.0,142182000.0,426940000.0,19.971,1427568000.0
65,STZ,MRT,2005-06-30,2005-05-31,2005-05-31,2021-10-06,307681000.0,7501444000.0,6760287500.0,2719138000.0,4782306000.0,0.63,12.492,-23332000.0,19184000.0,19184000.0,3060657000.0,300871000.0,2.398,1.736,3099287000.0,130495000.0,2968792000.0,3099287000.0,0.0,108745000.0,0.0,0.0,0.0,598517000.0,707262000.0,0.166,707262000.0,598517000.0,443798000.0,1.36,1.29,1.36,2742210000.0,2643133750.0,2742210000.0,9386158956.0,16.0,13.271,403826000.0,1.84,1.0,1196138000.0,0.281,3047726000.0,154719000.0,6399991000.0,5472711750.0,1666159000.0,0.0,0.0,0.0,4759234000.0,1133830000.0,3625404000.0,6114517956.0,7793000.0,-1037562000.0,4699000.0,619213000.0,0.0,665149000.0,-1089794000.0,-28900000.0,427158000.0,5280000.0,300871000.0,291022000.0,291022000.0,0.0,0.0,0.068,598859000.0,597279000.0,387177000.0,0.0,2.23,21.011,20.449,1449512000.0,9849000.0,27.81,1.436,1.434,822223000.0,1350101000.0,4256795000.0,4256795000.0,0.0,0.043,0.11,0.109,0.141,75000.0,575172000.0,1.0,219867600.0,219519000,238178000.0,19.391,4453718000.0,0.0,142927000.0,441052000.0,20.289,1585308000.0
66,STZ,MRT,2005-03-31,2005-02-28,2005-02-28,2021-10-06,431843000.0,7804172000.0,6272195000.0,2734035000.0,5070137000.0,0.652,12.898,-106000000.0,17635000.0,17635000.0,2947000000.0,276500000.0,2.402,1.807,3289276000.0,84569000.0,3204707000.0,3289276000.0,0.0,103700000.0,0.0,0.0,0.0,569700000.0,673400000.0,0.165,673400000.0,569700000.0,432000000.0,1.25,1.19,1.25,2779913000.0,2535252000.0,2779913000.0,7816106711.0,14.0,11.607,214700000.0,0.996,1.0,1140600000.0,0.279,3128319000.0,137700000.0,6809407000.0,4930996250.0,1607735000.0,0.0,0.0,0.0,5024259000.0,1138087000.0,3886172000.0,5800279711.0,-19500000.0,-1055100000.0,4700000.0,841100000.0,0.0,884200000.0,-1222900000.0,-61800000.0,320700000.0,-1500000.0,276500000.0,266700000.0,266700000.0,0.0,0.0,0.065,572700000.0,567900000.0,345254000.0,0.0,2.086,21.748,21.412,1596367000.0,9800000.0,26.765,1.419,1.411,849642000.0,1276853000.0,4087600000.0,4087600000.0,0.0,0.043,0.105,0.116,0.139,100000.0,555700000.0,1.0,216711366.0,215532000,257103000.0,18.965,4675853000.0,0.0,155500000.0,464242000.0,21.694,1595948000.0
67,STZ,MRT,2004-12-31,2004-11-30,2004-11-30,2021-10-06,414474000.0,6079884000.0,5710820250.0,2548127000.0,3531757000.0,0.688,12.357,-109277000.0,12754000.0,12754000.0,2833908000.0,291657000.0,1.919,1.278,2028581000.0,311896000.0,1716685000.0,2028581000.0,0.0,98187000.0,0.0,0.0,0.0,579504000.0,677691000.0,0.172,677691000.0,579504000.0,455719000.0,1.33,1.265,1.33,2669243000.0,2434678500.0,2669243000.0,6807805797.0,12.0,10.046,132930000.0,0.615,1.0,1097364000.0,0.279,2310868000.0,123785000.0,4457270000.0,4292147000.0,1443430000.0,0.0,0.0,0.0,3410641000.0,1327573000.0,2083068000.0,4824046797.0,-25621000.0,-11529000.0,4117000.0,-243356000.0,0.0,-212369000.0,-120747000.0,59000.0,242207000.0,65288000.0,291657000.0,281852000.0,281852000.0,0.0,0.0,0.072,518058000.0,579306000.0,383416000.0,0.0,1.807,17.116,16.805,1124070000.0,9805000.0,22.35,1.227,1.228,906317000.0,1231676000.0,3931272000.0,3931272000.0,0.0,0.049,0.116,0.135,0.147,94000.0,509965000.0,1.0,215841020.0,216019000,233452000.0,18.199,3769016000.0,0.0,164062000.0,280008000.0,17.448,1220554000.0
68,STZ,MRT,2004-09-30,2004-08-31,2004-08-31,2021-10-06,228354000.0,5655650000.0,5596919250.0,2294596000.0,3361054000.0,0.685,11.075,-105237000.0,9768000.0,9768000.0,2766493000.0,277604000.0,1.907,1.375,1993527000.0,272939000.0,1720588000.0,1993527000.0,0.0,98078000.0,0.0,0.0,0.0,558779000.0,656857000.0,0.171,656857000.0,558779000.0,433756000.0,1.275,1.21,1.275,2381169000.0,2318602000.0,2381169000.0,6021434764.0,11.0,9.167,200805000.0,0.934,1.0,1066316000.0,0.278,2211962000.0,125023000.0,4224179000.0,4285236250.0,1318748000.0,0.0,0.0,0.0,3274481000.0,1203268000.0,2071213000.0,3944239764.0,-37697000.0,1114000.0,3823000.0,-337486000.0,0.0,-303719000.0,-104051000.0,72000.0,306042000.0,64031000.0,277604000.0,267800000.0,267800000.0,0.0,0.0,0.07,507502000.0,558814000.0,403073000.0,0.0,1.656,14.728,14.42,1061278000.0,9804000.0,18.385,1.029,1.031,789081000.0,1137234000.0,3832809000.0,3832809000.0,0.0,0.048,0.116,0.13,0.146,103000.0,492965000.0,1.0,214535750.0,215000000,232293000.0,17.827,3443688000.0,0.0,156152000.0,267433000.0,16.017,1091328000.0
69,STZ,MRT,2004-06-30,2004-05-31,2004-05-31,2021-10-06,250385000.0,5549074000.0,5482679250.0,2180235000.0,3368839000.0,0.676,10.82,-100118000.0,11443000.0,11443000.0,2689767000.0,232554000.0,1.868,1.401,2088638000.0,352479000.0,1736159000.0,2088638000.0,0.0,102415000.0,0.0,0.0,0.0,499087000.0,601502000.0,0.162,601502000.0,499087000.0,363366000.0,1.085,1.03,1.085,2310683000.0,2196991750.0,2310683000.0,5856725584.0,12.0,9.737,200094000.0,0.937,1.0,1017165000.0,0.274,2225799000.0,135721000.0,4233129000.0,4334594250.0,1315356000.0,0.0,0.0,0.0,3238391000.0,1167341000.0,2071050000.0,3845971584.0,-34565000.0,-357000.0,429568000.0,-758935000.0,0.0,-300853000.0,-99626000.0,849000.0,300212000.0,65702000.0,232554000.0,224357000.0,224357000.0,0.0,0.0,0.061,518354000.0,498811000.0,361506000.0,0.0,1.664,17.142,16.59,1060706000.0,8197000.0,18.0,1.038,1.037,711847000.0,1059071000.0,3706932000.0,3706932000.0,0.0,0.041,0.102,0.115,0.135,100000.0,487903000.0,1.0,213665088.0,213557000,230123000.0,17.358,3323275000.0,0.0,130812000.0,233635000.0,15.562,1012894000.0
70,STZ,MRT,2004-03-31,2004-02-29,2004-02-29,2021-10-06,372302000.0,5558673000.0,5435149750.0,2071471000.0,3487202000.0,0.654,11.805,-91645000.0,37136000.0,37136000.0,2576641000.0,220414000.0,2.012,1.338,2047890000.0,269037000.0,1778853000.0,2047890000.0,0.0,101954000.0,0.0,0.0,0.0,489080000.0,591034000.0,0.166,591034000.0,489080000.0,344397000.0,1.08,1.03,1.08,2377619000.0,1979236500.0,2377619000.0,5522509028.0,11.0,9.344,248662000.0,1.235,1.0,975788000.0,0.275,2285615000.0,144683000.0,4254010000.0,4438645500.0,1261378000.0,0.0,0.0,0.0,3181054000.0,1029802000.0,2151252000.0,3356191028.0,23326000.0,-1067691000.0,429567000.0,282865000.0,0.0,745154000.0,-1158487000.0,849000.0,340307000.0,96352000.0,220414000.0,214668000.0,214668000.0,0.0,0.0,0.06,488431000.0,487357000.0,270291000.0,0.0,1.412,15.634,14.676,1097362000.0,5746000.0,15.85,0.945,0.899,635910000.0,1010193000.0,3552429000.0,3552429000.0,0.0,0.039,0.108,0.11,0.138,233000.0,457277000.0,1.0,211747068.0,201404000,213897000.0,17.638,3273058000.0,0.0,123983000.0,235875000.0,16.251,1041669000.0
71,STZ,MRT,2003-12-31,2003-11-30,2003-11-30,2021-10-06,286626000.0,5624280000.0,4844564000.0,2216396000.0,3407884000.0,0.686,10.467,-78930000.0,38375000.0,38375000.0,2414682000.0,209614000.0,1.991,1.551,2204693000.0,233874000.0,1970819000.0,2204693000.0,0.0,91885000.0,0.0,0.0,0.0,469059000.0,560944000.0,0.169,560944000.0,469059000.0,331936000.0,1.08,1.025,1.08,2204937000.0,1678577750.0,2204937000.0,5845148742.0,12.0,10.42,189381000.0,0.899,1.0,909466000.0,0.274,2247647000.0,137123000.0,4429627000.0,4064687750.0,1291979000.0,0.0,0.0,0.0,3419343000.0,1113324000.0,2306019000.0,3628596742.0,8439000.0,-1067678000.0,429457000.0,399550000.0,0.0,855930000.0,-1145818000.0,790000.0,268311000.0,30016000.0,209614000.0,206320000.0,206320000.0,0.0,0.0,0.062,467825000.0,441641000.0,340070000.0,0.0,1.646,17.587,15.977,1047982000.0,3294000.0,17.255,1.092,1.093,768096000.0,949824000.0,3324148000.0,3324148000.0,0.0,0.043,0.123,0.115,0.141,233000.0,435574000.0,1.0,210292480.0,210646000,228392000.0,15.781,3376633000.0,0.0,122322000.0,233339000.0,16.03,1103072000.0
72,STZ,MRT,2003-09-30,2003-08-31,2003-08-31,2021-10-06,65731000.0,5198690000.0,4273594750.0,1970168000.0,3228522000.0,0.72,9.611,-73070000.0,47465000.0,47465000.0,2234935000.0,191118000.0,2.307,1.744,2264017000.0,117089000.0,2146928000.0,2264017000.0,0.0,82031000.0,0.0,0.0,0.0,439944000.0,521975000.0,0.17,521975000.0,439944000.0,308508000.0,1.05,1.005,1.05,1894728000.0,1414322500.0,1894728000.0,5461835214.0,12.0,10.464,137832000.0,0.699,1.0,840344000.0,0.273,2139549000.0,131436000.0,4421611000.0,3669620000.0,1198350000.0,0.0,0.0,0.0,3303962000.0,854082000.0,2449880000.0,2729458214.0,22450000.0,-1071014000.0,429752000.0,471726000.0,0.0,923403000.0,-1143307000.0,777000.0,210902000.0,31452000.0,191118000.0,190274000.0,190274000.0,0.0,0.0,0.062,431874000.0,408470000.0,255840000.0,0.0,1.441,14.345,13.69,991990000.0,844000.0,14.375,0.888,0.922,615470000.0,869434000.0,3075279000.0,3075279000.0,0.0,0.045,0.135,0.12,0.143,233000.0,407711000.0,1.0,189875354.0,197144000,208262000.0,15.599,3059141000.0,0.0,117390000.0,202896000.0,15.517,1116086000.0
73,STZ,MRT,2003-06-30,2003-05-31,2003-05-31,2021-10-06,79178000.0,5358956000.0,3769595250.0,2050237000.0,3308719000.0,0.757,7.75,-71773000.0,46008000.0,46008000.0,2060947000.0,205126000.0,1.68,2.722,2778385000.0,484837000.0,2293548000.0,2778385000.0,0.0,68034000.0,0.0,0.0,0.0,452095000.0,520129000.0,0.182,520129000.0,452095000.0,334606000.0,1.145,1.1,1.145,1439662000.0,1210209000.0,1439662000.0,3853081167.0,9.0,7.408,115566000.0,0.622,1.0,793074000.0,0.278,2221808000.0,117489000.0,4649334000.0,3268381750.0,1329108000.0,0.0,0.0,0.0,3919294000.0,1220191000.0,2699103000.0,2601373167.0,39444000.0,-1069542000.0,2885000.0,938933000.0,0.0,969279000.0,-1141315000.0,0.0,187339000.0,24141000.0,205126000.0,205126000.0,205126000.0,0.0,0.0,0.072,375114000.0,417960000.0,279877000.0,0.0,1.807,12.682,12.039,981116000.0,0.0,13.785,0.911,0.897,566348000.0,834714000.0,2854021000.0,2854021000.0,0.0,0.054,0.169,0.138,0.158,233000.0,368034000.0,1.0,188710422.0,185760000,191322000.0,15.364,3137148000.0,0.0,129480000.0,297279000.0,16.888,830046000.0
74,STZ,MRT,2003-03-31,2003-02-28,2003-02-28,2021-10-06,-59257000.0,3196330000.0,3203964750.0,1330101000.0,1866229000.0,0.853,6.538,-70287000.0,13810000.0,13810000.0,1970897000.0,203306000.0,2.273,1.72,1265518000.0,73887000.0,1191631000.0,1265518000.0,0.0,60089000.0,0.0,0.0,0.0,440323000.0,500412000.0,0.183,500412000.0,440323000.0,334936000.0,1.15,1.1,1.15,1174984000.0,1102566250.0,1174984000.0,3552974547.0,8.0,7.1,165766000.0,0.922,1.0,760715000.0,0.278,1104651000.0,105387000.0,2758179000.0,2805922750.0,819912000.0,0.0,0.0,0.0,2021346000.0,585208000.0,1436138000.0,2228800547.0,4849000.0,-1674000.0,2885000.0,-193075000.0,0.0,-161484000.0,-71961000.0,0.0,236053000.0,2241000.0,203306000.0,203306000.0,203306000.0,0.0,0.0,0.074,355757000.0,404958000.0,171073000.0,0.0,1.897,10.963,10.709,602469000.0,0.0,12.315,0.816,0.81,399095000.0,795525000.0,2731612000.0,2731612000.0,0.0,0.063,0.184,0.157,0.161,100000.0,350993000.0,1.0,180982586.0,179712000,185493000.0,15.2,2091679000.0,0.0,131630000.0,181660000.0,11.639,744893000.0
75,STZ,MRT,2002-12-31,2002-11-30,2002-11-30,2021-10-06,-20965000.0,3340403000.0,3172228500.0,1465912000.0,1874491000.0,0.85,6.355,-74530000.0,29936000.0,29936000.0,1949570000.0,178286000.0,2.06,1.91,1354110000.0,88536000.0,1265574000.0,1354110000.0,0.0,66996000.0,0.0,0.0,0.0,402511000.0,469507000.0,0.174,469507000.0,402511000.0,294236000.0,0.995,0.955,0.995,1147916000.0,1047754250.0,1147916000.0,3465826176.0,9.0,7.382,162359000.0,0.899,1.0,746353000.0,0.277,1103772000.0,108275000.0,2849356000.0,2816555750.0,880149000.0,0.0,0.0,0.0,2192487000.0,711449000.0,1481038000.0,2123298176.0,20482000.0,-2169000.0,2456000.0,-178252000.0,0.0,-140479000.0,-76699000.0,0.0,236889000.0,771000.0,178286000.0,178286000.0,178286000.0,0.0,0.0,0.066,354574000.0,391779000.0,217715000.0,0.0,1.85,11.91,11.819,599153000.0,0.0,11.76,0.788,0.788,479662000.0,743504000.0,2695923000.0,2695923000.0,0.0,0.056,0.17,0.143,0.149,100000.0,354574000.0,1.0,180552566.0,180646000,186166000.0,14.924,2236631000.0,0.0,115950000.0,203908000.0,12.381,754463000.0
76,STZ,MRT,2002-09-30,2002-08-31,2002-08-31,2021-10-06,-22486000.0,3182692000.0,3119000500.0,1313987000.0,1868705000.0,0.853,6.011,-75440000.0,25015000.0,25015000.0,1933425000.0,163585000.0,2.169,1.952,1367543000.0,81968000.0,1285575000.0,1367543000.0,0.0,73144000.0,0.0,0.0,0.0,380293000.0,453437000.0,0.171,453437000.0,380293000.0,270971000.0,0.925,0.885,0.925,1078274000.0,987095500.0,1078274000.0,3927313848.0,10.0,8.661,145443000.0,0.811,1.0,725973000.0,0.273,1102783000.0,109322000.0,2816658000.0,3058995750.0,768292000.0,0.0,0.0,0.0,2104418000.0,605779000.0,1498639000.0,2538306848.0,18247000.0,-73447000.0,14410000.0,-108452000.0,0.0,-53399000.0,-148887000.0,0.0,220883000.0,-350000.0,163585000.0,163585000.0,163585000.0,0.0,0.0,0.062,353395000.0,372578000.0,160291000.0,0.0,2.354,15.517,15.357,594331000.0,0.0,14.205,0.954,0.958,435550000.0,679160000.0,2659398000.0,2659398000.0,0.0,0.052,0.166,0.124,0.143,100000.0,353395000.0,1.0,178691084.0,179382000,186058000.0,14.825,2079909000.0,0.0,107386000.0,195310000.0,11.595,708208000.0
77,STZ,MRT,2002-06-30,2002-05-31,2002-05-31,2021-10-06,-27940000.0,3096434000.0,3050005250.0,1260044000.0,1836390000.0,0.872,5.679,-36572000.0,6564000.0,6564000.0,1942723000.0,149947000.0,2.104,2.069,1395571000.0,116388000.0,1279183000.0,1395571000.0,0.0,79328000.0,0.0,0.0,0.0,360339000.0,439667000.0,0.165,439667000.0,360339000.0,249194000.0,0.86,0.825,0.86,1009091000.0,927541250.0,1009091000.0,4043754158.0,11.0,9.197,184481000.0,1.038,1.0,715996000.0,0.269,1087046000.0,111145000.0,2799498000.0,3287864500.0,767722000.0,0.0,0.0,0.0,2087343000.0,598897000.0,1488446000.0,2623148158.0,2825000.0,-222135000.0,13587000.0,-21272000.0,0.0,41361000.0,-258707000.0,0.0,221053000.0,-882000.0,149947000.0,149947000.0,149947000.0,0.0,0.0,0.056,360063000.0,355933000.0,155469000.0,0.0,2.6,17.494,17.134,580211000.0,0.0,14.735,0.987,0.985,420853000.0,629588000.0,2658719000.0,2658719000.0,0.0,0.049,0.162,0.11,0.136,101000.0,360063000.0,1.0,178021592.0,177690000,184706000.0,14.963,2009388000.0,0.0,99247000.0,192933000.0,11.308,661147000.0
78,STZ,MRT,2002-03-31,2002-02-28,2002-02-28,2021-10-06,-35222000.0,3069385000.0,2960820000.0,1231248000.0,1838137000.0,0.88,5.589,-35333000.0,8961000.0,8961000.0,1911598000.0,136421000.0,2.069,2.212,1429567000.0,136384000.0,1293183000.0,1429567000.0,0.0,85404000.0,0.0,0.0,0.0,341558000.0,426962000.0,0.164,426962000.0,341558000.0,227369000.0,0.8,0.775,0.8,955736000.0,870505250.0,955736000.0,3867548360.0,11.0,9.058,177966000.0,1.041,1.0,695160000.0,0.267,1094070000.0,114189000.0,2800711000.0,3493826500.0,777586000.0,0.0,0.0,0.0,2113649000.0,595210000.0,1518439000.0,2378382360.0,-136711000.0,-550114000.0,153465000.0,38423000.0,0.0,236915000.0,-585447000.0,0.0,213299000.0,-1478000.0,136421000.0,136421000.0,136421000.0,0.0,0.0,0.052,355269000.0,339891000.0,153433000.0,0.0,2.489,17.434,16.984,578764000.0,0.0,13.588,0.912,0.891,383922000.0,592219000.0,2606758000.0,2606758000.0,0.0,0.046,0.157,0.098,0.131,101000.0,355269000.0,1.0,175041940.0,171010000,175650000.0,15.243,1975315000.0,0.0,90948000.0,223384000.0,11.551,636038000.0
79,STZ,MRT,2001-12-31,2001-11-30,2001-11-30,2021-10-06,-34082000.0,3127491000.0,2821516000.0,1387353000.0,1740138000.0,0.836,5.211,-31440000.0,9454000.0,9454000.0,1844122000.0,127797000.0,1.74,2.455,1498620000.0,239532000.0,1259088000.0,1498620000.0,0.0,79263000.0,0.0,0.0,0.0,326237000.0,405500000.0,0.172,405500000.0,326237000.0,212995000.0,0.765,0.74,0.765,905281000.0,785638250.0,905281000.0,3085748161.0,9.0,7.61,179918000.0,1.036,1.0,515448000.0,0.218,0.0,113242000.0,3819116000.0,3619932250.0,831889000.0,0.0,0.0,0.0,2222210000.0,797541000.0,1424669000.0,1643551161.0,7583000.0,-554078000.0,153114000.0,189703000.0,0.0,386342000.0,-585518000.0,0.0,211358000.0,-4599000.0,127797000.0,127797000.0,127797000.0,0.0,0.0,0.054,190239000.0,325209000.0,217550000.0,0.0,1.816,12.861,12.386,561667000.0,0.0,9.475,0.697,0.698,473835000.0,565218000.0,2359570000.0,2359570000.0,0.0,0.045,0.163,0.09,0.138,101000.0,190239000.0,1.0,173461864.0,173716000,178954000.0,13.583,3127491000.0,0.0,85198000.0,181930000.0,18.003,589812000.0
80,STZ,MRT,2001-09-30,2001-08-31,2001-08-31,2021-10-06,-28853000.0,2906711000.0,2656090750.0,1253801000.0,1652910000.0,0.861,4.951,-35275000.0,6768000.0,6768000.0,1756906000.0,113107000.0,2.033,2.46,1448965000.0,164845000.0,1284120000.0,1448965000.0,0.0,77579000.0,0.0,0.0,0.0,301487000.0,379066000.0,0.166,379066000.0,301487000.0,188511000.0,0.718,0.698,0.718,840057000.0,705035750.0,840057000.0,3171339702.0,11.0,8.366,96509000.0,0.569,1.0,530387000.0,0.232,0.0,112976000.0,3732133000.0,3448718750.0,769117000.0,0.0,0.0,0.0,2066654000.0,616775000.0,1449879000.0,1783063702.0,2618000.0,-481930000.0,141150000.0,211847000.0,0.0,390017000.0,-517205000.0,0.0,131784000.0,-1978000.0,113107000.0,113107000.0,113107000.0,0.0,0.0,0.049,228763000.0,301624000.0,149481000.0,0.0,2.123,15.764,14.746,560452000.0,0.0,10.588,0.78,0.785,406929000.0,515575000.0,2287293000.0,2287293000.0,0.0,0.043,0.16,0.087,0.132,331000.0,228763000.0,1.0,168412156.0,169658000,175728000.0,13.482,2906711000.0,0.0,75404000.0,178017000.0,17.133,637026000.0
81,STZ,MRT,2001-06-30,2001-05-31,2001-05-31,2021-10-06,-30375000.0,2739693000.0,2514427750.0,1199332000.0,1540361000.0,0.889,4.733,-66730000.0,3739000.0,3739000.0,1687915000.0,103283000.0,2.377,2.508,1392015000.0,97899000.0,1294116000.0,1392015000.0,0.0,73962000.0,0.0,0.0,0.0,283327000.0,357289000.0,0.16,357289000.0,283327000.0,172138000.0,0.685,0.667,0.685,780947000.0,632530250.0,780947000.0,2842243238.0,10.0,7.955,51671000.0,0.313,1.0,547741000.0,0.245,0.0,111189000.0,3623346000.0,3277856000.0,756611000.0,0.0,0.0,0.0,1958746000.0,504623000.0,1454123000.0,1622118238.0,-10285000.0,-333242000.0,141425000.0,118287000.0,0.0,276342000.0,-399972000.0,0.0,118401000.0,-5056000.0,103283000.0,103283000.0,103283000.0,0.0,0.0,0.046,264414000.0,283327000.0,154394000.0,0.0,2.077,15.706,14.106,583070000.0,0.0,9.662,0.726,0.713,374398000.0,479641000.0,2235656000.0,2235656000.0,0.0,0.041,0.163,0.086,0.127,305000.0,264414000.0,1.0,167877696.0,165016000,170102000.0,13.548,2739693000.0,0.0,68855000.0,175296000.0,16.603,694709000.0
82,STZ,MRT,2001-03-31,2001-02-28,2001-02-28,2021-10-06,-26004000.0,2512169000.0,2411279500.0,1190989000.0,1321180000.0,0.923,4.195,-66208000.0,145672000.0,145672000.0,1647081000.0,97342000.0,2.788,3.076,1365797000.0,58360000.0,1307437000.0,1365797000.0,0.0,70383000.0,0.0,0.0,0.0,270868000.0,341251000.0,0.153,341251000.0,270868000.0,162237000.0,0.665,0.65,0.665,616268000.0,569679500.0,616268000.0,2458706970.0,9.0,7.205,37567000.0,0.256,1.0,578939000.0,0.26,0.0,108631000.0,3305134000.0,3157304750.0,670018000.0,0.0,0.0,0.0,1895901000.0,427160000.0,1468741000.0,1178104970.0,111364000.0,-4459000.0,1547000.0,68083000.0,0.0,83436000.0,-70667000.0,0.0,103775000.0,-5180000.0,97342000.0,97342000.0,97342000.0,0.0,0.0,0.044,308071000.0,270868000.0,114793000.0,0.0,1.912,12.103,12.002,548614000.0,0.0,7.981,0.529,0.527,314262000.0,455798000.0,2226020000.0,2226020000.0,0.0,0.04,0.171,0.086,0.122,280000.0,308071000.0,1.0,147609080.0,146892000,149502000.0,15.154,2512169000.0,0.0,64895000.0,187928000.0,17.102,763829000.0
83,STZ,MRT,2000-12-31,2000-11-30,2000-11-30,2021-10-06,-27632000.0,2465790000.0,2370435000.0,1158804000.0,1306986000.0,1.008,3.961,-43816000.0,1871000.0,1871000.0,1628310000.0,94493000.0,1.893,3.23,1282473000.0,158544000.0,1123929000.0,1282473000.0,0.0,68992000.0,0.0,0.0,0.0,267150000.0,336142000.0,0.141,336142000.0,267150000.0,157490000.0,0.644,0.635,0.644,582871000.0,545822500.0,582871000.0,2104812669.0,8.0,6.262,64068000.0,0.435,1.0,760088000.0,0.318,0.0,109660000.0,3134262000.0,3129568250.0,699885000.0,0.0,0.0,0.0,1882919000.0,612130000.0,1270789000.0,899903669.0,-22796000.0,-384000.0,1588000.0,-94467000.0,0.0,-86377000.0,-44200000.0,0.0,107884000.0,-103000.0,94493000.0,94493000.0,94493000.0,0.0,0.0,0.04,492938000.0,267150000.0,163195000.0,0.0,1.544,9.523,9.511,536300000.0,0.0,6.125,0.377,0.377,386908000.0,437421000.0,2388398000.0,2388398000.0,0.0,0.04,0.173,0.085,0.112,335000.0,492938000.0,1.0,146923048.0,147152000,149876000.0,16.231,2465790000.0,0.0,62997000.0,161376000.0,16.757,546674000.0
84,STZ,MRT,2000-09-30,2000-08-31,2000-08-31,2021-10-06,-23262000.0,2340059000.0,2387236250.0,1031516000.0,1308543000.0,1.01,3.757,-37419000.0,4150000.0,4150000.0,1650068000.0,89440000.0,2.078,3.254,1209059000.0,64075000.0,1144984000.0,1209059000.0,0.0,66645000.0,0.0,0.0,0.0,259290000.0,325935000.0,0.135,325935000.0,259290000.0,149069000.0,0.613,0.603,0.613,550035000.0,524428500.0,550035000.0,2243844558.0,9.0,6.884,129511000.0,0.885,1.0,761722000.0,0.316,0.0,110221000.0,3048682000.0,3165118500.0,604346000.0,0.0,0.0,0.0,1790024000.0,496286000.0,1293738000.0,985655558.0,-190000.0,-419000.0,1588000.0,-131797000.0,0.0,-124867000.0,-37838000.0,0.0,166930000.0,-4415000.0,89440000.0,89440000.0,89440000.0,0.0,0.0,0.037,502432000.0,259290000.0,137717000.0,0.0,1.792,11.02,10.987,530069000.0,0.0,6.735,0.409,0.409,358297000.0,402468000.0,2411790000.0,2411790000.0,0.0,0.037,0.171,0.082,0.108,87000.0,502432000.0,1.0,146348264.0,146400000,149312000.0,16.474,2340059000.0,0.0,59629000.0,160448000.0,15.984,535230000.0
85,STZ,MRT,2000-06-30,2000-05-31,2000-05-31,2021-10-06,-15415000.0,2327100000.0,2397293500.0,1002594000.0,1324506000.0,0.999,3.631,-42112000.0,14024000.0,14024000.0,1645669000.0,84431000.0,2.257,3.395,1272213000.0,66508000.0,1205705000.0,1272213000.0,0.0,69306000.0,0.0,0.0,0.0,252394000.0,321700000.0,0.134,321700000.0,252394000.0,140720000.0,0.581,0.57,0.581,529544000.0,504157000.0,529544000.0,2239890675.0,9.0,6.963,131525000.0,0.902,1.0,750211000.0,0.313,0.0,111674000.0,3141141000.0,3213981250.0,601733000.0,0.0,0.0,0.0,1797556000.0,444148000.0,1353408000.0,956276675.0,12094000.0,-267410000.0,1428000.0,144540000.0,0.0,150990000.0,-309522000.0,0.0,173637000.0,-3011000.0,84431000.0,84431000.0,84431000.0,0.0,0.0,0.035,497817000.0,252394000.0,129376000.0,0.0,1.806,11.326,11.269,530991000.0,0.0,6.548,0.399,0.399,334731000.0,376358000.0,2395880000.0,2395880000.0,0.0,0.035,0.167,0.079,0.105,93000.0,497817000.0,1.0,146052184.0,145840000,148784000.0,16.428,2327100000.0,0.0,56289000.0,156549000.0,15.957,558446000.0
86,STZ,MRT,2000-03-31,2000-02-29,2000-02-29,2021-10-06,-4149000.0,2348791000.0,2317171000.0,995997000.0,1352794000.0,1.01,3.606,-42770000.0,34308000.0,34308000.0,1618009000.0,77375000.0,2.273,3.51,1317922000.0,80787000.0,1237135000.0,1317922000.0,0.0,64723000.0,0.0,0.0,0.0,235041000.0,299764000.0,0.128,299764000.0,235041000.0,128959000.0,0.535,0.525,0.535,520840000.0,483755500.0,520840000.0,2271844037.0,10.0,7.579,105285000.0,0.729,1.0,722460000.0,0.309,0.0,106082000.0,3194188000.0,3110916000.0,615700000.0,0.0,0.0,0.0,1827951000.0,438217000.0,1389734000.0,888008037.0,6663000.0,-452910000.0,1428000.0,350771000.0,0.0,355557000.0,-495680000.0,0.0,148055000.0,-1269000.0,77375000.0,77375000.0,77375000.0,0.0,0.0,0.033,487419000.0,235041000.0,122213000.0,0.0,1.705,11.477,11.449,542971000.0,0.0,6.125,0.379,0.378,291108000.0,358456000.0,2340469000.0,2340469000.0,0.0,0.033,0.16,0.076,0.1,856000.0,481909000.0,1.0,144980904.0,144432000,147992000.0,16.205,2348791000.0,0.0,51584000.0,146893000.0,16.262,557780000.0
87,STZ,MRT,1999-12-31,1999-11-30,1999-11-30,2021-10-06,-7677000.0,2532995000.0,2178417250.0,1171242000.0,1361753000.0,1.039,3.438,-73192000.0,24667000.0,24667000.0,1572181000.0,62328000.0,1.829,4.094,1408503000.0,154640000.0,1253863000.0,1408503000.0,0.0,63743000.0,0.0,0.0,0.0,207321000.0,271064000.0,0.12,271064000.0,207321000.0,111341000.0,0.432,0.423,0.432,497295000.0,462363500.0,497295000.0,2324312631.0,11.0,8.575,30984000.0,0.214,1.0,691980000.0,0.306,0.0,95980000.0,3276463000.0,2881439250.0,677363000.0,0.0,0.0,0.0,2035700000.0,640368000.0,1395332000.0,961436631.0,22526000.0,-784742000.0,1156000.0,773827000.0,0.0,778431000.0,-857934000.0,0.0,104176000.0,-2147000.0,62328000.0,62328000.0,62328000.0,0.0,0.0,0.028,473222000.0,218758000.0,182971000.0,0.0,1.933,15.425,15.408,561397000.0,0.0,6.656,0.425,0.425,402128000.0,342928000.0,2264161000.0,2264161000.0,0.0,0.029,0.135,0.072,0.092,844000.0,465096000.0,1.0,144441184.0,144664000,149208000.0,15.651,2532995000.0,0.0,49013000.0,159637000.0,17.51,530874000.0
88,STZ,MRT,1999-09-30,1999-08-31,1999-08-31,2021-10-06,-4907000.0,2380288000.0,1836976750.0,1025455000.0,1354833000.0,1.082,3.255,-65043000.0,4340000.0,4340000.0,1388790000.0,52589000.0,2.055,4.076,1367216000.0,92921000.0,1274295000.0,1367216000.0,0.0,55766000.0,0.0,0.0,0.0,171863000.0,227629000.0,0.115,227629000.0,171863000.0,95679000.0,0.367,0.36,0.367,468949000.0,443947250.0,468949000.0,2142863553.0,12.0,9.414,12796000.0,0.089,1.0,597988000.0,0.301,0.0,76184000.0,3244133000.0,2364132000.0,602257000.0,0.0,0.0,0.0,1911339000.0,499031000.0,1412308000.0,1041340553.0,2867000.0,-784707000.0,-7707000.0,778997000.0,0.0,774413000.0,-849750000.0,0.0,77839000.0,365000.0,52589000.0,52589000.0,52589000.0,0.0,0.0,0.026,414688000.0,183300000.0,150354000.0,0.0,2.221,19.801,19.714,553442000.0,0.0,7.235,0.524,0.525,344652000.0,313028000.0,1986778000.0,1986778000.0,0.0,0.029,0.118,0.073,0.087,862000.0,406562000.0,1.0,143930968.0,144080000,147992000.0,13.789,2380288000.0,0.0,43090000.0,151730000.0,16.521,526424000.0
89,STZ,MRT,1999-06-30,1999-05-31,1999-05-31,2021-10-06,-3323000.0,2006610000.0,1503831250.0,933662000.0,1072948000.0,1.14,3.115,-54404000.0,1930000.0,1930000.0,1202488000.0,48219000.0,2.462,3.48,1103453000.0,30313000.0,1073140000.0,1103453000.0,0.0,43845000.0,0.0,0.0,0.0,143837000.0,187682000.0,0.109,187682000.0,143837000.0,88868000.0,0.334,0.328,0.334,447938000.0,429146250.0,447938000.0,1318569190.0,9.0,7.026,24461000.0,0.17,1.0,512096000.0,0.299,0.0,54969000.0,2728880000.0,1841820250.0,547835000.0,0.0,0.0,0.0,1558672000.0,379253000.0,1179419000.0,890706190.0,1165000.0,-517726000.0,-43688000.0,532074000.0,0.0,492430000.0,-572130000.0,0.0,78865000.0,2000000.0,48219000.0,48219000.0,48219000.0,0.0,0.0,0.028,356822000.0,155274000.0,134339000.0,0.0,1.988,18.472,18.619,458229000.0,0.0,6.219,0.519,0.522,327700000.0,291927000.0,1714584000.0,1714584000.0,0.0,0.032,0.112,0.078,0.084,882000.0,348696000.0,1.0,143229136.0,143816000,147576000.0,11.922,2006610000.0,0.0,40649000.0,125093000.0,13.953,554409000.0
90,STZ,MRT,1999-03-31,1999-02-28,1999-02-28,2021-10-06,-4173000.0,1793776000.0,1268040500.0,855739000.0,938037000.0,1.181,2.974,-49426000.0,27645000.0,27645000.0,1049309000.0,50472000.0,2.061,3.121,925422000.0,93733000.0,831689000.0,925422000.0,0.0,38590000.0,0.0,0.0,0.0,134455000.0,173045000.0,0.116,173045000.0,134455000.0,92993000.0,0.345,0.338,0.345,435272000.0,424611000.0,435272000.0,1383559410.0,10.0,7.995,57819000.0,0.395,1.0,448034000.0,0.299,0.0,41462000.0,2276281000.0,1460809250.0,508571000.0,0.0,0.0,0.0,1358504000.0,415272000.0,943232000.0,955696410.0,26413000.0,-332932000.0,-43038000.0,339973000.0,0.0,301018000.0,-382358000.0,0.0,107245000.0,508000.0,50472000.0,50472000.0,50472000.0,0.0,0.0,0.034,302142000.0,145892000.0,122746000.0,0.0,2.196,18.935,19.341,428803000.0,0.0,6.673,0.638,0.652,260433000.0,281081000.0,1497343000.0,1497343000.0,0.0,0.04,0.119,0.092,0.09,144000.0,299526000.0,1.0,143229136.0,146348000,150028000.0,10.231,1793776000.0,0.0,42521000.0,137521000.0,12.257,440467000.0
91,STZ,MRT,1998-12-31,1998-11-30,1998-11-30,2021-10-06,0.0,1167233000.0,1092235250.0,659322000.0,507911000.0,1.209,2.96,-29607000.0,2141000.0,2141000.0,929199000.0,57099000.0,1.7,1.755,430004000.0,138618000.0,291386000.0,430004000.0,0.0,33057000.0,0.0,0.0,0.0,128782000.0,161839000.0,0.123,161839000.0,128782000.0,96778000.0,0.389,0.379,0.389,423630000.0,422149750.0,423630000.0,1272318176.0,10.0,7.862,87995000.0,0.615,1.0,391251000.0,0.296,0.0,32004000.0,1207234000.0,1197762000.0,441048000.0,0.0,0.0,0.0,743603000.0,387862000.0,355741000.0,889266176.0,-157000.0,-716000.0,-43593000.0,-47446000.0,0.0,-87436000.0,-30323000.0,0.0,117602000.0,0.0,57099000.0,57099000.0,57099000.0,0.0,0.0,0.043,262469000.0,128782000.0,71379000.0,0.0,2.099,15.574,15.987,247499000.0,0.0,6.219,0.673,0.674,173760000.0,269383000.0,1320450000.0,1320450000.0,0.0,0.052,0.135,0.108,0.098,1294000.0,262469000.0,1.0,142997576.0,143136000,146600000.0,9.225,1167233000.0,0.0,39679000.0,83969000.0,8.155,271460000.0
92,STZ,MRT,1998-09-30,1998-08-31,1998-08-31,2021-10-06,0.0,1047706000.0,1083305250.0,539545000.0,508161000.0,1.17,2.755,-23021000.0,1473000.0,1473000.0,894011000.0,54549000.0,1.956,1.557,384525000.0,87118000.0,297407000.0,384525000.0,0.0,32804000.0,0.0,0.0,0.0,124573000.0,157377000.0,0.124,157377000.0,124573000.0,92456000.0,0.365,0.356,0.365,409745000.0,415911750.0,409745000.0,1190664580.0,10.0,7.566,13384000.0,0.09,1.0,373556000.0,0.295,0.0,32117000.0,1154886000.0,1201117500.0,345972000.0,0.0,0.0,0.0,637961000.0,275872000.0,362089000.0,784000580.0,-2805000.0,-716000.0,-33678000.0,15016000.0,0.0,-15473000.0,-23737000.0,0.0,36405000.0,0.0,54549000.0,54549000.0,54549000.0,0.0,0.0,0.043,248983000.0,124573000.0,65624000.0,0.0,1.913,14.372,14.298,246157000.0,0.0,5.219,0.619,0.612,154550000.0,249733000.0,1267567000.0,1267567000.0,0.0,0.05,0.131,0.104,0.098,1448000.0,248983000.0,1.0,150227656.0,148712000,152408000.0,8.524,1047706000.0,0.0,37907000.0,80798000.0,7.045,263673000.0
93,STZ,MRT,1998-06-30,1998-05-31,1998-05-31,2021-10-06,0.0,1063447000.0,1079616250.0,555327000.0,508120000.0,1.13,2.866,-23471000.0,765000.0,765000.0,864626000.0,50183000.0,2.093,1.474,407429000.0,104118000.0,303311000.0,407429000.0,0.0,32901000.0,0.0,0.0,0.0,117292000.0,150193000.0,0.123,150193000.0,117292000.0,85055000.0,0.336,0.328,0.336,429797000.0,408328750.0,429797000.0,1289727647.0,11.0,8.587,-19116000.0,-0.127,1.0,355079000.0,0.291,0.0,32237000.0,1204836000.0,1190825000.0,362915000.0,0.0,0.0,0.0,633650000.0,265275000.0,368375000.0,865723647.0,-856000.0,-706000.0,1702000.0,15413000.0,0.0,18966000.0,-24177000.0,0.0,4355000.0,0.0,50183000.0,50183000.0,50183000.0,0.0,0.0,0.041,237787000.0,117292000.0,44020000.0,0.0,2.014,17.251,17.161,243663000.0,0.0,5.766,0.71,0.709,169592000.0,233961000.0,1219705000.0,1219705000.0,0.0,0.046,0.123,0.098,0.096,1706000.0,237787000.0,1.0,150136336.0,149984000,154624000.0,8.132,1063447000.0,0.0,34872000.0,80579000.0,7.09,290052000.0
94,STZ,MRT,1998-03-31,1998-02-28,1998-02-28,2021-10-06,0.0,1090555000.0,1059169000.0,581734000.0,508821000.0,1.145,2.848,-18651000.0,1232000.0,1232000.0,869038000.0,47130000.0,2.003,1.563,425236000.0,116018000.0,309218000.0,425236000.0,0.0,33161000.0,0.0,0.0,0.0,112070000.0,145231000.0,0.12,145231000.0,112070000.0,79881000.0,0.315,0.309,0.315,425427000.0,392459000.0,425427000.0,1517082244.0,14.0,10.446,10104000.0,0.068,1.0,343750000.0,0.283,0.0,32189000.0,1224092000.0,1178321750.0,411424000.0,0.0,0.0,0.0,665128000.0,290467000.0,374661000.0,1042961244.0,-8778000.0,0.0,-7977000.0,-12681000.0,0.0,-18882000.0,-18651000.0,0.0,28755000.0,0.0,47130000.0,47130000.0,47130000.0,0.0,0.0,0.039,231680000.0,112070000.0,52055000.0,0.0,2.452,22.129,22.123,244035000.0,0.0,6.969,0.86,0.858,142615000.0,230609000.0,1212788000.0,1212788000.0,0.0,0.044,0.12,0.095,0.092,1747000.0,231680000.0,1.0,149662600.0,149376000,152840000.0,8.119,1090555000.0,0.0,32751000.0,76735000.0,7.301,291267000.0
95,STZ,MRT,1997-12-31,1997-11-30,1997-11-30,2021-10-06,0.0,1131513000.0,1041755500.0,625977000.0,505536000.0,1.144,2.671,-12987000.0,2298000.0,2298000.0,830540000.0,64452000.0,1.626,1.838,476419000.0,201119000.0,275300000.0,476419000.0,0.0,31815000.0,0.0,0.0,0.0,141643000.0,173458000.0,0.146,173458000.0,141643000.0,109176000.0,0.43,0.421,0.43,398678000.0,377285500.0,398678000.0,1257260478.0,9.0,7.248,49901000.0,0.334,1.0,361267000.0,0.303,0.0,32467000.0,1220656000.0,1172466000.0,419392000.0,0.0,0.0,0.0,732835000.0,384978000.0,347857000.0,893224478.0,-2699000.0,0.0,-8745000.0,-45056000.0,0.0,-52600000.0,-12987000.0,0.0,62888000.0,0.0,64452000.0,64452000.0,64452000.0,0.0,0.0,0.054,219624000.0,141643000.0,69838000.0,0.0,2.24,13.859,13.919,241381000.0,0.0,5.985,0.749,0.75,184992000.0,210297000.0,1191807000.0,1191807000.0,0.0,0.062,0.171,0.121,0.119,784000.0,219624000.0,1.0,149243856.0,149272000,153448000.0,7.984,1131513000.0,0.0,44724000.0,84913000.0,7.58,240999000.0
96,STZ,MRT,1997-09-30,1997-08-31,1997-08-31,2021-10-06,0.0,1032950000.0,1038755500.0,520481000.0,512469000.0,1.143,2.555,-15581000.0,4278000.0,4278000.0,841887000.0,55152000.0,1.837,1.722,368314000.0,69319000.0,298995000.0,368314000.0,0.0,31882000.0,0.0,0.0,0.0,127346000.0,159228000.0,0.134,159228000.0,127346000.0,94075000.0,0.365,0.359,0.365,379413000.0,367257250.0,379413000.0,1145051516.0,9.0,7.191,83235000.0,0.561,1.0,344950000.0,0.291,0.0,33271000.0,1113716000.0,1191825750.0,334756000.0,0.0,0.0,0.0,653537000.0,283270000.0,370267000.0,755852516.0,2248000.0,-13848000.0,-24019000.0,-43878000.0,0.0,-67139000.0,-29429000.0,0.0,98816000.0,0.0,55152000.0,55152000.0,55152000.0,0.0,0.0,0.046,217604000.0,127346000.0,120511000.0,0.0,1.992,13.705,13.955,246712000.0,0.0,5.094,0.637,0.637,160885000.0,192686000.0,1186837000.0,1186837000.0,0.0,0.053,0.15,0.107,0.107,612000.0,217604000.0,1.0,148388224.0,148472000,151696000.0,7.994,1032950000.0,0.0,38923000.0,82422000.0,6.957,237211000.0
97,STZ,MRT,1997-06-30,1997-05-31,1997-05-31,2021-10-06,0.0,981658000.0,,471760000.0,509898000.0,,2.44,-14383000.0,1621000.0,1621000.0,834505000.0,47728000.0,2.184,1.68,390820000.0,61851000.0,328969000.0,390820000.0,0.0,32023000.0,0.0,0.0,0.0,115753000.0,147776000.0,0.127,147776000.0,115753000.0,82019000.0,0.312,0.309,0.312,366318000.0,,366318000.0,998923240.0,9.0,6.76,101171000.0,0.674,1.0,330026000.0,0.283,0.0,33734000.0,1154823000.0,,290286000.0,0.0,0.0,0.0,615340000.0,216034000.0,399306000.0,572582240.0,-1002000.0,-13848000.0,-29159000.0,-59456000.0,0.0,-88325000.0,-28231000.0,0.0,115554000.0,0.0,47728000.0,47728000.0,47728000.0,0.0,0.0,0.041,214273000.0,115753000.0,54131000.0,0.0,1.563,11.997,12.372,241633000.0,0.0,3.86,0.492,0.498,160797000.0,180321000.0,1164531000.0,1164531000.0,0.0,,,,0.099,341000.0,214273000.0,1.0,148337368.0,150160000,152360000.0,7.755,981658000.0,0.0,34291000.0,82424000.0,6.537,255726000.0
98,STZ,MRT,1997-03-31,1997-02-28,1997-02-28,2021-10-06,0.0,1020901000.0,1037740500.0,501015000.0,519886000.0,1.094,2.358,-22475000.0,10010000.0,10010000.0,812812000.0,46183000.0,2.032,1.799,436351000.0,97467000.0,338884000.0,436351000.0,0.0,31839000.0,0.0,0.0,0.0,113210000.0,145049000.0,0.128,145049000.0,113210000.0,79160000.0,0.299,0.296,0.299,364733000.0,360619500.0,364733000.0,1096002052.0,10.0,7.556,85293000.0,0.551,1.0,322201000.0,0.284,0.0,34050000.0,1200669000.0,1215828500.0,326626000.0,0.0,0.0,0.0,656168000.0,246573000.0,409595000.0,580501052.0,6671000.0,-13848000.0,-19767000.0,-45024000.0,0.0,-64774000.0,-36323000.0,0.0,107768000.0,0.0,46183000.0,46183000.0,46183000.0,0.0,0.0,0.041,208991000.0,113210000.0,55892000.0,0.0,1.592,12.57,12.855,249552000.0,0.0,3.844,0.511,0.524,142592000.0,170275000.0,1135013000.0,1135013000.0,0.0,0.045,0.128,0.093,0.1,275000.0,208991000.0,1.0,151024664.0,154664000,156168000.0,7.339,1020901000.0,0.0,32977000.0,78453000.0,6.601,254442000.0
99,STZ,MRT,1996-12-31,1996-11-30,1996-11-30,2021-10-06,0.0,1119513000.0,,591332000.0,528181000.0,,2.285,-4310000.0,4997000.0,4997000.0,836895000.0,14663000.0,1.755,2.122,520498000.0,170597000.0,349901000.0,520498000.0,0.0,24381000.0,0.0,0.0,0.0,61886000.0,86267000.0,0.077,86267000.0,61886000.0,27167000.0,0.094,0.094,0.094,358565000.0,,358565000.0,,,,-30389000.0,-0.194,1.0,285988000.0,0.255,0.0,34719000.0,1298095000.0,,373631000.0,0.0,0.0,0.0,760948000.0,336919000.0,424029000.0,509708241.0,2613000.0,-15155000.0,-19635000.0,68572000.0,0.0,48157000.0,-19465000.0,0.0,-26079000.0,0.0,14663000.0,14663000.0,14663000.0,0.0,0.0,0.013,224102000.0,61886000.0,79567000.0,0.0,1.422,34.762,35.904,251218000.0,0.0,3.375,0.454,0.472,198106000.0,164353000.0,1122883000.0,1122883000.0,0.0,,,,0.055,20000.0,223446000.0,1.0,151024664.0,156942832,158231944.0,7.155,1119513000.0,0.0,12504000.0,87043000.0,7.133,254413000.0
100,STZ,MRT,1996-09-30,1996-08-31,1996-08-31,2021-10-06,,,,,,,,-32117000.0,,,809177000.0,16764000.0,,,,,,,,31239000.0,,0.0,0.0,63873000.0,95112000.0,0.087,95112000.0,63873000.0,29772000.0,0.106,0.106,0.106,,,,,,,-27144000.0,-0.173,1.0,281558000.0,0.258,,34101000.0,,,,,,,,,,,-2150000.0,-11307000.0,-4121000.0,40198000.0,0.0,36301000.0,-43424000.0,0.0,4973000.0,0.0,16764000.0,16764000.0,16764000.0,0.0,0.0,0.015,217685000.0,63873000.0,,0.0,,,27.123,,0.0,2.875,,0.414,,,1090735000.0,1090735000.0,0.0,,,,0.059,13000.0,215281000.0,1.0,,157227912,157227912.0,6.937,,,13008000.0,,,
101,STZ,MRT,1996-06-30,1996-05-31,1996-05-31,2021-10-06,,,,,,,,,,,,,,,,,,,,,,0.0,0.0,,,,,,,,,,,,,,,,,,1.0,,,,,,,,,,,,,,,,,,,,,,,,,,,,,,,,,,,,,,,,3.781,,,,,,,,,,,,,,1.0,,159164640,,,,,,,,
102,STZ,MRT,1996-03-31,1996-02-29,1996-02-29,2021-10-06,0.0,1054580000.0,,518020000.0,536560000.0,,2.227,-15522000.0,3339000.0,3339000.0,396208000.0,3322000.0,1.727,1.958,479713000.0,152097000.0,327616000.0,479713000.0,0.0,13958000.0,0.0,0.0,0.0,24001000.0,37959000.0,0.071,37959000.0,24001000.0,6703000.0,0.021,0.021,0.021,356506000.0,,356506000.0,,,,-100355000.0,-0.627,1.0,138816000.0,0.259,0.0,17298000.0,1230988000.0,,341838000.0,0.0,0.0,0.0,698074000.0,299966000.0,398108000.0,,-841000.0,-11307000.0,656000.0,109941000.0,0.0,110821000.0,-26829000.0,0.0,-84833000.0,0.0,3322000.0,3322000.0,3322000.0,0.0,0.0,0.006,114815000.0,24001000.0,59730000.0,0.0,,,226.19,250638000.0,0.0,4.75,,1.421,142471000.0,142600000.0,535024000.0,535024000.0,0.0,,,,0.045,0.0,112411000.0,1.0,,160050136,160050136.0,3.343,1054580000.0,0.0,3381000.0,77893000.0,6.589,218054000.0
103,STZ,MRT,1995-12-31,1995-11-30,1995-11-30,2021-10-06,,,,,,,,,,,,,,,,,,,,,,0.0,0.0,,,,,,,,,,,,,,,,,,1.0,,,,,,,,,,,,,,,,,,,,,,,,,,,,,,,,,,,,,,,,4.188,,,,,,,,,,,,,,1.0,,160829432,,,,,,,,
104,STZ,MRT,1995-09-30,1995-08-31,1995-08-31,2021-10-06,,,,,,,,-35785000.0,,,653811000.0,41020000.0,,,,,,,,20712000.0,,0.0,0.0,91299000.0,112011000.0,0.124,112011000.0,91299000.0,66698000.0,0.273,0.27,0.273,,,,,,,37533000.0,0.25,1.0,252733000.0,0.279,,24601000.0,,,,,,,,,,,2685000.0,-28300000.0,104033000.0,-111906000.0,0.0,-6548000.0,-64085000.0,0.0,73318000.0,0.0,41020000.0,41020000.0,41020000.0,0.0,0.0,0.045,161434000.0,91299000.0,,0.0,,,21.635,,0.0,5.906,,0.979,,,906544000.0,906544000.0,0.0,,,,0.101,0.0,159196000.0,1.0,,150208000,152040000.0,6.035,,,25678000.0,,,
105,STZ,MRT,1994-09-30,1994-08-31,1994-08-31,2021-10-06,,,,,,,,-7853000.0,,,447211000.0,11733000.0,,,,,,,,13815000.0,,0.0,0.0,36980000.0,50795000.0,0.081,50795000.0,36980000.0,18924000.0,0.092,0.092,0.092,,,,,,,19326000.0,0.153,1.0,182373000.0,0.29,,18056000.0,,,,,,,,,,,-2223000.0,-9097000.0,1056000.0,-13515000.0,0.0,-12452000.0,-16950000.0,0.0,27179000.0,0.0,11733000.0,11733000.0,11733000.0,0.0,0.0,0.019,145393000.0,36980000.0,,0.0,,,41.44,,0.0,3.812,,0.765,,,629584000.0,629584000.0,0.0,,,,0.059,0.0,121388000.0,1.0,,126268664,131212784.0,4.986,,,7191000.0,,,
