None,ticker,dimension,calendardate,datekey,reportperiod,lastupdated,accoci,assets,assetsavg,assetsc,assetsnc,assetturnover,bvps,capex,cashneq,cashnequsd,cor,consolinc,currentratio,de,debt,debtc,debtnc,debtusd,deferredrev,depamor,deposits,divyield,dps,ebit,ebitda,ebitdamargin,ebitdausd,ebitusd,ebt,eps,epsdil,epsusd,equity,equityavg,equityusd,ev,evebit,evebitda,fcf,fcfps,fxusd,gp,grossmargin,intangibles,intexp,invcap,invcapavg,inventory,investments,investmentsc,investmentsnc,liabilities,liabilitiesc,liabilitiesnc,marketcap,ncf,ncfbus,ncfcommon,ncfdebt,ncfdiv,ncff,ncfi,ncfinv,ncfo,ncfx,netinc,netinccmn,netinccmnusd,netincdis,netincnci,netmargin,opex,opinc,payables,payoutratio,pb,pe,pe1,ppnenet,prefdivis,price,ps,ps1,receivables,retearn,revenue,revenueusd,rnd,roa,roe,roic,ros,sbcomp,sgna,sharefactor,sharesbas,shareswa,shareswadil,sps,tangibles,taxassets,taxexp,taxliabilities,tbvps,workingcapital
0,CTRA,MRY,2020-12-31,2020-12-31,2020-12-31,2021-10-04,2419000.0,4523532000.0,4498220500.0,415715000.0,4107817000.0,0.326,5.56,-575019000.0,151691000.0,151691000.0,658885000.0,200529000.0,1.065,1.042,1133924000.0,188000000.0,945924000.0,1133924000.0,0.0,390903000.0,0.0,0.025,0.4,295247000.0,686150000.0,0.468,686150000.0,295247000.0,241123000.0,0.5,0.5,0.5,2215707000.0,2167142250.0,2215707000.0,7650472463.0,26.0,11.15,203216000.0,0.51,1.0,807739000.0,0.551,0.0,54124000.0,5115539000.0,5172391000.0,15270000.0,26209000.0,26209000.0,0.0,2307825000.0,390226000.0,1917599000.0,6488880463.0,-62092000.0,0.0,0.0,-87000000.0,-159390000.0,-255849000.0,-584478000.0,-9424000.0,778235000.0,0.0,200529000.0,200529000.0,200529000.0,0.0,0.0,0.137,512433000.0,295306000.0,162081000.0,0.8,2.929,32.359,32.56,4044606000.0,0.0,16.28,4.424,4.424,214724000.0,2184352000.0,1466624000.0,1466624000.0,15419000.0,0.045,0.093,0.057,0.201,40796000.0,105391000.0,1.0,398579881.0,398521000,400522000.0,3.68,4523532000.0,6171000.0,40594000.0,774195000.0,11.351,25489000.0
1,CTRA,MRY,2019-12-31,2019-12-31,2019-12-31,2021-10-04,1360000.0,4487245000.0,4493796500.0,568248000.0,3918997000.0,0.46,5.178,-785768000.0,213783000.0,213783000.0,668688000.0,681070000.0,1.732,1.086,1220025000.0,87000000.0,1133025000.0,1220025000.0,0.0,405733000.0,0.0,0.02,0.35,955176000.0,1360909000.0,0.659,1360909000.0,955176000.0,900224000.0,1.64,1.63,1.64,2151487000.0,2257701500.0,2151487000.0,8239442557.0,9.0,6.054,660023000.0,1.588,1.0,1397589000.0,0.676,0.0,54952000.0,5165453000.0,5226414250.0,13932000.0,31000.0,31000.0,0.0,2335758000.0,328034000.0,2007724000.0,7101968557.0,211496000.0,0.0,-519863000.0,-7000000.0,-145515000.0,-690380000.0,-543915000.0,251191000.0,1445791000.0,0.0,681070000.0,681070000.0,681070000.0,0.0,0.0,0.33,522909000.0,874680000.0,189811000.0,0.213,3.301,10.428,10.616,3855706000.0,0.0,17.41,3.437,3.501,209023000.0,2143213000.0,2066277000.0,2066277000.0,20270000.0,0.152,0.302,0.183,0.462,29009000.0,94870000.0,1.0,407924673.0,415514000,417451000.0,4.973,4487245000.0,129795000.0,219154000.0,702104000.0,10.799,240214000.0
2,CTRA,MRY,2018-12-31,2018-12-31,2018-12-31,2021-10-04,4437000.0,4198829000.0,4328245750.0,544545000.0,3654284000.0,0.506,4.687,-216120000.0,2287000.0,2287000.0,773217000.0,557043000.0,1.896,1.011,1226104000.0,0.0,1226104000.0,1226104000.0,0.0,417479000.0,0.0,0.011,0.25,771338000.0,1188817000.0,0.543,1188817000.0,771338000.0,698137000.0,1.25,1.24,1.25,2088159000.0,2185749000.0,2088159000.0,10617562139.0,14.0,8.931,888783000.0,1.995,1.0,1414931000.0,0.647,0.0,73201000.0,5135382000.0,4779841750.0,11076000.0,220846000.0,57665000.0,163181000.0,2110670000.0,287264000.0,1823406000.0,9636870139.0,-477760000.0,0.0,-872761000.0,-297000000.0,-111369000.0,-1289280000.0,-293383000.0,0.0,1104903000.0,0.0,557043000.0,557043000.0,557043000.0,0.0,0.0,0.255,644730000.0,770201000.0,241939000.0,0.2,4.615,17.3,17.88,3463606000.0,0.0,22.35,4.404,4.551,362403000.0,1607658000.0,2188148000.0,2188148000.0,113820000.0,0.129,0.255,0.161,0.353,31443000.0,96641000.0,1.0,431179872.0,445538000,447568000.0,4.911,4198829000.0,109251000.0,141094000.0,458597000.0,9.424,257281000.0
3,CTRA,MRY,2017-12-31,2017-12-31,2017-12-31,2021-10-04,2077000.0,4727344000.0,5079989250.0,764957000.0,3962387000.0,0.347,5.443,-649114000.0,480047000.0,480047000.0,632488000.0,100393000.0,1.214,0.873,1552528000.0,334637000.0,1217891000.0,1552528000.0,0.0,568817000.0,0.0,0.006,0.17,-146305000.0,422512000.0,0.239,422512000.0,-146305000.0,-228435000.0,0.22,0.22,0.22,2523905000.0,2629427250.0,2523905000.0,14239835640.0,-97.0,33.703,249046000.0,0.537,1.0,1131731000.0,0.641,0.0,82130000.0,5169775000.0,5720218500.0,8006000.0,88316000.0,0.0,88316000.0,2203439000.0,630050000.0,1573389000.0,13227740640.0,-18495000.0,0.0,-123741000.0,0.0,-78838000.0,-210502000.0,-706153000.0,0.0,898160000.0,0.0,100393000.0,100393000.0,100393000.0,0.0,0.0,0.057,1182505000.0,-50774000.0,238045000.0,0.773,5.241,131.76,130.0,3072204000.0,0.0,28.6,7.498,7.518,216004000.0,1162430000.0,1764219000.0,1764219000.0,21526000.0,0.02,0.038,-0.026,-0.083,33419000.0,97786000.0,1.0,462508414.0,463735000,465551000.0,3.804,4727344000.0,56666000.0,-328828000.0,227030000.0,10.194,134907000.0
4,CTRA,MRY,2016-12-31,2016-12-31,2016-12-31,2021-10-04,985000.0,5122569000.0,5481917000.0,715881000.0,4406688000.0,0.211,5.62,-324734000.0,498542000.0,498542000.0,577246000.0,-417124000.0,2.777,0.995,1560789000.0,40259000.0,1520530000.0,1560789000.0,0.0,590128000.0,0.0,0.003,0.08,-571263000.0,18865000.0,0.016,18865000.0,-571263000.0,-659599000.0,-0.91,-0.91,-0.91,2567667000.0,2813144000.0,2567667000.0,11890707484.0,-21.0,630.305,72707000.0,0.159,1.0,578431000.0,0.501,0.0,88336000.0,5927004000.0,6299254750.0,13304000.0,129524000.0,0.0,129524000.0,2554902000.0,257812000.0,2297090000.0,10865892484.0,498028000.0,0.0,995279000.0,-497000000.0,-36187000.0,453805000.0,-353218000.0,0.0,397441000.0,0.0,-417124000.0,-417124000.0,-417124000.0,0.0,0.0,-0.361,1140899000.0,-562468000.0,168411000.0,-0.088,4.232,-26.05,-25.67,4250125000.0,0.0,23.36,9.402,9.234,191045000.0,1098703000.0,1155677000.0,1155677000.0,27662000.0,-0.076,-0.148,-0.091,-0.494,25982000.0,85633000.0,1.0,465149507.0,456847000,456847000.0,2.53,5122569000.0,10298000.0,-242475000.0,579447000.0,11.213,458069000.0
5,CTRA,MRY,2015-12-31,2015-12-31,2015-12-31,2021-10-04,-365000.0,5253038000.0,5438738250.0,144786000.0,5108252000.0,0.25,4.857,-947949000.0,514000.0,514000.0,623803000.0,-113891000.0,0.615,1.615,2016139000.0,20000000.0,1996139000.0,2016139000.0,0.0,622211000.0,0.0,0.005,0.08,-90362000.0,531849000.0,0.392,531849000.0,-90362000.0,-187273000.0,-0.28,-0.28,-0.28,2009188000.0,2113093000.0,2009188000.0,9349669647.0,-103.0,17.58,-198351000.0,-0.479,1.0,733347000.0,0.54,0.0,96911000.0,7033111000.0,7114722750.0,17049000.0,103517000.0,0.0,103517000.0,3243850000.0,235552000.0,3008298000.0,7321442647.0,-20440000.0,-16312000.0,0.0,273000000.0,-33090000.0,223296000.0,-993334000.0,0.0,749598000.0,0.0,-113891000.0,-113891000.0,-113891000.0,0.0,0.0,-0.084,828676000.0,-95329000.0,160407000.0,-0.286,3.644,-64.285,-63.179,4976879000.0,0.0,17.69,5.395,5.392,120229000.0,1552014000.0,1357150000.0,1357150000.0,27460000.0,-0.021,-0.054,-0.013,-0.067,13645000.0,67996000.0,1.0,413874655.0,413696000,413696000.0,3.281,5253038000.0,4323000.0,-73382000.0,807236000.0,12.698,-90766000.0
6,CTRA,MRY,2014-12-31,2014-12-31,2014-12-31,2021-10-04,-2151000.0,5437716000.0,5399919250.0,413447000.0,5024269000.0,0.402,5.153,-1440140000.0,20954000.0,20954000.0,571892000.0,104468000.0,0.829,1.538,1752000000.0,0.0,1752000000.0,1752000000.0,0.0,632760000.0,0.0,0.003,0.08,106186000.0,738946000.0,0.34,738946000.0,106186000.0,32401000.0,0.25,0.25,0.25,2142733000.0,2294983500.0,2142733000.0,13531531647.0,127.0,18.312,-203705000.0,-0.49,1.0,1601119000.0,0.737,0.0,73785000.0,6669744000.0,6335579750.0,14026000.0,205632000.0,137603000.0,68029000.0,3294983000.0,499018000.0,2795965000.0,12229518647.0,-2446000.0,-214737000.0,-138852000.0,605000000.0,-33278000.0,425959000.0,-1664840000.0,0.0,1236435000.0,0.0,104468000.0,104468000.0,104468000.0,0.0,0.0,0.048,1498013000.0,103106000.0,400076000.0,0.32,5.707,117.065,118.44,4925711000.0,0.0,29.61,5.628,5.666,235397000.0,1698995000.0,2173011000.0,2173011000.0,28746000.0,0.019,0.046,0.017,0.049,22804000.0,82590000.0,1.0,413019880.0,415840000,417601000.0,5.226,5437716000.0,3612000.0,-72067000.0,879149000.0,13.076,-85571000.0
7,CTRA,MRY,2013-12-31,2013-12-31,2013-12-31,2021-10-04,-8361000.0,4981080000.0,4929561000.0,378899000.0,4602181000.0,0.354,5.247,-871238000.0,51494000.0,51494000.0,443326000.0,279773000.0,0.929,1.259,1160912000.0,13912000.0,1147000000.0,1160912000.0,0.0,651052000.0,0.0,0.002,0.06,551582000.0,1202634000.0,0.689,1202634000.0,551582000.0,485538000.0,0.67,0.66,0.67,2204602000.0,2235697750.0,2204602000.0,17489218995.0,32.0,14.542,153288000.0,0.365,1.0,1302952000.0,0.746,0.0,66044000.0,5682593000.0,5611015500.0,17468000.0,29911000.0,3019000.0,26892000.0,2776478000.0,407905000.0,2368573000.0,16355150995.0,-7336000.0,0.0,-164634000.0,60000000.0,-25232000.0,-113655000.0,-918207000.0,0.0,1024526000.0,0.0,279773000.0,279773000.0,279773000.0,0.0,0.0,0.16,752472000.0,550480000.0,288801000.0,0.09,7.419,58.459,57.851,4546227000.0,0.0,38.76,9.366,9.326,222476000.0,1627805000.0,1746278000.0,1746278000.0,18165000.0,0.057,0.125,0.098,0.316,28052000.0,104606000.0,1.0,421959520.0,420188000,422375000.0,4.156,4981080000.0,81855000.0,205765000.0,1099503000.0,11.854,-29006000.0
8,CTRA,MRY,2012-12-31,2012-12-31,2012-12-31,2021-10-04,23880000.0,4616313000.0,4478059000.0,270310000.0,4346003000.0,0.269,5.086,-758651000.0,30736000.0,30736000.0,338928000.0,131730000.0,0.609,1.166,1087192000.0,75192000.0,1012000000.0,1087192000.0,0.0,451405000.0,0.0,0.002,0.04,306186000.0,757591000.0,0.629,757591000.0,306186000.0,237840000.0,0.31,0.31,0.31,2131447000.0,2122005000.0,2131447000.0,11481953688.0,37.0,15.156,-106558000.0,-0.254,1.0,865618000.0,0.719,0.0,68346000.0,5228630000.0,5094070000.0,14173000.0,50824000.0,50824000.0,0.0,2484866000.0,444139000.0,2040727000.0,10457454688.0,825000.0,0.0,0.0,137000000.0,-16757000.0,114246000.0,-765514000.0,0.0,652093000.0,0.0,131730000.0,131730000.0,131730000.0,0.0,0.0,0.109,559485000.0,306133000.0,312480000.0,0.129,4.906,79.386,80.226,4310977000.0,0.0,24.87,8.682,8.653,172419000.0,1373264000.0,1204546000.0,1204546000.0,37476000.0,0.029,0.062,0.06,0.254,46872000.0,121239000.0,1.0,420484708.0,419075000,421987000.0,2.874,4616313000.0,0.0,106110000.0,889542000.0,11.015,-173829000.0
9,CTRA,MRY,2011-12-31,2011-12-31,2011-12-31,2021-10-04,104547000.0,4331493000.0,4275614250.0,345800000.0,3985693000.0,0.229,5.047,-487620000.0,29911000.0,29911000.0,252141000.0,122408000.0,1.007,1.058,950000000.0,0.0,950000000.0,950000000.0,0.0,343141000.0,0.0,0.002,0.03,306850000.0,649991000.0,0.663,649991000.0,306850000.0,235187000.0,0.29,0.29,0.29,2104768000.0,2000039250.0,2104768000.0,9073194987.0,30.0,13.959,14219000.0,0.034,1.0,727723000.0,0.743,0.0,71663000.0,4908238000.0,5022415250.0,21278000.0,195512000.0,174263000.0,21249000.0,2226725000.0,343344000.0,1883381000.0,7931122987.0,-26038000.0,0.0,0.0,-25000000.0,-12508000.0,-40257000.0,-487620000.0,0.0,501839000.0,0.0,122408000.0,122408000.0,122408000.0,0.0,0.0,0.125,420873000.0,306850000.0,217294000.0,0.103,3.768,64.793,65.431,3934584000.0,0.0,18.975,8.094,8.075,114381000.0,1258291000.0,979864000.0,979864000.0,36447000.0,0.029,0.061,0.061,0.313,52940000.0,104667000.0,1.0,417977496.0,416996000,421522000.0,2.35,4331493000.0,1388000.0,112779000.0,857724000.0,10.387,2456000.0
10,CTRA,MRY,2010-12-31,2010-12-31,2010-12-31,2021-10-04,-3683000.0,4005031000.0,3908464500.0,203008000.0,3802023000.0,0.221,4.506,-613741000.0,55949000.0,55949000.0,213071000.0,103386000.0,0.668,1.139,975000000.0,0.0,975000000.0,975000000.0,0.0,327083000.0,0.0,0.003,0.03,266439000.0,593522000.0,0.688,593522000.0,266439000.0,198498000.0,0.25,0.245,0.25,1872700000.0,1854018000.0,1872700000.0,4992793229.0,19.0,8.412,-128830000.0,-0.31,1.0,650033000.0,0.753,0.0,67941000.0,4620247000.0,4590905500.0,29667000.0,16926000.0,16926000.0,0.0,2132331000.0,303835000.0,1828496000.0,3935381229.0,15791000.0,0.0,0.0,170000000.0,-12467000.0,144621000.0,-613741000.0,0.0,484911000.0,0.0,103386000.0,103386000.0,103386000.0,0.0,0.0,0.12,383594000.0,266439000.0,229981000.0,0.12,2.101,38.065,37.85,3762760000.0,0.0,9.463,4.56,4.557,94488000.0,1148391000.0,863104000.0,863104000.0,42725000.0,0.026,0.056,0.058,0.309,29794000.0,79177000.0,1.0,415892336.0,415646000,420780000.0,2.077,4005031000.0,0.0,95112000.0,740910000.0,9.636,-100827000.0
11,CTRA,MRY,2009-12-31,2009-12-31,2009-12-31,2021-10-04,42436000.0,3683401000.0,3661227500.0,281502000.0,3401899000.0,0.244,4.373,-531027000.0,40158000.0,40158000.0,219473000.0,148343000.0,0.912,1.032,805000000.0,0.0,805000000.0,805000000.0,0.0,251260000.0,0.0,0.003,0.03,282269000.0,533529000.0,0.597,533529000.0,282269000.0,223290000.0,0.36,0.355,0.36,1812514000.0,1835423500.0,1812514000.0,5292612786.0,19.0,9.92,83025000.0,0.2,1.0,673612000.0,0.754,0.0,58979000.0,4139502000.0,4171907750.0,27990000.0,114686000.0,114686000.0,0.0,1870887000.0,308741000.0,1562146000.0,4518282786.0,12057000.0,0.0,0.0,-62000000.0,-12432000.0,-70968000.0,-531027000.0,0.0,614052000.0,0.0,148343000.0,148343000.0,148343000.0,0.0,0.0,0.166,391343000.0,282269000.0,215588000.0,0.083,2.493,30.458,30.271,3358199000.0,0.0,10.898,5.059,5.057,80362000.0,1057472000.0,893085000.0,893085000.0,50784000.0,0.041,0.081,0.068,0.316,17336000.0,68374000.0,1.0,414616452.0,414464000,418730000.0,2.155,3683401000.0,8909000.0,74947000.0,679905000.0,8.887,-27239000.0
12,CTRA,MRY,2008-12-31,2008-12-31,2008-12-31,2021-10-04,186426000.0,3701664000.0,3072048000.0,460551000.0,3241113000.0,0.308,4.444,-846541000.0,28101000.0,28101000.0,258828000.0,211290000.0,1.215,1.067,867000000.0,35857000.0,831143000.0,867000000.0,0.0,226915000.0,0.0,0.005,0.03,372012000.0,598927000.0,0.633,598927000.0,372012000.0,335623000.0,0.525,0.52,0.525,1790562000.0,1456282750.0,1790562000.0,3459783044.0,9.0,5.777,-212094000.0,-0.526,1.0,686963000.0,0.726,0.0,36389000.0,4161650000.0,3215641750.0,45677000.0,0.0,0.0,0.0,1911102000.0,378913000.0,1532189000.0,2687157044.0,9603000.0,-605748000.0,316230000.0,517000000.0,-12073000.0,827445000.0,-1452289000.0,0.0,634447000.0,0.0,211290000.0,211290000.0,211290000.0,0.0,0.0,0.223,366857000.0,320106000.0,222985000.0,0.057,1.501,12.718,12.381,3135828000.0,0.0,6.5,2.841,2.769,109087000.0,921561000.0,945791000.0,945791000.0,31200000.0,0.069,0.145,0.116,0.393,4298000.0,74185000.0,1.0,413408776.0,402948000,406904000.0,2.347,3701664000.0,526000.0,124333000.0,668626000.0,9.186,81638000.0
13,CTRA,MRY,2007-12-31,2007-12-31,2007-12-31,2021-10-04,-894000.0,2156817000.0,2011670250.0,217483000.0,1939334000.0,0.364,2.759,-546168000.0,18498000.0,18498000.0,212771000.0,167423000.0,0.876,1.015,350000000.0,20000000.0,330000000.0,350000000.0,0.0,143951000.0,0.0,0.003,0.028,274693000.0,418644000.0,0.572,418644000.0,274693000.0,257532000.0,0.432,0.427,0.432,1070257000.0,1026699250.0,1070257000.0,4220378022.0,15.0,10.081,-84031000.0,-0.217,1.0,519399000.0,0.709,0.0,17161000.0,2239983000.0,2039369250.0,27353000.0,0.0,0.0,0.0,1086560000.0,248336000.0,838224000.0,3919829022.0,-23356000.0,-3982000.0,5099000.0,110000000.0,-10670000.0,104429000.0,-589922000.0,0.0,462137000.0,0.0,167423000.0,167423000.0,167423000.0,0.0,0.0,0.229,244706000.0,274693000.0,173497000.0,0.065,3.663,23.413,23.362,1908117000.0,0.0,10.092,5.354,5.347,109306000.0,722344000.0,732170000.0,732170000.0,39772000.0,0.083,0.163,0.135,0.375,16241000.0,50775000.0,1.0,388390292.0,387912000,392520000.0,1.887,2156817000.0,26358000.0,90109000.0,435314000.0,5.56,-30853000.0
14,CTRA,MRY,2006-12-31,2006-12-31,2006-12-31,2021-10-04,37160000.0,1834491000.0,1737271750.0,315682000.0,1518809000.0,0.439,2.441,-131268000.0,41854000.0,41854000.0,213516000.0,321175000.0,1.258,0.941,240000000.0,20000000.0,220000000.0,240000000.0,0.0,128975000.0,0.0,0.003,0.02,528946000.0,657921000.0,0.863,657921000.0,528946000.0,510505000.0,0.83,0.815,0.83,945198000.0,810700750.0,945198000.0,2983870743.0,6.0,4.535,225836000.0,0.583,1.0,548472000.0,0.72,0.0,18441000.0,1781610000.0,1730054250.0,32997000.0,0.0,0.0,0.0,889293000.0,251027000.0,638266000.0,2905993743.0,31228000.0,-6688000.0,-40257000.0,-100000000.0,-7751000.0,-138523000.0,-187353000.0,0.0,357104000.0,0.0,321175000.0,321175000.0,321175000.0,0.0,0.0,0.421,19526000.0,528946000.0,147680000.0,0.024,3.074,9.048,9.134,1480201000.0,0.0,7.581,3.814,3.852,116546000.0,565591000.0,761988000.0,761988000.0,49397000.0,0.185,0.396,0.306,0.694,11786000.0,58168000.0,1.0,383313272.0,387212000,394404000.0,1.968,1834491000.0,64810000.0,189330000.0,388674000.0,4.738,64655000.0
15,CTRA,MRY,2005-12-31,2005-12-31,2005-12-31,2021-10-04,-15115000.0,1495370000.0,1360950500.0,230312000.0,1265058000.0,0.502,1.536,-350310000.0,10626000.0,10626000.0,203226000.0,148445000.0,1.054,1.491,340000000.0,20000000.0,320000000.0,340000000.0,0.0,108458000.0,0.0,0.003,0.018,258731000.0,367189000.0,0.538,367189000.0,258731000.0,236234000.0,0.38,0.372,0.38,600211000.0,520333000.0,600211000.0,2485352423.0,10.0,6.769,14250000.0,0.036,1.0,479571000.0,0.702,0.0,22497000.0,1606160000.0,1383800500.0,24616000.0,0.0,0.0,0.0,895159000.0,218584000.0,676575000.0,2208539423.0,600000.0,0.0,-14597000.0,70000000.0,-7213000.0,48190000.0,-412150000.0,0.0,364560000.0,0.0,148445000.0,148445000.0,148445000.0,0.0,0.0,0.217,220840000.0,258731000.0,140006000.0,0.047,3.68,14.878,14.836,1238055000.0,0.0,5.638,3.235,3.227,156009000.0,252167000.0,682797000.0,682797000.0,61840000.0,0.109,0.285,0.187,0.379,9803000.0,37650000.0,1.0,391758656.0,390852000,397804000.0,1.747,1495370000.0,47500000.0,87789000.0,290363000.0,3.826,11728000.0
16,CTRA,MRY,2004-12-31,2004-12-31,2004-12-31,2021-10-04,-20351000.0,1210956000.0,1158276250.0,194679000.0,1016277000.0,0.458,1.169,-207227000.0,10026000.0,10026000.0,169820000.0,88378000.0,0.989,1.658,270000000.0,20000000.0,250000000.0,270000000.0,0.0,103343000.0,0.0,0.004,0.013,160653000.0,263996000.0,0.498,263996000.0,160653000.0,138624000.0,0.226,0.224,0.226,455662000.0,406698250.0,455662000.0,1709184634.0,11.0,6.474,65795000.0,0.169,1.0,360588000.0,0.68,0.0,22029000.0,1274041000.0,1209282750.0,24049000.0,0.0,0.0,0.0,755294000.0,196889000.0,558405000.0,1464070634.0,9302000.0,0.0,-3157000.0,0.0,-5206000.0,-8363000.0,-255357000.0,0.0,273022000.0,0.0,88378000.0,88378000.0,88378000.0,0.0,0.0,0.167,199935000.0,160653000.0,104969000.0,0.058,3.213,16.566,16.316,994081000.0,0.0,3.688,2.76,2.71,125754000.0,110935000.0,530408000.0,530408000.0,48130000.0,0.076,0.217,0.133,0.303,6904000.0,34735000.0,1.0,397036104.0,389864000,394712000.0,1.36,1210956000.0,36200000.0,50246000.0,248320000.0,3.106,-2210000.0
17,CTRA,MRY,2003-12-31,2003-12-31,2003-12-31,2021-10-04,-23135000.0,1055056000.0,1024051250.0,143331000.0,911725000.0,0.497,0.95,-93737000.0,724000.0,724000.0,173699000.0,21132000.0,0.916,1.889,270000000.0,0.0,270000000.0,270000000.0,0.0,94903000.0,0.0,0.005,0.013,59740000.0,154643000.0,0.304,154643000.0,59740000.0,36195000.0,0.055,0.055,0.055,365197000.0,334008750.0,365197000.0,1218567158.0,20.0,7.88,147901000.0,0.385,1.0,335692000.0,0.659,0.0,23545000.0,1167805000.0,1158426750.0,18241000.0,0.0,0.0,0.0,689859000.0,156527000.0,533332000.0,953674158.0,-878000.0,0.0,6728000.0,-92345000.0,-5043000.0,-90660000.0,-151856000.0,0.0,241638000.0,0.0,21132000.0,21132000.0,21132000.0,0.0,0.0,0.041,269105000.0,66587000.0,84943000.0,0.236,2.611,45.129,44.47,895955000.0,0.0,2.446,1.872,1.847,87425000.0,27763000.0,509391000.0,509391000.0,58119000.0,0.021,0.063,0.052,0.117,885000.0,25112000.0,1.0,389917884.0,384592000,387480000.0,1.324,1055056000.0,30855000.0,15063000.0,210781000.0,2.743,-13196000.0
18,CTRA,MRY,2002-12-31,2002-12-31,2002-12-31,2021-10-04,-12939000.0,1100947000.0,1070751000.0,106425000.0,994522000.0,0.33,0.921,-98501000.0,1602000.0,1602000.0,127788000.0,16103000.0,0.876,2.14,365000000.0,0.0,365000000.0,365000000.0,0.0,96512000.0,0.0,0.006,0.013,49088000.0,145600000.0,0.412,145600000.0,49088000.0,23777000.0,0.043,0.042,0.043,350657000.0,346934250.0,350657000.0,1178225679.0,24.0,8.092,65681000.0,0.172,1.0,225968000.0,0.639,0.0,25311000.0,1342812000.0,1353222000.0,15252000.0,0.0,0.0,0.0,750290000.0,121533000.0,628757000.0,787893679.0,-1850000.0,0.0,3461000.0,-25746000.0,-5079000.0,-27364000.0,-138668000.0,0.0,164182000.0,0.0,16103000.0,16103000.0,16103000.0,0.0,0.0,0.046,176880000.0,49088000.0,72619000.0,0.302,2.247,48.928,48.023,971754000.0,0.0,2.065,2.227,2.223,70028000.0,11674000.0,353756000.0,353756000.0,40167000.0,0.015,0.046,0.036,0.139,0.0,28377000.0,1.0,381546576.0,380844000,384912000.0,0.929,1100947000.0,30018000.0,7674000.0,229623000.0,2.891,-15108000.0
19,CTRA,MRY,2001-12-31,2001-12-31,2001-12-31,2021-10-04,835000.0,1069031000.0,920037250.0,84987000.0,984044000.0,0.486,0.954,-120300000.0,5706000.0,5706000.0,157343000.0,47084000.0,0.771,2.085,393000000.0,0.0,393000000.0,393000000.0,0.0,80619000.0,0.0,0.006,0.013,95366000.0,175985000.0,0.394,175985000.0,95366000.0,74549000.0,0.13,0.128,0.13,346552000.0,327480250.0,346552000.0,1113108053.0,12.0,6.325,133100000.0,0.366,1.0,289699000.0,0.648,0.0,20817000.0,1346085000.0,1074354250.0,17560000.0,0.0,0.0,0.0,722479000.0,110240000.0,612239000.0,760040053.0,-4122000.0,-187785000.0,7749000.0,118781000.0,-4802000.0,121728000.0,-379250000.0,0.0,253400000.0,0.0,47084000.0,47084000.0,47084000.0,0.0,0.0,0.105,194333000.0,95366000.0,79575000.0,0.1,2.193,16.142,15.417,981338000.0,0.0,2.004,1.7,1.629,50711000.0,650000.0,447042000.0,447042000.0,71165000.0,0.051,0.144,0.089,0.213,0.0,27920000.0,1.0,379229964.0,363312000,368208000.0,1.23,1069031000.0,0.0,27465000.0,200859000.0,2.942,-25253000.0
20,CTRA,MRY,2000-12-31,2000-12-31,2000-12-31,2021-10-04,0.0,735634000.0,690080500.0,110269000.0,625365000.0,0.534,0.738,-96209000.0,7574000.0,7574000.0,194468000.0,25472000.0,0.934,2.033,269000000.0,16000000.0,253000000.0,269000000.0,0.0,53441000.0,0.0,0.005,0.013,64817000.0,118258000.0,0.321,118258000.0,64817000.0,41939000.0,0.089,0.088,0.089,242505000.0,217326750.0,242505000.0,1178927904.0,18.0,9.969,22801000.0,0.069,1.0,174183000.0,0.472,0.0,22878000.0,878952000.0,855426000.0,11037000.0,0.0,0.0,0.0,493129000.0,118108000.0,375021000.0,904949904.0,5895000.0,0.0,85104000.0,-24000000.0,-4350000.0,2952000.0,-116067000.0,0.0,119010000.0,0.0,25472000.0,29221000.0,29221000.0,0.0,0.0,0.079,109366000.0,64817000.0,81566000.0,0.146,3.732,30.969,29.204,623174000.0,-3749000.0,2.599,2.455,2.317,85677000.0,-41632000.0,368651000.0,368651000.0,19858000.0,0.042,0.134,0.076,0.176,0.0,20421000.0,1.0,348169248.0,328608000,328608000.0,1.122,735634000.0,0.0,16467000.0,108174000.0,2.239,-7839000.0
21,CTRA,MRY,1999-12-31,1999-12-31,1999-12-31,2021-10-04,0.0,659480000.0,682869750.0,66640000.0,592840000.0,0.431,0.629,-25863000.0,1679000.0,1679000.0,162509000.0,8519000.0,0.741,2.536,293000000.0,16000000.0,277000000.0,293000000.0,0.0,53357000.0,0.0,0.01,0.013,39498000.0,92855000.0,0.316,92855000.0,39498000.0,13680000.0,0.018,0.018,0.018,186496000.0,181644750.0,186496000.0,699395637.0,18.0,7.532,66625000.0,0.225,1.0,131528000.0,0.447,0.0,25818000.0,860863000.0,925079250.0,10929000.0,0.0,0.0,0.0,472984000.0,89938000.0,383046000.0,402672637.0,-521000.0,0.0,1738000.0,-50000000.0,-3992000.0,-55656000.0,-37353000.0,0.0,92488000.0,0.0,8519000.0,5117000.0,5117000.0,0.0,0.0,0.017,92030000.0,39498000.0,56551000.0,0.722,2.159,78.693,74.352,590301000.0,3402000.0,1.338,1.369,1.351,50391000.0,-66503000.0,294037000.0,294037000.0,11490000.0,0.007,0.028,0.043,0.134,0.0,20136000.0,1.0,300876192.0,296712000,296712000.0,0.991,659480000.0,0.0,5161000.0,95012000.0,2.223,-23298000.0
22,CTRA,MRY,1998-12-31,1998-12-31,1998-12-31,2021-10-04,0.0,704160000.0,606974000.0,71115000.0,633045000.0,0.414,0.615,-202578000.0,2200000.0,2200000.0,137308000.0,5304000.0,0.718,2.855,343000000.0,16000000.0,327000000.0,343000000.0,0.0,41186000.0,0.0,0.01,0.013,27403000.0,68589000.0,0.273,68589000.0,27403000.0,8805000.0,0.007,0.007,0.007,182668000.0,186270750.0,182668000.0,620831200.0,23.0,9.051,-115341000.0,-0.389,1.0,114032000.0,0.454,0.0,18598000.0,945926000.0,774877250.0,9312000.0,0.0,0.0,0.0,521492000.0,99034000.0,422458000.0,373927200.0,416000.0,0.0,-795000.0,144000000.0,-3974000.0,135321000.0,-222142000.0,0.0,87237000.0,0.0,5304000.0,1902000.0,1902000.0,0.0,0.0,0.008,86629000.0,27403000.0,66628000.0,1.857,2.047,196.597,178.571,629908000.0,3402000.0,1.25,1.488,1.476,55799000.0,-67630000.0,251340000.0,251340000.0,19564000.0,0.003,0.01,0.035,0.109,0.0,21950000.0,1.0,299141760.0,296796000,296796000.0,0.847,704160000.0,0.0,3501000.0,85952000.0,2.373,-27919000.0
23,CTRA,MRY,1997-12-31,1997-12-31,1997-12-31,2021-10-04,0.0,541805000.0,542509000.0,70533000.0,471272000.0,0.341,0.659,-24560000.0,1784000.0,1784000.0,44254000.0,28334000.0,0.821,1.944,199000000.0,16000000.0,183000000.0,199000000.0,0.0,40598000.0,0.0,0.008,0.013,63852000.0,104450000.0,0.564,104450000.0,63852000.0,45891000.0,0.083,0.081,0.083,184062000.0,174950500.0,184062000.0,710289434.0,11.0,6.8,70480000.0,0.252,1.0,140873000.0,0.761,0.0,17961000.0,653149000.0,686943000.0,6875000.0,0.0,0.0,0.0,357743000.0,85872000.0,271871000.0,479084434.0,417000.0,0.0,2197000.0,-49000000.0,-3732000.0,-56179000.0,-38444000.0,0.0,95040000.0,0.0,28334000.0,23231000.0,23231000.0,0.0,0.0,0.125,77021000.0,63852000.0,52348000.0,0.157,2.603,20.623,19.518,469399000.0,5103000.0,1.62,2.588,2.444,59672000.0,-65551000.0,185127000.0,185127000.0,13884000.0,0.043,0.133,0.093,0.345,0.0,19744000.0,1.0,295731132.0,279264000,279264000.0,0.663,541805000.0,0.0,17557000.0,80108000.0,1.94,-15339000.0
24,CTRA,MRY,1996-12-31,1996-12-31,1996-12-31,2021-10-04,0.0,561341000.0,544748000.0,79637000.0,481704000.0,0.299,0.587,-54994000.0,1367000.0,1367000.0,41187000.0,20824000.0,1.097,2.493,248000000.0,0.0,248000000.0,248000000.0,0.0,42689000.0,0.0,0.009,0.013,48787000.0,91476000.0,0.561,91476000.0,48787000.0,31378000.0,0.056,0.055,0.056,160704000.0,154280000.0,160704000.0,,,,20491000.0,0.075,1.0,121874000.0,0.747,0.0,17409000.0,735357000.0,724301000.0,8797000.0,0.0,0.0,0.0,400637000.0,72617000.0,328020000.0,391316873.0,-1662000.0,0.0,613000.0,-1000000.0,-3649000.0,-9594000.0,-67553000.0,0.0,75485000.0,0.0,20824000.0,15258000.0,15258000.0,0.0,0.0,0.094,73087000.0,48787000.0,56338000.0,0.232,2.435,25.647,25.476,480511000.0,5566000.0,1.427,2.4,2.395,67810000.0,-85046000.0,163061000.0,163061000.0,12559000.0,0.028,0.099,0.067,0.299,0.0,16823000.0,1.0,274287528.0,273684000,273684000.0,0.596,561341000.0,0.0,10554000.0,69427000.0,2.051,7020000.0
25,CTRA,MRY,1995-12-31,1995-12-31,1995-12-31,2021-10-04,0.0,528155000.0,,52348000.0,475807000.0,,0.541,-14381000.0,3029000.0,3029000.0,39543000.0,-86618000.0,0.86,2.572,249000000.0,0.0,249000000.0,249000000.0,0.0,47206000.0,0.0,0.011,0.013,-116758000.0,-69552000.0,-0.574,-69552000.0,-116758000.0,-141643000.0,-0.338,-0.338,-0.338,147856000.0,,147856000.0,,,,27110000.0,0.099,1.0,81540000.0,0.673,0.0,24885000.0,713245000.0,,5596000.0,0.0,0.0,0.0,380299000.0,60881000.0,319418000.0,,-744000.0,8402000.0,348000.0,-19363000.0,-3644000.0,-28225000.0,-14010000.0,0.0,41491000.0,0.0,-86618000.0,-92171000.0,-92171000.0,0.0,0.0,-0.761,198298000.0,-116758000.0,48122000.0,-0.038,,,-3.607,474371000.0,5553000.0,1.219,,2.752,42014000.0,-96663000.0,121083000.0,121083000.0,8031000.0,,,,-0.964,0.0,16785000.0,1.0,,273300000,273300000.0,0.443,528155000.0,0.0,-55025000.0,62752000.0,1.933,-8533000.0
26,CTRA,MRY,1994-12-31,1994-12-31,1994-12-31,2021-10-04,,,,,,,,-72284000.0,,,45473000.0,-995000.0,,,,,,,,51040000.0,,0.011,0.013,15013000.0,66053000.0,0.471,66053000.0,15013000.0,-1638000.0,,,,,,,,,,-4981000.0,-0.019,1.0,94822000.0,0.676,,16651000.0,,,,,,,,,,,876000.0,-78525000.0,654000.0,98833000.0,-3541000.0,92396000.0,-158823000.0,0.0,67303000.0,0.0,-995000.0,-5444000.0,-5444000.0,0.0,0.0,-0.039,79809000.0,15013000.0,,,,,,,4449000.0,1.198,,2.257,,,140295000.0,140295000.0,8014000.0,,,,0.107,0.0,17278000.0,1.0,,264216000,,0.531,,,-643000.0,,,
0,CTRA,MRQ,2021-06-30,2021-06-30,2021-06-30,2021-10-04,2144000.0,4610567000.0,,396066000.0,4214501000.0,,5.756,-151302000.0,168914000.0,168914000.0,153825000.0,30464000.0,1.046,1.005,1123515000.0,177199000.0,946316000.0,1123515000.0,0.0,91549000.0,0.0,0.023,0.11,53862000.0,145411000.0,0.448,145411000.0,53862000.0,41304000.0,0.08,0.08,0.08,2299895000.0,,2299895000.0,7834754800.0,20.0,10.224,27640000.0,0.069,1.0,170842000.0,0.526,0.0,12558000.0,5186484000.0,,17395000.0,0.0,0.0,0.0,2310672000.0,378684000.0,1931988000.0,6973868800.0,-16323000.0,0.0,0.0,0.0,-43963000.0,-43963000.0,-151302000.0,0.0,178942000.0,0.0,30464000.0,30464000.0,30464000.0,0.0,0.0,0.094,116980000.0,53862000.0,166256000.0,1.375,3.032,25.539,25.304,4150791000.0,0.0,17.46,4.552,4.554,182700000.0,2257320000.0,324667000.0,324667000.0,2368000.0,,,,,3626000.0,23037000.0,1.0,399419748.0,399586000,402206000.0,0.813,4610567000.0,22424000.0,10840000.0,788811000.0,11.538,17382000.0
1,CTRA,MRQ,2021-03-31,2021-03-31,2021-03-31,2021-10-04,2282000.0,4550852000.0,,411915000.0,4138937000.0,,5.778,-123525000.0,185237000.0,185237000.0,158383000.0,126354000.0,1.307,0.974,1046123000.0,100000000.0,946123000.0,1046123000.0,0.0,94148000.0,0.0,0.021,0.1,175392000.0,269540000.0,0.586,269540000.0,175392000.0,163015000.0,0.32,0.31,0.32,2305970000.0,,2305970000.0,8483335867.0,22.0,11.028,167002000.0,0.418,1.0,301297000.0,0.655,0.0,12377000.0,5096646000.0,,15870000.0,9574000.0,9574000.0,0.0,2244882000.0,315092000.0,1929790000.0,7501102867.0,33546000.0,0.0,0.0,-88000000.0,-39887000.0,-133456000.0,-123525000.0,0.0,290527000.0,0.0,126354000.0,126354000.0,126354000.0,0.0,0.0,0.275,125905000.0,175392000.0,169101000.0,0.312,3.253,27.479,27.217,4075428000.0,0.0,18.78,4.871,4.868,197843000.0,2270819000.0,459680000.0,459680000.0,2627000.0,,,,,11076000.0,29155000.0,1.0,399419748.0,399121000,401811000.0,1.152,4550852000.0,2559000.0,36661000.0,806421000.0,11.402,96823000.0
2,CTRA,MRQ,2020-12-31,2020-12-31,2020-12-31,2021-10-04,2419000.0,4523532000.0,,415715000.0,4107817000.0,,5.559,-96932000.0,151691000.0,151691000.0,167753000.0,131206000.0,1.065,1.042,1133924000.0,188000000.0,945924000.0,1133924000.0,0.0,96497000.0,0.0,0.025,0.1,162834000.0,259331000.0,0.568,259331000.0,162834000.0,151853000.0,0.33,0.33,0.33,2215707000.0,,2215707000.0,7650472463.0,26.0,11.15,210910000.0,0.529,1.0,289025000.0,0.633,0.0,10981000.0,5115539000.0,,15270000.0,26209000.0,26209000.0,0.0,2307825000.0,390226000.0,1917599000.0,6488880463.0,139943000.0,0.0,0.0,-28000000.0,-39858000.0,-70967000.0,-96932000.0,0.0,307842000.0,0.0,131206000.0,131206000.0,131206000.0,0.0,0.0,0.287,126191000.0,162834000.0,162081000.0,0.303,2.929,32.359,32.56,4044606000.0,0.0,16.28,4.424,4.424,214724000.0,2184352000.0,456778000.0,456778000.0,4750000.0,,,,,6592000.0,24534000.0,1.0,398579881.0,398584000,400204000.0,1.146,4523532000.0,6171000.0,20647000.0,774195000.0,11.349,25489000.0
3,CTRA,MRQ,2020-09-30,2020-09-30,2020-09-30,2021-10-04,929000.0,4419305000.0,,322552000.0,4096753000.0,,5.315,-147179000.0,11748000.0,11748000.0,170794000.0,-14961000.0,0.836,1.086,1173340000.0,199628000.0,973712000.0,1173340000.0,0.0,99649000.0,0.0,0.023,0.1,-7590000.0,92059000.0,0.316,92059000.0,-7590000.0,-21979000.0,-0.04,-0.04,-0.04,2118488000.0,,2118488000.0,8011099734.0,23.0,10.606,-18119000.0,-0.045,1.0,120247000.0,0.413,0.0,14389000.0,5194969000.0,,14929000.0,0.0,0.0,0.0,2300817000.0,385928000.0,1914889000.0,6919346734.0,-116994000.0,0.0,0.0,-59000000.0,-39857000.0,-98875000.0,-147179000.0,0.0,129060000.0,0.0,-14961000.0,-14961000.0,-14961000.0,0.0,0.0,-0.051,127837000.0,-7590000.0,151662000.0,-2.5,3.266,31.995,31.564,4034680000.0,0.0,17.36,4.703,4.703,136738000.0,2093004000.0,291041000.0,291041000.0,3900000.0,,,,,10741000.0,24262000.0,1.0,398579881.0,398580000,398580000.0,0.73,4419305000.0,156815000.0,-7018000.0,748489000.0,11.088,-63376000.0
4,CTRA,MRQ,2020-06-30,2020-06-30,2020-06-30,2021-10-04,1073000.0,4527870000.0,,463934000.0,4063936000.0,,5.434,-182254000.0,128742000.0,128742000.0,156024000.0,30374000.0,1.216,1.09,1220495000.0,175000000.0,1045495000.0,1220495000.0,0.0,94622000.0,0.0,0.023,0.1,53668000.0,148290000.0,0.446,148290000.0,53668000.0,39125000.0,0.08,0.08,0.08,2165979000.0,,2165979000.0,7853350262.0,16.0,8.689,-45818000.0,-0.115,1.0,176324000.0,0.531,0.0,14543000.0,5238235000.0,,17948000.0,40636000.0,40636000.0,0.0,2361891000.0,381388000.0,1980503000.0,6847527262.0,-85695000.0,0.0,0.0,0.0,-39858000.0,-39877000.0,-182254000.0,0.0,136436000.0,0.0,30374000.0,30374000.0,30374000.0,0.0,0.0,0.091,122656000.0,53668000.0,161657000.0,1.25,3.161,21.293,21.21,4002492000.0,0.0,17.18,4.255,4.255,117918000.0,2147822000.0,332348000.0,332348000.0,4579000.0,,,,,7698000.0,23166000.0,1.0,398575510.0,398576000,401279000.0,0.834,4527870000.0,155343000.0,8751000.0,754108000.0,11.36,82546000.0
5,CTRA,MRQ,2020-03-31,2020-03-31,2020-03-31,2021-10-04,1224000.0,4522175000.0,,541789000.0,3980386000.0,,5.444,-148654000.0,214437000.0,214437000.0,164314000.0,53910000.0,1.399,1.085,1220260000.0,175000000.0,1045260000.0,1220260000.0,0.0,100135000.0,0.0,0.022,0.1,86335000.0,186470000.0,0.483,186470000.0,86335000.0,72124000.0,0.14,0.13,0.14,2168395000.0,,2168395000.0,7857755017.0,11.0,7.128,56243000.0,0.141,1.0,222143000.0,0.575,0.0,14211000.0,5140821000.0,,18249000.0,16085000.0,16085000.0,0.0,2353780000.0,387177000.0,1966603000.0,6851513017.0,654000.0,0.0,0.0,0.0,-39817000.0,-46130000.0,-158113000.0,-9424000.0,204897000.0,0.0,53910000.0,53910000.0,53910000.0,0.0,0.0,0.139,135749000.0,86394000.0,183816000.0,0.714,3.16,14.509,14.819,3920497000.0,0.0,17.19,3.783,3.781,135697000.0,2157306000.0,386457000.0,386457000.0,2190000.0,,,,,15765000.0,33429000.0,1.0,398575510.0,398343000,399897000.0,0.97,4522175000.0,156551000.0,18214000.0,746108000.0,11.352,154612000.0
6,CTRA,MRQ,2019-12-31,2019-12-31,2019-12-31,2021-10-04,1360000.0,4487245000.0,,568248000.0,3918997000.0,,5.319,-167473000.0,213783000.0,213783000.0,174283000.0,146940000.0,1.732,1.086,1220025000.0,87000000.0,1133025000.0,1220025000.0,0.0,106439000.0,0.0,0.02,0.1,222065000.0,328504000.0,0.712,328504000.0,222065000.0,207415000.0,0.37,0.36,0.37,2151487000.0,,2151487000.0,8239442557.0,9.0,6.054,95507000.0,0.236,1.0,287085000.0,0.622,0.0,14650000.0,5165453000.0,,13932000.0,31000.0,31000.0,0.0,2335758000.0,328034000.0,2007724000.0,7101968557.0,131467000.0,0.0,-172417000.0,0.0,-40793000.0,-213214000.0,81701000.0,249535000.0,262980000.0,0.0,146940000.0,146940000.0,146940000.0,0.0,0.0,0.318,134322000.0,152763000.0,189811000.0,0.27,3.301,10.428,10.616,3855706000.0,0.0,17.41,3.437,3.501,209023000.0,2143213000.0,461368000.0,461368000.0,5241000.0,,,,,6289000.0,22500000.0,1.0,407924673.0,404459000,406501000.0,1.141,4487245000.0,129795000.0,60475000.0,702104000.0,11.094,240214000.0
7,CTRA,MRQ,2019-09-30,2019-09-30,2019-09-30,2021-10-04,4027000.0,4442665000.0,,421679000.0,4020986000.0,,5.367,-199141000.0,82316000.0,82316000.0,169469000.0,90358000.0,1.43,1.007,1219790000.0,87000000.0,1132790000.0,1219790000.0,0.0,110889000.0,0.0,0.018,0.09,129634000.0,240523000.0,0.561,240523000.0,129634000.0,116080000.0,0.22,0.22,0.22,2213576000.0,,2213576000.0,8329284053.0,8.0,5.545,71733000.0,0.174,1.0,259642000.0,0.605,0.0,13554000.0,5285354000.0,,18195000.0,194786000.0,25700000.0,169086000.0,2229089000.0,294785000.0,1934304000.0,7351123053.0,-159078000.0,0.0,-190808000.0,0.0,-37025000.0,-227863000.0,-202089000.0,898000.0,270874000.0,0.0,90358000.0,90358000.0,90358000.0,0.0,0.0,0.211,133868000.0,125774000.0,172732000.0,0.409,3.321,9.085,9.296,3787581000.0,0.0,17.57,3.167,3.122,159239000.0,2037066000.0,429111000.0,429111000.0,4481000.0,,,,,1662000.0,18391000.0,1.0,418390612.0,412456000,414462000.0,1.04,4442665000.0,133028000.0,25722000.0,647473000.0,10.771,126894000.0
8,CTRA,MRQ,2019-06-30,2019-06-30,2019-06-30,2021-10-04,4164000.0,4563729000.0,,631330000.0,3932399000.0,,5.555,-225850000.0,241394000.0,241394000.0,163422000.0,181009000.0,2.698,0.946,1219555000.0,0.0,1219555000.0,1219555000.0,0.0,96147000.0,0.0,0.013,0.09,250662000.0,346809000.0,0.649,346809000.0,250662000.0,236095000.0,0.43,0.43,0.43,2344804000.0,,2344804000.0,10624407838.0,9.0,6.816,100800000.0,0.239,1.0,370695000.0,0.694,0.0,14567000.0,5307864000.0,,19381000.0,227332000.0,61194000.0,166138000.0,2218925000.0,234026000.0,1984899000.0,9718653838.0,-73495000.0,0.0,-125260000.0,0.0,-38092000.0,-171750000.0,-228395000.0,758000.0,326650000.0,0.0,181009000.0,181009000.0,181009000.0,0.0,0.0,0.339,123683000.0,247012000.0,184960000.0,0.209,4.145,11.554,11.774,3699575000.0,0.0,22.96,3.988,3.977,183376000.0,1983733000.0,534117000.0,534117000.0,4504000.0,,,,,6571000.0,22889000.0,1.0,423286317.0,422141000,424349000.0,1.265,4563729000.0,121859000.0,55086000.0,611163000.0,10.811,397304000.0
9,CTRA,MRQ,2019-03-31,2019-03-31,2019-03-31,2021-10-04,4300000.0,4481547000.0,,680191000.0,3801356000.0,,5.485,-193304000.0,314889000.0,314889000.0,161514000.0,262763000.0,2.83,0.931,1220643000.0,1305000.0,1219338000.0,1220643000.0,0.0,92258000.0,0.0,0.01,0.07,352815000.0,445073000.0,0.694,445073000.0,352815000.0,340634000.0,0.62,0.62,0.62,2320939000.0,,2320939000.0,12273702225.0,13.0,8.927,391983000.0,0.926,1.0,480167000.0,0.748,0.0,12181000.0,5146986000.0,,18277000.0,178210000.0,14246000.0,163964000.0,2160608000.0,240315000.0,1920293000.0,11049885225.0,312602000.0,0.0,-31378000.0,-7000000.0,-29605000.0,-77553000.0,-195132000.0,0.0,585287000.0,0.0,262763000.0,262763000.0,262763000.0,0.0,0.0,0.409,131036000.0,349131000.0,204544000.0,0.113,4.761,15.728,16.211,3574622000.0,0.0,26.1,4.689,4.686,220732000.0,1840816000.0,641681000.0,641681000.0,6044000.0,,,,,14487000.0,31090000.0,1.0,423367250.0,423116000,425189000.0,1.517,4481547000.0,111303000.0,77871000.0,546559000.0,10.592,439876000.0
10,CTRA,MRQ,2018-12-31,2018-12-31,2018-12-31,2021-10-04,4437000.0,4198829000.0,,544545000.0,3654284000.0,,4.847,-244142000.0,2287000.0,2287000.0,170741000.0,275045000.0,1.896,1.011,1226104000.0,0.0,1226104000.0,1226104000.0,0.0,129269000.0,0.0,0.011,0.07,340562000.0,469831000.0,0.656,469831000.0,340562000.0,324938000.0,0.62,0.62,0.62,2088159000.0,,2088159000.0,10617562139.0,14.0,8.931,71909000.0,0.167,1.0,545560000.0,0.762,0.0,15624000.0,5135382000.0,,11076000.0,220846000.0,57665000.0,163181000.0,2110670000.0,287264000.0,1823406000.0,9636870139.0,-313790000.0,0.0,-291036000.0,-60000000.0,-30184000.0,-381302000.0,-248539000.0,0.0,316051000.0,0.0,275045000.0,275045000.0,275045000.0,0.0,0.0,0.384,207144000.0,338416000.0,241939000.0,0.113,4.615,17.3,17.88,3463606000.0,0.0,22.35,4.404,4.551,362403000.0,1607658000.0,716301000.0,716301000.0,45654000.0,,,,,14971000.0,30628000.0,1.0,431179872.0,430817000,433333000.0,1.663,4198829000.0,109251000.0,49893000.0,458597000.0,9.746,257281000.0
11,CTRA,MRQ,2018-09-30,2018-09-30,2018-09-30,2021-10-04,2112000.0,4179043000.0,,619864000.0,3559179000.0,,4.751,-231575000.0,316077000.0,316077000.0,242821000.0,122337000.0,1.693,0.996,1296769000.0,77921000.0,1218848000.0,1296769000.0,0.0,121172000.0,0.0,0.01,0.06,175936000.0,297108000.0,0.545,297108000.0,175936000.0,161745000.0,0.28,0.28,0.28,2094147000.0,,2094147000.0,10726481688.0,-1333.0,25.341,10617000.0,0.024,1.0,302352000.0,0.555,0.0,14191000.0,4793637000.0,,12476000.0,159182000.0,0.0,159182000.0,2084896000.0,366098000.0,1718798000.0,9935314688.0,-424917000.0,0.0,-162071000.0,-237000000.0,-26467000.0,-425573000.0,-241536000.0,0.0,242192000.0,0.0,122337000.0,122337000.0,122337000.0,0.0,0.0,0.224,126405000.0,175947000.0,263623000.0,0.214,4.744,41.823,41.704,3366237000.0,0.0,22.52,5.306,5.301,222827000.0,1362797000.0,545173000.0,545173000.0,10049000.0,,,,,6108000.0,20724000.0,1.0,441177384.0,440772000,443110000.0,1.237,4179043000.0,65792000.0,39408000.0,358708000.0,9.481,253766000.0
12,CTRA,MRQ,2018-06-30,2018-06-30,2018-06-30,2021-10-04,2248000.0,4396710000.0,,987413000.0,3409297000.0,,4.776,-230691000.0,740994000.0,740994000.0,215320000.0,42431000.0,1.671,1.041,1532161000.0,313589000.0,1218572000.0,1532161000.0,0.0,84910000.0,0.0,0.009,0.06,77911000.0,162821000.0,0.359,162821000.0,77911000.0,54583000.0,0.09,0.09,0.09,2154174000.0,,2154174000.0,11310713545.0,-81.0,35.622,43209000.0,0.096,1.0,238127000.0,0.525,0.0,23328000.0,4597133000.0,,20470000.0,151396000.0,0.0,151396000.0,2242536000.0,590744000.0,1651792000.0,10745408545.0,-223934000.0,0.0,-212520000.0,0.0,-27071000.0,-239656000.0,-258178000.0,0.0,273900000.0,0.0,42431000.0,42431000.0,42431000.0,0.0,0.0,0.094,160212000.0,77915000.0,235978000.0,0.667,4.988,80.909,79.333,3225493000.0,0.0,23.8,6.274,6.268,180545000.0,1266928000.0,453447000.0,453447000.0,54500000.0,,,,,5180000.0,21228000.0,1.0,451487754.0,451055000,453114000.0,1.005,4396710000.0,41512000.0,12152000.0,293927000.0,9.748,396669000.0
13,CTRA,MRQ,2018-03-31,2018-03-31,2018-03-31,2021-10-04,2383000.0,4538401000.0,,1236118000.0,3302283000.0,,5.235,490288000.0,964928000.0,964928000.0,144335000.0,117231000.0,2.421,0.886,1530233000.0,312002000.0,1218231000.0,1530233000.0,0.0,82128000.0,0.0,0.009,0.06,176930000.0,259058000.0,0.547,259058000.0,176930000.0,156872000.0,0.26,0.25,0.26,2406516000.0,,2406516000.0,12122134939.0,-76.0,33.977,763048000.0,1.66,1.0,328892000.0,0.695,0.0,20058000.0,4593215000.0,,12448000.0,131814000.0,5551000.0,126263000.0,2131885000.0,510491000.0,1621394000.0,11049653939.0,484881000.0,0.0,-207134000.0,0.0,-27647000.0,-242749000.0,454870000.0,0.0,272760000.0,0.0,117231000.0,117231000.0,117231000.0,0.0,0.0,0.248,150968000.0,177924000.0,174662000.0,0.231,4.592,98.742,92.231,3146252000.0,0.0,23.98,6.426,6.411,170000000.0,1251568000.0,473227000.0,473227000.0,3617000.0,,,,,5184000.0,24060000.0,1.0,460786236.0,459715000,461549000.0,1.029,4538401000.0,81420000.0,39641000.0,291280000.0,9.872,725627000.0
14,CTRA,MRQ,2017-12-31,2017-12-31,2017-12-31,2021-10-04,2077000.0,4727344000.0,,764957000.0,3962387000.0,,5.459,-95012000.0,480047000.0,480047000.0,155570000.0,-44441000.0,1.214,0.873,1552528000.0,334637000.0,1217891000.0,1552528000.0,0.0,143128000.0,0.0,0.006,0.05,-438824000.0,-295696000.0,-0.738,-295696000.0,-438824000.0,-459234000.0,-0.09,-0.09,-0.09,2523905000.0,,2523905000.0,14239835640.0,-97.0,33.703,84101000.0,0.182,1.0,244933000.0,0.612,0.0,20410000.0,5169775000.0,,8006000.0,88316000.0,0.0,88316000.0,2203439000.0,630050000.0,1573389000.0,13227740640.0,-30209000.0,0.0,-55486000.0,0.0,-23131000.0,-80653000.0,-128669000.0,0.0,179113000.0,0.0,-44441000.0,-44441000.0,-44441000.0,0.0,0.0,-0.111,587238000.0,-342305000.0,238045000.0,-0.556,5.241,131.76,130.0,3072204000.0,0.0,28.6,7.498,7.518,216004000.0,1162430000.0,400503000.0,400503000.0,4903000.0,,,,,7408000.0,26884000.0,1.0,462508414.0,462358000,464174000.0,0.866,4727344000.0,56666000.0,-414793000.0,227030000.0,10.224,134907000.0
15,CTRA,MRQ,2017-09-30,2017-09-30,2017-09-30,2021-10-04,3482000.0,5128766000.0,,718029000.0,4410737000.0,,5.718,-162244000.0,510256000.0,510256000.0,156164000.0,17587000.0,1.638,0.939,1522351000.0,237800000.0,1284551000.0,1522351000.0,0.0,146267000.0,0.0,0.005,0.05,45069000.0,191336000.0,0.496,191336000.0,45069000.0,24738000.0,0.04,0.04,0.04,2644594000.0,,2644594000.0,13379046972.0,-89.0,32.165,26857000.0,0.058,1.0,229252000.0,0.595,0.0,20331000.0,5702627000.0,,12997000.0,148920000.0,0.0,148920000.0,2484172000.0,438234000.0,2045938000.0,12371681972.0,-6278000.0,0.0,0.0,0.0,-23125000.0,-23379000.0,-172000000.0,0.0,189101000.0,0.0,17587000.0,17587000.0,17587000.0,0.0,0.0,0.046,187849000.0,41403000.0,160789000.0,1.25,4.678,-83.634,-83.594,4234772000.0,0.0,26.75,7.363,7.363,161690000.0,1230002000.0,385416000.0,385416000.0,6466000.0,,,,,7813000.0,23244000.0,1.0,462492784.0,462498000,464780000.0,0.833,5128766000.0,26963000.0,7151000.0,638014000.0,11.089,279795000.0
16,CTRA,MRQ,2017-06-30,2017-06-30,2017-06-30,2021-10-04,726000.0,5219459000.0,,735824000.0,4483635000.0,,5.685,-183848000.0,516534000.0,516534000.0,159535000.0,21527000.0,3.139,0.976,1523899000.0,2688000.0,1521211000.0,1523899000.0,0.0,144322000.0,0.0,0.004,0.05,57755000.0,202077000.0,0.439,202077000.0,57755000.0,37136000.0,0.05,0.05,0.05,2642031000.0,,2642031000.0,12671403496.0,-66.0,34.499,76720000.0,0.165,1.0,300922000.0,0.654,0.0,20619000.0,5992402000.0,,11080000.0,140581000.0,0.0,140581000.0,2577428000.0,234422000.0,2343006000.0,11675326496.0,-20951000.0,0.0,-68255000.0,0.0,-23276000.0,-91787000.0,-189732000.0,0.0,260568000.0,0.0,21527000.0,21527000.0,21527000.0,0.0,0.0,0.047,242196000.0,58726000.0,183554000.0,1.0,4.419,-66.423,-66.0,4202985000.0,0.0,25.08,7.273,7.262,177342000.0,1235540000.0,460457000.0,460457000.0,3959000.0,,,,,9915000.0,23957000.0,1.0,465523385.0,464768000,466745000.0,0.991,5219459000.0,16464000.0,15609000.0,617332000.0,11.23,501402000.0
17,CTRA,MRQ,2017-03-31,2017-03-31,2017-03-31,2021-10-04,1002000.0,5244388000.0,,748313000.0,4496075000.0,,5.818,-208010000.0,537485000.0,537485000.0,161219000.0,105720000.0,3.335,0.937,1533562000.0,12692000.0,1520870000.0,1533562000.0,0.0,135100000.0,0.0,0.003,0.02,189696000.0,324796000.0,0.627,324796000.0,189696000.0,168925000.0,0.23,0.23,0.23,2707179000.0,,2707179000.0,12422810615.0,-38.0,52.337,61368000.0,0.132,1.0,356624000.0,0.689,0.0,20771000.0,6016070000.0,,12095000.0,135983000.0,0.0,135983000.0,2537209000.0,224395000.0,2312814000.0,11360563615.0,38943000.0,0.0,0.0,0.0,-9306000.0,-14683000.0,-215752000.0,0.0,269378000.0,0.0,105720000.0,105720000.0,105720000.0,0.0,0.0,0.204,165645000.0,190979000.0,183305000.0,0.087,4.196,-43.659,-41.947,4328360000.0,0.0,23.91,8.164,7.996,192783000.0,1237289000.0,517843000.0,517843000.0,6198000.0,,,,,8283000.0,23700000.0,1.0,475138587.0,465348000,466888000.0,1.113,5244388000.0,1601000.0,63205000.0,592412000.0,11.27,523918000.0
18,CTRA,MRQ,2016-12-31,2016-12-31,2016-12-31,2021-10-04,985000.0,5122569000.0,,715881000.0,4406688000.0,,5.519,-128769000.0,498542000.0,498542000.0,145961000.0,-292760000.0,2.777,0.995,1560789000.0,40259000.0,1520530000.0,1560789000.0,0.0,141218000.0,0.0,0.003,0.02,-443477000.0,-302259000.0,-0.955,-302259000.0,-443477000.0,-463992000.0,-0.64,-0.64,-0.64,2567667000.0,,2567667000.0,11890707484.0,-21.0,630.305,10967000.0,0.024,1.0,170530000.0,0.539,0.0,20515000.0,5927004000.0,,13304000.0,129524000.0,0.0,129524000.0,2554902000.0,257812000.0,2297090000.0,10865892484.0,-2651000.0,0.0,0.0,0.0,-9302000.0,-9310000.0,-133077000.0,0.0,139736000.0,0.0,-292760000.0,-292760000.0,-292760000.0,0.0,0.0,-0.925,610920000.0,-440390000.0,168411000.0,-0.031,4.232,-26.05,-25.67,4250125000.0,0.0,23.36,9.402,9.234,191045000.0,1098703000.0,316491000.0,316491000.0,14553000.0,,,,,2931000.0,18441000.0,1.0,465149507.0,465208000,465208000.0,0.68,5122569000.0,10298000.0,-171232000.0,579447000.0,11.011,458069000.0
19,CTRA,MRQ,2016-09-30,2016-09-30,2016-09-30,2021-10-04,-313000.0,5531921000.0,,655645000.0,4876276000.0,,6.156,-86394000.0,501193000.0,501193000.0,142007000.0,-10260000.0,3.332,0.932,1526008000.0,5818000.0,1520190000.0,1526008000.0,0.0,139490000.0,0.0,0.003,0.02,3196000.0,142686000.0,0.46,142686000.0,3196000.0,-18287000.0,-0.02,-0.02,-0.02,2863250000.0,,2863250000.0,13041684437.0,-46.0,41.623,19021000.0,0.041,1.0,168422000.0,0.543,0.0,21483000.0,6359973000.0,,13487000.0,127901000.0,0.0,127901000.0,2668671000.0,196763000.0,2471908000.0,12000824437.0,-16297000.0,0.0,0.0,-20000000.0,-9303000.0,-29313000.0,-92399000.0,0.0,105415000.0,0.0,-10260000.0,-10260000.0,-10260000.0,0.0,0.0,-0.033,163097000.0,5325000.0,160142000.0,-1.0,4.191,-50.962,-46.909,4722598000.0,0.0,25.8,10.715,10.715,121301000.0,1400765000.0,310429000.0,310429000.0,2988000.0,,,,,5088000.0,19374000.0,1.0,465148234.0,465149000,465149000.0,0.667,5531921000.0,15558000.0,-8027000.0,749976000.0,11.893,458882000.0
20,CTRA,MRQ,2016-06-30,2016-06-30,2016-06-30,2021-10-04,-331000.0,5570470000.0,,659238000.0,4911232000.0,,6.187,-67162000.0,517490000.0,517490000.0,145031000.0,-62910000.0,2.885,0.936,1558350000.0,38501000.0,1519849000.0,1558350000.0,0.0,147533000.0,0.0,0.003,0.02,-75393000.0,72140000.0,0.292,72140000.0,-75393000.0,-97356000.0,-0.14,-0.14,-0.14,2877599000.0,,2877599000.0,12992982873.0,-45.0,41.386,18016000.0,0.039,1.0,101785000.0,0.412,0.0,21963000.0,6382840000.0,,14985000.0,123623000.0,0.0,123623000.0,2692871000.0,228490000.0,2464381000.0,11969106873.0,-61826000.0,0.0,1000.0,-64000000.0,-9300000.0,-73323000.0,-73681000.0,0.0,85178000.0,0.0,-62910000.0,-62910000.0,-62910000.0,0.0,0.0,-0.255,172094000.0,-70309000.0,142501000.0,-0.143,4.159,-49.718,-45.158,4762680000.0,0.0,25.74,10.736,10.738,118048000.0,1420328000.0,246816000.0,246816000.0,3738000.0,,,,,7357000.0,19945000.0,1.0,465000267.0,465068000,465068000.0,0.531,5570470000.0,4187000.0,-34446000.0,745085000.0,11.978,430748000.0
21,CTRA,MRQ,2016-03-31,2016-03-31,2016-03-31,2021-10-04,-365000.0,5702708000.0,,720687000.0,4982021000.0,,6.817,-42409000.0,579316000.0,579316000.0,144247000.0,-51194000.0,3.615,0.937,1603192000.0,20000000.0,1583192000.0,1603192000.0,0.0,161887000.0,0.0,0.004,0.02,-55589000.0,106298000.0,0.377,106298000.0,-55589000.0,-79964000.0,-0.12,-0.12,-0.12,2944060000.0,,2944060000.0,11427793187.0,-49.0,30.445,24703000.0,0.057,1.0,137694000.0,0.488,0.0,24375000.0,6527202000.0,,15948000.0,136172000.0,18994000.0,117178000.0,2758648000.0,199382000.0,2559266000.0,9403307187.0,578802000.0,0.0,995278000.0,-413000000.0,-8282000.0,565751000.0,-54061000.0,0.0,67112000.0,0.0,-51194000.0,-51194000.0,-51194000.0,0.0,0.0,-0.182,195292000.0,-57598000.0,147994000.0,-0.167,3.194,-45.794,-45.42,4837814000.0,0.0,22.71,8.007,8.351,100871000.0,1492538000.0,281941000.0,281941000.0,6383000.0,,,,,10606000.0,27873000.0,1.0,414060202.0,431841000,431841000.0,0.653,5702708000.0,4187000.0,-28770000.0,780295000.0,13.206,521305000.0
22,CTRA,MRQ,2015-12-31,2015-12-31,2015-12-31,2021-10-04,-365000.0,5253038000.0,,144786000.0,5108252000.0,,4.855,-135490000.0,514000.0,514000.0,151263000.0,-111124000.0,0.615,1.615,2016139000.0,20000000.0,1996139000.0,2016139000.0,0.0,149876000.0,0.0,0.005,0.02,-157670000.0,-7794000.0,-0.028,-7794000.0,-157670000.0,-182337000.0,-0.27,-0.27,-0.27,2009188000.0,,2009188000.0,9349669647.0,-103.0,17.58,29154000.0,0.07,1.0,129528000.0,0.461,0.0,24667000.0,7033111000.0,,17049000.0,103517000.0,0.0,103517000.0,3243850000.0,235552000.0,3008298000.0,7321442647.0,-8259000.0,0.0,0.0,-12000000.0,-8278000.0,-29138000.0,-143765000.0,0.0,164644000.0,0.0,-111124000.0,-111124000.0,-111124000.0,0.0,0.0,-0.396,287584000.0,-158056000.0,160407000.0,-0.074,3.644,-64.285,-63.179,4976879000.0,0.0,17.69,5.395,5.392,120229000.0,1552014000.0,280791000.0,280791000.0,8500000.0,,,,,2023000.0,14385000.0,1.0,413874655.0,413876000,413876000.0,0.678,5253038000.0,4323000.0,-71213000.0,807236000.0,12.692,-90766000.0
23,CTRA,MRQ,2015-09-30,2015-09-30,2015-09-30,2021-10-04,-2151000.0,5484672000.0,,215421000.0,5269251000.0,,5.127,-170369000.0,8773000.0,8773000.0,151366000.0,-15514000.0,0.811,1.585,2037000000.0,20000000.0,2017000000.0,2037000000.0,0.0,144326000.0,0.0,0.004,0.02,-1024000.0,143302000.0,0.469,143302000.0,-1024000.0,-25534000.0,-0.04,-0.04,-0.04,2121737000.0,,2121737000.0,11025611180.0,-26.0,49.196,-24006000.0,-0.058,1.0,153930000.0,0.504,0.0,24510000.0,7247314000.0,,18283000.0,141853000.0,48445000.0,93408000.0,3362935000.0,265585000.0,3097350000.0,9045842180.0,-6458000.0,-12000.0,0.0,42000000.0,-8275000.0,28244000.0,-181065000.0,0.0,146363000.0,0.0,-15514000.0,-15514000.0,-15514000.0,0.0,0.0,-0.051,156602000.0,-2672000.0,191341000.0,-0.5,4.263,-40.286,-40.481,5141404000.0,0.0,21.86,5.339,5.339,119743000.0,1671416000.0,305296000.0,305296000.0,4930000.0,,,,,2573000.0,11102000.0,1.0,413807968.0,413846000,413846000.0,0.738,5484672000.0,16218000.0,-10020000.0,889823000.0,13.253,-50164000.0
24,CTRA,MRQ,2015-06-30,2015-06-30,2015-06-30,2021-10-04,-2151000.0,5504920000.0,,254993000.0,5249927000.0,,5.187,-249929000.0,15231000.0,15231000.0,148903000.0,-27508000.0,0.914,1.565,1995000000.0,0.0,1995000000.0,1995000000.0,0.0,152512000.0,0.0,0.003,0.02,-18962000.0,133550000.0,0.436,133550000.0,-18962000.0,-43130000.0,-0.07,-0.07,-0.07,2145916000.0,,2145916000.0,14908116199.0,-65.0,35.064,-78719000.0,-0.19,1.0,157394000.0,0.514,0.0,24168000.0,7205837000.0,,20423000.0,157253000.0,76178000.0,81075000.0,3359004000.0,278852000.0,3080152000.0,13045064199.0,1283000.0,-16300000.0,0.0,118000000.0,-8274000.0,101338000.0,-271265000.0,0.0,171210000.0,0.0,-27508000.0,-27508000.0,-27508000.0,0.0,0.0,-0.09,177868000.0,-20474000.0,218633000.0,-0.286,6.079,-120.524,-121.308,5132655000.0,0.0,31.54,6.862,6.864,138354000.0,1695205000.0,306297000.0,306297000.0,5298000.0,,,,,6575000.0,19978000.0,1.0,413603811.0,413713000,413713000.0,0.74,5504920000.0,0.0,-15622000.0,880823000.0,13.306,-23859000.0
25,CTRA,MRQ,2015-03-31,2015-03-31,2015-03-31,2021-10-04,-2151000.0,5512323000.0,,349403000.0,5162920000.0,,5.263,-392161000.0,13948000.0,13948000.0,172271000.0,40255000.0,0.868,1.534,1877000000.0,0.0,1877000000.0,1877000000.0,0.0,175497000.0,0.0,0.003,0.02,87295000.0,262792000.0,0.565,262792000.0,87295000.0,63729000.0,0.1,0.1,0.1,2175531000.0,,2175531000.0,13931971721.0,-13876.0,21.114,-124780000.0,-0.302,1.0,292494000.0,0.629,0.0,23566000.0,6972629000.0,,14087000.0,208569000.0,134041000.0,74528000.0,3336792000.0,402746000.0,2934046000.0,12200925721.0,-7006000.0,0.0,0.0,125000000.0,-8263000.0,122852000.0,-397239000.0,0.0,267381000.0,0.0,40255000.0,40255000.0,40255000.0,0.0,0.0,0.087,206620000.0,85874000.0,321215000.0,0.2,5.608,323.701,328.111,5058804000.0,0.0,29.53,5.734,5.736,185281000.0,1730987000.0,464765000.0,464765000.0,8732000.0,,,,,2474000.0,22529000.0,1.0,413170529.0,413344000,414771000.0,1.124,5512323000.0,0.0,23474000.0,898601000.0,13.336,-53343000.0
26,CTRA,MRQ,2014-12-31,2014-12-31,2014-12-31,2021-10-04,-2151000.0,5437716000.0,,413447000.0,5024269000.0,,5.188,-479312000.0,20954000.0,20954000.0,153580000.0,-221771000.0,0.829,1.538,1752000000.0,0.0,1752000000.0,1752000000.0,0.0,173765000.0,0.0,0.003,0.02,-489293000.0,-315528000.0,-0.511,-315528000.0,-489293000.0,-512766000.0,-0.53,-0.53,-0.53,2142733000.0,,2142733000.0,13531531647.0,127.0,18.312,-186127000.0,-0.451,1.0,464424000.0,0.751,0.0,23473000.0,6669744000.0,,14026000.0,205632000.0,137603000.0,68029000.0,3294983000.0,499018000.0,2795965000.0,12229518647.0,-289033000.0,-198911000.0,-19085000.0,140000000.0,-8260000.0,105278000.0,-687496000.0,0.0,293185000.0,0.0,-221771000.0,-221771000.0,-221771000.0,0.0,0.0,-0.359,954978000.0,-490554000.0,400076000.0,-0.038,5.707,117.065,118.44,4925711000.0,0.0,29.61,5.628,5.666,235397000.0,1698995000.0,618004000.0,618004000.0,8783000.0,,,,,15501000.0,21248000.0,1.0,413019880.0,413005000,415000000.0,1.496,5437716000.0,3612000.0,-290995000.0,879149000.0,13.166,-85571000.0
27,CTRA,MRQ,2014-09-30,2014-09-30,2014-09-30,2021-10-04,-19199000.0,5807264000.0,,587946000.0,5219318000.0,,5.686,-342460000.0,309987000.0,309987000.0,140381000.0,100788000.0,1.358,1.454,1612000000.0,0.0,1612000000.0,1612000000.0,0.0,154014000.0,0.0,0.002,0.02,190341000.0,344355000.0,0.673,344355000.0,190341000.0,172919000.0,0.24,0.24,0.24,2366471000.0,,2366471000.0,14827227946.0,19.0,10.559,15842000.0,0.038,1.0,371636000.0,0.726,0.0,17422000.0,6676486000.0,,13731000.0,57495000.0,0.0,57495000.0,3440793000.0,432791000.0,3008002000.0,13641344946.0,264377000.0,-15826000.0,-119767000.0,419000000.0,-8339000.0,270915000.0,-364840000.0,0.0,358302000.0,0.0,100788000.0,100788000.0,100788000.0,0.0,0.0,0.197,182358000.0,189278000.0,379787000.0,0.083,5.764,33.75,33.701,5130213000.0,0.0,32.69,6.679,6.661,191270000.0,1929026000.0,512017000.0,512017000.0,8812000.0,,,,,18968000.0,19579000.0,1.0,417294125.0,416173000,418093000.0,1.23,5807264000.0,53725000.0,72131000.0,1216197000.0,13.954,155155000.0
28,CTRA,MRQ,2014-06-30,2014-06-30,2014-06-30,2021-10-04,-32164000.0,5208922000.0,,306096000.0,4902826000.0,,5.756,-279775000.0,45610000.0,45610000.0,139428000.0,118420000.0,0.845,1.169,1231493000.0,38493000.0,1193000000.0,1231493000.0,0.0,157563000.0,0.0,0.002,0.02,210653000.0,368216000.0,0.691,368216000.0,210653000.0,194319000.0,0.28,0.28,0.28,2401939000.0,,2401939000.0,15496582421.0,22.0,11.389,49795000.0,0.119,1.0,393759000.0,0.739,0.0,16334000.0,6032658000.0,,11914000.0,49854000.0,0.0,49854000.0,2806983000.0,362147000.0,2444836000.0,14246298421.0,20179000.0,0.0,0.0,-29000000.0,-8347000.0,-33035000.0,-276356000.0,0.0,329570000.0,0.0,118420000.0,118420000.0,118420000.0,0.0,0.0,0.222,183862000.0,209897000.0,255681000.0,0.071,5.931,38.165,37.933,4825524000.0,0.0,34.14,7.245,7.245,212100000.0,1836577000.0,533187000.0,533187000.0,4676000.0,,,,,1349000.0,20127000.0,1.0,417290522.0,417291000,419092000.0,1.278,5208922000.0,32947000.0,75899000.0,1109565000.0,12.483,-56051000.0
29,CTRA,MRQ,2014-03-31,2014-03-31,2014-03-31,2021-10-04,-45971000.0,5145775000.0,,373830000.0,4771945000.0,,5.442,-338593000.0,45144000.0,45144000.0,138503000.0,107031000.0,0.864,1.268,1295428000.0,73428000.0,1222000000.0,1295428000.0,0.0,147418000.0,0.0,0.002,0.02,194487000.0,341905000.0,0.671,341905000.0,194487000.0,177930000.0,0.26,0.26,0.26,2268791000.0,,2268791000.0,15414878369.0,23.0,11.778,-83215000.0,-0.2,1.0,371300000.0,0.728,0.0,16557000.0,5963431000.0,,10392000.0,0.0,0.0,0.0,2876984000.0,432628000.0,2444356000.0,14305460369.0,2031000.0,0.0,0.0,75000000.0,-8332000.0,82801000.0,-336148000.0,0.0,255378000.0,0.0,107031000.0,107031000.0,107031000.0,0.0,0.0,0.21,176813000.0,194487000.0,297685000.0,0.077,6.305,41.588,40.819,4710569000.0,0.0,33.88,7.598,7.502,245073000.0,1726504000.0,509803000.0,509803000.0,6474000.0,,,,,-13014000.0,21636000.0,1.0,422239090.0,416900000,418513000.0,1.223,5145775000.0,71806000.0,70899000.0,1088809000.0,12.343,-58798000.0
30,CTRA,MRQ,2013-12-31,2013-12-31,2013-12-31,2021-10-04,-8361000.0,4981080000.0,,378899000.0,4602181000.0,,5.265,-43012000.0,51494000.0,51494000.0,126667000.0,77946000.0,0.929,1.259,1160912000.0,13912000.0,1147000000.0,1160912000.0,0.0,182030000.0,0.0,0.002,0.02,167686000.0,349716000.0,0.717,349716000.0,167686000.0,151008000.0,0.19,0.18,0.19,2204602000.0,,2204602000.0,17489218995.0,32.0,14.542,214838000.0,0.513,1.0,360796000.0,0.74,0.0,16678000.0,5682593000.0,,17468000.0,29911000.0,3019000.0,26892000.0,2776478000.0,407905000.0,2368573000.0,16355150995.0,-4532000.0,128000.0,-164634000.0,-15000000.0,-8402000.0,-181153000.0,-81229000.0,0.0,257850000.0,0.0,77946000.0,77946000.0,77946000.0,0.0,0.0,0.16,193598000.0,167198000.0,288801000.0,0.105,7.419,58.459,57.851,4546227000.0,0.0,38.76,9.366,9.326,222476000.0,1627805000.0,487463000.0,487463000.0,5721000.0,,,,,652000.0,22597000.0,1.0,421959520.0,418760000,421028000.0,1.164,4981080000.0,81855000.0,73062000.0,1099503000.0,11.895,-29006000.0
31,CTRA,MRQ,2013-09-30,2013-09-30,2013-09-30,2021-10-04,33244000.0,5031392000.0,,289756000.0,4741636000.0,,5.532,-305076000.0,27932000.0,27932000.0,111171000.0,69889000.0,0.726,1.161,1162000000.0,0.0,1162000000.0,1162000000.0,0.0,168980000.0,0.0,0.001,0.02,131810000.0,300790000.0,0.69,300790000.0,131810000.0,115736000.0,0.17,0.17,0.17,2328734000.0,,2328734000.0,16826170651.0,34.0,15.659,-28367000.0,-0.067,1.0,324679000.0,0.745,0.0,16074000.0,5766187000.0,,20839000.0,65539000.0,56831000.0,8708000.0,2702658000.0,399273000.0,2303385000.0,15731447651.0,-19345000.0,-128000.0,0.0,20000000.0,-8423000.0,13524000.0,-309578000.0,0.0,276709000.0,0.0,69889000.0,69889000.0,69889000.0,0.0,0.0,0.16,193147000.0,131532000.0,335349000.0,0.118,6.755,64.82,65.474,4690176000.0,0.0,37.32,9.659,9.647,178479000.0,1558260000.0,435850000.0,435850000.0,3891000.0,,,,,7393000.0,24697000.0,1.0,421528608.0,420986000,423453000.0,1.035,5031392000.0,1972000.0,45847000.0,991633000.0,11.951,-109517000.0
32,CTRA,MRQ,2013-06-30,2013-06-30,2013-06-30,2021-10-04,46563000.0,5017936000.0,,403193000.0,4614743000.0,,5.434,-263467000.0,47277000.0,47277000.0,107694000.0,89114000.0,0.816,1.195,1142000000.0,75000000.0,1067000000.0,1142000000.0,0.0,151389000.0,0.0,0.001,0.01,165026000.0,316415000.0,0.704,316415000.0,165026000.0,148035000.0,0.21,0.21,0.21,2286241000.0,,2286241000.0,16103933561.0,37.0,16.776,13815000.0,0.033,1.0,341986000.0,0.761,0.0,16991000.0,5618268000.0,,18276000.0,87607000.0,69644000.0,17963000.0,2731695000.0,494391000.0,2237304000.0,14967491561.0,26820000.0,0.0,0.0,15000000.0,-4206000.0,16005000.0,-266467000.0,0.0,277282000.0,0.0,89114000.0,89114000.0,89114000.0,0.0,0.0,0.198,177250000.0,164736000.0,356851000.0,0.048,6.547,71.474,72.469,4558207000.0,0.0,35.51,10.047,10.028,204970000.0,1496795000.0,449680000.0,449680000.0,4529000.0,,,,,4490000.0,21608000.0,1.0,421500748.0,420698000,423490000.0,1.069,5017936000.0,58137000.0,58921000.0,1019462000.0,11.928,-91198000.0
33,CTRA,MRQ,2013-03-31,2013-03-31,2013-03-31,2021-10-04,-22295000.0,4687836000.0,,238880000.0,4448956000.0,,5.052,-259683000.0,20457000.0,20457000.0,97794000.0,42824000.0,0.534,1.208,1156899000.0,101100000.0,1055799000.0,1156899000.0,0.0,148653000.0,0.0,0.001,0.01,87014000.0,235667000.0,0.631,235667000.0,87014000.0,70759000.0,0.1,0.1,0.1,2123214000.0,,2123214000.0,15283428795.0,44.0,18.276,-46998000.0,-0.112,1.0,275491000.0,0.738,0.0,16255000.0,5377014000.0,,11278000.0,4215000.0,4215000.0,0.0,2564622000.0,447264000.0,2117358000.0,14227164795.0,-10279000.0,0.0,0.0,40000000.0,-4201000.0,37969000.0,-260933000.0,0.0,212685000.0,0.0,42824000.0,42824000.0,42824000.0,0.0,0.0,0.115,188477000.0,87014000.0,299733000.0,0.1,6.701,91.063,92.616,4412772000.0,0.0,33.805,10.896,10.882,172661000.0,1411887000.0,373285000.0,373285000.0,4024000.0,,,,,15517000.0,35704000.0,1.0,420859778.0,420300000,422752000.0,0.888,4687836000.0,29095000.0,27935000.0,914486000.0,11.154,-208384000.0
34,CTRA,MRQ,2012-12-31,2012-12-31,2012-12-31,2021-10-04,23880000.0,4616313000.0,,270310000.0,4346003000.0,,5.078,-222193000.0,30736000.0,30736000.0,95953000.0,40866000.0,0.609,1.166,1087192000.0,75192000.0,1012000000.0,1087192000.0,0.0,115984000.0,0.0,0.002,0.01,105670000.0,221654000.0,0.599,221654000.0,105670000.0,88955000.0,0.09,0.09,0.09,2131447000.0,,2131447000.0,11481953688.0,37.0,15.156,-25212000.0,-0.06,1.0,273926000.0,0.741,0.0,16715000.0,5228630000.0,,14173000.0,50824000.0,50824000.0,0.0,2484866000.0,444139000.0,2040727000.0,10457454688.0,-6765000.0,0.0,0.0,25000000.0,-4196000.0,20822000.0,-224568000.0,0.0,196981000.0,0.0,40866000.0,40866000.0,40866000.0,0.0,0.0,0.11,168309000.0,105617000.0,312480000.0,0.111,4.906,79.386,80.226,4310977000.0,0.0,24.87,8.682,8.653,172419000.0,1373264000.0,369879000.0,369879000.0,7928000.0,,,,,9354000.0,27990000.0,1.0,420484708.0,419702000,421966000.0,0.881,4616313000.0,0.0,48089000.0,889542000.0,10.999,-173829000.0
35,CTRA,MRQ,2012-09-30,2012-09-30,2012-09-30,2021-10-04,27258000.0,4482937000.0,,224674000.0,4258263000.0,,5.009,-257846000.0,37501000.0,37501000.0,77393000.0,36608000.0,0.544,1.134,1062000000.0,75000000.0,987000000.0,1062000000.0,0.0,110448000.0,0.0,0.002,0.01,75775000.0,186223000.0,0.627,186223000.0,75775000.0,59556000.0,0.09,0.09,0.09,2100287000.0,,2100287000.0,10351848981.0,35.0,14.238,-93876000.0,-0.224,1.0,219481000.0,0.739,0.0,16219000.0,5094646000.0,,17696000.0,66102000.0,61723000.0,4379000.0,2382650000.0,412790000.0,1969860000.0,9428489981.0,-11140000.0,0.0,0.0,90000000.0,-4193000.0,85136000.0,-260246000.0,0.0,163970000.0,0.0,36608000.0,36608000.0,36608000.0,0.0,0.0,0.123,143706000.0,75775000.0,276149000.0,0.111,4.489,80.43,80.179,4218921000.0,0.0,22.45,8.55,8.537,103634000.0,1336594000.0,296874000.0,296874000.0,9303000.0,,,,,10531000.0,23829000.0,1.0,419977282.0,419312000,422452000.0,0.708,4482937000.0,1183000.0,22948000.0,851548000.0,10.691,-188116000.0
36,CTRA,MRQ,2012-06-30,2012-06-30,2012-06-30,2021-10-04,88833000.0,4410192000.0,,295867000.0,4114325000.0,,5.086,-91345000.0,48641000.0,48641000.0,77549000.0,35937000.0,0.868,1.069,972000000.0,0.0,972000000.0,972000000.0,0.0,114616000.0,0.0,0.002,0.01,78079000.0,192695000.0,0.725,192695000.0,78079000.0,59584000.0,0.085,0.085,0.085,2131330000.0,,2131330000.0,9247002329.0,32.0,13.279,68017000.0,0.162,1.0,188108000.0,0.708,0.0,18495000.0,4992692000.0,,11985000.0,158105000.0,139346000.0,18759000.0,2278862000.0,340859000.0,1938003000.0,8267330329.0,16313000.0,0.0,0.0,-40000000.0,-4191000.0,-49616000.0,-93433000.0,0.0,159362000.0,0.0,35937000.0,35937000.0,35937000.0,0.0,0.0,0.135,110029000.0,78079000.0,237417000.0,0.118,3.879,75.778,75.769,4061674000.0,0.0,19.7,7.741,7.73,89167000.0,1304178000.0,265657000.0,265657000.0,16244000.0,,,,,28457000.0,46872000.0,1.0,419661438.0,419024000,422316000.0,0.634,4410192000.0,0.0,23647000.0,878353000.0,10.525,-44992000.0
37,CTRA,MRQ,2012-03-31,2012-03-31,2012-03-31,2021-10-04,117925000.0,4402794000.0,,339727000.0,4063067000.0,,5.081,-187267000.0,32328000.0,32328000.0,88033000.0,18318000.0,1.055,1.072,1012000000.0,0.0,1012000000.0,1012000000.0,0.0,110357000.0,0.0,0.002,0.01,46661000.0,157018000.0,0.577,157018000.0,46661000.0,29744000.0,0.045,0.045,0.045,2124956000.0,,2124956000.0,7460384808.0,24.0,10.758,-55487000.0,-0.133,1.0,184103000.0,0.677,0.0,16917000.0,5060312000.0,,12230000.0,218942000.0,196683000.0,22259000.0,2277838000.0,322154000.0,1955684000.0,6540295808.0,2417000.0,0.0,0.0,62000000.0,-4177000.0,57904000.0,-187267000.0,0.0,131780000.0,0.0,18318000.0,18318000.0,18318000.0,0.0,0.0,0.067,137442000.0,46661000.0,213188000.0,0.222,3.078,51.16,51.098,4011203000.0,0.0,15.585,6.271,6.25,95120000.0,1272432000.0,272136000.0,272136000.0,4001000.0,,,,,-1470000.0,22549000.0,1.0,419653244.0,418256000,421626000.0,0.651,4402794000.0,0.0,11426000.0,876859000.0,10.527,17573000.0
38,CTRA,MRQ,2011-12-31,2011-12-31,2011-12-31,2021-10-04,104547000.0,4331493000.0,,345800000.0,3985693000.0,,5.045,99258000.0,29911000.0,29911000.0,72121000.0,26363000.0,1.007,1.058,950000000.0,0.0,950000000.0,950000000.0,0.0,92499000.0,0.0,0.002,0.007,98609000.0,191108000.0,0.713,191108000.0,98609000.0,80874000.0,0.06,0.06,0.06,2104768000.0,,2104768000.0,9073194987.0,30.0,13.959,225731000.0,0.541,1.0,195904000.0,0.731,0.0,17735000.0,4908238000.0,,21278000.0,195512000.0,174263000.0,21249000.0,2226725000.0,343344000.0,1883381000.0,7931122987.0,-33017000.0,0.0,0.0,-255000000.0,-3129000.0,-258748000.0,99258000.0,0.0,126473000.0,0.0,26363000.0,26363000.0,26363000.0,0.0,0.0,0.098,97295000.0,98609000.0,217294000.0,0.117,3.768,64.793,65.431,3934584000.0,0.0,18.975,8.094,8.075,114381000.0,1258291000.0,268025000.0,268025000.0,5357000.0,,,,,10508000.0,26413000.0,1.0,417977496.0,417206000,422302000.0,0.642,4331493000.0,1388000.0,54511000.0,857724000.0,10.382,2456000.0
39,CTRA,MRQ,2011-09-30,2011-09-30,2011-09-30,2021-10-04,70026000.0,4472397000.0,,310037000.0,4162360000.0,,4.898,-237000000.0,62928000.0,62928000.0,62306000.0,28482000.0,1.073,1.189,1205000000.0,0.0,1205000000.0,1205000000.0,0.0,90293000.0,0.0,0.002,0.007,65233000.0,155526000.0,0.593,155526000.0,65233000.0,46716000.0,0.07,0.07,0.07,2043170000.0,,2043170000.0,7524569159.0,22.0,11.035,-82335000.0,-0.197,1.0,199811000.0,0.762,0.0,18517000.0,5325492000.0,,28296000.0,100489000.0,100489000.0,0.0,2429227000.0,288977000.0,2140250000.0,6468883159.0,23614000.0,0.0,0.0,110000000.0,-3129000.0,105949000.0,-237000000.0,0.0,154665000.0,0.0,28482000.0,28482000.0,28482000.0,0.0,0.0,0.109,134578000.0,65233000.0,207798000.0,0.1,3.166,44.566,44.221,4103317000.0,0.0,15.477,6.924,6.91,101612000.0,1235059000.0,262117000.0,262117000.0,20190000.0,,,,,15500000.0,27949000.0,1.0,417954008.0,417140000,421840000.0,0.628,4472397000.0,10158000.0,18234000.0,817121000.0,10.722,21060000.0
40,CTRA,MRQ,2011-06-30,2011-06-30,2011-06-30,2021-10-04,22375000.0,4250160000.0,,235838000.0,4014322000.0,,4.714,-151752000.0,39314000.0,39314000.0,54326000.0,54677000.0,0.823,1.162,1095000000.0,0.0,1095000000.0,1095000000.0,0.0,83225000.0,0.0,0.002,0.007,106618000.0,189843000.0,0.789,189843000.0,106618000.0,88574000.0,0.13,0.13,0.13,1966199000.0,,1966199000.0,7957300028.0,27.0,12.551,-22264000.0,-0.053,1.0,186370000.0,0.774,0.0,18044000.0,5019122000.0,,24044000.0,40344000.0,40344000.0,0.0,2283961000.0,286724000.0,1997237000.0,6927196028.0,14418000.0,0.0,0.0,40000000.0,-3128000.0,36682000.0,-151752000.0,0.0,129488000.0,0.0,54677000.0,54677000.0,54677000.0,0.0,0.0,0.227,79752000.0,106618000.0,223838000.0,0.054,3.523,57.454,57.164,3967716000.0,0.0,16.578,7.729,7.714,117314000.0,1209705000.0,240696000.0,240696000.0,4592000.0,,,,,14318000.0,26006000.0,1.0,417867352.0,417056000,421348000.0,0.577,4250160000.0,7893000.0,33897000.0,767390000.0,10.191,-50886000.0
41,CTRA,MRQ,2011-03-31,2011-03-31,2011-03-31,2021-10-04,-1754000.0,4048407000.0,,161538000.0,3886869000.0,,4.527,-198126000.0,24896000.0,24896000.0,63388000.0,12886000.0,0.668,1.147,1055000000.0,0.0,1055000000.0,1055000000.0,0.0,77124000.0,0.0,0.002,0.007,36390000.0,113514000.0,0.543,113514000.0,36390000.0,19023000.0,0.03,0.03,0.03,1886020000.0,,1886020000.0,6442610470.0,27.0,11.245,-106913000.0,-0.257,1.0,145638000.0,0.697,0.0,17367000.0,4836809000.0,,20806000.0,17194000.0,17194000.0,0.0,2162387000.0,241702000.0,1920685000.0,5523559470.0,-31053000.0,0.0,0.0,80000000.0,-3122000.0,75860000.0,-198126000.0,0.0,91213000.0,0.0,12886000.0,12886000.0,12886000.0,0.0,0.0,0.062,109248000.0,36390000.0,199649000.0,0.233,2.929,63.072,62.465,3847047000.0,0.0,13.242,6.454,6.446,90586000.0,1158156000.0,209026000.0,209026000.0,6308000.0,,,,,12614000.0,24299000.0,1.0,417108512.0,416576000,421280000.0,0.502,4048407000.0,3323000.0,6137000.0,727447000.0,9.718,-80164000.0
42,CTRA,MRQ,2010-12-31,2010-12-31,2010-12-31,2021-10-04,-3683000.0,4005031000.0,,203008000.0,3802023000.0,,4.503,23349000.0,55949000.0,55949000.0,51310000.0,49109000.0,0.668,1.139,975000000.0,0.0,975000000.0,975000000.0,0.0,91504000.0,0.0,0.003,0.007,131508000.0,223012000.0,1.002,223012000.0,131508000.0,111006000.0,0.12,0.115,0.12,1872700000.0,,1872700000.0,4992793229.0,19.0,8.412,140768000.0,0.338,1.0,171146000.0,0.769,0.0,20502000.0,4620247000.0,,29667000.0,16926000.0,16926000.0,0.0,2132331000.0,303835000.0,1828496000.0,3935381229.0,18361000.0,0.0,0.0,-120000000.0,-3119000.0,-122407000.0,23349000.0,0.0,117419000.0,0.0,49109000.0,49109000.0,49109000.0,0.0,0.0,0.221,39638000.0,131508000.0,229981000.0,0.058,2.101,38.065,37.85,3762760000.0,0.0,9.463,4.56,4.557,94488000.0,1148391000.0,222456000.0,222456000.0,14401000.0,,,,,17016000.0,29502000.0,1.0,415892336.0,415916000,421392000.0,0.535,4005031000.0,0.0,61897000.0,740910000.0,9.629,-100827000.0
43,CTRA,MRQ,2010-09-30,2010-09-30,2010-09-30,2021-10-04,19697000.0,3946710000.0,,220985000.0,3725725000.0,,4.433,-199689000.0,37588000.0,37588000.0,50168000.0,3898000.0,0.726,1.141,1095000000.0,75000000.0,1020000000.0,1095000000.0,0.0,85355000.0,0.0,0.004,0.007,22273000.0,107628000.0,0.48,107628000.0,22273000.0,5515000.0,0.01,0.01,0.01,1843338000.0,,1843338000.0,4102831834.0,21.0,8.268,-75375000.0,-0.181,1.0,173894000.0,0.776,0.0,16758000.0,4699583000.0,,32342000.0,69539000.0,65294000.0,4245000.0,2103372000.0,304539000.0,1798833000.0,3135516834.0,-10097000.0,0.0,0.0,80000000.0,-3120000.0,65278000.0,-199689000.0,0.0,124314000.0,0.0,3898000.0,3898000.0,3898000.0,0.0,0.0,0.017,151621000.0,22273000.0,168042000.0,0.7,1.701,34.593,33.908,3663186000.0,0.0,7.527,3.531,3.525,75520000.0,1102401000.0,224062000.0,224062000.0,9665000.0,,,,,6559000.0,21077000.0,1.0,416541592.0,415820000,420900000.0,0.539,3946710000.0,3913000.0,1617000.0,697970000.0,9.491,-83554000.0
44,CTRA,MRQ,2010-06-30,2010-06-30,2010-06-30,2021-10-04,27263000.0,3870200000.0,,248257000.0,3621943000.0,,4.441,-202801000.0,47685000.0,47685000.0,52748000.0,21682000.0,1.094,1.097,1015000000.0,0.0,1015000000.0,1015000000.0,0.0,76726000.0,0.0,0.004,0.007,52068000.0,128794000.0,0.643,128794000.0,52068000.0,36299000.0,0.052,0.052,0.052,1845904000.0,,1845904000.0,4140958017.0,17.0,7.649,-75720000.0,-0.182,1.0,147493000.0,0.737,0.0,15769000.0,4610682000.0,,23534000.0,20636000.0,0.0,20636000.0,2024296000.0,226833000.0,1797463000.0,3254463017.0,19180000.0,0.0,0.0,100000000.0,-3116000.0,94900000.0,-202801000.0,0.0,127081000.0,0.0,21682000.0,21682000.0,21682000.0,0.0,0.0,0.108,95425000.0,52068000.0,152035000.0,0.135,1.763,25.903,25.505,3571349000.0,0.0,7.83,3.737,3.737,79162000.0,1101622000.0,200241000.0,200241000.0,10233000.0,,,,,2009000.0,12853000.0,1.0,415640232.0,415660000,419856000.0,0.482,3870200000.0,3767000.0,14617000.0,701340000.0,9.311,21424000.0
45,CTRA,MRQ,2010-03-31,2010-03-31,2010-03-31,2021-10-04,57984000.0,3811917000.0,,293897000.0,3518020000.0,,4.466,-234600000.0,28505000.0,28505000.0,58845000.0,28696000.0,1.108,1.056,915000000.0,0.0,915000000.0,915000000.0,0.0,73498000.0,0.0,0.003,0.007,60589000.0,134087000.0,0.62,134087000.0,60589000.0,45677000.0,0.07,0.068,0.07,1854130000.0,,1854130000.0,4585471507.0,18.0,8.786,-118503000.0,-0.285,1.0,157500000.0,0.728,0.0,14912000.0,4433110000.0,,17671000.0,20636000.0,0.0,20636000.0,1957787000.0,265302000.0,1692485000.0,3820629507.0,-11653000.0,0.0,0.0,110000000.0,-3112000.0,106850000.0,-234600000.0,0.0,116097000.0,0.0,28696000.0,28696000.0,28696000.0,0.0,0.0,0.133,96911000.0,60589000.0,184019000.0,0.1,2.061,29.512,28.931,3470038000.0,0.0,9.2,4.364,4.363,93551000.0,1083056000.0,216345000.0,216345000.0,8426000.0,,,,,4210000.0,15746000.0,1.0,415285816.0,415176000,419912000.0,0.521,3811917000.0,14019000.0,16981000.0,705135000.0,9.181,28595000.0
46,CTRA,MRQ,2009-12-31,2009-12-31,2009-12-31,2021-10-04,42436000.0,3683401000.0,,281502000.0,3401899000.0,,4.372,-185030000.0,40158000.0,40158000.0,65159000.0,36364000.0,0.912,1.032,805000000.0,0.0,805000000.0,805000000.0,0.0,62293000.0,0.0,0.003,0.007,63410000.0,125703000.0,0.508,125703000.0,63410000.0,48560000.0,0.09,0.087,0.09,1812514000.0,,1812514000.0,5292612786.0,19.0,9.92,11892000.0,0.029,1.0,182142000.0,0.737,0.0,14850000.0,4139502000.0,,27990000.0,114686000.0,114686000.0,0.0,1870887000.0,308741000.0,1562146000.0,4518282786.0,4488000.0,0.0,0.0,-5000000.0,-3109000.0,-7404000.0,-185030000.0,0.0,196922000.0,0.0,36364000.0,36364000.0,36364000.0,0.0,0.0,0.147,118732000.0,63410000.0,215588000.0,0.078,2.493,30.458,30.271,3358199000.0,0.0,10.898,5.059,5.057,80362000.0,1057472000.0,247301000.0,247301000.0,19526000.0,,,,,10527000.0,19271000.0,1.0,414616452.0,414620000,419924000.0,0.596,3683401000.0,8909000.0,12196000.0,679905000.0,8.884,-27239000.0
47,CTRA,MRQ,2009-09-30,2009-09-30,2009-09-30,2021-10-04,92589000.0,3589054000.0,,335007000.0,3254047000.0,,4.399,-115831000.0,35670000.0,35670000.0,41517000.0,38897000.0,1.355,0.968,810000000.0,20000000.0,790000000.0,810000000.0,0.0,78074000.0,0.0,0.003,0.007,74723000.0,152797000.0,0.738,152797000.0,74723000.0,59866000.0,0.095,0.092,0.095,1823814000.0,,1823814000.0,4490440587.0,15.0,7.624,914000.0,0.002,1.0,165504000.0,0.799,0.0,14857000.0,4116212000.0,,36769000.0,20636000.0,0.0,20636000.0,1765240000.0,247172000.0,1518068000.0,3705288587.0,5822000.0,0.0,0.0,-5000000.0,-3110000.0,4908000.0,-115831000.0,0.0,116745000.0,0.0,38897000.0,38897000.0,38897000.0,0.0,0.0,0.188,90781000.0,74723000.0,115940000.0,0.074,2.032,23.801,23.644,3184305000.0,0.0,8.938,4.219,4.219,52613000.0,1024217000.0,207021000.0,207021000.0,14395000.0,,,,,-6704000.0,14921000.0,1.0,414577744.0,414588000,419668000.0,0.499,3589054000.0,33103000.0,20969000.0,689457000.0,8.657,87835000.0
48,CTRA,MRQ,2009-06-30,2009-06-30,2009-06-30,2021-10-04,158273000.0,3623684000.0,,370822000.0,3252862000.0,,4.43,-74200000.0,29848000.0,29848000.0,44671000.0,25502000.0,1.399,0.973,815000000.0,20000000.0,795000000.0,815000000.0,0.0,55108000.0,0.0,0.004,0.007,54239000.0,109347000.0,0.534,109347000.0,54239000.0,39193000.0,0.062,0.06,0.062,1836472000.0,,1836472000.0,4027215735.0,12.0,6.714,73651000.0,0.178,1.0,160153000.0,0.782,0.0,15046000.0,4143709000.0,,29514000.0,20636000.0,0.0,20636000.0,1787212000.0,265127000.0,1522085000.0,3175464735.0,4599000.0,0.0,0.0,-62000000.0,-3110000.0,-75518000.0,-67734000.0,0.0,147851000.0,0.0,25502000.0,25502000.0,25502000.0,0.0,0.0,0.125,105914000.0,54239000.0,127392000.0,0.113,1.729,17.279,17.213,3154753000.0,0.0,7.66,3.466,3.467,54521000.0,988430000.0,204824000.0,204824000.0,10397000.0,,,,,7313000.0,17117000.0,1.0,414551532.0,414560000,419260000.0,0.494,3623684000.0,0.0,13691000.0,693626000.0,8.741,105695000.0
49,CTRA,MRQ,2009-03-31,2009-03-31,2009-03-31,2021-10-04,216684000.0,3748771000.0,,457074000.0,3291697000.0,,4.513,-155966000.0,25249000.0,25249000.0,68126000.0,47580000.0,1.464,1.006,877000000.0,36714000.0,840286000.0,877000000.0,0.0,55785000.0,0.0,0.005,0.007,89897000.0,145682000.0,0.623,145682000.0,89897000.0,75671000.0,0.115,0.115,0.115,1868894000.0,,1868894000.0,3277149999.0,8.0,5.227,-3432000.0,-0.008,1.0,165813000.0,0.709,0.0,14226000.0,4288208000.0,,27618000.0,0.0,0.0,0.0,1879877000.0,312314000.0,1567563000.0,2438250999.0,-2852000.0,0.0,0.0,10000000.0,-3103000.0,7046000.0,-162432000.0,0.0,152534000.0,0.0,47580000.0,47580000.0,47580000.0,0.0,0.0,0.203,75916000.0,89897000.0,142953000.0,0.061,1.305,11.453,11.332,3191105000.0,0.0,5.893,2.54,2.541,75218000.0,966038000.0,233939000.0,233939000.0,6466000.0,,,,,6200000.0,17065000.0,1.0,413788884.0,414084000,416444000.0,0.565,3748771000.0,0.0,28091000.0,715762000.0,9.053,144760000.0
50,CTRA,MRQ,2008-12-31,2008-12-31,2008-12-31,2021-10-04,186426000.0,3701664000.0,,460551000.0,3241113000.0,,4.33,-288760000.0,28101000.0,28101000.0,61657000.0,43700000.0,1.215,1.067,867000000.0,35857000.0,831143000.0,867000000.0,0.0,94022000.0,0.0,0.005,0.007,87137000.0,181159000.0,0.779,181159000.0,87137000.0,73432000.0,0.105,0.105,0.105,1790562000.0,,1790562000.0,3459783044.0,9.0,5.777,-79041000.0,-0.191,1.0,170809000.0,0.735,0.0,13705000.0,4161650000.0,,45677000.0,0.0,0.0,0.0,1911102000.0,378913000.0,1532189000.0,2687157044.0,-19273000.0,-340000.0,1000.0,47000000.0,-3100000.0,41344000.0,-270336000.0,0.0,209719000.0,0.0,43700000.0,43700000.0,43700000.0,0.0,0.0,0.188,135578000.0,35231000.0,222985000.0,0.067,1.501,12.718,12.381,3135828000.0,0.0,6.5,2.841,2.769,109087000.0,921561000.0,232466000.0,232466000.0,12436000.0,,,,,4938000.0,13344000.0,1.0,413408776.0,413496000,416804000.0,0.562,3701664000.0,526000.0,29732000.0,668626000.0,8.952,81638000.0
51,CTRA,MRQ,2008-09-30,2008-09-30,2008-09-30,2021-10-04,112082000.0,3538106000.0,,430494000.0,3107612000.0,,4.042,-246486000.0,47374000.0,47374000.0,66492000.0,66990000.0,1.354,1.117,820000000.0,20000000.0,800000000.0,820000000.0,0.0,48895000.0,0.0,0.003,0.007,114717000.0,163612000.0,0.668,163612000.0,114717000.0,104231000.0,0.163,0.16,0.163,1671018000.0,,1671018000.0,3863812448.0,11.0,7.345,-98169000.0,-0.237,1.0,178328000.0,0.728,0.0,10486000.0,3992698000.0,,52152000.0,0.0,0.0,0.0,1867088000.0,318034000.0,1549054000.0,3735143448.0,-88957000.0,-545242000.0,122000.0,555000000.0,-3100000.0,560867000.0,-798141000.0,0.0,148317000.0,0.0,66990000.0,66990000.0,66990000.0,0.0,0.0,0.274,63611000.0,114717000.0,206037000.0,0.043,2.235,17.817,17.112,2935531000.0,0.0,9.035,4.117,4.117,115027000.0,880961000.0,244820000.0,244820000.0,6413000.0,,,,,-20470000.0,-209000.0,1.0,413408240.0,413404000,417980000.0,0.592,3538106000.0,159990000.0,37241000.0,721636000.0,8.558,112460000.0
52,CTRA,MRQ,2008-06-30,2008-06-30,2008-06-30,2021-10-04,-182602000.0,2718432000.0,,436758000.0,2281674000.0,,3.299,-183194000.0,136331000.0,136331000.0,66001000.0,54625000.0,0.919,1.092,265000000.0,20000000.0,245000000.0,265000000.0,0.0,42482000.0,0.0,0.002,0.007,94086000.0,136568000.0,0.549,136568000.0,94086000.0,87879000.0,0.138,0.138,0.138,1299305000.0,,1299305000.0,6962157707.0,24.0,15.278,-39487000.0,-0.1,1.0,182853000.0,0.735,0.0,6207000.0,2371847000.0,,19702000.0,0.0,0.0,0.0,1419127000.0,475254000.0,943873000.0,6634149707.0,94339000.0,-60166000.0,313867000.0,-105000000.0,-2943000.0,201282000.0,-250650000.0,0.0,143707000.0,0.0,54625000.0,54625000.0,54625000.0,0.0,0.0,0.22,88767000.0,94086000.0,196150000.0,0.051,5.106,37.25,36.971,2185496000.0,0.0,16.933,7.962,8.004,162680000.0,817072000.0,248854000.0,248854000.0,7290000.0,,,,,6933000.0,33477000.0,1.0,391799776.0,393868000,397924000.0,0.632,2718432000.0,184006000.0,33254000.0,543981000.0,6.902,-38496000.0
53,CTRA,MRQ,2008-03-31,2008-03-31,2008-03-31,2021-10-04,-60872000.0,2329990000.0,,272004000.0,2057986000.0,,2.723,-128101000.0,41992000.0,41992000.0,64678000.0,45975000.0,0.846,1.189,370000000.0,20000000.0,350000000.0,370000000.0,0.0,41516000.0,0.0,0.002,0.007,76072000.0,117588000.0,0.535,117588000.0,76072000.0,70081000.0,0.117,0.115,0.117,1064246000.0,,1064246000.0,5302028950.0,20.0,12.515,4603000.0,0.012,1.0,154973000.0,0.706,0.0,5991000.0,2336372000.0,,12504000.0,0.0,0.0,0.0,1265744000.0,321626000.0,944118000.0,4970526950.0,23494000.0,0.0,2240000.0,20000000.0,-2930000.0,23952000.0,-133162000.0,0.0,132704000.0,0.0,45975000.0,45975000.0,45975000.0,0.0,0.0,0.209,78901000.0,76072000.0,163350000.0,0.06,4.67,30.152,29.766,1972023000.0,0.0,12.71,6.538,6.535,131478000.0,765389000.0,219651000.0,219651000.0,5061000.0,,,,,12897000.0,27573000.0,1.0,391072144.0,390864000,395700000.0,0.562,2329990000.0,117478000.0,24106000.0,510801000.0,5.961,-49622000.0
54,CTRA,MRQ,2007-12-31,2007-12-31,2007-12-31,2021-10-04,-894000.0,2156817000.0,,217483000.0,1939334000.0,,2.752,-135640000.0,18498000.0,18498000.0,55544000.0,42047000.0,0.876,1.015,350000000.0,20000000.0,330000000.0,350000000.0,0.0,38550000.0,0.0,0.003,0.007,69742000.0,108292000.0,0.558,108292000.0,69742000.0,64045000.0,0.11,0.107,0.11,1070257000.0,,1070257000.0,4220378022.0,15.0,10.081,-2062000.0,-0.005,1.0,138373000.0,0.714,0.0,5697000.0,2239983000.0,,27353000.0,0.0,0.0,0.0,1086560000.0,248336000.0,838224000.0,3919829022.0,4047000.0,-3373000.0,2785000.0,35000000.0,-2917000.0,28011000.0,-157542000.0,0.0,133578000.0,0.0,42047000.0,42047000.0,42047000.0,0.0,0.0,0.217,68631000.0,69742000.0,173497000.0,0.064,3.663,23.413,23.362,1908117000.0,0.0,10.092,5.354,5.347,109306000.0,722344000.0,193917000.0,193917000.0,18529000.0,,,,,9555000.0,9815000.0,1.0,388390292.0,388860000,392616000.0,0.499,2156817000.0,26358000.0,21998000.0,435314000.0,5.547,-30853000.0
55,CTRA,MRQ,2007-09-30,2007-09-30,2007-09-30,2021-10-04,12351000.0,2077246000.0,,197835000.0,1879411000.0,,2.709,-144422000.0,14451000.0,14451000.0,48598000.0,35453000.0,0.885,0.975,315000000.0,20000000.0,295000000.0,315000000.0,0.0,37744000.0,0.0,0.003,0.007,55521000.0,93265000.0,0.546,93265000.0,55521000.0,51600000.0,0.092,0.09,0.092,1051784000.0,,1051784000.0,3642442160.0,14.0,9.161,-57670000.0,-0.149,1.0,122250000.0,0.716,0.0,3921000.0,2154130000.0,,36202000.0,0.0,0.0,0.0,1025462000.0,223665000.0,801797000.0,3411033160.0,-9140000.0,-609000.0,7000.0,60000000.0,-2913000.0,57905000.0,-153797000.0,0.0,86752000.0,0.0,35453000.0,35453000.0,35453000.0,0.0,0.0,0.208,66729000.0,55521000.0,152453000.0,0.076,3.243,21.657,21.439,1810023000.0,0.0,8.79,4.805,4.807,82845000.0,683214000.0,170848000.0,170848000.0,8766000.0,,,,,1115000.0,9715000.0,1.0,388058380.0,388272000,393756000.0,0.44,2077246000.0,61858000.0,16147000.0,439735000.0,5.35,-25830000.0
56,CTRA,MRQ,2007-06-30,2007-06-30,2007-06-30,2021-10-04,14051000.0,1969261000.0,,213662000.0,1755599000.0,,2.628,-158142000.0,23591000.0,23591000.0,49634000.0,41376000.0,0.905,0.933,255000000.0,20000000.0,235000000.0,255000000.0,0.0,34262000.0,0.0,0.002,0.007,70245000.0,104507000.0,0.594,104507000.0,70245000.0,66626000.0,0.107,0.105,0.107,1018863000.0,,1018863000.0,3746218272.0,7.0,5.843,-52193000.0,-0.135,1.0,126198000.0,0.718,0.0,3619000.0,1964559000.0,,23119000.0,0.0,0.0,0.0,950398000.0,236111000.0,714287000.0,3573660272.0,-33851000.0,0.0,1163000.0,25000000.0,-2907000.0,25167000.0,-164967000.0,0.0,105949000.0,0.0,41376000.0,41376000.0,41376000.0,0.0,0.0,0.235,55953000.0,70245000.0,153421000.0,0.065,3.507,11.488,11.425,1691929000.0,0.0,9.22,4.937,4.939,100547000.0,650673000.0,175832000.0,175832000.0,6825000.0,,,,,2536000.0,12965000.0,1.0,387598728.0,387716000,393624000.0,0.454,1969261000.0,52187000.0,25250000.0,416917000.0,5.079,-22449000.0
57,CTRA,MRQ,2007-03-31,2007-03-31,2007-03-31,2021-10-04,4683000.0,1843357000.0,,219519000.0,1623838000.0,,2.497,-107964000.0,57442000.0,57442000.0,58995000.0,48547000.0,1.011,0.908,230000000.0,20000000.0,210000000.0,230000000.0,0.0,33395000.0,0.0,0.002,0.005,79185000.0,112580000.0,0.588,112580000.0,79185000.0,75261000.0,0.125,0.125,0.125,965893000.0,,965893000.0,3451695547.0,7.0,5.332,27894000.0,0.072,1.0,132578000.0,0.692,0.0,3924000.0,1798805000.0,,15410000.0,0.0,0.0,0.0,877464000.0,217110000.0,660354000.0,3253549547.0,15588000.0,0.0,1144000.0,-10000000.0,-1933000.0,-6654000.0,-113616000.0,0.0,135858000.0,0.0,48547000.0,48547000.0,48547000.0,0.0,0.0,0.253,53393000.0,79185000.0,137798000.0,0.04,3.368,10.278,10.262,1568108000.0,0.0,8.415,4.404,4.406,97507000.0,612205000.0,191573000.0,191573000.0,5652000.0,,,,,3035000.0,18280000.0,1.0,386636904.0,386780000,392188000.0,0.495,1843357000.0,43772000.0,26714000.0,388898000.0,4.766,2409000.0
58,CTRA,MRQ,2006-12-31,2006-12-31,2006-12-31,2021-10-04,37160000.0,1834491000.0,,315682000.0,1518809000.0,,2.463,-109635000.0,41854000.0,41854000.0,53675000.0,32126000.0,1.258,0.941,240000000.0,20000000.0,220000000.0,240000000.0,0.0,32160000.0,0.0,0.003,0.005,55095000.0,87255000.0,0.508,87255000.0,55095000.0,55805000.0,0.085,0.085,0.085,945198000.0,,945198000.0,2983870743.0,6.0,4.535,-108581000.0,-0.283,1.0,118007000.0,0.687,0.0,-710000.0,1781610000.0,,32997000.0,0.0,0.0,0.0,889293000.0,251027000.0,638266000.0,2905993743.0,-280269000.0,-6688000.0,2615000.0,-160000000.0,-1919000.0,-155575000.0,-125748000.0,0.0,1054000.0,0.0,32126000.0,32126000.0,32126000.0,0.0,0.0,0.187,62912000.0,55095000.0,147680000.0,0.059,3.074,9.048,9.134,1480201000.0,0.0,7.581,3.814,3.852,116546000.0,565591000.0,171682000.0,171682000.0,9425000.0,,,,,5280000.0,19686000.0,1.0,383313272.0,383684000,389424000.0,0.447,1834491000.0,64810000.0,23679000.0,388674000.0,4.781,64655000.0
59,CTRA,MRQ,2006-09-30,2006-09-30,2006-09-30,2021-10-04,40839000.0,1979960000.0,,547007000.0,1432953000.0,,2.358,202255000.0,322123000.0,322123000.0,49541000.0,189020000.0,1.79,1.176,400000000.0,20000000.0,380000000.0,400000000.0,0.0,32088000.0,0.0,0.003,0.005,304746000.0,336834000.0,1.823,336834000.0,304746000.0,297768000.0,0.49,0.48,0.49,909784000.0,,909784000.0,2647123514.0,5.0,3.783,288945000.0,0.749,1.0,135203000.0,0.732,0.0,6978000.0,1752294000.0,,41120000.0,0.0,0.0,0.0,1070176000.0,305543000.0,764633000.0,2313182514.0,306064000.0,0.0,-18249000.0,50000000.0,-1930000.0,30680000.0,188694000.0,0.0,86690000.0,0.0,189020000.0,189020000.0,189020000.0,0.0,0.0,1.023,-169543000.0,304746000.0,137333000.0,0.01,2.543,6.656,6.672,1390182000.0,0.0,5.991,2.837,2.835,104157000.0,535383000.0,184744000.0,184744000.0,13561000.0,,,,,2368000.0,10715000.0,1.0,386093472.0,385836000,393296000.0,0.479,1979960000.0,33523000.0,108748000.0,443710000.0,5.132,241464000.0
60,CTRA,MRQ,2006-06-30,2006-06-30,2006-06-30,2021-10-04,15330000.0,1628005000.0,,187591000.0,1440414000.0,,1.826,-121313000.0,16059000.0,16059000.0,47930000.0,46864000.0,0.988,1.286,350000000.0,20000000.0,330000000.0,350000000.0,0.0,32792000.0,0.0,0.003,0.005,77881000.0,110673000.0,0.58,110673000.0,77881000.0,71858000.0,0.12,0.117,0.12,712084000.0,,712084000.0,2679877868.0,8.0,5.975,-6962000.0,-0.018,1.0,142864000.0,0.749,0.0,6023000.0,1772003000.0,,25956000.0,0.0,0.0,0.0,915921000.0,189943000.0,725978000.0,2393391868.0,7545000.0,0.0,-25685000.0,55000000.0,-1956000.0,29304000.0,-136110000.0,0.0,114351000.0,0.0,46864000.0,46864000.0,46864000.0,0.0,0.0,0.246,64983000.0,77881000.0,122801000.0,0.042,3.361,12.447,12.399,1400110000.0,0.0,6.125,3.02,3.014,99552000.0,348294000.0,190794000.0,190794000.0,14797000.0,,,,,2220000.0,13515000.0,1.0,390757856.0,389928000,396804000.0,0.489,1628005000.0,34419000.0,24994000.0,329633000.0,4.175,-2352000.0
61,CTRA,MRQ,2006-03-31,2006-03-31,2006-03-31,2021-10-04,3559000.0,1506631000.0,,164353000.0,1342278000.0,,1.735,-102575000.0,8514000.0,8514000.0,62370000.0,53165000.0,0.919,1.23,295000000.0,20000000.0,275000000.0,295000000.0,0.0,31935000.0,0.0,0.003,0.005,91224000.0,123159000.0,0.573,123159000.0,91224000.0,85074000.0,0.138,0.135,0.138,675737000.0,,675737000.0,2659270855.0,9.0,6.248,52434000.0,0.135,1.0,152398000.0,0.71,0.0,6150000.0,1614310000.0,,13786000.0,0.0,0.0,0.0,830894000.0,178807000.0,652087000.0,2329896855.0,-2112000.0,0.0,1062000.0,-45000000.0,-1946000.0,-42932000.0,-114189000.0,0.0,155009000.0,0.0,53165000.0,53165000.0,53165000.0,0.0,0.0,0.248,61174000.0,91224000.0,115327000.0,0.036,3.448,12.883,12.912,1310680000.0,0.0,5.991,3.092,3.097,114268000.0,303386000.0,214768000.0,214768000.0,11614000.0,,,,,1918000.0,14252000.0,1.0,388883264.0,389440000,394988000.0,0.551,1506631000.0,31577000.0,31909000.0,310730000.0,3.869,-14454000.0
62,CTRA,MRQ,2005-12-31,2005-12-31,2005-12-31,2021-10-04,-15115000.0,1495370000.0,,230312000.0,1265058000.0,,1.536,-109802000.0,10626000.0,10626000.0,69453000.0,58505000.0,1.054,1.491,340000000.0,20000000.0,320000000.0,340000000.0,0.0,29112000.0,0.0,0.003,0.005,99942000.0,129054000.0,0.573,129054000.0,99942000.0,92906000.0,0.15,0.146,0.15,600211000.0,,600211000.0,2485352423.0,10.0,6.769,7647000.0,0.02,1.0,155629000.0,0.691,0.0,7036000.0,1606160000.0,,24616000.0,0.0,0.0,0.0,895159000.0,218584000.0,676575000.0,2208539423.0,7439000.0,0.0,-18114000.0,34309000.0,-1959000.0,14236000.0,-124246000.0,0.0,117449000.0,0.0,58505000.0,58505000.0,58505000.0,0.0,0.0,0.26,55687000.0,99942000.0,140006000.0,0.033,3.68,14.878,14.836,1238055000.0,0.0,5.638,3.235,3.227,156009000.0,252167000.0,225082000.0,225082000.0,14444000.0,,,,,2649000.0,10311000.0,1.0,391758656.0,390648000,400504000.0,0.576,1495370000.0,47500000.0,34401000.0,290363000.0,3.828,11728000.0
63,CTRA,MRQ,2005-09-30,2005-09-30,2005-09-30,2021-10-04,-71318000.0,1415924000.0,,232180000.0,1183744000.0,,1.283,-125370000.0,3187000.0,3187000.0,45735000.0,33756000.0,0.75,1.819,280000000.0,20000000.0,260000000.0,280000000.0,0.0,26578000.0,0.0,0.003,0.005,59023000.0,85601000.0,0.529,85601000.0,59023000.0,53684000.0,0.086,0.085,0.086,502257000.0,,502257000.0,2690236856.0,13.0,8.44,-66335000.0,-0.169,1.0,116022000.0,0.717,0.0,5339000.0,1383109000.0,,35473000.0,0.0,0.0,0.0,913667000.0,309628000.0,604039000.0,2472182856.0,-48759000.0,0.0,508000.0,35691000.0,-1958000.0,34241000.0,-142035000.0,0.0,59035000.0,0.0,33756000.0,33756000.0,33756000.0,0.0,0.0,0.209,56999000.0,59023000.0,144748000.0,0.058,4.922,20.236,20.236,1156886000.0,0.0,6.314,4.037,4.038,131840000.0,195621000.0,161757000.0,161757000.0,16665000.0,,,,,4307000.0,9679000.0,1.0,391555392.0,391608000,397320000.0,0.413,1415924000.0,71848000.0,19928000.0,270515000.0,3.616,-77448000.0
64,CTRA,MRQ,2005-06-30,2005-06-30,2005-06-30,2021-10-04,-21074000.0,1280418000.0,,207400000.0,1073018000.0,,1.318,-74656000.0,51946000.0,51946000.0,40404000.0,35422000.0,1.076,1.482,270000000.0,20000000.0,250000000.0,270000000.0,0.0,26112000.0,0.0,0.003,0.005,61722000.0,87834000.0,0.578,87834000.0,61722000.0,56588000.0,0.09,0.089,0.09,515820000.0,,515820000.0,1908030185.0,10.0,6.465,5403000.0,0.014,1.0,111480000.0,0.734,0.0,5134000.0,1305740000.0,,23825000.0,0.0,0.0,0.0,764598000.0,192732000.0,571866000.0,1697614185.0,-7638000.0,0.0,278000.0,0.0,-1957000.0,-1679000.0,-86018000.0,0.0,80059000.0,0.0,35422000.0,35422000.0,35422000.0,0.0,0.0,0.233,49758000.0,61722000.0,98672000.0,0.056,3.291,15.98,15.888,1050987000.0,0.0,4.338,2.978,2.978,93416000.0,163823000.0,151884000.0,151884000.0,11362000.0,,,,,924000.0,8700000.0,1.0,391380792.0,391336000,396624000.0,0.388,1280418000.0,39316000.0,21166000.0,260105000.0,3.272,14668000.0
65,CTRA,MRQ,2005-03-31,2005-03-31,2005-03-31,2021-10-04,-38147000.0,1252090000.0,,218040000.0,1034050000.0,,1.188,-40482000.0,59584000.0,59584000.0,47634000.0,20762000.0,0.981,1.704,270000000.0,20000000.0,250000000.0,270000000.0,0.0,26656000.0,0.0,0.003,0.003,38044000.0,64700000.0,0.449,64700000.0,38044000.0,33056000.0,0.054,0.052,0.054,463044000.0,,463044000.0,2047648014.0,13.0,7.63,67535000.0,0.173,1.0,96440000.0,0.669,0.0,4988000.0,1240193000.0,,13092000.0,0.0,0.0,0.0,789046000.0,222313000.0,566733000.0,1787674014.0,49558000.0,0.0,2731000.0,0.0,-1339000.0,1392000.0,-59851000.0,0.0,108017000.0,0.0,20762000.0,20762000.0,20762000.0,0.0,0.0,0.144,58396000.0,38044000.0,102511000.0,0.056,3.861,19.835,19.81,1011822000.0,0.0,4.596,3.324,3.331,98665000.0,130359000.0,144074000.0,144074000.0,19369000.0,,,,,1923000.0,8960000.0,1.0,388977120.0,389792000,394448000.0,0.37,1252090000.0,51364000.0,12294000.0,255699000.0,3.212,-4273000.0
66,CTRA,MRQ,2004-12-31,2004-12-31,2004-12-31,2021-10-04,-20351000.0,1210956000.0,,194679000.0,1016277000.0,,1.169,-49666000.0,10026000.0,10026000.0,47249000.0,32227000.0,0.989,1.658,270000000.0,20000000.0,250000000.0,270000000.0,0.0,26758000.0,0.0,0.004,0.003,53846000.0,80604000.0,0.521,80604000.0,53846000.0,48216000.0,0.083,0.081,0.083,455662000.0,,455662000.0,1709184634.0,11.0,6.474,7427000.0,0.019,1.0,107390000.0,0.694,0.0,5630000.0,1274041000.0,,24049000.0,0.0,0.0,0.0,755294000.0,196889000.0,558405000.0,1464070634.0,-14860000.0,0.0,-5548000.0,0.0,-1300000.0,-6848000.0,-65105000.0,0.0,57093000.0,0.0,32227000.0,32227000.0,32227000.0,0.0,0.0,0.208,53544000.0,53846000.0,104969000.0,0.036,3.213,16.566,16.316,994081000.0,0.0,3.688,2.76,2.71,125754000.0,110935000.0,154639000.0,154639000.0,15439000.0,,,,,3501000.0,9436000.0,1.0,397036104.0,389792000,394952000.0,0.397,1210956000.0,36200000.0,15989000.0,248320000.0,3.107,-2210000.0
67,CTRA,MRQ,2004-09-30,2004-09-30,2004-09-30,2021-10-04,-45815000.0,1178356000.0,,184151000.0,994205000.0,,1.033,-55153000.0,24886000.0,24886000.0,35039000.0,17822000.0,0.929,1.921,270000000.0,0.0,270000000.0,270000000.0,0.0,27734000.0,0.0,0.003,0.003,34278000.0,62012000.0,0.519,62012000.0,34278000.0,28701000.0,0.046,0.045,0.046,403349000.0,,403349000.0,1732404693.0,12.0,7.154,17475000.0,0.045,1.0,84384000.0,0.707,0.0,5577000.0,1225235000.0,,25066000.0,0.0,0.0,0.0,775007000.0,198235000.0,576772000.0,1483833693.0,3457000.0,0.0,-5735000.0,0.0,-1304000.0,-7039000.0,-62132000.0,0.0,72628000.0,0.0,17822000.0,17822000.0,17822000.0,0.0,0.0,0.149,50106000.0,34278000.0,91712000.0,0.065,3.679,19.541,18.993,971358000.0,0.0,3.742,2.985,2.94,74692000.0,80009000.0,119423000.0,119423000.0,6979000.0,,,,,3403000.0,9001000.0,1.0,396570252.0,390576000,395352000.0,0.306,1178356000.0,53541000.0,10879000.0,232127000.0,3.017,-14084000.0
68,CTRA,MRQ,2004-06-30,2004-06-30,2004-06-30,2021-10-04,-41124000.0,1137423000.0,,167175000.0,970248000.0,,1.004,-66697000.0,21429000.0,21429000.0,36631000.0,19318000.0,0.896,1.901,270000000.0,0.0,270000000.0,270000000.0,0.0,24622000.0,0.0,0.004,0.003,36439000.0,61061000.0,0.51,61061000.0,36439000.0,30994000.0,0.05,0.049,0.05,392019000.0,,392019000.0,1609545417.0,11.0,6.505,-20966000.0,-0.054,1.0,83111000.0,0.694,0.0,5445000.0,1199385000.0,,9519000.0,0.0,0.0,0.0,745404000.0,186609000.0,558795000.0,1391344417.0,-30370000.0,0.0,1470000.0,0.0,-1306000.0,164000.0,-76265000.0,0.0,45731000.0,0.0,19318000.0,19318000.0,19318000.0,0.0,0.0,0.161,46672000.0,36439000.0,93863000.0,0.06,3.549,17.224,16.866,949310000.0,0.0,3.525,2.766,2.735,89495000.0,63490000.0,119742000.0,119742000.0,9568000.0,,,,,0.0,9582000.0,1.0,394707636.0,390312000,395144000.0,0.307,1137423000.0,44975000.0,11676000.0,219229000.0,2.914,-19434000.0
69,CTRA,MRQ,2004-03-31,2004-03-31,2004-03-31,2021-10-04,-37412000.0,1106370000.0,,178772000.0,927598000.0,,0.967,-35711000.0,51799000.0,51799000.0,50901000.0,19011000.0,0.961,1.944,270000000.0,0.0,270000000.0,270000000.0,0.0,24229000.0,0.0,0.005,0.003,36090000.0,60319000.0,0.442,60319000.0,36090000.0,30713000.0,0.049,0.049,0.049,375763000.0,,375763000.0,1259119228.0,8.0,5.139,61859000.0,0.159,1.0,85703000.0,0.627,0.0,5377000.0,1138470000.0,,10991000.0,0.0,0.0,0.0,730607000.0,186101000.0,544506000.0,989843228.0,51075000.0,0.0,6656000.0,0.0,-1296000.0,5360000.0,-51855000.0,0.0,97570000.0,0.0,19011000.0,19011000.0,19011000.0,0.0,0.0,0.139,49613000.0,36090000.0,92157000.0,0.061,2.634,12.472,12.423,909929000.0,0.0,2.547,1.941,1.941,72778000.0,45478000.0,136604000.0,136604000.0,16144000.0,,,,,0.0,6716000.0,1.0,388681896.0,388776000,394392000.0,0.351,1106370000.0,41129000.0,11702000.0,215294000.0,2.846,-7329000.0
70,CTRA,MRQ,2003-12-31,2003-12-31,2003-12-31,2021-10-04,-23135000.0,1055056000.0,,143331000.0,911725000.0,,0.945,-26534000.0,724000.0,724000.0,43099000.0,19783000.0,0.916,1.889,270000000.0,0.0,270000000.0,270000000.0,0.0,23985000.0,0.0,0.005,0.003,34798000.0,58783000.0,0.485,58783000.0,34798000.0,29802000.0,0.052,0.052,0.052,365197000.0,,365197000.0,1218567158.0,20.0,7.88,9398000.0,0.024,1.0,78149000.0,0.645,0.0,4996000.0,1167805000.0,,18241000.0,0.0,0.0,0.0,689859000.0,156527000.0,533332000.0,953674158.0,-2663000.0,0.0,877000.0,-12345000.0,-1288000.0,-12756000.0,-25839000.0,0.0,35932000.0,0.0,19783000.0,19783000.0,19783000.0,0.0,0.0,0.163,43351000.0,34798000.0,84943000.0,0.058,2.611,45.129,44.47,895955000.0,0.0,2.446,1.872,1.847,87425000.0,27763000.0,121248000.0,121248000.0,15066000.0,,,,,885000.0,6543000.0,1.0,389917884.0,386368000,389352000.0,0.314,1055056000.0,30855000.0,10019000.0,210781000.0,2.731,-13196000.0
71,CTRA,MRQ,2003-09-30,2003-09-30,2003-09-30,2021-10-04,-11376000.0,1019992000.0,,131369000.0,888623000.0,,0.922,-18164000.0,20107000.0,20107000.0,37174000.0,22668000.0,0.883,1.865,285000000.0,0.0,285000000.0,285000000.0,0.0,23647000.0,0.0,0.006,0.003,43630000.0,67277000.0,0.536,67277000.0,43630000.0,36658000.0,0.058,0.058,0.058,356046000.0,,356046000.0,1137221882.0,26.0,8.157,47738000.0,0.124,1.0,88297000.0,0.704,0.0,6972000.0,1136098000.0,,21860000.0,0.0,0.0,0.0,663946000.0,148787000.0,515159000.0,836483882.0,1084000.0,0.0,3393000.0,-19000000.0,-1287000.0,-16894000.0,-47924000.0,0.0,65902000.0,0.0,22668000.0,22668000.0,22668000.0,0.0,0.0,0.181,44667000.0,43630000.0,91381000.0,0.052,2.349,83.623,83.333,881722000.0,0.0,2.167,1.701,1.702,78668000.0,9268000.0,125471000.0,125471000.0,13999000.0,,,,,0.0,5802000.0,1.0,386069484.0,386148000,389220000.0,0.325,1019992000.0,0.0,13990000.0,174822000.0,2.641,-17418000.0
72,CTRA,MRQ,2003-06-30,2003-06-30,2003-06-30,2021-10-04,-29573000.0,1007331000.0,,109997000.0,897334000.0,,0.823,-29320000.0,3262000.0,3262000.0,44015000.0,17904000.0,0.65,2.19,304000000.0,0.0,304000000.0,304000000.0,0.0,23764000.0,0.0,0.006,0.003,34850000.0,58614000.0,0.462,58614000.0,34850000.0,28898000.0,0.047,0.046,0.047,315754000.0,,315754000.0,1225499083.0,79.0,10.877,50937000.0,0.133,1.0,82741000.0,0.653,0.0,5952000.0,1138896000.0,,9960000.0,0.0,0.0,0.0,691577000.0,169173000.0,522404000.0,888722083.0,2039000.0,0.0,1960000.0,-34000000.0,-1195000.0,-33235000.0,-44983000.0,0.0,80257000.0,0.0,17904000.0,17904000.0,17904000.0,0.0,0.0,0.141,47891000.0,34850000.0,98196000.0,0.064,2.815,-135.89,-135.343,890535000.0,0.0,2.301,1.967,1.954,85158000.0,-12113000.0,126756000.0,126756000.0,15663000.0,,,,,0.0,6172000.0,1.0,386260956.0,383760000,389724000.0,0.33,1007331000.0,0.0,10994000.0,160549000.0,2.625,-59176000.0
73,CTRA,MRQ,2003-03-31,2003-03-31,2003-03-31,2021-10-04,-24935000.0,1013826000.0,,124829000.0,888997000.0,,0.783,-19719000.0,1223000.0,1223000.0,49411000.0,-39223000.0,0.782,2.39,338000000.0,0.0,338000000.0,338000000.0,0.0,23507000.0,0.0,0.006,0.003,-53538000.0,-30031000.0,-0.221,-30031000.0,-53538000.0,-59163000.0,-0.102,-0.102,-0.102,299038000.0,,299038000.0,1133654400.0,-120.0,12.977,39828000.0,0.104,1.0,86505000.0,0.636,0.0,5625000.0,1190908000.0,,9656000.0,0.0,0.0,0.0,714788000.0,159695000.0,555093000.0,771215400.0,-1338000.0,0.0,498000.0,-27000000.0,-1273000.0,-27775000.0,-33110000.0,0.0,59547000.0,0.0,-39223000.0,-39223000.0,-39223000.0,0.0,0.0,-0.289,133196000.0,-46691000.0,88910000.0,-0.029,2.579,-34.548,-34.483,881783000.0,0.0,2.0,1.86,1.843,108470000.0,-28822000.0,135916000.0,135916000.0,13391000.0,,,,,0.0,6595000.0,1.0,385607700.0,382044000,382044000.0,0.356,1013826000.0,0.0,-19940000.0,161641000.0,2.654,-34866000.0
74,CTRA,MRQ,2002-12-31,2002-12-31,2002-12-31,2021-10-04,-12939000.0,1100947000.0,,106425000.0,994522000.0,,0.919,-15523000.0,1602000.0,1602000.0,36461000.0,8654000.0,0.876,2.14,365000000.0,0.0,365000000.0,365000000.0,0.0,24429000.0,0.0,0.006,0.003,19130000.0,43559000.0,0.421,43559000.0,19130000.0,12690000.0,0.023,0.023,0.023,350657000.0,,350657000.0,1178225679.0,24.0,8.092,40378000.0,0.106,1.0,67088000.0,0.648,0.0,6440000.0,1342812000.0,,15252000.0,0.0,0.0,0.0,750290000.0,121533000.0,628757000.0,787893679.0,-812000.0,0.0,311000.0,-27746000.0,-1271000.0,-28706000.0,-28007000.0,0.0,55901000.0,0.0,8654000.0,8654000.0,8654000.0,0.0,0.0,0.084,47958000.0,19130000.0,72619000.0,0.13,2.247,48.928,48.023,971754000.0,0.0,2.065,2.227,2.223,70028000.0,11674000.0,103549000.0,103549000.0,12484000.0,,,,,0.0,7100000.0,1.0,381546576.0,381744000,384768000.0,0.271,1100947000.0,30018000.0,4036000.0,229623000.0,2.884,-15108000.0
75,CTRA,MRQ,2002-09-30,2002-09-30,2002-09-30,2021-10-04,-967000.0,1050802000.0,,85845000.0,964957000.0,,0.929,-15232000.0,4668000.0,4668000.0,26696000.0,6125000.0,1.022,1.965,395000000.0,0.0,395000000.0,395000000.0,0.0,25420000.0,0.0,0.007,0.003,15111000.0,40531000.0,0.474,40531000.0,15111000.0,8797000.0,0.016,0.016,0.016,354407000.0,,354407000.0,1072837372.0,130.0,10.11,10020000.0,0.026,1.0,58853000.0,0.688,0.0,6314000.0,1357150000.0,,19459000.0,0.0,0.0,0.0,696395000.0,83984000.0,612411000.0,683547372.0,-3042000.0,0.0,13000.0,-2000000.0,-1272000.0,-3259000.0,-25035000.0,0.0,25252000.0,0.0,6125000.0,6125000.0,6125000.0,0.0,0.0,0.072,43742000.0,15111000.0,52480000.0,0.188,1.929,-83.84,-68.91,960704000.0,0.0,1.792,2.068,2.068,48681000.0,4291000.0,85549000.0,85549000.0,9803000.0,,,,,0.0,5966000.0,1.0,381514812.0,381516000,385632000.0,0.224,1050802000.0,0.0,2672000.0,202176000.0,2.754,1861000.0
76,CTRA,MRQ,2002-06-30,2002-06-30,2002-06-30,2021-10-04,-2844000.0,1065080000.0,,87439000.0,977641000.0,,0.911,-26681000.0,7710000.0,7710000.0,33977000.0,2121000.0,0.799,2.07,397000000.0,0.0,397000000.0,397000000.0,0.0,23453000.0,0.0,0.007,0.003,9850000.0,33303000.0,0.372,33303000.0,9850000.0,3519000.0,0.006,0.006,0.006,346981000.0,,346981000.0,1137440359.0,77.0,10.349,26798000.0,0.07,1.0,55607000.0,0.621,0.0,6331000.0,1344869000.0,,15151000.0,0.0,0.0,0.0,718099000.0,109501000.0,608598000.0,730416359.0,2734000.0,0.0,3031000.0,-15000000.0,-1271000.0,-13240000.0,-37505000.0,0.0,53479000.0,0.0,2121000.0,2121000.0,2121000.0,0.0,0.0,0.024,45757000.0,9850000.0,73554000.0,0.5,2.105,-171.984,-136.012,974913000.0,0.0,1.904,2.092,2.077,52715000.0,-562000.0,89584000.0,89584000.0,10824000.0,,,,,0.0,9572000.0,1.0,383588460.0,380844000,380844000.0,0.235,1065080000.0,0.0,1398000.0,198522000.0,2.797,-22062000.0
77,CTRA,MRQ,2002-03-31,2002-03-31,2002-03-31,2021-10-04,-8588000.0,1066175000.0,,81416000.0,984759000.0,,0.885,-41064000.0,4976000.0,4976000.0,30654000.0,-798000.0,0.774,2.176,412000000.0,0.0,412000000.0,412000000.0,0.0,23210000.0,0.0,0.006,0.003,4996000.0,28206000.0,0.376,28206000.0,4996000.0,-1230000.0,-0.003,-0.003,-0.003,335692000.0,,335692000.0,1177264202.0,37.0,9.829,-11515000.0,-0.03,1.0,44419000.0,0.592,0.0,6226000.0,1368057000.0,,12065000.0,0.0,0.0,0.0,730483000.0,105142000.0,625341000.0,789970202.0,-730000.0,0.0,105000.0,19000000.0,-1264000.0,17841000.0,-48120000.0,0.0,29549000.0,0.0,-798000.0,-798000.0,-798000.0,0.0,0.0,-0.011,39423000.0,4996000.0,64028000.0,-1.0,2.353,109.338,114.63,982146000.0,0.0,2.063,2.151,2.131,51635000.0,-1412000.0,75073000.0,75073000.0,7056000.0,,,,,0.0,5739000.0,1.0,382861164.0,379248000,379248000.0,0.198,1066175000.0,0.0,-432000.0,194543000.0,2.811,-23726000.0
78,CTRA,MRQ,2001-12-31,2001-12-31,2001-12-31,2021-10-04,835000.0,1069031000.0,,84987000.0,984044000.0,,0.913,150597000.0,5706000.0,5706000.0,27613000.0,-15601000.0,0.771,2.085,393000000.0,0.0,393000000.0,393000000.0,0.0,25814000.0,0.0,0.006,0.003,-21736000.0,4078000.0,0.051,4078000.0,-21736000.0,-28004000.0,-0.045,-0.045,-0.045,346552000.0,,346552000.0,1113108053.0,12.0,6.325,189199000.0,0.499,1.0,52705000.0,0.656,0.0,6268000.0,1346085000.0,,17560000.0,0.0,0.0,0.0,722479000.0,110240000.0,612239000.0,760040053.0,-10480000.0,-187785000.0,1000.0,20781000.0,-1265000.0,19517000.0,-68599000.0,0.0,38602000.0,0.0,-15601000.0,-15601000.0,-15601000.0,0.0,0.0,-0.194,74441000.0,-21736000.0,79575000.0,-0.067,2.193,16.142,15.417,981338000.0,0.0,2.004,1.7,1.629,50711000.0,650000.0,80318000.0,80318000.0,31411000.0,,,,,0.0,9762000.0,1.0,379229964.0,379404000,398988000.0,0.212,1069031000.0,0.0,-12403000.0,200859000.0,2.818,-25253000.0
79,CTRA,MRQ,2001-09-30,2001-09-30,2001-09-30,2021-10-04,5946000.0,1093097000.0,,116058000.0,977039000.0,,0.996,-207882000.0,13932000.0,13932000.0,34764000.0,10031000.0,0.968,1.985,367000000.0,0.0,367000000.0,367000000.0,0.0,22716000.0,0.0,0.008,0.003,21601000.0,44317000.0,0.425,44317000.0,21601000.0,16461000.0,0.028,0.027,0.028,366175000.0,,366175000.0,768191000.0,5.0,3.478,-160177000.0,-0.436,1.0,69462000.0,0.666,0.0,5140000.0,1326318000.0,,20266000.0,0.0,0.0,0.0,726922000.0,119847000.0,607075000.0,590552000.0,4571000.0,0.0,372000.0,180000000.0,-1183000.0,179189000.0,-222323000.0,0.0,47705000.0,0.0,10031000.0,10031000.0,10031000.0,0.0,0.0,0.096,47861000.0,21601000.0,90811000.0,0.107,1.613,7.404,7.292,974403000.0,0.0,1.663,1.226,1.269,58731000.0,17515000.0,104226000.0,104226000.0,14441000.0,,,,,0.0,6520000.0,1.0,355219248.0,367728000,367728000.0,0.283,1093097000.0,0.0,6430000.0,221737000.0,2.973,-3789000.0
80,CTRA,MRQ,2001-06-30,2001-06-30,2001-06-30,2021-10-04,13218000.0,772930000.0,,109224000.0,663706000.0,,0.887,-28706000.0,9361000.0,9361000.0,42688000.0,13593000.0,0.892,1.461,187000000.0,0.0,187000000.0,187000000.0,0.0,16198000.0,0.0,0.006,0.003,26976000.0,43174000.0,0.401,43174000.0,26976000.0,22272000.0,0.038,0.037,0.038,314083000.0,,314083000.0,911840261.0,6.0,4.436,28789000.0,0.081,1.0,64918000.0,0.603,0.0,4704000.0,828185000.0,,14194000.0,0.0,0.0,0.0,458847000.0,122384000.0,336463000.0,717951261.0,4250000.0,0.0,3182000.0,-12000000.0,-1181000.0,-9999000.0,-43246000.0,0.0,57495000.0,0.0,13593000.0,13593000.0,13593000.0,0.0,0.0,0.126,37942000.0,26976000.0,95050000.0,0.079,2.286,9.464,9.327,661732000.0,0.0,2.033,1.549,1.553,55641000.0,8669000.0,107606000.0,107606000.0,14540000.0,,,,,0.0,5691000.0,1.0,353090784.0,354108000,354108000.0,0.304,772930000.0,0.0,8679000.0,135626000.0,2.183,-13160000.0
81,CTRA,MRQ,2001-03-31,2001-03-31,2001-03-31,2021-10-04,-1706000.0,745091000.0,,94921000.0,650170000.0,,0.805,-34310000.0,5111000.0,5111000.0,52277000.0,39062000.0,0.668,1.632,199000000.0,16000000.0,183000000.0,199000000.0,0.0,15891000.0,0.0,0.006,0.003,68526000.0,84417000.0,0.545,84417000.0,68526000.0,63820000.0,0.111,0.11,0.111,283111000.0,,283111000.0,1051995423.0,9.0,6.003,75288000.0,0.214,1.0,102614000.0,0.662,0.0,4706000.0,796829000.0,,7576000.0,0.0,0.0,0.0,461980000.0,142151000.0,319829000.0,790569423.0,-2463000.0,0.0,4194000.0,-70000000.0,-1172000.0,-66978000.0,-45083000.0,0.0,109598000.0,0.0,39062000.0,39062000.0,39062000.0,0.0,0.0,0.252,34088000.0,68526000.0,90201000.0,0.027,2.792,12.394,12.228,648123000.0,0.0,2.25,1.803,1.806,71144000.0,-3742000.0,154891000.0,154891000.0,10773000.0,,,,,0.0,5946000.0,1.0,351364188.0,351816000,351816000.0,0.44,745091000.0,0.0,24758000.0,121962000.0,2.118,-47230000.0
82,CTRA,MRQ,2000-12-31,2000-12-31,2000-12-31,2021-10-04,0.0,735634000.0,,110269000.0,625365000.0,,0.696,-27198000.0,7574000.0,7574000.0,49657000.0,17071000.0,0.934,2.033,269000000.0,16000000.0,253000000.0,269000000.0,0.0,15112000.0,0.0,0.005,0.003,33826000.0,48938000.0,0.426,48938000.0,33826000.0,27992000.0,0.052,0.051,0.052,242505000.0,,242505000.0,1178927904.0,18.0,9.969,17978000.0,0.052,1.0,65191000.0,0.568,0.0,5834000.0,878952000.0,,11037000.0,0.0,0.0,0.0,493129000.0,118108000.0,375021000.0,904949904.0,5552000.0,0.0,3507000.0,-7000000.0,1041000.0,-4654000.0,-34970000.0,0.0,45176000.0,0.0,17071000.0,17071000.0,17071000.0,0.0,0.0,0.149,31365000.0,33826000.0,81566000.0,0.058,3.732,30.969,29.204,623174000.0,0.0,2.599,2.455,2.317,85677000.0,-41632000.0,114848000.0,114848000.0,7772000.0,,,,,0.0,4885000.0,1.0,348169248.0,348552000,348552000.0,0.33,735634000.0,0.0,10921000.0,108174000.0,2.111,-7839000.0
83,CTRA,MRQ,2000-09-30,2000-09-30,2000-09-30,2021-10-04,0.0,697369000.0,,83474000.0,613895000.0,,0.636,-28732000.0,2022000.0,2022000.0,46275000.0,6137000.0,0.801,2.155,276000000.0,16000000.0,260000000.0,276000000.0,0.0,13216000.0,0.0,0.008,0.003,15799000.0,29015000.0,0.336,29015000.0,15799000.0,10090000.0,0.018,0.018,0.018,221066000.0,,221066000.0,853491907.0,19.0,8.935,-6105000.0,-0.018,1.0,39961000.0,0.463,0.0,5709000.0,867096000.0,,14602000.0,0.0,0.0,0.0,476303000.0,104251000.0,372052000.0,589920907.0,593000.0,0.0,1549000.0,11000000.0,-1160000.0,11389000.0,-33423000.0,0.0,22627000.0,0.0,6137000.0,6137000.0,6137000.0,0.0,0.0,0.071,24162000.0,15799000.0,67041000.0,0.167,2.669,35.177,32.044,611949000.0,0.0,1.698,1.385,1.387,62165000.0,-57544000.0,86236000.0,86236000.0,4691000.0,,,,,0.0,5318000.0,1.0,347352840.0,347712000,347712000.0,0.248,697369000.0,0.0,3953000.0,99187000.0,2.006,-20777000.0
84,CTRA,MRQ,2000-06-30,2000-06-30,2000-06-30,2021-10-04,0.0,675227000.0,,72339000.0,602888000.0,,0.669,-22857000.0,1429000.0,1429000.0,49939000.0,-3082000.0,0.698,2.151,265000000.0,16000000.0,249000000.0,265000000.0,0.0,12464000.0,0.0,0.007,0.003,420000.0,12884000.0,0.156,12884000.0,420000.0,-4945000.0,0.004,0.004,0.004,214288000.0,,214288000.0,806020111.0,18.0,8.541,-7085000.0,-0.022,1.0,32509000.0,0.394,0.0,5365000.0,835199000.0,,8312000.0,0.0,0.0,0.0,460939000.0,103599000.0,357340000.0,528856111.0,593000.0,0.0,78817000.0,-13000000.0,-2377000.0,11840000.0,-27019000.0,0.0,15772000.0,0.0,-3082000.0,1518000.0,1518000.0,0.0,0.0,0.018,32089000.0,420000.0,71208000.0,0.75,2.468,36.952,36.753,600689000.0,-4600000.0,1.764,1.373,1.467,58167000.0,-62521000.0,82448000.0,82448000.0,4162000.0,,,,,0.0,5331000.0,1.0,299776728.0,320328000,320328000.0,0.257,675227000.0,0.0,-1863000.0,95619000.0,2.108,-31260000.0
85,CTRA,MRQ,2000-03-31,2000-03-31,2000-03-31,2021-10-04,0.0,652092000.0,,57409000.0,594683000.0,,0.643,-17422000.0,836000.0,836000.0,48598000.0,5345000.0,0.647,2.406,278000000.0,16000000.0,262000000.0,278000000.0,0.0,12648000.0,0.0,0.009,0.003,14773000.0,27421000.0,0.322,27421000.0,14773000.0,8802000.0,0.015,0.015,0.015,191448000.0,,191448000.0,739093019.0,14.0,7.076,18013000.0,0.061,1.0,36522000.0,0.429,0.0,5971000.0,840457000.0,,4928000.0,0.0,0.0,0.0,460644000.0,88799000.0,371845000.0,447772019.0,-843000.0,0.0,1231000.0,-15000000.0,-1854000.0,-15623000.0,-20655000.0,0.0,35435000.0,0.0,5345000.0,4494000.0,4494000.0,0.0,0.0,0.053,21749000.0,14773000.0,52478000.0,0.2,2.339,34.7,35.0,592244000.0,851000.0,1.505,1.302,1.302,49356000.0,-63014000.0,85120000.0,85120000.0,3233000.0,,,,,0.0,4887000.0,1.0,297522936.0,297576000,297576000.0,0.286,652092000.0,0.0,3457000.0,97613000.0,2.191,-31390000.0
86,CTRA,MRQ,1999-12-31,1999-12-31,1999-12-31,2021-10-04,0.0,659480000.0,,66640000.0,592840000.0,,0.627,-21856000.0,1679000.0,1679000.0,125828000.0,5471000.0,0.741,2.536,293000000.0,16000000.0,277000000.0,293000000.0,0.0,11765000.0,0.0,0.01,0.003,14438000.0,26203000.0,0.152,26203000.0,14438000.0,8294000.0,0.016,0.016,0.016,186496000.0,,186496000.0,699395637.0,18.0,7.532,10958000.0,0.037,1.0,46178000.0,0.268,0.0,6144000.0,860863000.0,,10929000.0,0.0,0.0,0.0,472984000.0,89938000.0,383046000.0,402672637.0,214000.0,0.0,354000.0,-42000000.0,1549000.0,-43499000.0,10899000.0,0.0,32814000.0,0.0,5471000.0,4621000.0,4621000.0,0.0,0.0,0.027,31740000.0,14438000.0,56551000.0,0.188,2.159,78.693,74.352,590301000.0,850000.0,1.338,1.369,1.351,50391000.0,-66503000.0,172006000.0,172006000.0,4057000.0,,,,,0.0,6501000.0,1.0,300876192.0,297324000,297324000.0,0.579,659480000.0,0.0,2823000.0,95012000.0,2.218,-23298000.0
87,CTRA,MRQ,1999-09-30,1999-09-30,1999-09-30,2021-10-04,0.0,694717000.0,,104649000.0,590068000.0,,0.614,27980000.0,38277000.0,38277000.0,13269000.0,4530000.0,1.155,2.811,335000000.0,16000000.0,319000000.0,335000000.0,0.0,13797000.0,0.0,0.009,0.003,14061000.0,27858000.0,0.61,27858000.0,14061000.0,7555000.0,0.013,0.013,0.013,182304000.0,,182304000.0,774967001.0,26.0,9.476,55752000.0,0.188,1.0,32421000.0,0.71,0.0,6506000.0,900850000.0,,11450000.0,0.0,0.0,0.0,512413000.0,90590000.0,421823000.0,426871001.0,-439000.0,0.0,467000.0,-15000000.0,-1853000.0,-16386000.0,-11825000.0,0.0,27772000.0,0.0,4530000.0,3679000.0,3679000.0,0.0,0.0,0.081,18360000.0,14061000.0,55890000.0,0.231,2.342,-1202.454,-1437.5,587707000.0,851000.0,1.438,1.684,1.684,51414000.0,-70123000.0,45690000.0,45690000.0,2993000.0,,,,,0.0,4918000.0,1.0,296953740.0,297084000,297084000.0,0.154,694717000.0,0.0,3025000.0,92383000.0,2.338,14059000.0
88,CTRA,MRQ,1999-06-30,1999-06-30,1999-06-30,2021-10-04,0.0,682544000.0,,57785000.0,624759000.0,,0.604,-5475000.0,1904000.0,1904000.0,11927000.0,960000.0,0.775,2.815,350000000.0,16000000.0,334000000.0,350000000.0,0.0,14816000.0,0.0,0.008,0.003,8155000.0,22971000.0,0.559,22971000.0,8155000.0,1705000.0,0.0,0.0,0.0,178927000.0,,178927000.0,821381566.0,46.0,12.313,16361000.0,0.055,1.0,29134000.0,0.71,0.0,6450000.0,956081000.0,,8231000.0,0.0,0.0,0.0,503617000.0,74559000.0,429058000.0,460060566.0,225000.0,0.0,729000.0,-13000000.0,-1850000.0,-14121000.0,-7490000.0,0.0,21836000.0,0.0,960000.0,110000.0,110000.0,0.0,0.0,0.003,20979000.0,8155000.0,43979000.0,,2.571,-70.153,-70.568,622453000.0,850000.0,1.552,1.876,1.877,43518000.0,-72798000.0,41061000.0,41061000.0,2015000.0,,,,,0.0,4426000.0,1.0,296335308.0,296424000,296424000.0,0.139,682544000.0,0.0,745000.0,85150000.0,2.303,-16774000.0
89,CTRA,MRQ,1999-03-31,1999-03-31,1999-03-31,2021-10-04,0.0,694738000.0,,60475000.0,634263000.0,,0.604,-26512000.0,1679000.0,1679000.0,11485000.0,-2442000.0,0.822,2.884,363000000.0,16000000.0,347000000.0,363000000.0,0.0,12979000.0,0.0,0.011,0.003,2844000.0,15823000.0,0.448,15823000.0,2844000.0,-3874000.0,-0.011,-0.011,-0.011,178852000.0,,178852000.0,696969170.0,36.0,10.902,-16446000.0,-0.056,1.0,23795000.0,0.674,0.0,6718000.0,982523000.0,,7974000.0,0.0,0.0,0.0,515886000.0,73536000.0,442350000.0,356169170.0,-521000.0,0.0,187000.0,20000000.0,-1837000.0,18350000.0,-28937000.0,0.0,10066000.0,0.0,-2442000.0,-3293000.0,-3293000.0,0.0,0.0,-0.093,20951000.0,2844000.0,39787000.0,-0.273,1.991,-81.224,-85.952,631751000.0,851000.0,1.203,1.449,1.449,47219000.0,-71910000.0,35280000.0,35280000.0,2425000.0,,,,,0.0,4291000.0,1.0,295985460.0,295992000,295992000.0,0.119,694738000.0,0.0,-1432000.0,84480000.0,2.347,-13061000.0
90,CTRA,MRQ,1998-12-31,1998-12-31,1998-12-31,2021-10-04,0.0,704160000.0,,71115000.0,633045000.0,,0.618,-109499000.0,2200000.0,2200000.0,103672000.0,0.0,0.718,2.855,343000000.0,16000000.0,327000000.0,343000000.0,0.0,10017000.0,0.0,0.01,0.003,5113000.0,15130000.0,0.115,15130000.0,5113000.0,-229000.0,-0.002,-0.002,-0.002,182668000.0,,182668000.0,620831200.0,23.0,9.051,-86167000.0,-0.291,1.0,27824000.0,0.212,0.0,5342000.0,945926000.0,,9312000.0,0.0,0.0,0.0,521492000.0,99034000.0,422458000.0,373927200.0,104000.0,0.0,618000.0,94000000.0,1553000.0,92261000.0,-115489000.0,0.0,23332000.0,0.0,0.0,-851000.0,-851000.0,0.0,0.0,-0.006,22711000.0,5113000.0,66628000.0,-1.5,2.047,196.597,178.571,629908000.0,851000.0,1.25,1.488,1.476,55799000.0,-67630000.0,131496000.0,131496000.0,5990000.0,,,,,0.0,5706000.0,1.0,299141760.0,295680000,295680000.0,0.445,704160000.0,0.0,-229000.0,85952000.0,2.381,-27919000.0
91,CTRA,MRQ,1998-09-30,1998-09-30,1998-09-30,2021-10-04,0.0,596932000.0,,62354000.0,534578000.0,,0.619,-25638000.0,2096000.0,2096000.0,11305000.0,-1673000.0,0.72,2.243,249000000.0,16000000.0,233000000.0,249000000.0,0.0,11086000.0,0.0,0.01,0.003,1701000.0,12787000.0,0.342,12787000.0,1701000.0,-2722000.0,-0.008,-0.008,-0.008,184075000.0,,184075000.0,605430818.0,14.0,7.286,-8211000.0,-0.028,1.0,26081000.0,0.698,0.0,4423000.0,757203000.0,,10058000.0,0.0,0.0,0.0,412857000.0,86633000.0,326224000.0,379323818.0,-1798000.0,0.0,-3547000.0,19000000.0,-1845000.0,13608000.0,-32833000.0,0.0,17427000.0,0.0,-1673000.0,-2524000.0,-2524000.0,0.0,0.0,-0.068,24380000.0,1701000.0,50192000.0,-0.375,2.061,31.487,30.258,532199000.0,851000.0,1.271,2.205,2.197,45917000.0,-65780000.0,37386000.0,37386000.0,7195000.0,,,,,0.0,4919000.0,1.0,298484316.0,297360000,297360000.0,0.126,596932000.0,0.0,-1049000.0,85550000.0,2.007,-24279000.0
92,CTRA,MRQ,1998-06-30,1998-06-30,1998-06-30,2021-10-04,0.0,578322000.0,,60363000.0,517959000.0,,0.64,-36568000.0,3893000.0,3893000.0,11568000.0,3134000.0,0.745,2.032,230000000.0,16000000.0,214000000.0,230000000.0,0.0,10316000.0,0.0,0.008,0.003,9876000.0,20192000.0,0.485,20192000.0,9876000.0,5297000.0,0.007,0.007,0.007,190765000.0,,190765000.0,699652940.0,14.0,7.623,-19042000.0,-0.064,1.0,30099000.0,0.722,0.0,4579000.0,723443000.0,,8747000.0,0.0,0.0,0.0,387557000.0,80986000.0,306571000.0,496172940.0,373000.0,0.0,1238000.0,23000000.0,-1845000.0,22393000.0,-39546000.0,0.0,17526000.0,0.0,3134000.0,2283000.0,2283000.0,0.0,0.0,0.055,20223000.0,9876000.0,48789000.0,0.429,2.601,29.429,28.736,516245000.0,851000.0,1.667,2.829,2.831,43390000.0,-62263000.0,41667000.0,41667000.0,2978000.0,,,,,0.0,5824000.0,1.0,297703764.0,297936000,297936000.0,0.14,578322000.0,0.0,2163000.0,84685000.0,1.941,-20623000.0
93,CTRA,MRQ,1998-03-31,1998-03-31,1998-03-31,2021-10-04,0.0,548482000.0,,58965000.0,489517000.0,,0.633,-30874000.0,3520000.0,3520000.0,10763000.0,3843000.0,0.746,1.924,207000000.0,16000000.0,191000000.0,207000000.0,0.0,9768000.0,0.0,0.007,0.003,10714000.0,20482000.0,0.502,20482000.0,10714000.0,6459000.0,0.01,0.01,0.01,187575000.0,,187575000.0,755745582.0,15.0,8.24,-1921000.0,-0.006,1.0,30028000.0,0.736,0.0,4255000.0,672937000.0,,6249000.0,0.0,0.0,0.0,360907000.0,79025000.0,281882000.0,558529582.0,1736000.0,0.0,896000.0,8000000.0,-1838000.0,7058000.0,-34275000.0,0.0,28953000.0,0.0,3843000.0,2993000.0,2993000.0,0.0,0.0,0.073,19314000.0,10714000.0,44268000.0,0.3,2.978,33.785,32.514,487645000.0,850000.0,1.886,3.226,3.226,46977000.0,-63553000.0,40791000.0,40791000.0,3401000.0,,,,,0.0,5501000.0,1.0,296171232.0,296196000,296196000.0,0.138,548482000.0,0.0,2616000.0,82396000.0,1.852,-20060000.0
94,CTRA,MRQ,1997-12-31,1997-12-31,1997-12-31,2021-10-04,0.0,541805000.0,,70533000.0,471272000.0,,0.627,38012000.0,1784000.0,1784000.0,11650000.0,10223000.0,0.821,1.944,199000000.0,16000000.0,183000000.0,199000000.0,0.0,9339000.0,0.0,0.008,0.003,20294000.0,29633000.0,0.568,29633000.0,20294000.0,15866000.0,0.033,0.032,0.033,184062000.0,,184062000.0,710289434.0,11.0,6.8,39606000.0,0.135,1.0,40505000.0,0.777,0.0,4428000.0,653149000.0,,6875000.0,0.0,0.0,0.0,357743000.0,85872000.0,271871000.0,479084434.0,-11000.0,0.0,850000.0,-34000000.0,3188000.0,-35606000.0,34001000.0,0.0,1594000.0,0.0,10223000.0,9295000.0,9295000.0,0.0,0.0,0.178,20211000.0,20294000.0,52348000.0,0.091,2.603,20.623,19.518,469399000.0,928000.0,1.62,2.588,2.444,59672000.0,-65551000.0,52155000.0,52155000.0,4011000.0,,,,,0.0,5877000.0,1.0,295731132.0,293448000,293448000.0,0.178,541805000.0,0.0,5643000.0,80108000.0,1.846,-15339000.0
95,CTRA,MRQ,1997-09-30,1997-09-30,1997-09-30,2021-10-04,0.0,561213000.0,,50126000.0,511087000.0,,0.634,-31550000.0,1795000.0,1795000.0,10604000.0,3680000.0,0.627,2.218,233000000.0,16000000.0,217000000.0,233000000.0,0.0,10647000.0,0.0,0.007,0.003,10830000.0,21477000.0,0.527,21477000.0,10830000.0,6216000.0,0.008,0.008,0.008,174377000.0,,174377000.0,750096455.0,12.0,7.233,-4310000.0,-0.016,1.0,30169000.0,0.74,0.0,4614000.0,712453000.0,,9104000.0,0.0,0.0,0.0,386836000.0,79965000.0,306871000.0,527538455.0,1352000.0,0.0,936000.0,10000000.0,-2308000.0,8628000.0,-34516000.0,0.0,27240000.0,0.0,3680000.0,2289000.0,2289000.0,0.0,0.0,0.056,19339000.0,10830000.0,47247000.0,0.375,3.025,26.231,,510169000.0,1391000.0,1.922,2.899,2.903,36881000.0,-73859000.0,40773000.0,40773000.0,2966000.0,,,,,0.0,5011000.0,1.0,274521312.0,274908000,274908000.0,0.148,561213000.0,0.0,2536000.0,80610000.0,2.041,-29839000.0
96,CTRA,MRQ,1997-06-30,1997-06-30,1997-06-30,2021-10-04,0.0,533231000.0,,42535000.0,490696000.0,,0.625,-19743000.0,442000.0,442000.0,10849000.0,3346000.0,0.628,2.109,223000000.0,16000000.0,207000000.0,223000000.0,0.0,10108000.0,0.0,0.009,0.003,10013000.0,20121000.0,0.511,20121000.0,10013000.0,5655000.0,0.007,0.007,0.007,171490000.0,,171490000.0,619282414.0,11.0,6.177,-958000.0,-0.003,1.0,28558000.0,0.725,0.0,4358000.0,688022000.0,,5684000.0,0.0,0.0,0.0,361741000.0,67767000.0,293974000.0,403104414.0,-5380000.0,0.0,165000.0,1000000.0,-2306000.0,-1141000.0,-23024000.0,0.0,18785000.0,0.0,3346000.0,1955000.0,1955000.0,0.0,0.0,0.05,18545000.0,10013000.0,37487000.0,0.429,2.351,19.384,,489883000.0,1391000.0,1.469,2.281,2.282,34206000.0,-75230000.0,39407000.0,39407000.0,3281000.0,,,,,0.0,4700000.0,1.0,274376232.0,274440000,274440000.0,0.144,533231000.0,0.0,2309000.0,77609000.0,1.943,-25232000.0
97,CTRA,MRQ,1997-03-31,1997-03-31,1997-03-31,2021-10-04,0.0,533787000.0,,52419000.0,481368000.0,,0.619,-11279000.0,5822000.0,5822000.0,11151000.0,11084000.0,0.939,2.142,222000000.0,0.0,222000000.0,222000000.0,0.0,10504000.0,0.0,0.009,0.003,22714000.0,33218000.0,0.629,33218000.0,22714000.0,18153000.0,0.035,0.034,0.035,169873000.0,,169873000.0,646635645.0,12.0,6.531,36142000.0,0.132,1.0,41641000.0,0.789,0.0,4561000.0,694148000.0,,5156000.0,0.0,0.0,0.0,363914000.0,55817000.0,308097000.0,400002645.0,4455000.0,0.0,246000.0,-26000000.0,-2306000.0,-28060000.0,-14906000.0,0.0,47421000.0,0.0,11084000.0,9693000.0,9693000.0,0.0,0.0,0.184,18927000.0,22714000.0,39392000.0,0.086,2.355,20.311,,480683000.0,1391000.0,1.458,2.29,2.29,39653000.0,-76268000.0,52792000.0,52792000.0,3627000.0,,,,,0.0,4156000.0,1.0,274287528.0,274260000,274260000.0,0.192,533787000.0,0.0,7069000.0,75982000.0,1.946,-3398000.0
98,CTRA,MRQ,1996-12-31,1996-12-31,1996-12-31,2021-10-04,0.0,561341000.0,,79637000.0,481704000.0,,0.587,-21174000.0,1367000.0,1367000.0,11394000.0,7566000.0,1.097,2.493,248000000.0,0.0,248000000.0,248000000.0,0.0,12227000.0,0.0,0.009,0.003,16667000.0,28894000.0,0.589,28894000.0,16667000.0,12127000.0,,,,160704000.0,,160704000.0,,,,1576000.0,0.006,1.0,37626000.0,0.768,0.0,4540000.0,735357000.0,,8797000.0,0.0,0.0,0.0,400637000.0,72617000.0,328020000.0,391316873.0,-66000.0,0.0,240000.0,4000000.0,3261000.0,1943000.0,-24759000.0,0.0,22750000.0,0.0,7566000.0,6174000.0,6174000.0,0.0,0.0,0.126,20959000.0,16667000.0,56338000.0,,2.435,25.647,25.476,480511000.0,1392000.0,1.427,2.4,2.395,67810000.0,-85046000.0,49020000.0,49020000.0,3585000.0,,,,,0.0,4790000.0,1.0,274287528.0,273936000,,0.179,561341000.0,0.0,4561000.0,69427000.0,2.049,7020000.0
99,CTRA,MRQ,1996-09-30,1996-09-30,1996-09-30,2021-10-04,,,,,,,,-14314000.0,,,9849000.0,4365000.0,,,,,,,,10448000.0,,0.011,0.003,7577000.0,18025000.0,0.508,18025000.0,7577000.0,4336000.0,,,,,,,,,,2218000.0,0.008,1.0,25648000.0,0.723,,3241000.0,,,,,,,,,,,-1867000.0,0.0,145000.0,1000000.0,-2304000.0,-1159000.0,-17240000.0,0.0,16532000.0,0.0,4365000.0,2974000.0,2974000.0,0.0,0.0,0.084,18071000.0,7577000.0,,,,,,,1391000.0,1.229,,,,,35497000.0,35497000.0,2926000.0,,,,,0.0,3975000.0,1.0,,273696000,,0.13,,,-29000.0,,,
100,CTRA,MRQ,1996-06-30,1996-06-30,1996-06-30,2021-10-04,,,,,,,,-9637000.0,,,9716000.0,2244000.0,,,,,,,,10261000.0,,0.009,0.003,8615000.0,18876000.0,0.505,18876000.0,8615000.0,3835000.0,,,,,,,,,,10484000.0,0.038,1.0,27630000.0,0.74,,4780000.0,,,,,,,,,,,-451000.0,0.0,63000.0,-5000000.0,0.0,-7240000.0,-13332000.0,0.0,20121000.0,0.0,2244000.0,853000.0,853000.0,0.0,0.0,0.023,19015000.0,8615000.0,,,,,,,1391000.0,1.427,,,,,37346000.0,37346000.0,3695000.0,,,,,0.0,4322000.0,1.0,,273576000,,0.137,,,1591000.0,,,
101,CTRA,MRQ,1996-03-31,1996-03-31,1996-03-31,2021-10-04,,,,,,,,-9869000.0,,,10226000.0,6649000.0,,,,,,,,9753000.0,,0.011,0.003,15929000.0,25682000.0,0.623,25682000.0,15929000.0,11080000.0,,,,,,,,,,6213000.0,0.023,1.0,30972000.0,0.752,,4849000.0,,,,,,,,,,,722000.0,0.0,165000.0,-1000000.0,-2303000.0,-3138000.0,-12222000.0,0.0,16082000.0,0.0,6649000.0,5258000.0,5258000.0,0.0,0.0,0.128,15043000.0,15929000.0,,,,,,,1391000.0,1.219,,,,,41198000.0,41198000.0,2353000.0,,,,,0.0,3737000.0,1.0,,273516000,,0.151,,,4431000.0,,,
102,CTRA,MRQ,1995-12-31,1995-12-31,1995-12-31,2021-10-04,0.0,528155000.0,,52348000.0,475807000.0,,0.541,,3029000.0,3029000.0,,,0.86,2.572,249000000.0,0.0,249000000.0,249000000.0,0.0,,0.0,0.011,0.003,,,,,,,,,,147856000.0,,147856000.0,,,,,,1.0,,,0.0,,713245000.0,,5596000.0,0.0,0.0,0.0,380299000.0,60881000.0,319418000.0,,,,,,,,,,,,,,,,,,,,48122000.0,,,,-3.607,474371000.0,,1.219,,2.752,42014000.0,-96663000.0,,,,,,,,,,1.0,,273300000,,,528155000.0,0.0,,62752000.0,1.933,-8533000.0
0,CTRA,MRT,2021-06-30,2021-06-30,2021-06-30,2021-10-04,2144000.0,4610567000.0,4526064000.0,396066000.0,4214501000.0,0.339,5.756,-518938000.0,168914000.0,168914000.0,650755000.0,273063000.0,1.046,1.005,1123515000.0,177199000.0,946316000.0,1123515000.0,0.0,381843000.0,0.0,0.023,0.41,384498000.0,766341000.0,0.5,766341000.0,384498000.0,334193000.0,0.69,0.68,0.69,2299895000.0,2235015000.0,2299895000.0,7834754800.0,20.0,10.224,387433000.0,0.97,1.0,881411000.0,0.575,0.0,50305000.0,5186484000.0,5148409500.0,17395000.0,0.0,0.0,0.0,2310672000.0,378684000.0,1931988000.0,6973868800.0,40172000.0,0.0,0.0,-175000000.0,-163565000.0,-347261000.0,-518938000.0,0.0,906371000.0,0.0,273063000.0,273063000.0,273063000.0,0.0,0.0,0.178,496913000.0,384498000.0,166256000.0,0.594,3.032,25.539,25.304,4150791000.0,0.0,17.46,4.552,4.554,182700000.0,2257320000.0,1532166000.0,1532166000.0,13645000.0,0.06,0.122,0.075,0.251,32035000.0,100988000.0,1.0,399419748.0,399586000,402206000.0,3.834,4610567000.0,22424000.0,61130000.0,788811000.0,11.538,17382000.0
1,CTRA,MRT,2021-03-31,2021-03-31,2021-03-31,2021-10-04,2282000.0,4550852000.0,4505389750.0,411915000.0,4138937000.0,0.342,5.778,-549890000.0,185237000.0,185237000.0,652954000.0,272973000.0,1.307,0.974,1046123000.0,100000000.0,946123000.0,1046123000.0,0.0,384916000.0,0.0,0.021,0.4,384304000.0,769220000.0,0.5,769220000.0,384304000.0,332014000.0,0.69,0.68,0.69,2305970000.0,2201536000.0,2305970000.0,8483335867.0,22.0,11.028,313975000.0,0.787,1.0,886893000.0,0.576,0.0,52290000.0,5096646000.0,5161347250.0,15870000.0,9574000.0,9574000.0,0.0,2244882000.0,315092000.0,1929790000.0,7501102867.0,-29200000.0,0.0,0.0,-175000000.0,-159460000.0,-343175000.0,-549890000.0,0.0,863865000.0,0.0,272973000.0,272973000.0,272973000.0,0.0,0.0,0.177,502589000.0,384304000.0,169101000.0,0.58,3.253,27.479,27.217,4075428000.0,0.0,18.78,4.871,4.868,197843000.0,2270819000.0,1539847000.0,1539847000.0,15856000.0,0.061,0.124,0.074,0.25,36107000.0,101117000.0,1.0,399419748.0,399121000,401811000.0,3.858,4550852000.0,2559000.0,59041000.0,806421000.0,11.402,96823000.0
2,CTRA,MRT,2020-12-31,2020-12-31,2020-12-31,2021-10-04,2419000.0,4523532000.0,4498220500.0,415715000.0,4107817000.0,0.326,5.56,-575019000.0,151691000.0,151691000.0,658885000.0,200529000.0,1.065,1.042,1133924000.0,188000000.0,945924000.0,1133924000.0,0.0,390903000.0,0.0,0.025,0.4,295247000.0,686150000.0,0.468,686150000.0,295247000.0,241123000.0,0.5,0.5,0.5,2215707000.0,2167142250.0,2215707000.0,7650472463.0,26.0,11.15,203216000.0,0.51,1.0,807739000.0,0.551,0.0,54124000.0,5115539000.0,5172391000.0,15270000.0,26209000.0,26209000.0,0.0,2307825000.0,390226000.0,1917599000.0,6488880463.0,-62092000.0,0.0,0.0,-87000000.0,-159390000.0,-255849000.0,-584478000.0,-9424000.0,778235000.0,0.0,200529000.0,200529000.0,200529000.0,0.0,0.0,0.137,512433000.0,295306000.0,162081000.0,0.8,2.929,32.359,32.56,4044606000.0,0.0,16.28,4.424,4.424,214724000.0,2184352000.0,1466624000.0,1466624000.0,15419000.0,0.045,0.093,0.057,0.201,40796000.0,105391000.0,1.0,398579881.0,398521000,400522000.0,3.68,4523532000.0,6171000.0,40594000.0,774195000.0,11.351,25489000.0
3,CTRA,MRT,2020-09-30,2020-09-30,2020-09-30,2021-10-04,929000.0,4419305000.0,4489148750.0,322552000.0,4096753000.0,0.328,5.315,-645560000.0,11748000.0,11748000.0,665415000.0,216263000.0,0.836,1.086,1173340000.0,199628000.0,973712000.0,1173340000.0,0.0,400845000.0,0.0,0.023,0.4,354478000.0,755323000.0,0.513,755323000.0,354478000.0,296685000.0,0.55,0.53,0.55,2118488000.0,2151087250.0,2118488000.0,8011099734.0,23.0,10.606,87813000.0,0.22,1.0,805799000.0,0.548,0.0,57793000.0,5194969000.0,5184869500.0,14929000.0,0.0,0.0,0.0,2300817000.0,385928000.0,1914889000.0,6919346734.0,-70568000.0,0.0,-172417000.0,-59000000.0,-160325000.0,-398096000.0,-405845000.0,240111000.0,733373000.0,0.0,216263000.0,216263000.0,216263000.0,0.0,0.0,0.147,520564000.0,285235000.0,151662000.0,0.727,3.266,31.995,31.564,4034680000.0,0.0,17.36,4.703,4.703,136738000.0,2093004000.0,1471214000.0,1471214000.0,15910000.0,0.048,0.101,0.068,0.241,40493000.0,103357000.0,1.0,398579881.0,398580000,398580000.0,3.691,4419305000.0,156815000.0,80422000.0,748489000.0,11.088,-63376000.0
4,CTRA,MRT,2020-06-30,2020-06-30,2020-06-30,2021-10-04,1073000.0,4527870000.0,4494988750.0,463934000.0,4063936000.0,0.358,5.434,-697522000.0,128742000.0,128742000.0,664090000.0,321582000.0,1.216,1.09,1220495000.0,175000000.0,1045495000.0,1220495000.0,0.0,412085000.0,0.0,0.023,0.39,491702000.0,903787000.0,0.562,903787000.0,491702000.0,434744000.0,0.81,0.79,0.81,2165979000.0,2174859250.0,2165979000.0,7853350262.0,16.0,8.689,177665000.0,0.446,1.0,945194000.0,0.587,0.0,56958000.0,5238235000.0,5207465750.0,17948000.0,40636000.0,40636000.0,0.0,2361891000.0,381388000.0,1980503000.0,6847527262.0,-112652000.0,0.0,-363225000.0,0.0,-157493000.0,-527084000.0,-460755000.0,241009000.0,875187000.0,0.0,321582000.0,321582000.0,321582000.0,0.0,0.0,0.2,526595000.0,418599000.0,161657000.0,0.481,3.161,21.293,21.21,4002492000.0,0.0,17.18,4.255,4.255,117918000.0,2147822000.0,1609284000.0,1609284000.0,16491000.0,0.072,0.148,0.094,0.306,31414000.0,97486000.0,1.0,398575510.0,398576000,401279000.0,4.038,4527870000.0,155343000.0,113162000.0,754108000.0,11.36,82546000.0
5,CTRA,MRT,2020-03-31,2020-03-31,2020-03-31,2021-10-04,1224000.0,4522175000.0,4503953500.0,541789000.0,3980386000.0,0.402,5.444,-741118000.0,214437000.0,214437000.0,671488000.0,472217000.0,1.399,1.085,1220260000.0,175000000.0,1045260000.0,1220260000.0,0.0,413610000.0,0.0,0.022,0.38,688696000.0,1102306000.0,0.609,1102306000.0,688696000.0,631714000.0,1.16,1.14,1.16,2168395000.0,2219565500.0,2168395000.0,7857755017.0,11.0,7.128,324283000.0,0.814,1.0,1139565000.0,0.629,0.0,56982000.0,5140821000.0,5224873000.0,18249000.0,16085000.0,16085000.0,0.0,2353780000.0,387177000.0,1966603000.0,6851513017.0,-100452000.0,0.0,-488485000.0,0.0,-155727000.0,-658957000.0,-506896000.0,241767000.0,1065401000.0,0.0,472217000.0,472217000.0,472217000.0,0.0,0.0,0.261,527622000.0,611943000.0,183816000.0,0.328,3.16,14.509,14.819,3920497000.0,0.0,17.19,3.783,3.781,135697000.0,2157306000.0,1811053000.0,1811053000.0,16416000.0,0.105,0.213,0.132,0.38,30287000.0,97209000.0,1.0,398575510.0,398343000,399897000.0,4.546,4522175000.0,156551000.0,159497000.0,746108000.0,11.352,154612000.0
6,CTRA,MRT,2019-12-31,2019-12-31,2019-12-31,2021-10-04,1360000.0,4487245000.0,4493796500.0,568248000.0,3918997000.0,0.46,5.178,-785768000.0,213783000.0,213783000.0,668688000.0,681070000.0,1.732,1.086,1220025000.0,87000000.0,1133025000.0,1220025000.0,0.0,405733000.0,0.0,0.02,0.35,955176000.0,1360909000.0,0.659,1360909000.0,955176000.0,900224000.0,1.64,1.63,1.64,2151487000.0,2257701500.0,2151487000.0,8239442557.0,9.0,6.054,660023000.0,1.588,1.0,1397589000.0,0.676,0.0,54952000.0,5165453000.0,5226414250.0,13932000.0,31000.0,31000.0,0.0,2335758000.0,328034000.0,2007724000.0,7101968557.0,211496000.0,0.0,-519863000.0,-7000000.0,-145515000.0,-690380000.0,-543915000.0,251191000.0,1445791000.0,0.0,681070000.0,681070000.0,681070000.0,0.0,0.0,0.33,522909000.0,874680000.0,189811000.0,0.213,3.301,10.428,10.616,3855706000.0,0.0,17.41,3.437,3.501,209023000.0,2143213000.0,2066277000.0,2066277000.0,20270000.0,0.152,0.302,0.183,0.462,29009000.0,94870000.0,1.0,407924673.0,415514000,417451000.0,4.973,4487245000.0,129795000.0,219154000.0,702104000.0,10.799,240214000.0
7,CTRA,MRT,2019-09-30,2019-09-30,2019-09-30,2021-10-04,4027000.0,4442665000.0,4421692500.0,421679000.0,4020986000.0,0.525,5.367,-862437000.0,82316000.0,82316000.0,665146000.0,809175000.0,1.43,1.007,1219790000.0,87000000.0,1132790000.0,1219790000.0,0.0,428563000.0,0.0,0.018,0.32,1073673000.0,1502236000.0,0.647,1502236000.0,1073673000.0,1017747000.0,1.89,1.89,1.89,2213576000.0,2241869500.0,2213576000.0,8329284053.0,8.0,5.545,636425000.0,1.543,1.0,1656064000.0,0.713,0.0,55926000.0,5285354000.0,5218896500.0,18195000.0,194786000.0,25700000.0,169086000.0,2229089000.0,294785000.0,1934304000.0,7351123053.0,-233761000.0,0.0,-638482000.0,-67000000.0,-134906000.0,-858468000.0,-874155000.0,1656000.0,1498862000.0,0.0,809175000.0,809175000.0,809175000.0,0.0,0.0,0.349,595731000.0,1060333000.0,172732000.0,0.169,3.321,9.085,9.296,3787581000.0,0.0,17.57,3.167,3.122,159239000.0,2037066000.0,2321210000.0,2321210000.0,60683000.0,0.183,0.361,0.206,0.463,37691000.0,102998000.0,1.0,418390612.0,412456000,414462000.0,5.628,4442665000.0,133028000.0,208572000.0,647473000.0,10.771,126894000.0
8,CTRA,MRT,2019-06-30,2019-06-30,2019-06-30,2021-10-04,4164000.0,4563729000.0,4355787000.0,631330000.0,3932399000.0,0.56,5.555,-894871000.0,241394000.0,241394000.0,738498000.0,841154000.0,2.698,0.946,1219555000.0,0.0,1219555000.0,1219555000.0,0.0,438846000.0,0.0,0.013,0.29,1119975000.0,1558821000.0,0.64,1558821000.0,1119975000.0,1063412000.0,1.95,1.95,1.95,2344804000.0,2212012250.0,2344804000.0,10624407838.0,9.0,6.816,575309000.0,1.363,1.0,1698774000.0,0.697,0.0,56563000.0,5307864000.0,5095967250.0,19381000.0,227332000.0,61194000.0,166138000.0,2218925000.0,234026000.0,1984899000.0,9718653838.0,-499600000.0,0.0,-609745000.0,-304000000.0,-124348000.0,-1056178000.0,-913602000.0,758000.0,1470180000.0,0.0,841154000.0,841154000.0,841154000.0,0.0,0.0,0.345,588268000.0,1110506000.0,184960000.0,0.149,4.145,11.554,11.774,3699575000.0,0.0,22.96,3.988,3.977,183376000.0,1983733000.0,2437272000.0,2437272000.0,66251000.0,0.193,0.38,0.22,0.46,42137000.0,105331000.0,1.0,423286317.0,422141000,424349000.0,5.774,4563729000.0,121859000.0,222258000.0,611163000.0,10.811,397304000.0
9,CTRA,MRT,2019-03-31,2019-03-31,2019-03-31,2021-10-04,4300000.0,4481547000.0,4314032250.0,680191000.0,3801356000.0,0.546,5.485,-899712000.0,314889000.0,314889000.0,790396000.0,702576000.0,2.83,0.931,1220643000.0,1305000.0,1219338000.0,1220643000.0,0.0,427609000.0,0.0,0.01,0.26,947224000.0,1374833000.0,0.583,1374833000.0,947224000.0,881900000.0,1.61,1.61,1.61,2320939000.0,2164354750.0,2320939000.0,12273702225.0,13.0,8.927,517718000.0,1.224,1.0,1566206000.0,0.665,0.0,65324000.0,5146986000.0,4918284500.0,18277000.0,178210000.0,14246000.0,163964000.0,2160608000.0,240315000.0,1920293000.0,11049885225.0,-650039000.0,0.0,-697005000.0,-304000000.0,-113327000.0,-1124084000.0,-943385000.0,0.0,1417430000.0,0.0,702576000.0,702576000.0,702576000.0,0.0,0.0,0.298,624797000.0,941409000.0,204544000.0,0.161,4.761,15.728,16.211,3574622000.0,0.0,26.1,4.689,4.686,220732000.0,1840816000.0,2356602000.0,2356602000.0,116247000.0,0.163,0.325,0.193,0.402,40746000.0,103670000.0,1.0,423367250.0,423116000,425189000.0,5.57,4481547000.0,111303000.0,179324000.0,546559000.0,10.592,439876000.0
10,CTRA,MRT,2018-12-31,2018-12-31,2018-12-31,2021-10-04,4437000.0,4198829000.0,4328245750.0,544545000.0,3654284000.0,0.506,4.687,-216120000.0,2287000.0,2287000.0,773217000.0,557043000.0,1.896,1.011,1226104000.0,0.0,1226104000.0,1226104000.0,0.0,417479000.0,0.0,0.011,0.25,771338000.0,1188817000.0,0.543,1188817000.0,771338000.0,698137000.0,1.25,1.24,1.25,2088159000.0,2185749000.0,2088159000.0,10617562139.0,14.0,8.931,888783000.0,1.995,1.0,1414931000.0,0.647,0.0,73201000.0,5135382000.0,4779841750.0,11076000.0,220846000.0,57665000.0,163181000.0,2110670000.0,287264000.0,1823406000.0,9636870139.0,-477760000.0,0.0,-872761000.0,-297000000.0,-111369000.0,-1289280000.0,-293383000.0,0.0,1104903000.0,0.0,557043000.0,557043000.0,557043000.0,0.0,0.0,0.255,644730000.0,770201000.0,241939000.0,0.2,4.615,17.3,17.88,3463606000.0,0.0,22.35,4.404,4.551,362403000.0,1607658000.0,2188148000.0,2188148000.0,113820000.0,0.129,0.255,0.161,0.353,31443000.0,96641000.0,1.0,431179872.0,445538000,447568000.0,4.911,4198829000.0,109251000.0,141094000.0,458597000.0,9.424,257281000.0
11,CTRA,MRT,2018-09-30,2018-09-30,2018-09-30,2021-10-04,2112000.0,4179043000.0,4460374500.0,619864000.0,3559179000.0,0.42,4.751,-66990000.0,316077000.0,316077000.0,758046000.0,237558000.0,1.693,0.996,1296769000.0,77921000.0,1218848000.0,1296769000.0,0.0,431338000.0,0.0,0.01,0.23,-8047000.0,423291000.0,0.226,423291000.0,-8047000.0,-86034000.0,0.54,0.53,0.54,2094147000.0,2294685500.0,2094147000.0,10726481688.0,-1333.0,25.341,900975000.0,2.044,1.0,1114304000.0,0.595,0.0,77987000.0,4793637000.0,4788440000.0,12476000.0,159182000.0,0.0,159182000.0,2084896000.0,366098000.0,1718798000.0,9935314688.0,-194179000.0,0.0,-637211000.0,-237000000.0,-104316000.0,-988631000.0,-173513000.0,0.0,967965000.0,0.0,237558000.0,237558000.0,237558000.0,0.0,0.0,0.127,1024823000.0,89481000.0,263623000.0,0.426,4.744,41.823,41.704,3366237000.0,0.0,22.52,5.306,5.301,222827000.0,1362797000.0,1872350000.0,1872350000.0,73069000.0,0.053,0.104,-0.002,-0.004,23880000.0,92896000.0,1.0,441177384.0,440772000,443110000.0,4.248,4179043000.0,65792000.0,-323592000.0,358708000.0,9.481,253766000.0
12,CTRA,MRT,2018-06-30,2018-06-30,2018-06-30,2021-10-04,2248000.0,4396710000.0,4697805250.0,987413000.0,3409297000.0,0.365,4.776,2341000.0,740994000.0,740994000.0,671389000.0,132808000.0,1.671,1.041,1532161000.0,313589000.0,1218572000.0,1532161000.0,0.0,456433000.0,0.0,0.009,0.22,-138914000.0,317519000.0,0.185,317519000.0,-138914000.0,-223041000.0,0.3,0.29,0.3,2154174000.0,2432297250.0,2154174000.0,11310713545.0,-81.0,35.622,917215000.0,2.033,1.0,1041204000.0,0.608,0.0,84127000.0,4597133000.0,5015687500.0,20470000.0,151396000.0,0.0,151396000.0,2242536000.0,590744000.0,1651792000.0,10745408545.0,224460000.0,0.0,-475140000.0,0.0,-100974000.0,-586437000.0,-103977000.0,0.0,914874000.0,0.0,132808000.0,132808000.0,132808000.0,0.0,0.0,0.078,1086267000.0,-45063000.0,235978000.0,0.733,4.988,80.909,79.333,3225493000.0,0.0,23.8,6.274,6.268,180545000.0,1266928000.0,1712593000.0,1712593000.0,69486000.0,0.028,0.055,-0.028,-0.081,25585000.0,95416000.0,1.0,451487754.0,451055000,453114000.0,3.797,4396710000.0,41512000.0,-355849000.0,293927000.0,9.748,396669000.0
13,CTRA,MRT,2018-03-31,2018-03-31,2018-03-31,2021-10-04,2383000.0,4538401000.0,4903492500.0,1236118000.0,3302283000.0,0.351,5.235,49184000.0,964928000.0,964928000.0,615604000.0,111904000.0,2.421,0.886,1530233000.0,312002000.0,1218231000.0,1530233000.0,0.0,515845000.0,0.0,0.009,0.21,-159070000.0,356775000.0,0.207,356775000.0,-159070000.0,-240488000.0,0.26,0.25,0.26,2406516000.0,2554261500.0,2406516000.0,12122134939.0,-76.0,33.977,950726000.0,2.068,1.0,1103999000.0,0.642,0.0,81418000.0,4593215000.0,5364504750.0,12448000.0,131814000.0,5551000.0,126263000.0,2131885000.0,510491000.0,1621394000.0,11049653939.0,427443000.0,0.0,-330875000.0,0.0,-97179000.0,-438568000.0,-35531000.0,0.0,901542000.0,0.0,111904000.0,111904000.0,111904000.0,0.0,0.0,0.065,1168251000.0,-64252000.0,174662000.0,0.808,4.592,98.742,92.231,3146252000.0,0.0,23.98,6.426,6.411,170000000.0,1251568000.0,1719603000.0,1719603000.0,18945000.0,0.023,0.044,-0.03,-0.093,30320000.0,98145000.0,1.0,460786236.0,459715000,461549000.0,3.741,4538401000.0,81420000.0,-352392000.0,291280000.0,9.872,725627000.0
14,CTRA,MRT,2017-12-31,2017-12-31,2017-12-31,2021-10-04,2077000.0,4727344000.0,5079989250.0,764957000.0,3962387000.0,0.347,5.443,-649114000.0,480047000.0,480047000.0,632488000.0,100393000.0,1.214,0.873,1552528000.0,334637000.0,1217891000.0,1552528000.0,0.0,568817000.0,0.0,0.006,0.17,-146305000.0,422512000.0,0.239,422512000.0,-146305000.0,-228435000.0,0.22,0.22,0.22,2523905000.0,2629427250.0,2523905000.0,14239835640.0,-97.0,33.703,249046000.0,0.537,1.0,1131731000.0,0.641,0.0,82130000.0,5169775000.0,5720218500.0,8006000.0,88316000.0,0.0,88316000.0,2203439000.0,630050000.0,1573389000.0,13227740640.0,-18495000.0,0.0,-123741000.0,0.0,-78838000.0,-210502000.0,-706153000.0,0.0,898160000.0,0.0,100393000.0,100393000.0,100393000.0,0.0,0.0,0.057,1182505000.0,-50774000.0,238045000.0,0.773,5.241,131.76,130.0,3072204000.0,0.0,28.6,7.498,7.518,216004000.0,1162430000.0,1764219000.0,1764219000.0,21526000.0,0.02,0.038,-0.026,-0.083,33419000.0,97786000.0,1.0,462508414.0,463735000,465551000.0,3.804,4727344000.0,56666000.0,-328828000.0,227030000.0,10.194,134907000.0
15,CTRA,MRT,2017-09-30,2017-09-30,2017-09-30,2021-10-04,3482000.0,5128766000.0,5178795500.0,718029000.0,4410737000.0,0.324,5.718,-682871000.0,510256000.0,510256000.0,622879000.0,-147926000.0,1.638,0.939,1522351000.0,237800000.0,1284551000.0,1522351000.0,0.0,566907000.0,0.0,0.005,0.14,-150957000.0,415950000.0,0.248,415950000.0,-150957000.0,-233193000.0,-0.32,-0.32,-0.32,2644594000.0,2640367750.0,2644594000.0,13379046972.0,-89.0,32.165,175912000.0,0.38,1.0,1057328000.0,0.629,0.0,82236000.0,5702627000.0,5909525750.0,12997000.0,148920000.0,0.0,148920000.0,2484172000.0,438234000.0,2045938000.0,12371681972.0,9063000.0,0.0,-68255000.0,0.0,-65009000.0,-139159000.0,-710561000.0,0.0,858783000.0,0.0,-147926000.0,-147926000.0,-147926000.0,0.0,0.0,-0.088,1206610000.0,-149282000.0,160789000.0,-0.438,4.678,-83.634,-83.594,4234772000.0,0.0,26.75,7.363,7.363,161690000.0,1230002000.0,1680207000.0,1680207000.0,31176000.0,-0.029,-0.056,-0.026,-0.09,28942000.0,89342000.0,1.0,462492784.0,462498000,464780000.0,3.633,5128766000.0,26963000.0,-85267000.0,638014000.0,11.089,279795000.0
16,CTRA,MRT,2017-06-30,2017-06-30,2017-06-30,2021-10-04,726000.0,5219459000.0,5279584250.0,735824000.0,4483635000.0,0.304,5.685,-607021000.0,516534000.0,516534000.0,608722000.0,-175773000.0,3.139,0.976,1523899000.0,2688000.0,1521211000.0,1523899000.0,0.0,560130000.0,0.0,0.004,0.11,-192830000.0,367300000.0,0.229,367300000.0,-192830000.0,-276218000.0,-0.38,-0.38,-0.38,2642031000.0,2695031750.0,2642031000.0,12671403496.0,-66.0,34.499,168076000.0,0.362,1.0,996498000.0,0.621,0.0,83388000.0,5992402000.0,6073862250.0,11080000.0,140581000.0,0.0,140581000.0,2577428000.0,234422000.0,2343006000.0,11675326496.0,-956000.0,0.0,-68255000.0,-20000000.0,-51187000.0,-145093000.0,-630960000.0,0.0,775097000.0,0.0,-175773000.0,-175773000.0,-175773000.0,0.0,0.0,-0.11,1181858000.0,-185360000.0,183554000.0,-0.289,4.419,-66.423,-66.0,4202985000.0,0.0,25.08,7.273,7.262,177342000.0,1235540000.0,1605220000.0,1605220000.0,27698000.0,-0.033,-0.065,-0.032,-0.12,26217000.0,85472000.0,1.0,465523385.0,464768000,466745000.0,3.454,5219459000.0,16464000.0,-100445000.0,617332000.0,11.23,501402000.0
17,CTRA,MRT,2017-03-31,2017-03-31,2017-03-31,2021-10-04,1002000.0,5244388000.0,5367337000.0,748313000.0,4496075000.0,0.259,5.818,-490335000.0,537485000.0,537485000.0,594218000.0,-260210000.0,3.335,0.937,1533562000.0,12692000.0,1520870000.0,1533562000.0,0.0,563341000.0,0.0,0.003,0.08,-325978000.0,237363000.0,0.171,237363000.0,-325978000.0,-410710000.0,-0.57,-0.57,-0.57,2707179000.0,2753923750.0,2707179000.0,12422810615.0,-38.0,52.337,109372000.0,0.235,1.0,797361000.0,0.573,0.0,84732000.0,6016070000.0,6171471750.0,12095000.0,135983000.0,0.0,135983000.0,2537209000.0,224395000.0,2312814000.0,11360563615.0,-41831000.0,0.0,1000.0,-84000000.0,-37211000.0,-126629000.0,-514909000.0,0.0,599707000.0,0.0,-260210000.0,-260210000.0,-260210000.0,0.0,0.0,-0.187,1111756000.0,-314395000.0,183305000.0,-0.14,4.196,-43.659,-41.947,4328360000.0,0.0,23.91,8.164,7.996,192783000.0,1237289000.0,1391579000.0,1391579000.0,27477000.0,-0.048,-0.094,-0.053,-0.234,23659000.0,81460000.0,1.0,475138587.0,465348000,466888000.0,2.99,5244388000.0,1601000.0,-150500000.0,592412000.0,11.27,523918000.0
18,CTRA,MRT,2016-12-31,2016-12-31,2016-12-31,2021-10-04,985000.0,5122569000.0,5481917000.0,715881000.0,4406688000.0,0.211,5.62,-324734000.0,498542000.0,498542000.0,577246000.0,-417124000.0,2.777,0.995,1560789000.0,40259000.0,1520530000.0,1560789000.0,0.0,590128000.0,0.0,0.003,0.08,-571263000.0,18865000.0,0.016,18865000.0,-571263000.0,-659599000.0,-0.91,-0.91,-0.91,2567667000.0,2813144000.0,2567667000.0,11890707484.0,-21.0,630.305,72707000.0,0.159,1.0,578431000.0,0.501,0.0,88336000.0,5927004000.0,6299254750.0,13304000.0,129524000.0,0.0,129524000.0,2554902000.0,257812000.0,2297090000.0,10865892484.0,498028000.0,0.0,995279000.0,-497000000.0,-36187000.0,453805000.0,-353218000.0,0.0,397441000.0,0.0,-417124000.0,-417124000.0,-417124000.0,0.0,0.0,-0.361,1140899000.0,-562468000.0,168411000.0,-0.088,4.232,-26.05,-25.67,4250125000.0,0.0,23.36,9.402,9.234,191045000.0,1098703000.0,1155677000.0,1155677000.0,27662000.0,-0.076,-0.148,-0.091,-0.494,25982000.0,85633000.0,1.0,465149507.0,456847000,456847000.0,2.53,5122569000.0,10298000.0,-242475000.0,579447000.0,11.213,458069000.0
19,CTRA,MRT,2016-09-30,2016-09-30,2016-09-30,2021-10-04,-313000.0,5531921000.0,5514534250.0,655645000.0,4876276000.0,0.203,6.156,-331455000.0,501193000.0,501193000.0,582548000.0,-235488000.0,3.332,0.932,1526008000.0,5818000.0,1520190000.0,1526008000.0,0.0,598786000.0,0.0,0.003,0.08,-285456000.0,313330000.0,0.28,313330000.0,-285456000.0,-377944000.0,-0.55,-0.55,-0.55,2863250000.0,2673524250.0,2863250000.0,13041684437.0,-46.0,41.623,90894000.0,0.195,1.0,537429000.0,0.48,0.0,92488000.0,6359973000.0,6575781500.0,13487000.0,127901000.0,0.0,127901000.0,2668671000.0,196763000.0,2471908000.0,12000824437.0,492420000.0,0.0,995279000.0,-509000000.0,-35163000.0,433977000.0,-363906000.0,0.0,422349000.0,0.0,-235488000.0,-235488000.0,-235488000.0,0.0,0.0,-0.21,818067000.0,-280638000.0,160142000.0,-0.145,4.191,-50.962,-46.909,4722598000.0,0.0,25.8,10.715,10.715,121301000.0,1400765000.0,1119977000.0,1119977000.0,21609000.0,-0.043,-0.088,-0.043,-0.255,25074000.0,81577000.0,1.0,465148234.0,465149000,465149000.0,2.408,5531921000.0,15558000.0,-142456000.0,749976000.0,11.893,458882000.0
20,CTRA,MRT,2016-06-30,2016-06-30,2016-06-30,2021-10-04,-331000.0,5570470000.0,5502722000.0,659238000.0,4911232000.0,0.203,6.187,-415430000.0,517490000.0,517490000.0,591907000.0,-240742000.0,2.885,0.936,1558350000.0,38501000.0,1519849000.0,1558350000.0,0.0,603622000.0,0.0,0.003,0.08,-289676000.0,313946000.0,0.282,313946000.0,-289676000.0,-385191000.0,-0.57,-0.57,-0.57,2877599000.0,2488146000.0,2877599000.0,12992982873.0,-45.0,41.386,47867000.0,0.103,1.0,522937000.0,0.469,0.0,95515000.0,6382840000.0,6797616750.0,14985000.0,123623000.0,0.0,123623000.0,2692871000.0,228490000.0,2464381000.0,11969106873.0,502259000.0,-12000.0,995279000.0,-447000000.0,-34135000.0,491534000.0,-452572000.0,0.0,463297000.0,0.0,-240742000.0,-240742000.0,-240742000.0,0.0,0.0,-0.216,811572000.0,-288635000.0,142501000.0,-0.14,4.159,-49.718,-45.158,4762680000.0,0.0,25.74,10.736,10.738,118048000.0,1420328000.0,1114844000.0,1114844000.0,23551000.0,-0.044,-0.097,-0.043,-0.26,22559000.0,73305000.0,1.0,465000267.0,465068000,465068000.0,2.397,5570470000.0,4187000.0,-144449000.0,745085000.0,11.978,430748000.0
21,CTRA,MRT,2016-03-31,2016-03-31,2016-03-31,2021-10-04,-365000.0,5702708000.0,5486334500.0,720687000.0,4982021000.0,0.214,6.817,-598197000.0,579316000.0,579316000.0,595779000.0,-205340000.0,3.615,0.937,1603192000.0,20000000.0,1583192000.0,1603192000.0,0.0,608601000.0,0.0,0.004,0.08,-233245000.0,375356000.0,0.32,375356000.0,-233245000.0,-330965000.0,-0.5,-0.5,-0.5,2944060000.0,2305225250.0,2944060000.0,11427793187.0,-49.0,30.445,-48868000.0,-0.113,1.0,578546000.0,0.493,0.0,97720000.0,6527202000.0,7003366000.0,15948000.0,136172000.0,18994000.0,117178000.0,2758648000.0,199382000.0,2559266000.0,9403307187.0,565368000.0,-16312000.0,995278000.0,-265000000.0,-33109000.0,666195000.0,-650156000.0,0.0,549329000.0,0.0,-205340000.0,-205340000.0,-205340000.0,0.0,0.0,-0.175,817346000.0,-238800000.0,147994000.0,-0.16,3.194,-45.794,-45.42,4837814000.0,0.0,22.71,8.007,8.351,100871000.0,1492538000.0,1174325000.0,1174325000.0,25111000.0,-0.037,-0.089,-0.033,-0.199,21777000.0,73338000.0,1.0,414060202.0,431841000,431841000.0,2.719,5702708000.0,4187000.0,-125625000.0,780295000.0,13.206,521305000.0
22,CTRA,MRT,2015-12-31,2015-12-31,2015-12-31,2021-10-04,-365000.0,5253038000.0,5438738250.0,144786000.0,5108252000.0,0.25,4.857,-947949000.0,514000.0,514000.0,623803000.0,-113891000.0,0.615,1.615,2016139000.0,20000000.0,1996139000.0,2016139000.0,0.0,622211000.0,0.0,0.005,0.08,-90362000.0,531849000.0,0.392,531849000.0,-90362000.0,-187273000.0,-0.28,-0.28,-0.28,2009188000.0,2113093000.0,2009188000.0,9349669647.0,-103.0,17.58,-198351000.0,-0.479,1.0,733347000.0,0.54,0.0,96911000.0,7033111000.0,7114722750.0,17049000.0,103517000.0,0.0,103517000.0,3243850000.0,235552000.0,3008298000.0,7321442647.0,-20440000.0,-16312000.0,0.0,273000000.0,-33090000.0,223296000.0,-993334000.0,0.0,749598000.0,0.0,-113891000.0,-113891000.0,-113891000.0,0.0,0.0,-0.084,828676000.0,-95329000.0,160407000.0,-0.286,3.644,-64.285,-63.179,4976879000.0,0.0,17.69,5.395,5.392,120229000.0,1552014000.0,1357150000.0,1357150000.0,27460000.0,-0.021,-0.054,-0.013,-0.067,13645000.0,67996000.0,1.0,413874655.0,413696000,413696000.0,3.281,5253038000.0,4323000.0,-73382000.0,807236000.0,12.698,-90766000.0
23,CTRA,MRT,2015-09-30,2015-09-30,2015-09-30,2021-10-04,-2151000.0,5484672000.0,5484907750.0,215421000.0,5269251000.0,0.309,5.127,-1291771000.0,8773000.0,8773000.0,626120000.0,-224538000.0,0.811,1.585,2037000000.0,20000000.0,2017000000.0,2037000000.0,0.0,646100000.0,0.0,0.004,0.08,-421984000.0,224116000.0,0.132,224116000.0,-421984000.0,-517701000.0,-0.54,-0.54,-0.54,2121737000.0,2146479250.0,2121737000.0,11025611180.0,-26.0,49.196,-413632000.0,-0.999,1.0,1068242000.0,0.63,0.0,95717000.0,7247314000.0,7023881000.0,18283000.0,141853000.0,48445000.0,93408000.0,3362935000.0,265585000.0,3097350000.0,9045842180.0,-301214000.0,-215223000.0,-19085000.0,425000000.0,-33072000.0,357712000.0,-1537065000.0,0.0,878139000.0,0.0,-224538000.0,-224538000.0,-224538000.0,0.0,0.0,-0.133,1496068000.0,-427826000.0,191341000.0,-0.148,4.263,-40.286,-40.481,5141404000.0,0.0,21.86,5.339,5.339,119743000.0,1671416000.0,1694362000.0,1694362000.0,27743000.0,-0.041,-0.105,-0.06,-0.249,27123000.0,74857000.0,1.0,413807968.0,413846000,413846000.0,4.094,5484672000.0,16218000.0,-293163000.0,889823000.0,13.253,-50164000.0
24,CTRA,MRT,2015-06-30,2015-06-30,2015-06-30,2021-10-04,-2151000.0,5504920000.0,5565555750.0,254993000.0,5249927000.0,0.342,5.187,-1463862000.0,15231000.0,15231000.0,615135000.0,-108236000.0,0.914,1.565,1995000000.0,0.0,1995000000.0,1995000000.0,0.0,655788000.0,0.0,0.003,0.08,-230619000.0,425169000.0,0.224,425169000.0,-230619000.0,-319248000.0,-0.26,-0.26,-0.26,2145916000.0,2207662750.0,2145916000.0,14908116199.0,-65.0,35.064,-373784000.0,-0.903,1.0,1285948000.0,0.676,0.0,88629000.0,7205837000.0,6881174000.0,20423000.0,157253000.0,76178000.0,81075000.0,3359004000.0,278852000.0,3080152000.0,13045064199.0,-30379000.0,-231037000.0,-138852000.0,802000000.0,-33136000.0,600383000.0,-1720840000.0,0.0,1090078000.0,0.0,-108236000.0,-108236000.0,-108236000.0,0.0,0.0,-0.057,1521824000.0,-235876000.0,218633000.0,-0.308,6.079,-120.524,-121.308,5132655000.0,0.0,31.54,6.862,6.864,138354000.0,1695205000.0,1901083000.0,1901083000.0,31625000.0,-0.019,-0.049,-0.034,-0.121,43518000.0,83334000.0,1.0,413603811.0,413713000,413713000.0,4.595,5504920000.0,0.0,-211012000.0,880823000.0,13.306,-23859000.0
25,CTRA,MRT,2015-03-31,2015-03-31,2015-03-31,2021-10-04,-2151000.0,5512323000.0,5491556250.0,349403000.0,5162920000.0,0.387,5.263,-1493708000.0,13948000.0,13948000.0,605660000.0,37692000.0,0.868,1.534,1877000000.0,0.0,1877000000.0,1877000000.0,0.0,660839000.0,0.0,0.003,0.08,-1004000.0,659835000.0,0.31,659835000.0,-1004000.0,-81799000.0,0.09,0.09,0.09,2175531000.0,2271668500.0,2175531000.0,13931971721.0,-13876.0,21.114,-245270000.0,-0.593,1.0,1522313000.0,0.715,0.0,80795000.0,6972629000.0,6587879250.0,14087000.0,208569000.0,134041000.0,74528000.0,3336792000.0,402746000.0,2934046000.0,12200925721.0,-11483000.0,-214737000.0,-138852000.0,655000000.0,-33209000.0,466010000.0,-1725931000.0,0.0,1248438000.0,0.0,37692000.0,37692000.0,37692000.0,0.0,0.0,0.018,1527818000.0,-5505000.0,321215000.0,0.889,5.608,323.701,328.111,5058804000.0,0.0,29.53,5.734,5.736,185281000.0,1730987000.0,2127973000.0,2127973000.0,31003000.0,0.007,0.017,0.0,0.0,38292000.0,83483000.0,1.0,413170529.0,413344000,414771000.0,5.148,5512323000.0,0.0,-119491000.0,898601000.0,13.336,-53343000.0
26,CTRA,MRT,2014-12-31,2014-12-31,2014-12-31,2021-10-04,-2151000.0,5437716000.0,5399919250.0,413447000.0,5024269000.0,0.402,5.153,-1440140000.0,20954000.0,20954000.0,571892000.0,104468000.0,0.829,1.538,1752000000.0,0.0,1752000000.0,1752000000.0,0.0,632760000.0,0.0,0.003,0.08,106186000.0,738946000.0,0.34,738946000.0,106186000.0,32401000.0,0.25,0.25,0.25,2142733000.0,2294983500.0,2142733000.0,13531531647.0,127.0,18.312,-203705000.0,-0.49,1.0,1601119000.0,0.737,0.0,73785000.0,6669744000.0,6335579750.0,14026000.0,205632000.0,137603000.0,68029000.0,3294983000.0,499018000.0,2795965000.0,12229518647.0,-2446000.0,-214737000.0,-138852000.0,605000000.0,-33278000.0,425959000.0,-1664840000.0,0.0,1236435000.0,0.0,104468000.0,104468000.0,104468000.0,0.0,0.0,0.048,1498013000.0,103106000.0,400076000.0,0.32,5.707,117.065,118.44,4925711000.0,0.0,29.61,5.628,5.666,235397000.0,1698995000.0,2173011000.0,2173011000.0,28746000.0,0.019,0.046,0.017,0.049,22804000.0,82590000.0,1.0,413019880.0,415840000,417601000.0,5.226,5437716000.0,3612000.0,-72067000.0,879149000.0,13.076,-85571000.0
27,CTRA,MRT,2014-09-30,2014-09-30,2014-09-30,2021-10-04,-19199000.0,5807264000.0,5285760250.0,587946000.0,5219318000.0,0.386,5.686,-1003840000.0,309987000.0,309987000.0,544979000.0,404185000.0,1.358,1.454,1612000000.0,0.0,1612000000.0,1612000000.0,0.0,641025000.0,0.0,0.002,0.08,763167000.0,1404192000.0,0.687,1404192000.0,763167000.0,696176000.0,0.97,0.96,0.97,2366471000.0,2310450750.0,2366471000.0,14827227946.0,19.0,10.559,197260000.0,0.474,1.0,1497491000.0,0.733,0.0,66991000.0,6676486000.0,6088792000.0,13731000.0,57495000.0,0.0,57495000.0,3440793000.0,432791000.0,3008002000.0,13641344946.0,282055000.0,-15698000.0,-284401000.0,450000000.0,-33420000.0,139528000.0,-1058573000.0,0.0,1201100000.0,0.0,404185000.0,404185000.0,404185000.0,0.0,0.0,0.198,736631000.0,760860000.0,379787000.0,0.082,5.764,33.75,33.701,5130213000.0,0.0,32.69,6.679,6.661,191270000.0,1929026000.0,2042470000.0,2042470000.0,25683000.0,0.076,0.175,0.125,0.374,7955000.0,83939000.0,1.0,417294125.0,416173000,418093000.0,4.908,5807264000.0,53725000.0,291991000.0,1216197000.0,13.954,155155000.0
28,CTRA,MRT,2014-06-30,2014-06-30,2014-06-30,2021-10-04,-32164000.0,5208922000.0,5091792250.0,306096000.0,4902826000.0,0.386,5.756,-966456000.0,45610000.0,45610000.0,515769000.0,373286000.0,0.845,1.169,1231493000.0,38493000.0,1193000000.0,1231493000.0,0.0,655991000.0,0.0,0.002,0.08,704636000.0,1360627000.0,0.692,1360627000.0,704636000.0,638993000.0,0.9,0.89,0.9,2401939000.0,2301016500.0,2401939000.0,15496582421.0,22.0,11.389,153051000.0,0.367,1.0,1450534000.0,0.738,0.0,65643000.0,6032658000.0,5861217250.0,11914000.0,49854000.0,0.0,49854000.0,2806983000.0,362147000.0,2444836000.0,14246298421.0,-1667000.0,0.0,-164634000.0,51000000.0,-33504000.0,-117863000.0,-1003311000.0,0.0,1119507000.0,0.0,373286000.0,373286000.0,373286000.0,0.0,0.0,0.19,747420000.0,703114000.0,255681000.0,0.089,5.931,38.165,37.933,4825524000.0,0.0,34.14,7.245,7.245,212100000.0,1836577000.0,1966303000.0,1966303000.0,20762000.0,0.073,0.162,0.12,0.358,-3620000.0,89057000.0,1.0,417290522.0,417291000,419092000.0,4.712,5208922000.0,32947000.0,265707000.0,1109565000.0,12.483,-56051000.0
29,CTRA,MRT,2014-03-31,2014-03-31,2014-03-31,2021-10-04,-45971000.0,5145775000.0,5044045750.0,373830000.0,4771945000.0,0.373,5.442,-950148000.0,45144000.0,45144000.0,484035000.0,343980000.0,0.864,1.268,1295428000.0,73428000.0,1222000000.0,1295428000.0,0.0,649817000.0,0.0,0.002,0.07,659009000.0,1308826000.0,0.695,1308826000.0,659009000.0,592709000.0,0.83,0.82,0.83,2268791000.0,2272092000.0,2268791000.0,15414878369.0,23.0,11.778,117071000.0,0.281,1.0,1398761000.0,0.743,0.0,66300000.0,5963431000.0,5757619750.0,10392000.0,0.0,0.0,0.0,2876984000.0,432628000.0,2444356000.0,14305460369.0,4974000.0,0.0,-164634000.0,95000000.0,-29363000.0,-68823000.0,-993422000.0,0.0,1067219000.0,0.0,343980000.0,343980000.0,343980000.0,0.0,0.0,0.183,740808000.0,657953000.0,297685000.0,0.084,6.305,41.588,40.819,4710569000.0,0.0,33.88,7.598,7.502,245073000.0,1726504000.0,1882796000.0,1882796000.0,20615000.0,0.068,0.151,0.114,0.35,-479000.0,90538000.0,1.0,422239090.0,416900000,418513000.0,4.516,5145775000.0,71806000.0,248729000.0,1088809000.0,12.343,-58798000.0
30,CTRA,MRT,2013-12-31,2013-12-31,2013-12-31,2021-10-04,-8361000.0,4981080000.0,4929561000.0,378899000.0,4602181000.0,0.354,5.247,-871238000.0,51494000.0,51494000.0,443326000.0,279773000.0,0.929,1.259,1160912000.0,13912000.0,1147000000.0,1160912000.0,0.0,651052000.0,0.0,0.002,0.06,551582000.0,1202634000.0,0.689,1202634000.0,551582000.0,485538000.0,0.67,0.66,0.67,2204602000.0,2235697750.0,2204602000.0,17489218995.0,32.0,14.542,153288000.0,0.365,1.0,1302952000.0,0.746,0.0,66044000.0,5682593000.0,5611015500.0,17468000.0,29911000.0,3019000.0,26892000.0,2776478000.0,407905000.0,2368573000.0,16355150995.0,-7336000.0,0.0,-164634000.0,60000000.0,-25232000.0,-113655000.0,-918207000.0,0.0,1024526000.0,0.0,279773000.0,279773000.0,279773000.0,0.0,0.0,0.16,752472000.0,550480000.0,288801000.0,0.09,7.419,58.459,57.851,4546227000.0,0.0,38.76,9.366,9.326,222476000.0,1627805000.0,1746278000.0,1746278000.0,18165000.0,0.057,0.125,0.098,0.316,28052000.0,104606000.0,1.0,421959520.0,420188000,422375000.0,4.156,4981080000.0,81855000.0,205765000.0,1099503000.0,11.854,-29006000.0
31,CTRA,MRT,2013-09-30,2013-09-30,2013-09-30,2021-10-04,33244000.0,5031392000.0,4838369250.0,289756000.0,4741636000.0,0.337,5.532,-1050419000.0,27932000.0,27932000.0,412612000.0,242693000.0,0.726,1.161,1162000000.0,0.0,1162000000.0,1162000000.0,0.0,585006000.0,0.0,0.001,0.05,489520000.0,1074526000.0,0.66,1074526000.0,489520000.0,423485000.0,0.57,0.57,0.57,2328734000.0,2217409000.0,2328734000.0,16826170651.0,34.0,15.659,-86762000.0,-0.206,1.0,1216082000.0,0.747,0.0,66035000.0,5766187000.0,5497524750.0,20839000.0,65539000.0,56831000.0,8708000.0,2702658000.0,399273000.0,2303385000.0,15731447651.0,-9569000.0,-128000.0,0.0,100000000.0,-21026000.0,88320000.0,-1061546000.0,0.0,963657000.0,0.0,242693000.0,242693000.0,242693000.0,0.0,0.0,0.149,727183000.0,488899000.0,335349000.0,0.088,6.755,64.82,65.474,4690176000.0,0.0,37.32,9.659,9.647,178479000.0,1558260000.0,1628694000.0,1628694000.0,20372000.0,0.05,0.109,0.089,0.301,36754000.0,109999000.0,1.0,421528608.0,420986000,423453000.0,3.869,5031392000.0,1972000.0,180792000.0,991633000.0,11.951,-109517000.0
32,CTRA,MRT,2013-06-30,2013-06-30,2013-06-30,2021-10-04,46563000.0,5017936000.0,4701255500.0,403193000.0,4614743000.0,0.317,5.434,-1003189000.0,47277000.0,47277000.0,378834000.0,209412000.0,0.816,1.195,1142000000.0,75000000.0,1067000000.0,1142000000.0,0.0,526474000.0,0.0,0.001,0.04,433485000.0,959959000.0,0.644,959959000.0,433485000.0,367305000.0,0.49,0.49,0.49,2286241000.0,2160297250.0,2286241000.0,16103933561.0,37.0,16.776,-152271000.0,-0.362,1.0,1110884000.0,0.746,0.0,66180000.0,5618268000.0,5329639500.0,18276000.0,87607000.0,69644000.0,17963000.0,2731695000.0,494391000.0,2237304000.0,14967491561.0,-1364000.0,0.0,0.0,170000000.0,-16796000.0,159932000.0,-1012214000.0,0.0,850918000.0,0.0,209412000.0,209412000.0,209412000.0,0.0,0.0,0.141,677742000.0,433142000.0,356851000.0,0.082,6.547,71.474,72.469,4558207000.0,0.0,35.51,10.047,10.028,204970000.0,1496795000.0,1489718000.0,1489718000.0,25784000.0,0.045,0.097,0.081,0.291,39892000.0,109131000.0,1.0,421500748.0,420698000,423490000.0,3.541,5017936000.0,58137000.0,157893000.0,1019462000.0,11.928,-91198000.0
33,CTRA,MRT,2013-03-31,2013-03-31,2013-03-31,2021-10-04,-22295000.0,4687836000.0,4549319500.0,238880000.0,4448956000.0,0.287,5.052,-831067000.0,20457000.0,20457000.0,348689000.0,156235000.0,0.534,1.208,1156899000.0,101100000.0,1055799000.0,1156899000.0,0.0,489701000.0,0.0,0.001,0.04,346538000.0,836239000.0,0.64,836239000.0,346538000.0,278854000.0,0.365,0.365,0.365,2123214000.0,2121569500.0,2123214000.0,15283428795.0,44.0,18.276,-98069000.0,-0.233,1.0,957006000.0,0.733,0.0,67684000.0,5377014000.0,5173245500.0,11278000.0,4215000.0,4215000.0,0.0,2564622000.0,447264000.0,2117358000.0,14227164795.0,-11871000.0,0.0,0.0,115000000.0,-16781000.0,94311000.0,-839180000.0,0.0,732998000.0,0.0,156235000.0,156235000.0,156235000.0,0.0,0.0,0.12,610521000.0,346485000.0,299733000.0,0.11,6.701,91.063,92.616,4412772000.0,0.0,33.805,10.896,10.882,172661000.0,1411887000.0,1305695000.0,1305695000.0,37499000.0,0.034,0.074,0.067,0.265,63859000.0,134395000.0,1.0,420859778.0,420300000,422752000.0,3.107,4687836000.0,29095000.0,122619000.0,914486000.0,11.154,-208384000.0
34,CTRA,MRT,2012-12-31,2012-12-31,2012-12-31,2021-10-04,23880000.0,4616313000.0,4478059000.0,270310000.0,4346003000.0,0.269,5.086,-758651000.0,30736000.0,30736000.0,338928000.0,131730000.0,0.609,1.166,1087192000.0,75192000.0,1012000000.0,1087192000.0,0.0,451405000.0,0.0,0.002,0.04,306186000.0,757591000.0,0.629,757591000.0,306186000.0,237840000.0,0.31,0.31,0.31,2131447000.0,2122005000.0,2131447000.0,11481953688.0,37.0,15.156,-106558000.0,-0.254,1.0,865618000.0,0.719,0.0,68346000.0,5228630000.0,5094070000.0,14173000.0,50824000.0,50824000.0,0.0,2484866000.0,444139000.0,2040727000.0,10457454688.0,825000.0,0.0,0.0,137000000.0,-16757000.0,114246000.0,-765514000.0,0.0,652093000.0,0.0,131730000.0,131730000.0,131730000.0,0.0,0.0,0.109,559485000.0,306133000.0,312480000.0,0.129,4.906,79.386,80.226,4310977000.0,0.0,24.87,8.682,8.653,172419000.0,1373264000.0,1204546000.0,1204546000.0,37476000.0,0.029,0.062,0.06,0.254,46872000.0,121239000.0,1.0,420484708.0,419075000,421987000.0,2.874,4616313000.0,0.0,106110000.0,889542000.0,11.015,-173829000.0
35,CTRA,MRT,2012-09-30,2012-09-30,2012-09-30,2021-10-04,27258000.0,4482937000.0,4406854000.0,224674000.0,4258263000.0,0.25,5.009,-437200000.0,37501000.0,37501000.0,315096000.0,117226000.0,0.544,1.134,1062000000.0,75000000.0,987000000.0,1062000000.0,0.0,427920000.0,0.0,0.002,0.037,299124000.0,727044000.0,0.659,727044000.0,299124000.0,229758000.0,0.28,0.28,0.28,2100287000.0,2115335250.0,2100287000.0,10351848981.0,35.0,14.238,144385000.0,0.344,1.0,787596000.0,0.714,0.0,69366000.0,5094646000.0,5013972000.0,17696000.0,66102000.0,61723000.0,4379000.0,2382650000.0,412790000.0,1969860000.0,9428489981.0,-25427000.0,0.0,0.0,-143000000.0,-15690000.0,-165324000.0,-441688000.0,0.0,581585000.0,0.0,117226000.0,117226000.0,117226000.0,0.0,0.0,0.106,488472000.0,299124000.0,276149000.0,0.132,4.489,80.43,80.179,4218921000.0,0.0,22.45,8.55,8.537,103634000.0,1336594000.0,1102692000.0,1102692000.0,34905000.0,0.027,0.055,0.06,0.271,48026000.0,119663000.0,1.0,419977282.0,419312000,422452000.0,2.63,4482937000.0,1183000.0,112532000.0,851548000.0,10.691,-188116000.0
36,CTRA,MRT,2012-06-30,2012-06-30,2012-06-30,2021-10-04,88833000.0,4410192000.0,4404219000.0,295867000.0,4114325000.0,0.242,5.086,-416354000.0,48641000.0,48641000.0,300009000.0,109100000.0,0.868,1.069,972000000.0,0.0,972000000.0,972000000.0,0.0,407765000.0,0.0,0.002,0.035,288582000.0,696347000.0,0.652,696347000.0,288582000.0,216918000.0,0.26,0.26,0.26,2131330000.0,2101056000.0,2131330000.0,9247002329.0,32.0,13.279,155926000.0,0.372,1.0,767926000.0,0.719,0.0,71664000.0,4992692000.0,5071683500.0,11985000.0,158105000.0,139346000.0,18759000.0,2278862000.0,340859000.0,1938003000.0,8267330329.0,9327000.0,0.0,0.0,-123000000.0,-14626000.0,-144511000.0,-418442000.0,0.0,572280000.0,0.0,109100000.0,109100000.0,109100000.0,0.0,0.0,0.102,479344000.0,288582000.0,237417000.0,0.135,3.879,75.778,75.769,4061674000.0,0.0,19.7,7.741,7.73,89167000.0,1304178000.0,1067935000.0,1067935000.0,45792000.0,0.025,0.052,0.057,0.27,52995000.0,123783000.0,1.0,419661438.0,419024000,422316000.0,2.549,4410192000.0,0.0,107818000.0,878353000.0,10.525,-44992000.0
37,CTRA,MRT,2012-03-31,2012-03-31,2012-03-31,2021-10-04,117925000.0,4402794000.0,4364211000.0,339727000.0,4063067000.0,0.239,5.081,-476761000.0,32328000.0,32328000.0,276786000.0,127840000.0,1.055,1.072,1012000000.0,0.0,1012000000.0,1012000000.0,0.0,376374000.0,0.0,0.002,0.033,317121000.0,693495000.0,0.665,693495000.0,317121000.0,245908000.0,0.305,0.305,0.305,2124956000.0,2059773250.0,2124956000.0,7460384808.0,24.0,10.758,65645000.0,0.157,1.0,766188000.0,0.735,0.0,71213000.0,5060312000.0,5078291000.0,12230000.0,218942000.0,196683000.0,22259000.0,2277838000.0,322154000.0,1955684000.0,6540295808.0,7432000.0,0.0,0.0,-43000000.0,-13563000.0,-58213000.0,-476761000.0,0.0,542406000.0,0.0,127840000.0,127840000.0,127840000.0,0.0,0.0,0.123,449067000.0,317121000.0,213188000.0,0.108,3.078,51.16,51.098,4011203000.0,0.0,15.585,6.271,6.25,95120000.0,1272432000.0,1042974000.0,1042974000.0,34140000.0,0.029,0.062,0.062,0.304,38856000.0,102917000.0,1.0,419653244.0,418256000,421626000.0,2.494,4402794000.0,0.0,118068000.0,876859000.0,10.527,17573000.0
38,CTRA,MRT,2011-12-31,2011-12-31,2011-12-31,2021-10-04,104547000.0,4331493000.0,4275614250.0,345800000.0,3985693000.0,0.229,5.047,-487620000.0,29911000.0,29911000.0,252141000.0,122408000.0,1.007,1.058,950000000.0,0.0,950000000.0,950000000.0,0.0,343141000.0,0.0,0.002,0.03,306850000.0,649991000.0,0.663,649991000.0,306850000.0,235187000.0,0.29,0.29,0.29,2104768000.0,2000039250.0,2104768000.0,9073194987.0,30.0,13.959,14219000.0,0.034,1.0,727723000.0,0.743,0.0,71663000.0,4908238000.0,5022415250.0,21278000.0,195512000.0,174263000.0,21249000.0,2226725000.0,343344000.0,1883381000.0,7931122987.0,-26038000.0,0.0,0.0,-25000000.0,-12508000.0,-40257000.0,-487620000.0,0.0,501839000.0,0.0,122408000.0,122408000.0,122408000.0,0.0,0.0,0.125,420873000.0,306850000.0,217294000.0,0.103,3.768,64.793,65.431,3934584000.0,0.0,18.975,8.094,8.075,114381000.0,1258291000.0,979864000.0,979864000.0,36447000.0,0.029,0.061,0.061,0.313,52940000.0,104667000.0,1.0,417977496.0,416996000,421522000.0,2.35,4331493000.0,1388000.0,112779000.0,857724000.0,10.387,2456000.0
39,CTRA,MRT,2011-09-30,2011-09-30,2011-09-30,2021-10-04,70026000.0,4472397000.0,4193998750.0,310037000.0,4162360000.0,0.223,4.898,-563529000.0,62928000.0,62928000.0,231330000.0,145154000.0,1.073,1.189,1205000000.0,0.0,1205000000.0,1205000000.0,0.0,342146000.0,0.0,0.002,0.03,339749000.0,681895000.0,0.73,681895000.0,339749000.0,265319000.0,0.35,0.345,0.35,2043170000.0,1942022250.0,2043170000.0,7524569159.0,22.0,11.035,-70744000.0,-0.17,1.0,702965000.0,0.752,0.0,74430000.0,5325492000.0,4950417500.0,28296000.0,100489000.0,100489000.0,0.0,2429227000.0,288977000.0,2140250000.0,6468883159.0,25340000.0,0.0,0.0,110000000.0,-12498000.0,96084000.0,-563529000.0,0.0,492785000.0,0.0,145154000.0,145154000.0,145154000.0,0.0,0.0,0.155,363216000.0,339749000.0,207798000.0,0.086,3.166,44.566,44.221,4103317000.0,0.0,15.477,6.924,6.91,101612000.0,1235059000.0,934295000.0,934295000.0,45491000.0,0.035,0.075,0.069,0.364,59448000.0,107756000.0,1.0,417954008.0,417140000,421840000.0,2.24,4472397000.0,10158000.0,120165000.0,817121000.0,10.722,21060000.0
40,CTRA,MRT,2011-06-30,2011-06-30,2011-06-30,2021-10-04,22375000.0,4250160000.0,4062577000.0,235838000.0,4014322000.0,0.221,4.714,-526218000.0,39314000.0,39314000.0,219192000.0,120570000.0,0.823,1.162,1095000000.0,0.0,1095000000.0,1095000000.0,0.0,337208000.0,0.0,0.002,0.03,296789000.0,633997000.0,0.707,633997000.0,296789000.0,224118000.0,0.29,0.285,0.29,1966199000.0,1892064250.0,1966199000.0,7957300028.0,27.0,12.551,-63784000.0,-0.153,1.0,677048000.0,0.755,0.0,72671000.0,5019122000.0,4793940250.0,24044000.0,40344000.0,40344000.0,0.0,2283961000.0,286724000.0,1997237000.0,6927196028.0,-8371000.0,0.0,0.0,80000000.0,-12489000.0,55413000.0,-526218000.0,0.0,462434000.0,0.0,120570000.0,120570000.0,120570000.0,0.0,0.0,0.135,380259000.0,296789000.0,223838000.0,0.103,3.523,57.454,57.164,3967716000.0,0.0,16.578,7.729,7.714,117314000.0,1209705000.0,896240000.0,896240000.0,34966000.0,0.03,0.064,0.062,0.331,50507000.0,100884000.0,1.0,417867352.0,417056000,421348000.0,2.149,4250160000.0,7893000.0,103548000.0,767390000.0,10.191,-50886000.0
41,CTRA,MRT,2011-03-31,2011-03-31,2011-03-31,2021-10-04,-1754000.0,4048407000.0,3967587000.0,161538000.0,3886869000.0,0.216,4.527,-577267000.0,24896000.0,24896000.0,217614000.0,87575000.0,0.668,1.147,1055000000.0,0.0,1055000000.0,1055000000.0,0.0,330709000.0,0.0,0.002,0.03,242239000.0,572948000.0,0.669,572948000.0,242239000.0,171843000.0,0.212,0.207,0.212,1886020000.0,1861990500.0,1886020000.0,6442610470.0,27.0,11.245,-117240000.0,-0.281,1.0,638171000.0,0.746,0.0,70396000.0,4836809000.0,4691830250.0,20806000.0,17194000.0,17194000.0,0.0,2162387000.0,241702000.0,1920685000.0,5523559470.0,-3609000.0,0.0,0.0,140000000.0,-12477000.0,113631000.0,-577267000.0,0.0,460027000.0,0.0,87575000.0,87575000.0,87575000.0,0.0,0.0,0.102,395932000.0,242239000.0,199649000.0,0.142,2.929,63.072,62.465,3847047000.0,0.0,13.242,6.454,6.446,90586000.0,1158156000.0,855785000.0,855785000.0,40607000.0,0.022,0.047,0.052,0.283,38198000.0,87731000.0,1.0,417108512.0,416576000,421280000.0,2.054,4048407000.0,3323000.0,84268000.0,727447000.0,9.718,-80164000.0
42,CTRA,MRT,2010-12-31,2010-12-31,2010-12-31,2021-10-04,-3683000.0,4005031000.0,3908464500.0,203008000.0,3802023000.0,0.221,4.506,-613741000.0,55949000.0,55949000.0,213071000.0,103386000.0,0.668,1.139,975000000.0,0.0,975000000.0,975000000.0,0.0,327083000.0,0.0,0.003,0.03,266439000.0,593522000.0,0.688,593522000.0,266439000.0,198498000.0,0.25,0.245,0.25,1872700000.0,1854018000.0,1872700000.0,4992793229.0,19.0,8.412,-128830000.0,-0.31,1.0,650033000.0,0.753,0.0,67941000.0,4620247000.0,4590905500.0,29667000.0,16926000.0,16926000.0,0.0,2132331000.0,303835000.0,1828496000.0,3935381229.0,15791000.0,0.0,0.0,170000000.0,-12467000.0,144621000.0,-613741000.0,0.0,484911000.0,0.0,103386000.0,103386000.0,103386000.0,0.0,0.0,0.12,383594000.0,266439000.0,229981000.0,0.12,2.101,38.065,37.85,3762760000.0,0.0,9.463,4.56,4.557,94488000.0,1148391000.0,863104000.0,863104000.0,42725000.0,0.026,0.056,0.058,0.309,29794000.0,79177000.0,1.0,415892336.0,415646000,420780000.0,2.077,4005031000.0,0.0,95112000.0,740910000.0,9.636,-100827000.0
43,CTRA,MRT,2010-09-30,2010-09-30,2010-09-30,2021-10-04,19697000.0,3946710000.0,3828057000.0,220985000.0,3725725000.0,0.232,4.433,-822120000.0,37588000.0,37588000.0,226920000.0,90640000.0,0.726,1.141,1095000000.0,75000000.0,1020000000.0,1095000000.0,0.0,297872000.0,0.0,0.004,0.03,198340000.0,496212000.0,0.559,496212000.0,198340000.0,136051000.0,0.222,0.217,0.222,1843338000.0,1838971500.0,1843338000.0,4102831834.0,21.0,8.268,-257706000.0,-0.62,1.0,661029000.0,0.744,0.0,62289000.0,4699583000.0,4470719250.0,32342000.0,69539000.0,65294000.0,4245000.0,2103372000.0,304539000.0,1798833000.0,3135516834.0,1918000.0,0.0,0.0,285000000.0,-12457000.0,259624000.0,-822120000.0,0.0,564414000.0,0.0,90640000.0,90640000.0,90640000.0,0.0,0.0,0.102,462689000.0,198340000.0,168042000.0,0.135,1.701,34.593,33.908,3663186000.0,0.0,7.527,3.531,3.525,75520000.0,1102401000.0,887949000.0,887949000.0,47850000.0,0.024,0.049,0.044,0.223,23305000.0,68947000.0,1.0,416541592.0,415820000,420900000.0,2.135,3946710000.0,3913000.0,45411000.0,697970000.0,9.491,-83554000.0
44,CTRA,MRT,2010-06-30,2010-06-30,2010-06-30,2021-10-04,27263000.0,3870200000.0,3738643000.0,248257000.0,3621943000.0,0.233,4.441,-738262000.0,47685000.0,47685000.0,218269000.0,125639000.0,1.094,1.097,1015000000.0,0.0,1015000000.0,1015000000.0,0.0,290591000.0,0.0,0.004,0.03,250790000.0,541381000.0,0.622,541381000.0,250790000.0,190402000.0,0.307,0.3,0.307,1845904000.0,1834090500.0,1845904000.0,4140958017.0,17.0,7.649,-181417000.0,-0.436,1.0,652639000.0,0.749,0.0,60388000.0,4610682000.0,4324876500.0,23534000.0,20636000.0,0.0,20636000.0,2024296000.0,226833000.0,1797463000.0,3254463017.0,17837000.0,0.0,0.0,200000000.0,-12447000.0,199254000.0,-738262000.0,0.0,556845000.0,0.0,125639000.0,125639000.0,125639000.0,0.0,0.0,0.144,401849000.0,250790000.0,152035000.0,0.098,1.763,25.903,25.505,3571349000.0,0.0,7.83,3.737,3.737,79162000.0,1101622000.0,870908000.0,870908000.0,52580000.0,0.034,0.069,0.058,0.288,10042000.0,62791000.0,1.0,415640232.0,415660000,419856000.0,2.095,3870200000.0,3767000.0,64763000.0,701340000.0,9.311,21424000.0
45,CTRA,MRT,2010-03-31,2010-03-31,2010-03-31,2021-10-04,57984000.0,3811917000.0,3677014000.0,293897000.0,3518020000.0,0.238,4.466,-609661000.0,28505000.0,28505000.0,210192000.0,129459000.0,1.108,1.056,915000000.0,0.0,915000000.0,915000000.0,0.0,268973000.0,0.0,0.003,0.03,252961000.0,521934000.0,0.596,521934000.0,252961000.0,193296000.0,0.318,0.307,0.318,1854130000.0,1831732500.0,1854130000.0,4585471507.0,18.0,8.786,-32046000.0,-0.077,1.0,665299000.0,0.76,0.0,59665000.0,4433110000.0,4208133250.0,17671000.0,20636000.0,0.0,20636000.0,1957787000.0,265302000.0,1692485000.0,3820629507.0,3256000.0,0.0,0.0,38000000.0,-12441000.0,28836000.0,-603195000.0,0.0,577615000.0,0.0,129459000.0,129459000.0,129459000.0,0.0,0.0,0.148,412338000.0,252961000.0,184019000.0,0.094,2.061,29.512,28.931,3470038000.0,0.0,9.2,4.364,4.363,93551000.0,1083056000.0,875491000.0,875491000.0,52744000.0,0.035,0.071,0.06,0.289,15346000.0,67055000.0,1.0,415285816.0,415176000,419912000.0,2.109,3811917000.0,14019000.0,63837000.0,705135000.0,9.181,28595000.0
46,CTRA,MRT,2009-12-31,2009-12-31,2009-12-31,2021-10-04,42436000.0,3683401000.0,3661227500.0,281502000.0,3401899000.0,0.244,4.373,-531027000.0,40158000.0,40158000.0,219473000.0,148343000.0,0.912,1.032,805000000.0,0.0,805000000.0,805000000.0,0.0,251260000.0,0.0,0.003,0.03,282269000.0,533529000.0,0.597,533529000.0,282269000.0,223290000.0,0.36,0.355,0.36,1812514000.0,1835423500.0,1812514000.0,5292612786.0,19.0,9.92,83025000.0,0.2,1.0,673612000.0,0.754,0.0,58979000.0,4139502000.0,4171907750.0,27990000.0,114686000.0,114686000.0,0.0,1870887000.0,308741000.0,1562146000.0,4518282786.0,12057000.0,0.0,0.0,-62000000.0,-12432000.0,-70968000.0,-531027000.0,0.0,614052000.0,0.0,148343000.0,148343000.0,148343000.0,0.0,0.0,0.166,391343000.0,282269000.0,215588000.0,0.083,2.493,30.458,30.271,3358199000.0,0.0,10.898,5.059,5.057,80362000.0,1057472000.0,893085000.0,893085000.0,50784000.0,0.041,0.081,0.068,0.316,17336000.0,68374000.0,1.0,414616452.0,414464000,418730000.0,2.155,3683401000.0,8909000.0,74947000.0,679905000.0,8.887,-27239000.0
47,CTRA,MRT,2009-09-30,2009-09-30,2009-09-30,2021-10-04,92589000.0,3589054000.0,3665793250.0,335007000.0,3254047000.0,0.24,4.399,-634757000.0,35670000.0,35670000.0,215971000.0,155679000.0,1.355,0.968,810000000.0,20000000.0,790000000.0,810000000.0,0.0,282989000.0,0.0,0.003,0.03,305996000.0,588985000.0,0.671,588985000.0,305996000.0,248162000.0,0.378,0.373,0.378,1823814000.0,1829935500.0,1823814000.0,4490440587.0,15.0,7.624,-7908000.0,-0.019,1.0,662279000.0,0.754,0.0,57834000.0,4116212000.0,4177444750.0,36769000.0,20636000.0,0.0,20636000.0,1765240000.0,247172000.0,1518068000.0,3705288587.0,-11704000.0,-340000.0,1000.0,-10000000.0,-12423000.0,-22220000.0,-616333000.0,0.0,626849000.0,0.0,155679000.0,155679000.0,155679000.0,0.0,0.0,0.177,408189000.0,254090000.0,115940000.0,0.079,2.032,23.801,23.644,3184305000.0,0.0,8.938,4.219,4.219,52613000.0,1024217000.0,878250000.0,878250000.0,43694000.0,0.042,0.085,0.073,0.348,11747000.0,62447000.0,1.0,414577744.0,414588000,419668000.0,2.118,3589054000.0,33103000.0,92483000.0,689457000.0,8.657,87835000.0
48,CTRA,MRT,2009-06-30,2009-06-30,2009-06-30,2021-10-04,158273000.0,3623684000.0,3653056250.0,370822000.0,3252862000.0,0.251,4.43,-765412000.0,29848000.0,29848000.0,240946000.0,183772000.0,1.399,0.973,815000000.0,20000000.0,795000000.0,815000000.0,0.0,253810000.0,0.0,0.004,0.03,345990000.0,599800000.0,0.655,599800000.0,345990000.0,292527000.0,0.445,0.44,0.445,1836472000.0,1791736500.0,1836472000.0,4027215735.0,12.0,6.714,-106991000.0,-0.258,1.0,675103000.0,0.737,0.0,53463000.0,4143709000.0,4146566250.0,29514000.0,20636000.0,0.0,20636000.0,1787212000.0,265127000.0,1522085000.0,3175464735.0,-106483000.0,-545582000.0,123000.0,550000000.0,-12413000.0,533739000.0,-1298643000.0,0.0,658421000.0,0.0,183772000.0,183772000.0,183772000.0,0.0,0.0,0.201,381019000.0,294084000.0,127392000.0,0.067,1.729,17.279,17.213,3154753000.0,0.0,7.66,3.466,3.467,54521000.0,988430000.0,916049000.0,916049000.0,35712000.0,0.05,0.103,0.083,0.378,-2019000.0,47317000.0,1.0,414551532.0,414560000,419260000.0,2.21,3623684000.0,0.0,108755000.0,693626000.0,8.741,105695000.0
49,CTRA,MRT,2009-03-31,2009-03-31,2009-03-31,2021-10-04,216684000.0,3748771000.0,3426743250.0,457074000.0,3291697000.0,0.28,4.513,-874406000.0,25249000.0,25249000.0,262276000.0,212895000.0,1.464,1.006,877000000.0,36714000.0,840286000.0,877000000.0,0.0,241184000.0,0.0,0.005,0.03,385837000.0,627021000.0,0.653,627021000.0,385837000.0,341213000.0,0.52,0.518,0.52,1868894000.0,1657444750.0,1868894000.0,3277149999.0,8.0,5.227,-220129000.0,-0.532,1.0,697803000.0,0.727,0.0,44624000.0,4288208000.0,3703600750.0,27618000.0,0.0,0.0,0.0,1879877000.0,312314000.0,1567563000.0,2438250999.0,-16743000.0,-605748000.0,313990000.0,507000000.0,-12246000.0,810539000.0,-1481559000.0,0.0,654277000.0,0.0,212895000.0,212895000.0,212895000.0,0.0,0.0,0.222,363872000.0,333931000.0,142953000.0,0.058,1.305,11.453,11.332,3191105000.0,0.0,5.893,2.54,2.541,75218000.0,966038000.0,960079000.0,960079000.0,32605000.0,0.062,0.128,0.104,0.402,-2399000.0,63677000.0,1.0,413788884.0,414084000,416444000.0,2.319,3748771000.0,0.0,128318000.0,715762000.0,9.053,144760000.0
50,CTRA,MRT,2008-12-31,2008-12-31,2008-12-31,2021-10-04,186426000.0,3701664000.0,3072048000.0,460551000.0,3241113000.0,0.308,4.444,-846541000.0,28101000.0,28101000.0,258828000.0,211290000.0,1.215,1.067,867000000.0,35857000.0,831143000.0,867000000.0,0.0,226915000.0,0.0,0.005,0.03,372012000.0,598927000.0,0.633,598927000.0,372012000.0,335623000.0,0.525,0.52,0.525,1790562000.0,1456282750.0,1790562000.0,3459783044.0,9.0,5.777,-212094000.0,-0.526,1.0,686963000.0,0.726,0.0,36389000.0,4161650000.0,3215641750.0,45677000.0,0.0,0.0,0.0,1911102000.0,378913000.0,1532189000.0,2687157044.0,9603000.0,-605748000.0,316230000.0,517000000.0,-12073000.0,827445000.0,-1452289000.0,0.0,634447000.0,0.0,211290000.0,211290000.0,211290000.0,0.0,0.0,0.223,366857000.0,320106000.0,222985000.0,0.057,1.501,12.718,12.381,3135828000.0,0.0,6.5,2.841,2.769,109087000.0,921561000.0,945791000.0,945791000.0,31200000.0,0.069,0.145,0.116,0.393,4298000.0,74185000.0,1.0,413408776.0,402948000,406904000.0,2.347,3701664000.0,526000.0,124333000.0,668626000.0,9.186,81638000.0
51,CTRA,MRT,2008-09-30,2008-09-30,2008-09-30,2021-10-04,112082000.0,3538106000.0,2685836250.0,430494000.0,3107612000.0,0.338,4.042,-693421000.0,47374000.0,47374000.0,252715000.0,209637000.0,1.354,1.117,820000000.0,20000000.0,800000000.0,820000000.0,0.0,171443000.0,0.0,0.003,0.03,354617000.0,526060000.0,0.58,526060000.0,354617000.0,326236000.0,0.528,0.52,0.528,1671018000.0,1276206500.0,1671018000.0,3863812448.0,11.0,7.345,-135115000.0,-0.327,1.0,654527000.0,0.721,0.0,28381000.0,3992698000.0,2735225000.0,52152000.0,0.0,0.0,0.0,1867088000.0,318034000.0,1549054000.0,3735143448.0,32923000.0,-608781000.0,319014000.0,505000000.0,-11890000.0,814112000.0,-1339495000.0,0.0,558306000.0,0.0,209637000.0,209637000.0,209637000.0,0.0,0.0,0.231,299910000.0,354617000.0,206037000.0,0.057,2.235,17.817,17.112,2935531000.0,0.0,9.035,4.117,4.117,115027000.0,880961000.0,907242000.0,907242000.0,37293000.0,0.078,0.164,0.13,0.391,8915000.0,70656000.0,1.0,413408240.0,413404000,417980000.0,2.195,3538106000.0,159990000.0,116599000.0,721636000.0,8.558,112460000.0
52,CTRA,MRT,2008-06-30,2008-06-30,2008-06-30,2021-10-04,-182602000.0,2718432000.0,2320621250.0,436758000.0,2281674000.0,0.359,3.299,-591357000.0,136331000.0,136331000.0,234821000.0,178100000.0,0.919,1.092,265000000.0,20000000.0,245000000.0,265000000.0,0.0,160292000.0,0.0,0.002,0.03,295421000.0,455713000.0,0.547,455713000.0,295421000.0,273605000.0,0.458,0.45,0.458,1299305000.0,1121398000.0,1299305000.0,6962157707.0,24.0,15.278,-94616000.0,-0.24,1.0,598449000.0,0.718,0.0,21816000.0,2371847000.0,2275583000.0,19702000.0,0.0,0.0,0.0,1419127000.0,475254000.0,943873000.0,6634149707.0,112740000.0,-64148000.0,318899000.0,10000000.0,-11703000.0,311150000.0,-695151000.0,0.0,496741000.0,0.0,178100000.0,178100000.0,178100000.0,0.0,0.0,0.214,303028000.0,295421000.0,196150000.0,0.066,5.106,37.25,36.971,2185496000.0,0.0,16.933,7.962,8.004,162680000.0,817072000.0,833270000.0,833270000.0,39646000.0,0.077,0.159,0.13,0.355,30500000.0,80580000.0,1.0,391799776.0,393868000,397924000.0,2.116,2718432000.0,184006000.0,95505000.0,543981000.0,6.902,-38496000.0
53,CTRA,MRT,2008-03-31,2008-03-31,2008-03-31,2021-10-04,-60872000.0,2329990000.0,2133328500.0,272004000.0,2057986000.0,0.356,2.723,-566305000.0,41992000.0,41992000.0,218454000.0,164851000.0,0.846,1.189,370000000.0,20000000.0,350000000.0,370000000.0,0.0,152072000.0,0.0,0.002,0.03,271580000.0,423652000.0,0.557,423652000.0,271580000.0,252352000.0,0.427,0.417,0.427,1064246000.0,1051287500.0,1064246000.0,5302028950.0,20.0,12.515,-107322000.0,-0.275,1.0,541794000.0,0.713,0.0,19228000.0,2336372000.0,2173761000.0,12504000.0,0.0,0.0,0.0,1265744000.0,321626000.0,944118000.0,4970526950.0,-15450000.0,-3982000.0,6195000.0,140000000.0,-11667000.0,135035000.0,-609468000.0,0.0,458983000.0,0.0,164851000.0,164851000.0,164851000.0,0.0,0.0,0.217,270214000.0,271580000.0,163350000.0,0.07,4.67,30.152,29.766,1972023000.0,0.0,12.71,6.538,6.535,131478000.0,765389000.0,760248000.0,760248000.0,39181000.0,0.077,0.157,0.125,0.357,26103000.0,60068000.0,1.0,391072144.0,390864000,395700000.0,1.945,2329990000.0,117478000.0,87501000.0,510801000.0,5.961,-49622000.0
54,CTRA,MRT,2007-12-31,2007-12-31,2007-12-31,2021-10-04,-894000.0,2156817000.0,2011670250.0,217483000.0,1939334000.0,0.364,2.759,-546168000.0,18498000.0,18498000.0,212771000.0,167423000.0,0.876,1.015,350000000.0,20000000.0,330000000.0,350000000.0,0.0,143951000.0,0.0,0.003,0.028,274693000.0,418644000.0,0.572,418644000.0,274693000.0,257532000.0,0.432,0.427,0.432,1070257000.0,1026699250.0,1070257000.0,4220378022.0,15.0,10.081,-84031000.0,-0.217,1.0,519399000.0,0.709,0.0,17161000.0,2239983000.0,2039369250.0,27353000.0,0.0,0.0,0.0,1086560000.0,248336000.0,838224000.0,3919829022.0,-23356000.0,-3982000.0,5099000.0,110000000.0,-10670000.0,104429000.0,-589922000.0,0.0,462137000.0,0.0,167423000.0,167423000.0,167423000.0,0.0,0.0,0.229,244706000.0,274693000.0,173497000.0,0.065,3.663,23.413,23.362,1908117000.0,0.0,10.092,5.354,5.347,109306000.0,722344000.0,732170000.0,732170000.0,39772000.0,0.083,0.163,0.135,0.375,16241000.0,50775000.0,1.0,388390292.0,387912000,392520000.0,1.887,2156817000.0,26358000.0,90109000.0,435314000.0,5.56,-30853000.0
55,CTRA,MRT,2007-09-30,2007-09-30,2007-09-30,2021-10-04,12351000.0,2077246000.0,1931088750.0,197835000.0,1879411000.0,0.368,2.709,-520163000.0,14451000.0,14451000.0,210902000.0,157502000.0,0.885,0.975,315000000.0,20000000.0,295000000.0,315000000.0,0.0,137561000.0,0.0,0.003,0.025,260046000.0,397607000.0,0.56,397607000.0,260046000.0,249292000.0,0.41,0.405,0.41,1051784000.0,995434500.0,1051784000.0,3642442160.0,14.0,9.161,-190550000.0,-0.491,1.0,499033000.0,0.703,0.0,10754000.0,2154130000.0,1924776000.0,36202000.0,0.0,0.0,0.0,1025462000.0,223665000.0,801797000.0,3411033160.0,-307672000.0,-7297000.0,4929000.0,-85000000.0,-9672000.0,-79157000.0,-558128000.0,0.0,329613000.0,0.0,157502000.0,157502000.0,157502000.0,0.0,0.0,0.222,238987000.0,260046000.0,152453000.0,0.061,3.243,21.657,21.439,1810023000.0,0.0,8.79,4.805,4.807,82845000.0,683214000.0,709935000.0,709935000.0,30668000.0,0.082,0.158,0.135,0.366,11966000.0,60646000.0,1.0,388058380.0,388272000,393756000.0,1.828,2077246000.0,61858000.0,91790000.0,439735000.0,5.35,-25830000.0
56,CTRA,MRT,2007-06-30,2007-06-30,2007-06-30,2021-10-04,14051000.0,1969261000.0,1906767250.0,213662000.0,1755599000.0,0.38,2.628,-173486000.0,23591000.0,23591000.0,211845000.0,311069000.0,0.905,0.933,255000000.0,20000000.0,235000000.0,255000000.0,0.0,131905000.0,0.0,0.002,0.023,509271000.0,641176000.0,0.886,641176000.0,509271000.0,495460000.0,0.807,0.795,0.807,1018863000.0,959934500.0,1018863000.0,3746218272.0,7.0,5.843,156065000.0,0.403,1.0,511986000.0,0.707,0.0,13811000.0,1964559000.0,1824317000.0,23119000.0,0.0,0.0,0.0,950398000.0,236111000.0,714287000.0,3573660272.0,7532000.0,-6688000.0,-13327000.0,-95000000.0,-8689000.0,-106382000.0,-215637000.0,0.0,329551000.0,0.0,311069000.0,311069000.0,311069000.0,0.0,0.0,0.43,2715000.0,509271000.0,153421000.0,0.029,3.507,11.488,11.425,1691929000.0,0.0,9.22,4.937,4.939,100547000.0,650673000.0,723831000.0,723831000.0,35463000.0,0.163,0.324,0.279,0.704,13219000.0,61646000.0,1.0,387598728.0,387716000,393624000.0,1.867,1969261000.0,52187000.0,184391000.0,416917000.0,5.079,-22449000.0
57,CTRA,MRT,2007-03-31,2007-03-31,2007-03-31,2021-10-04,4683000.0,1843357000.0,1821453250.0,219519000.0,1623838000.0,0.406,2.497,-136657000.0,57442000.0,57442000.0,210141000.0,316557000.0,1.011,0.908,230000000.0,20000000.0,210000000.0,230000000.0,0.0,130435000.0,0.0,0.002,0.02,516907000.0,647342000.0,0.876,647342000.0,516907000.0,500692000.0,0.82,0.807,0.82,965893000.0,883239750.0,965893000.0,3451695547.0,7.0,5.332,201296000.0,0.52,1.0,528652000.0,0.716,0.0,16215000.0,1798805000.0,1776178000.0,15410000.0,0.0,0.0,0.0,877464000.0,217110000.0,660354000.0,3253549547.0,48928000.0,-6688000.0,-40175000.0,-65000000.0,-7738000.0,-102245000.0,-186780000.0,0.0,337953000.0,0.0,316557000.0,316557000.0,316557000.0,0.0,0.0,0.428,11745000.0,516907000.0,137798000.0,0.024,3.368,10.278,10.262,1568108000.0,0.0,8.415,4.404,4.406,97507000.0,612205000.0,738793000.0,738793000.0,43435000.0,0.174,0.358,0.291,0.7,12903000.0,62196000.0,1.0,386636904.0,386780000,392188000.0,1.91,1843357000.0,43772000.0,184135000.0,388898000.0,4.766,2409000.0
58,CTRA,MRT,2006-12-31,2006-12-31,2006-12-31,2021-10-04,37160000.0,1834491000.0,1737271750.0,315682000.0,1518809000.0,0.439,2.441,-131268000.0,41854000.0,41854000.0,213516000.0,321175000.0,1.258,0.941,240000000.0,20000000.0,220000000.0,240000000.0,0.0,128975000.0,0.0,0.003,0.02,528946000.0,657921000.0,0.863,657921000.0,528946000.0,510505000.0,0.83,0.815,0.83,945198000.0,810700750.0,945198000.0,2983870743.0,6.0,4.535,225836000.0,0.583,1.0,548472000.0,0.72,0.0,18441000.0,1781610000.0,1730054250.0,32997000.0,0.0,0.0,0.0,889293000.0,251027000.0,638266000.0,2905993743.0,31228000.0,-6688000.0,-40257000.0,-100000000.0,-7751000.0,-138523000.0,-187353000.0,0.0,357104000.0,0.0,321175000.0,321175000.0,321175000.0,0.0,0.0,0.421,19526000.0,528946000.0,147680000.0,0.024,3.074,9.048,9.134,1480201000.0,0.0,7.581,3.814,3.852,116546000.0,565591000.0,761988000.0,761988000.0,49397000.0,0.185,0.396,0.306,0.694,11786000.0,58168000.0,1.0,383313272.0,387212000,394404000.0,1.968,1834491000.0,64810000.0,189330000.0,388674000.0,4.738,64655000.0
59,CTRA,MRT,2006-09-30,2006-09-30,2006-09-30,2021-10-04,40839000.0,1979960000.0,1652491500.0,547007000.0,1432953000.0,0.493,2.358,-131435000.0,322123000.0,322123000.0,229294000.0,347554000.0,1.79,1.176,400000000.0,20000000.0,380000000.0,400000000.0,0.0,125927000.0,0.0,0.003,0.02,573793000.0,699720000.0,0.858,699720000.0,573793000.0,547606000.0,0.898,0.879,0.898,909784000.0,724454000.0,909784000.0,2647123514.0,5.0,3.783,342064000.0,0.887,1.0,586094000.0,0.719,0.0,26187000.0,1752294000.0,1686191750.0,41120000.0,0.0,0.0,0.0,1070176000.0,305543000.0,764633000.0,2313182514.0,318936000.0,0.0,-60986000.0,94309000.0,-7791000.0,31288000.0,-185851000.0,0.0,473499000.0,0.0,347554000.0,347554000.0,347554000.0,0.0,0.0,0.426,12301000.0,573793000.0,137333000.0,0.022,2.543,6.656,6.672,1390182000.0,0.0,5.991,2.837,2.835,104157000.0,535383000.0,815388000.0,815388000.0,54416000.0,0.21,0.48,0.34,0.704,9155000.0,48793000.0,1.0,386093472.0,385836000,393296000.0,2.113,1979960000.0,33523000.0,200052000.0,443710000.0,5.132,241464000.0
60,CTRA,MRT,2006-06-30,2006-06-30,2006-06-30,2021-10-04,15330000.0,1628005000.0,1511482500.0,187591000.0,1440414000.0,0.524,1.826,-459060000.0,16059000.0,16059000.0,225488000.0,192290000.0,0.988,1.286,350000000.0,20000000.0,330000000.0,350000000.0,0.0,120417000.0,0.0,0.003,0.02,328070000.0,448487000.0,0.566,448487000.0,328070000.0,303522000.0,0.494,0.484,0.494,712084000.0,622572250.0,712084000.0,2679877868.0,8.0,5.975,-13216000.0,-0.034,1.0,566913000.0,0.715,0.0,24548000.0,1772003000.0,1593895500.0,25956000.0,0.0,0.0,0.0,915921000.0,189943000.0,725978000.0,2393391868.0,-35887000.0,0.0,-42229000.0,80000000.0,-7819000.0,34849000.0,-516580000.0,0.0,445844000.0,0.0,192290000.0,192290000.0,192290000.0,0.0,0.0,0.243,238843000.0,328070000.0,122801000.0,0.04,3.361,12.447,12.399,1400110000.0,0.0,6.125,3.02,3.014,99552000.0,348294000.0,792401000.0,792401000.0,57520000.0,0.127,0.309,0.206,0.414,11094000.0,47757000.0,1.0,390757856.0,389928000,396804000.0,2.032,1628005000.0,34419000.0,111232000.0,329633000.0,4.175,-2352000.0
61,CTRA,MRT,2006-03-31,2006-03-31,2006-03-31,2021-10-04,3559000.0,1506631000.0,1424585750.0,164353000.0,1342278000.0,0.529,1.735,-412403000.0,8514000.0,8514000.0,217962000.0,180848000.0,0.919,1.23,295000000.0,20000000.0,275000000.0,295000000.0,0.0,113737000.0,0.0,0.003,0.02,311911000.0,425648000.0,0.565,425648000.0,311911000.0,288252000.0,0.464,0.455,0.464,675737000.0,573506250.0,675737000.0,2659270855.0,9.0,6.248,-851000.0,-0.002,1.0,535529000.0,0.711,0.0,23659000.0,1614310000.0,1477329750.0,13786000.0,0.0,0.0,0.0,830894000.0,178807000.0,652087000.0,2329896855.0,-51070000.0,0.0,-16266000.0,25000000.0,-7820000.0,3866000.0,-466488000.0,0.0,411552000.0,0.0,180848000.0,180848000.0,180848000.0,0.0,0.0,0.24,223618000.0,311911000.0,115327000.0,0.043,3.448,12.883,12.912,1310680000.0,0.0,5.991,3.092,3.097,114268000.0,303386000.0,753491000.0,753491000.0,54085000.0,0.127,0.315,0.211,0.414,9798000.0,42942000.0,1.0,388883264.0,389440000,394988000.0,1.935,1506631000.0,31577000.0,107404000.0,310730000.0,3.869,-14454000.0
62,CTRA,MRT,2005-12-31,2005-12-31,2005-12-31,2021-10-04,-15115000.0,1495370000.0,1360950500.0,230312000.0,1265058000.0,0.502,1.536,-350310000.0,10626000.0,10626000.0,203226000.0,148445000.0,1.054,1.491,340000000.0,20000000.0,320000000.0,340000000.0,0.0,108458000.0,0.0,0.003,0.018,258731000.0,367189000.0,0.538,367189000.0,258731000.0,236234000.0,0.38,0.372,0.38,600211000.0,520333000.0,600211000.0,2485352423.0,10.0,6.769,14250000.0,0.036,1.0,479571000.0,0.702,0.0,22497000.0,1606160000.0,1383800500.0,24616000.0,0.0,0.0,0.0,895159000.0,218584000.0,676575000.0,2208539423.0,600000.0,0.0,-14597000.0,70000000.0,-7213000.0,48190000.0,-412150000.0,0.0,364560000.0,0.0,148445000.0,148445000.0,148445000.0,0.0,0.0,0.217,220840000.0,258731000.0,140006000.0,0.047,3.68,14.878,14.836,1238055000.0,0.0,5.638,3.235,3.227,156009000.0,252167000.0,682797000.0,682797000.0,61840000.0,0.109,0.285,0.187,0.379,9803000.0,37650000.0,1.0,391758656.0,390852000,397804000.0,1.747,1495370000.0,47500000.0,87789000.0,290363000.0,3.826,11728000.0
63,CTRA,MRT,2005-09-30,2005-09-30,2005-09-30,2021-10-04,-71318000.0,1415924000.0,1289847000.0,232180000.0,1183744000.0,0.475,1.283,-290174000.0,3187000.0,3187000.0,181022000.0,122167000.0,0.75,1.819,280000000.0,20000000.0,260000000.0,280000000.0,0.0,106104000.0,0.0,0.003,0.017,212635000.0,318739000.0,0.521,318739000.0,212635000.0,191544000.0,0.312,0.307,0.312,502257000.0,484195750.0,502257000.0,2690236856.0,13.0,8.44,14030000.0,0.036,1.0,431332000.0,0.704,0.0,21091000.0,1383109000.0,1300770750.0,35473000.0,0.0,0.0,0.0,913667000.0,309628000.0,604039000.0,2472182856.0,-21699000.0,0.0,-2031000.0,35691000.0,-6554000.0,27106000.0,-353009000.0,0.0,304204000.0,0.0,122167000.0,122167000.0,122167000.0,0.0,0.0,0.2,218697000.0,212635000.0,144748000.0,0.054,4.922,20.236,20.236,1156886000.0,0.0,6.314,4.037,4.038,131840000.0,195621000.0,612354000.0,612354000.0,62835000.0,0.095,0.252,0.163,0.347,10655000.0,36775000.0,1.0,391555392.0,391608000,397320000.0,1.564,1415924000.0,71848000.0,69377000.0,270515000.0,3.616,-77448000.0
64,CTRA,MRT,2005-06-30,2005-06-30,2005-06-30,2021-10-04,-21074000.0,1280418000.0,1230455000.0,207400000.0,1073018000.0,0.463,1.318,-219957000.0,51946000.0,51946000.0,170326000.0,106233000.0,1.076,1.482,270000000.0,20000000.0,250000000.0,270000000.0,0.0,107260000.0,0.0,0.003,0.015,187890000.0,295150000.0,0.518,295150000.0,187890000.0,166561000.0,0.273,0.268,0.273,515820000.0,459468750.0,515820000.0,1908030185.0,10.0,6.465,97840000.0,0.25,1.0,399694000.0,0.701,0.0,21329000.0,1305740000.0,1261302250.0,23825000.0,0.0,0.0,0.0,764598000.0,192732000.0,571866000.0,1697614185.0,30517000.0,0.0,-8274000.0,0.0,-5900000.0,-14174000.0,-273106000.0,0.0,317797000.0,0.0,106233000.0,106233000.0,106233000.0,0.0,0.0,0.186,211804000.0,187890000.0,98672000.0,0.055,3.291,15.98,15.888,1050987000.0,0.0,4.338,2.978,2.978,93416000.0,163823000.0,570020000.0,570020000.0,53149000.0,0.086,0.231,0.149,0.33,9751000.0,36097000.0,1.0,391380792.0,391336000,396624000.0,1.457,1280418000.0,39316000.0,60328000.0,260105000.0,3.272,14668000.0
65,CTRA,MRT,2005-03-31,2005-03-31,2005-03-31,2021-10-04,-38147000.0,1252090000.0,1194706250.0,218040000.0,1034050000.0,0.45,1.188,-211998000.0,59584000.0,59584000.0,166553000.0,90129000.0,0.981,1.704,270000000.0,20000000.0,250000000.0,270000000.0,0.0,105770000.0,0.0,0.003,0.013,162607000.0,268377000.0,0.499,268377000.0,162607000.0,140967000.0,0.232,0.228,0.232,463044000.0,428518500.0,463044000.0,2047648014.0,13.0,7.63,71471000.0,0.183,1.0,371325000.0,0.69,0.0,21640000.0,1240193000.0,1234713500.0,13092000.0,0.0,0.0,0.0,789046000.0,222313000.0,566733000.0,1787674014.0,7785000.0,0.0,-7082000.0,0.0,-5249000.0,-12331000.0,-263353000.0,0.0,283469000.0,0.0,90129000.0,90129000.0,90129000.0,0.0,0.0,0.168,208718000.0,162607000.0,102511000.0,0.056,3.861,19.835,19.81,1011822000.0,0.0,4.596,3.324,3.331,98665000.0,130359000.0,537878000.0,537878000.0,51355000.0,0.075,0.21,0.132,0.302,8827000.0,36979000.0,1.0,388977120.0,389792000,394448000.0,1.38,1252090000.0,51364000.0,50838000.0,255699000.0,3.212,-4273000.0
66,CTRA,MRT,2004-12-31,2004-12-31,2004-12-31,2021-10-04,-20351000.0,1210956000.0,1158276250.0,194679000.0,1016277000.0,0.458,1.169,-207227000.0,10026000.0,10026000.0,169820000.0,88378000.0,0.989,1.658,270000000.0,20000000.0,250000000.0,270000000.0,0.0,103343000.0,0.0,0.004,0.013,160653000.0,263996000.0,0.498,263996000.0,160653000.0,138624000.0,0.226,0.224,0.226,455662000.0,406698250.0,455662000.0,1709184634.0,11.0,6.474,65795000.0,0.169,1.0,360588000.0,0.68,0.0,22029000.0,1274041000.0,1209282750.0,24049000.0,0.0,0.0,0.0,755294000.0,196889000.0,558405000.0,1464070634.0,9302000.0,0.0,-3157000.0,0.0,-5206000.0,-8363000.0,-255357000.0,0.0,273022000.0,0.0,88378000.0,88378000.0,88378000.0,0.0,0.0,0.167,199935000.0,160653000.0,104969000.0,0.058,3.213,16.566,16.316,994081000.0,0.0,3.688,2.76,2.71,125754000.0,110935000.0,530408000.0,530408000.0,48130000.0,0.076,0.217,0.133,0.303,6904000.0,34735000.0,1.0,397036104.0,389864000,394712000.0,1.36,1210956000.0,36200000.0,50246000.0,248320000.0,3.106,-2210000.0
67,CTRA,MRT,2004-09-30,2004-09-30,2004-09-30,2021-10-04,-45815000.0,1178356000.0,1119301250.0,184151000.0,994205000.0,0.444,1.033,-184095000.0,24886000.0,24886000.0,165670000.0,75934000.0,0.929,1.921,270000000.0,0.0,270000000.0,270000000.0,0.0,100570000.0,0.0,0.003,0.013,141605000.0,242175000.0,0.487,242175000.0,141605000.0,120210000.0,0.197,0.194,0.197,403349000.0,384082000.0,403349000.0,1732404693.0,12.0,7.154,67766000.0,0.174,1.0,331347000.0,0.667,0.0,21395000.0,1225235000.0,1182723750.0,25066000.0,0.0,0.0,0.0,775007000.0,198235000.0,576772000.0,1483833693.0,21499000.0,0.0,3268000.0,-12345000.0,-5194000.0,-14271000.0,-216091000.0,0.0,251861000.0,0.0,75934000.0,75934000.0,75934000.0,0.0,0.0,0.153,189742000.0,141605000.0,91712000.0,0.066,3.679,19.541,18.993,971358000.0,0.0,3.742,2.985,2.94,74692000.0,80009000.0,497017000.0,497017000.0,47757000.0,0.068,0.198,0.12,0.285,4288000.0,31842000.0,1.0,396570252.0,390576000,395352000.0,1.273,1178356000.0,53541000.0,44276000.0,232127000.0,3.017,-14084000.0
68,CTRA,MRT,2004-06-30,2004-06-30,2004-06-30,2021-10-04,-41124000.0,1137423000.0,1079710250.0,167175000.0,970248000.0,0.466,1.004,-147106000.0,21429000.0,21429000.0,167805000.0,80780000.0,0.896,1.901,270000000.0,0.0,270000000.0,270000000.0,0.0,96483000.0,0.0,0.004,0.013,150957000.0,247440000.0,0.492,247440000.0,150957000.0,128167000.0,0.209,0.207,0.209,392019000.0,372256250.0,392019000.0,1609545417.0,11.0,6.505,98029000.0,0.251,1.0,335260000.0,0.666,0.0,22790000.0,1199385000.0,1160439500.0,9519000.0,0.0,0.0,0.0,745404000.0,186609000.0,558795000.0,1391344417.0,19126000.0,0.0,12396000.0,-31345000.0,-5177000.0,-24126000.0,-201883000.0,0.0,245135000.0,0.0,80780000.0,80780000.0,80780000.0,0.0,0.0,0.161,184303000.0,150957000.0,93863000.0,0.062,3.549,17.224,16.866,949310000.0,0.0,3.525,2.766,2.735,89495000.0,63490000.0,503065000.0,503065000.0,54777000.0,0.075,0.217,0.13,0.3,885000.0,28643000.0,1.0,394707636.0,390312000,395144000.0,1.289,1137423000.0,44975000.0,47387000.0,219229000.0,2.914,-19434000.0
69,CTRA,MRT,2004-03-31,2004-03-31,2004-03-31,2021-10-04,-37412000.0,1106370000.0,1047187250.0,178772000.0,927598000.0,0.487,0.967,-109729000.0,51799000.0,51799000.0,175189000.0,79366000.0,0.961,1.944,270000000.0,0.0,270000000.0,270000000.0,0.0,95625000.0,0.0,0.005,0.013,149368000.0,244993000.0,0.48,244993000.0,149368000.0,126071000.0,0.205,0.205,0.205,375763000.0,353190000.0,375763000.0,1259119228.0,8.0,5.139,169932000.0,0.437,1.0,334890000.0,0.657,0.0,23297000.0,1138470000.0,1145317250.0,10991000.0,0.0,0.0,0.0,730607000.0,186101000.0,544506000.0,989843228.0,51535000.0,0.0,12886000.0,-65345000.0,-5066000.0,-57525000.0,-170601000.0,0.0,279661000.0,0.0,79366000.0,79366000.0,79366000.0,0.0,0.0,0.156,185522000.0,149368000.0,92157000.0,0.063,2.634,12.472,12.423,909929000.0,0.0,2.547,1.941,1.941,72778000.0,45478000.0,510079000.0,510079000.0,60872000.0,0.076,0.225,0.13,0.293,885000.0,25233000.0,1.0,388681896.0,388776000,394392000.0,1.312,1106370000.0,41129000.0,46705000.0,215294000.0,2.846,-7329000.0
70,CTRA,MRT,2003-12-31,2003-12-31,2003-12-31,2021-10-04,-23135000.0,1055056000.0,1024051250.0,143331000.0,911725000.0,0.497,0.95,-93737000.0,724000.0,724000.0,173699000.0,21132000.0,0.916,1.889,270000000.0,0.0,270000000.0,270000000.0,0.0,94903000.0,0.0,0.005,0.013,59740000.0,154643000.0,0.304,154643000.0,59740000.0,36195000.0,0.055,0.055,0.055,365197000.0,334008750.0,365197000.0,1218567158.0,20.0,7.88,147901000.0,0.385,1.0,335692000.0,0.659,0.0,23545000.0,1167805000.0,1158426750.0,18241000.0,0.0,0.0,0.0,689859000.0,156527000.0,533332000.0,953674158.0,-878000.0,0.0,6728000.0,-92345000.0,-5043000.0,-90660000.0,-151856000.0,0.0,241638000.0,0.0,21132000.0,21132000.0,21132000.0,0.0,0.0,0.041,269105000.0,66587000.0,84943000.0,0.236,2.611,45.129,44.47,895955000.0,0.0,2.446,1.872,1.847,87425000.0,27763000.0,509391000.0,509391000.0,58119000.0,0.021,0.063,0.052,0.117,885000.0,25112000.0,1.0,389917884.0,384592000,387480000.0,1.324,1055056000.0,30855000.0,15063000.0,210781000.0,2.743,-13196000.0
71,CTRA,MRT,2003-09-30,2003-09-30,2003-09-30,2021-10-04,-11376000.0,1019992000.0,1035524000.0,131369000.0,888623000.0,0.475,0.922,-82726000.0,20107000.0,20107000.0,167061000.0,10003000.0,0.883,1.865,285000000.0,0.0,285000000.0,285000000.0,0.0,95347000.0,0.0,0.006,0.013,44072000.0,139419000.0,0.284,139419000.0,44072000.0,19083000.0,0.026,0.024,0.026,356046000.0,330373750.0,356046000.0,1137221882.0,26.0,8.157,178881000.0,0.463,1.0,324631000.0,0.66,0.0,24989000.0,1136098000.0,1202178500.0,21860000.0,0.0,0.0,0.0,663946000.0,148787000.0,515159000.0,836483882.0,973000.0,0.0,6162000.0,-107746000.0,-5026000.0,-106610000.0,-154024000.0,0.0,261607000.0,0.0,10003000.0,10003000.0,10003000.0,0.0,0.0,0.02,273712000.0,50919000.0,91381000.0,0.5,2.349,83.623,83.333,881722000.0,0.0,2.167,1.701,1.702,78668000.0,9268000.0,491692000.0,491692000.0,55537000.0,0.01,0.03,0.037,0.09,0.0,25669000.0,1.0,386069484.0,386148000,389220000.0,1.273,1019992000.0,0.0,9080000.0,174822000.0,2.641,-17418000.0
72,CTRA,MRT,2003-06-30,2003-06-30,2003-06-30,2021-10-04,-29573000.0,1007331000.0,1043226500.0,109997000.0,897334000.0,0.433,0.823,-79794000.0,3262000.0,3262000.0,156583000.0,-6540000.0,0.65,2.19,304000000.0,0.0,304000000.0,304000000.0,0.0,97120000.0,0.0,0.006,0.013,15553000.0,112673000.0,0.249,112673000.0,15553000.0,-8778000.0,-0.017,-0.018,-0.017,315754000.0,329964000.0,315754000.0,1225499083.0,79.0,10.877,141163000.0,0.368,1.0,295187000.0,0.653,0.0,24331000.0,1138896000.0,1257441500.0,9960000.0,0.0,0.0,0.0,691577000.0,169173000.0,522404000.0,888722083.0,-3153000.0,0.0,2782000.0,-90746000.0,-5011000.0,-92975000.0,-131135000.0,0.0,220957000.0,0.0,-6540000.0,-6540000.0,-6540000.0,0.0,0.0,-0.014,272787000.0,22400000.0,98196000.0,-0.765,2.815,-135.89,-135.343,890535000.0,0.0,2.301,1.967,1.954,85158000.0,-12113000.0,451770000.0,451770000.0,51341000.0,-0.006,-0.02,0.012,0.034,0.0,25833000.0,1.0,386260956.0,383760000,389724000.0,1.177,1007331000.0,0.0,-2238000.0,160549000.0,2.625,-59176000.0
73,CTRA,MRT,2003-03-31,2003-03-31,2003-03-31,2021-10-04,-24935000.0,1013826000.0,1057663750.0,124829000.0,888997000.0,0.392,0.783,-77155000.0,1223000.0,1223000.0,146545000.0,-22323000.0,0.782,2.39,338000000.0,0.0,338000000.0,338000000.0,0.0,96809000.0,0.0,0.006,0.013,-9447000.0,87362000.0,0.211,87362000.0,-9447000.0,-34157000.0,-0.058,-0.058,-0.058,299038000.0,337770750.0,299038000.0,1133654400.0,-120.0,12.977,117024000.0,0.306,1.0,268053000.0,0.647,0.0,24710000.0,1190908000.0,1308934750.0,9656000.0,0.0,0.0,0.0,714788000.0,159695000.0,555093000.0,771215400.0,-2458000.0,0.0,3853000.0,-71746000.0,-5087000.0,-72980000.0,-123657000.0,0.0,194179000.0,0.0,-22323000.0,-22323000.0,-22323000.0,0.0,0.0,-0.054,270653000.0,-2600000.0,88910000.0,-0.224,2.579,-34.548,-34.483,881783000.0,0.0,2.0,1.86,1.843,108470000.0,-28822000.0,414598000.0,414598000.0,46502000.0,-0.021,-0.066,-0.007,-0.023,0.0,29233000.0,1.0,385607700.0,382044000,382044000.0,1.085,1013826000.0,0.0,-11834000.0,161641000.0,2.654,-34866000.0
74,CTRA,MRT,2002-12-31,2002-12-31,2002-12-31,2021-10-04,-12939000.0,1100947000.0,1070751000.0,106425000.0,994522000.0,0.33,0.921,-98501000.0,1602000.0,1602000.0,127788000.0,16103000.0,0.876,2.14,365000000.0,0.0,365000000.0,365000000.0,0.0,96512000.0,0.0,0.006,0.013,49088000.0,145600000.0,0.412,145600000.0,49088000.0,23777000.0,0.043,0.042,0.043,350657000.0,346934250.0,350657000.0,1178225679.0,24.0,8.092,65681000.0,0.172,1.0,225968000.0,0.639,0.0,25311000.0,1342812000.0,1353222000.0,15252000.0,0.0,0.0,0.0,750290000.0,121533000.0,628757000.0,787893679.0,-1850000.0,0.0,3461000.0,-25746000.0,-5079000.0,-27364000.0,-138668000.0,0.0,164182000.0,0.0,16103000.0,16103000.0,16103000.0,0.0,0.0,0.046,176880000.0,49088000.0,72619000.0,0.302,2.247,48.928,48.023,971754000.0,0.0,2.065,2.227,2.223,70028000.0,11674000.0,353756000.0,353756000.0,40167000.0,0.015,0.046,0.036,0.139,0.0,28377000.0,1.0,381546576.0,380844000,384912000.0,0.929,1100947000.0,30018000.0,7674000.0,229623000.0,2.891,-15108000.0
75,CTRA,MRT,2002-09-30,2002-09-30,2002-09-30,2021-10-04,-967000.0,1050802000.0,1062772000.0,85845000.0,964957000.0,0.311,0.929,67620000.0,4668000.0,4668000.0,118940000.0,-8153000.0,1.022,1.965,395000000.0,0.0,395000000.0,395000000.0,0.0,97897000.0,0.0,0.007,0.013,8221000.0,106118000.0,0.321,106118000.0,8221000.0,-16918000.0,-0.026,-0.026,-0.026,354407000.0,345908000.0,354407000.0,1072837372.0,130.0,10.11,214502000.0,0.562,1.0,211584000.0,0.64,0.0,25139000.0,1357150000.0,1354040250.0,19459000.0,0.0,0.0,0.0,696395000.0,83984000.0,612411000.0,683547372.0,-11518000.0,-187785000.0,3150000.0,22781000.0,-5072000.0,20859000.0,-179259000.0,0.0,146882000.0,0.0,-8153000.0,-8153000.0,-8153000.0,0.0,0.0,-0.025,203363000.0,8221000.0,52480000.0,-0.5,1.929,-83.84,-68.91,960704000.0,0.0,1.792,2.068,2.068,48681000.0,4291000.0,330524000.0,330524000.0,59094000.0,-0.008,-0.024,0.006,0.025,0.0,31039000.0,1.0,381514812.0,381516000,385632000.0,0.866,1050802000.0,0.0,-8765000.0,202176000.0,2.754,1861000.0
76,CTRA,MRT,2002-06-30,2002-06-30,2002-06-30,2021-10-04,-2844000.0,1065080000.0,1073345750.0,87439000.0,977641000.0,0.325,0.911,-125030000.0,7710000.0,7710000.0,127008000.0,-4247000.0,0.799,2.07,397000000.0,0.0,397000000.0,397000000.0,0.0,95193000.0,0.0,0.007,0.013,14711000.0,109904000.0,0.315,109904000.0,14711000.0,-9254000.0,-0.014,-0.015,-0.014,346981000.0,348850000.0,346981000.0,1137440359.0,77.0,10.349,44305000.0,0.116,1.0,222193000.0,0.636,0.0,23965000.0,1344869000.0,1346332250.0,15151000.0,0.0,0.0,0.0,718099000.0,109501000.0,608598000.0,730416359.0,-3905000.0,-187785000.0,3509000.0,204781000.0,-4983000.0,203307000.0,-376547000.0,0.0,169335000.0,0.0,-4247000.0,-4247000.0,-4247000.0,0.0,0.0,-0.012,207482000.0,14711000.0,73554000.0,-0.929,2.105,-171.984,-136.012,974913000.0,0.0,1.904,2.092,2.077,52715000.0,-562000.0,349201000.0,349201000.0,63732000.0,-0.004,-0.012,0.011,0.042,0.0,31593000.0,1.0,383588460.0,380844000,380844000.0,0.917,1065080000.0,0.0,-5007000.0,198522000.0,2.797,-22062000.0
77,CTRA,MRT,2002-03-31,2002-03-31,2002-03-31,2021-10-04,-8588000.0,1066175000.0,1000308250.0,81416000.0,984759000.0,0.367,0.885,-127055000.0,4976000.0,4976000.0,135719000.0,7225000.0,0.774,2.176,412000000.0,0.0,412000000.0,412000000.0,0.0,87938000.0,0.0,0.006,0.013,31837000.0,119775000.0,0.326,119775000.0,31837000.0,9499000.0,0.018,0.017,0.018,335692000.0,340625500.0,335692000.0,1177264202.0,37.0,9.829,46296000.0,0.122,1.0,231504000.0,0.63,0.0,22338000.0,1368057000.0,1217161250.0,12065000.0,0.0,0.0,0.0,730483000.0,105142000.0,625341000.0,789970202.0,-2389000.0,-187785000.0,3660000.0,207781000.0,-4893000.0,206548000.0,-382288000.0,0.0,173351000.0,0.0,7225000.0,7225000.0,7225000.0,0.0,0.0,0.02,199667000.0,31837000.0,64028000.0,0.722,2.353,109.338,114.63,982146000.0,0.0,2.063,2.151,2.131,51635000.0,-1412000.0,367223000.0,367223000.0,67448000.0,0.007,0.021,0.026,0.087,0.0,27712000.0,1.0,382861164.0,379248000,379248000.0,0.968,1066175000.0,0.0,2274000.0,194543000.0,2.811,-23726000.0
78,CTRA,MRT,2001-12-31,2001-12-31,2001-12-31,2021-10-04,835000.0,1069031000.0,920037250.0,84987000.0,984044000.0,0.486,0.954,-120300000.0,5706000.0,5706000.0,157343000.0,47084000.0,0.771,2.085,393000000.0,0.0,393000000.0,393000000.0,0.0,80619000.0,0.0,0.006,0.013,95366000.0,175985000.0,0.394,175985000.0,95366000.0,74549000.0,0.13,0.128,0.13,346552000.0,327480250.0,346552000.0,1113108053.0,12.0,6.325,133100000.0,0.366,1.0,289699000.0,0.648,0.0,20817000.0,1346085000.0,1074354250.0,17560000.0,0.0,0.0,0.0,722479000.0,110240000.0,612239000.0,760040053.0,-4122000.0,-187785000.0,7749000.0,118781000.0,-4802000.0,121728000.0,-379250000.0,0.0,253400000.0,0.0,47084000.0,47084000.0,47084000.0,0.0,0.0,0.105,194333000.0,95366000.0,79575000.0,0.1,2.193,16.142,15.417,981338000.0,0.0,2.004,1.7,1.629,50711000.0,650000.0,447042000.0,447042000.0,71165000.0,0.051,0.144,0.089,0.213,0.0,27920000.0,1.0,379229964.0,363312000,368208000.0,1.23,1069031000.0,0.0,27465000.0,200859000.0,2.942,-25253000.0
79,CTRA,MRT,2001-09-30,2001-09-30,2001-09-30,2021-10-04,5946000.0,1093097000.0,836688000.0,116058000.0,977039000.0,0.576,0.996,-298096000.0,13932000.0,13932000.0,179386000.0,79757000.0,0.968,1.985,367000000.0,0.0,367000000.0,367000000.0,0.0,69917000.0,0.0,0.008,0.013,150929000.0,220846000.0,0.459,220846000.0,150929000.0,130545000.0,0.228,0.225,0.228,366175000.0,301468500.0,366175000.0,768191000.0,5.0,3.478,-38122000.0,-0.104,1.0,302185000.0,0.627,0.0,20384000.0,1326318000.0,957571000.0,20266000.0,0.0,0.0,0.0,726922000.0,119847000.0,607075000.0,590552000.0,11910000.0,0.0,11255000.0,91000000.0,-2495000.0,97558000.0,-345622000.0,0.0,259974000.0,0.0,79757000.0,79757000.0,79757000.0,0.0,0.0,0.166,151256000.0,150929000.0,90811000.0,0.057,1.613,7.404,7.292,974403000.0,0.0,1.663,1.226,1.269,58731000.0,17515000.0,481571000.0,481571000.0,47526000.0,0.095,0.265,0.158,0.313,0.0,23042000.0,1.0,355219248.0,367728000,367728000.0,1.31,1093097000.0,0.0,50788000.0,221737000.0,2.973,-3789000.0
80,CTRA,MRT,2001-06-30,2001-06-30,2001-06-30,2021-10-04,13218000.0,772930000.0,737756000.0,109224000.0,663706000.0,0.628,0.887,-118946000.0,9361000.0,9361000.0,190897000.0,75863000.0,0.892,1.461,187000000.0,0.0,187000000.0,187000000.0,0.0,60417000.0,0.0,0.006,0.013,145127000.0,205544000.0,0.443,205544000.0,145127000.0,124174000.0,0.218,0.216,0.218,314083000.0,265191250.0,314083000.0,911840261.0,6.0,4.436,115950000.0,0.327,1.0,272684000.0,0.588,0.0,20953000.0,828185000.0,842765500.0,14194000.0,0.0,0.0,0.0,458847000.0,122384000.0,336463000.0,717951261.0,7932000.0,0.0,12432000.0,-78000000.0,-2472000.0,-70242000.0,-156722000.0,0.0,234896000.0,0.0,75863000.0,75863000.0,75863000.0,0.0,0.0,0.164,127557000.0,145127000.0,95050000.0,0.06,2.286,9.464,9.327,661732000.0,0.0,2.033,1.549,1.553,55641000.0,8669000.0,463581000.0,463581000.0,37776000.0,0.103,0.286,0.172,0.313,0.0,21840000.0,1.0,353090784.0,354108000,354108000.0,1.309,772930000.0,0.0,48311000.0,135626000.0,2.183,-13160000.0
81,CTRA,MRT,2001-03-31,2001-03-31,2001-03-31,2021-10-04,-1706000.0,745091000.0,713330250.0,94921000.0,650170000.0,0.615,0.805,-113097000.0,5111000.0,5111000.0,198148000.0,59188000.0,0.668,1.632,199000000.0,16000000.0,183000000.0,199000000.0,0.0,56683000.0,0.0,0.006,0.013,118571000.0,175254000.0,0.4,175254000.0,118571000.0,96957000.0,0.184,0.183,0.184,283111000.0,240242500.0,283111000.0,1051995423.0,9.0,6.003,80076000.0,0.228,1.0,240275000.0,0.548,0.0,21614000.0,796829000.0,844519000.0,7576000.0,0.0,0.0,0.0,461980000.0,142151000.0,319829000.0,790569423.0,4275000.0,0.0,88067000.0,-79000000.0,-3668000.0,-48403000.0,-140495000.0,0.0,193173000.0,0.0,59188000.0,63788000.0,63788000.0,0.0,0.0,0.145,121704000.0,118571000.0,90201000.0,0.071,2.792,12.394,12.228,648123000.0,-4600000.0,2.25,1.803,1.806,71144000.0,-3742000.0,438423000.0,438423000.0,27398000.0,0.089,0.266,0.14,0.27,0.0,21480000.0,1.0,351364188.0,351816000,351816000.0,1.246,745091000.0,0.0,37769000.0,121962000.0,2.118,-47230000.0
82,CTRA,MRT,2000-12-31,2000-12-31,2000-12-31,2021-10-04,0.0,735634000.0,690080500.0,110269000.0,625365000.0,0.534,0.738,-96209000.0,7574000.0,7574000.0,194468000.0,25472000.0,0.934,2.033,269000000.0,16000000.0,253000000.0,269000000.0,0.0,53441000.0,0.0,0.005,0.013,64817000.0,118258000.0,0.321,118258000.0,64817000.0,41939000.0,0.089,0.088,0.089,242505000.0,217326750.0,242505000.0,1178927904.0,18.0,9.969,22801000.0,0.069,1.0,174183000.0,0.472,0.0,22878000.0,878952000.0,855426000.0,11037000.0,0.0,0.0,0.0,493129000.0,118108000.0,375021000.0,904949904.0,5895000.0,0.0,85104000.0,-24000000.0,-4350000.0,2952000.0,-116067000.0,0.0,119010000.0,0.0,25472000.0,29221000.0,29221000.0,0.0,0.0,0.079,109366000.0,64817000.0,81566000.0,0.146,3.732,30.969,29.204,623174000.0,-3749000.0,2.599,2.455,2.317,85677000.0,-41632000.0,368651000.0,368651000.0,19858000.0,0.042,0.134,0.076,0.176,0.0,20421000.0,1.0,348169248.0,328608000,328608000.0,1.122,735634000.0,0.0,16467000.0,108174000.0,2.239,-7839000.0
83,CTRA,MRT,2000-09-30,2000-09-30,2000-09-30,2021-10-04,0.0,697369000.0,671042000.0,83474000.0,613895000.0,0.635,0.636,-90867000.0,2022000.0,2022000.0,270640000.0,13871000.0,0.801,2.155,276000000.0,16000000.0,260000000.0,276000000.0,0.0,50093000.0,0.0,0.008,0.013,45430000.0,95523000.0,0.224,95523000.0,45430000.0,22241000.0,0.053,0.053,0.053,221066000.0,203324500.0,221066000.0,853491907.0,19.0,8.935,15781000.0,0.045,1.0,155170000.0,0.364,0.0,23189000.0,867096000.0,850903750.0,14602000.0,0.0,0.0,0.0,476303000.0,104251000.0,372052000.0,589920907.0,557000.0,0.0,81951000.0,-59000000.0,-3842000.0,-35893000.0,-70198000.0,0.0,106648000.0,0.0,13871000.0,16770000.0,16770000.0,0.0,0.0,0.039,109740000.0,45430000.0,67041000.0,0.245,2.669,35.177,32.044,611949000.0,-2899000.0,1.698,1.385,1.387,62165000.0,-57544000.0,425810000.0,425810000.0,16143000.0,0.025,0.082,0.053,0.107,0.0,22037000.0,1.0,347352840.0,347712000,347712000.0,1.225,697369000.0,0.0,8370000.0,99187000.0,2.006,-20777000.0
84,CTRA,MRT,2000-06-30,2000-06-30,2000-06-30,2021-10-04,0.0,675227000.0,670379000.0,72339000.0,602888000.0,0.575,0.669,-34155000.0,1429000.0,1429000.0,237634000.0,12264000.0,0.698,2.151,265000000.0,16000000.0,249000000.0,265000000.0,0.0,50674000.0,0.0,0.007,0.013,43692000.0,94366000.0,0.245,94366000.0,43692000.0,19706000.0,0.048,0.048,0.048,214288000.0,193634000.0,214288000.0,806020111.0,18.0,8.541,77638000.0,0.242,1.0,147630000.0,0.383,0.0,23986000.0,835199000.0,859342250.0,8312000.0,0.0,0.0,0.0,460939000.0,103599000.0,357340000.0,528856111.0,-475000.0,0.0,80869000.0,-85000000.0,-4535000.0,-63668000.0,-48600000.0,0.0,111793000.0,0.0,12264000.0,14312000.0,14312000.0,0.0,0.0,0.037,103938000.0,43692000.0,71208000.0,0.271,2.468,36.952,36.753,600689000.0,-2048000.0,1.764,1.373,1.467,58167000.0,-62521000.0,385264000.0,385264000.0,14445000.0,0.021,0.074,0.051,0.113,0.0,21637000.0,1.0,299776728.0,320328000,320328000.0,1.203,675227000.0,0.0,7442000.0,95619000.0,2.108,-31260000.0
85,CTRA,MRT,2000-03-31,2000-03-31,2000-03-31,2021-10-04,0.0,652092000.0,672208250.0,57409000.0,594683000.0,0.512,0.643,-16773000.0,836000.0,836000.0,199622000.0,16306000.0,0.647,2.406,278000000.0,16000000.0,262000000.0,278000000.0,0.0,53026000.0,0.0,0.009,0.013,51427000.0,104453000.0,0.304,104453000.0,51427000.0,26356000.0,0.043,0.043,0.043,191448000.0,184793750.0,191448000.0,739093019.0,14.0,7.076,101084000.0,0.34,1.0,144255000.0,0.419,0.0,25071000.0,840457000.0,889562750.0,4928000.0,0.0,0.0,0.0,460644000.0,88799000.0,371845000.0,447772019.0,-843000.0,0.0,2781000.0,-85000000.0,-4008000.0,-89629000.0,-29071000.0,0.0,117857000.0,0.0,16306000.0,12904000.0,12904000.0,0.0,0.0,0.038,92828000.0,51427000.0,52478000.0,0.302,2.339,34.7,35.0,592244000.0,3402000.0,1.505,1.302,1.302,49356000.0,-63014000.0,343877000.0,343877000.0,12298000.0,0.019,0.07,0.058,0.15,0.0,20732000.0,1.0,297522936.0,297576000,297576000.0,1.156,652092000.0,0.0,10050000.0,97613000.0,2.191,-31390000.0
86,CTRA,MRT,1999-12-31,1999-12-31,1999-12-31,2021-10-04,0.0,659480000.0,682869750.0,66640000.0,592840000.0,0.431,0.629,-25863000.0,1679000.0,1679000.0,162509000.0,8519000.0,0.741,2.536,293000000.0,16000000.0,277000000.0,293000000.0,0.0,53357000.0,0.0,0.01,0.013,39498000.0,92855000.0,0.316,92855000.0,39498000.0,13680000.0,0.018,0.018,0.018,186496000.0,181644750.0,186496000.0,699395637.0,18.0,7.532,66625000.0,0.225,1.0,131528000.0,0.447,0.0,25818000.0,860863000.0,925079250.0,10929000.0,0.0,0.0,0.0,472984000.0,89938000.0,383046000.0,402672637.0,-521000.0,0.0,1738000.0,-50000000.0,-3992000.0,-55656000.0,-37353000.0,0.0,92488000.0,0.0,8519000.0,5117000.0,5117000.0,0.0,0.0,0.017,92030000.0,39498000.0,56551000.0,0.722,2.159,78.693,74.352,590301000.0,3402000.0,1.338,1.369,1.351,50391000.0,-66503000.0,294037000.0,294037000.0,11490000.0,0.007,0.028,0.043,0.134,0.0,20136000.0,1.0,300876192.0,296712000,296712000.0,0.991,659480000.0,0.0,5161000.0,95012000.0,2.223,-23298000.0
87,CTRA,MRT,1999-09-30,1999-09-30,1999-09-30,2021-10-04,0.0,694717000.0,694039750.0,104649000.0,590068000.0,0.365,0.614,-113506000.0,38277000.0,38277000.0,140353000.0,3048000.0,1.155,2.811,335000000.0,16000000.0,319000000.0,335000000.0,0.0,51609000.0,0.0,0.009,0.013,30173000.0,81782000.0,0.323,81782000.0,30173000.0,5157000.0,-0.001,-0.001,-0.001,182304000.0,180687750.0,182304000.0,774967001.0,26.0,9.476,-30500000.0,-0.103,1.0,113174000.0,0.446,0.0,25016000.0,900850000.0,946345000.0,11450000.0,0.0,0.0,0.0,512413000.0,90590000.0,421823000.0,426871001.0,-631000.0,0.0,2001000.0,86000000.0,-3987000.0,80104000.0,-163741000.0,0.0,83006000.0,0.0,3048000.0,-355000.0,-355000.0,0.0,0.0,-0.001,83001000.0,30173000.0,55890000.0,-13.0,2.342,-1202.454,-1437.5,587707000.0,3403000.0,1.438,1.684,1.684,51414000.0,-70123000.0,253527000.0,253527000.0,13423000.0,-0.001,-0.002,0.032,0.119,0.0,19341000.0,1.0,296953740.0,297084000,297084000.0,0.853,694717000.0,0.0,2109000.0,92383000.0,2.338,14059000.0
88,CTRA,MRT,1999-06-30,1999-06-30,1999-06-30,2021-10-04,0.0,682544000.0,669593500.0,57785000.0,624759000.0,0.366,0.604,-167124000.0,1904000.0,1904000.0,138389000.0,-3155000.0,0.775,2.815,350000000.0,16000000.0,334000000.0,350000000.0,0.0,48898000.0,0.0,0.008,0.013,17813000.0,66711000.0,0.272,66711000.0,17813000.0,-5120000.0,-0.022,-0.022,-0.022,178927000.0,181130500.0,178927000.0,821381566.0,46.0,12.313,-94463000.0,-0.319,1.0,106834000.0,0.436,0.0,22933000.0,956081000.0,910433250.0,8231000.0,0.0,0.0,0.0,503617000.0,74559000.0,429058000.0,460060566.0,-1990000.0,0.0,-2013000.0,120000000.0,-3979000.0,110098000.0,-184749000.0,0.0,72661000.0,0.0,-3155000.0,-6558000.0,-6558000.0,0.0,0.0,-0.027,89021000.0,17813000.0,43979000.0,-0.591,2.571,-70.153,-70.568,622453000.0,3403000.0,1.552,1.876,1.877,43518000.0,-72798000.0,245223000.0,245223000.0,17625000.0,-0.01,-0.036,0.02,0.073,0.0,19342000.0,1.0,296335308.0,296424000,296424000.0,0.827,682544000.0,0.0,-1965000.0,85150000.0,2.303,-16774000.0
89,CTRA,MRT,1999-03-31,1999-03-31,1999-03-31,2021-10-04,0.0,694738000.0,643538000.0,60475000.0,634263000.0,0.382,0.604,-198217000.0,1679000.0,1679000.0,138030000.0,-981000.0,0.822,2.884,363000000.0,16000000.0,347000000.0,363000000.0,0.0,44398000.0,0.0,0.011,0.013,19534000.0,63932000.0,0.26,63932000.0,19534000.0,-1528000.0,-0.014,-0.014,-0.014,178852000.0,184090000.0,178852000.0,696969170.0,36.0,10.902,-129866000.0,-0.439,1.0,107799000.0,0.439,0.0,21062000.0,982523000.0,852273750.0,7974000.0,0.0,0.0,0.0,515886000.0,73536000.0,442350000.0,356169170.0,-1842000.0,0.0,-1504000.0,156000000.0,-3974000.0,146612000.0,-216805000.0,0.0,68351000.0,0.0,-981000.0,-4385000.0,-4385000.0,0.0,0.0,-0.018,88265000.0,19534000.0,39787000.0,-0.929,1.991,-81.224,-85.952,631751000.0,3404000.0,1.203,1.449,1.449,47219000.0,-71910000.0,245829000.0,245829000.0,18588000.0,-0.007,-0.024,0.023,0.079,0.0,20740000.0,1.0,295985460.0,295992000,295992000.0,0.831,694738000.0,0.0,-547000.0,84480000.0,2.347,-13061000.0
90,CTRA,MRT,1998-12-31,1998-12-31,1998-12-31,2021-10-04,0.0,704160000.0,606974000.0,71115000.0,633045000.0,0.414,0.615,-202578000.0,2200000.0,2200000.0,137308000.0,5304000.0,0.718,2.855,343000000.0,16000000.0,327000000.0,343000000.0,0.0,41186000.0,0.0,0.01,0.013,27403000.0,68589000.0,0.273,68589000.0,27403000.0,8805000.0,0.007,0.007,0.007,182668000.0,186270750.0,182668000.0,620831200.0,23.0,9.051,-115341000.0,-0.389,1.0,114032000.0,0.454,0.0,18598000.0,945926000.0,774877250.0,9312000.0,0.0,0.0,0.0,521492000.0,99034000.0,422458000.0,373927200.0,416000.0,0.0,-795000.0,144000000.0,-3974000.0,135321000.0,-222142000.0,0.0,87237000.0,0.0,5304000.0,1902000.0,1902000.0,0.0,0.0,0.008,86629000.0,27403000.0,66628000.0,1.857,2.047,196.597,178.571,629908000.0,3402000.0,1.25,1.488,1.476,55799000.0,-67630000.0,251340000.0,251340000.0,19564000.0,0.003,0.01,0.035,0.109,0.0,21950000.0,1.0,299141760.0,296796000,296796000.0,0.847,704160000.0,0.0,3501000.0,85952000.0,2.373,-27919000.0
91,CTRA,MRT,1998-09-30,1998-09-30,1998-09-30,2021-10-04,0.0,596932000.0,566385250.0,62354000.0,534578000.0,0.304,0.619,-55068000.0,2096000.0,2096000.0,45286000.0,15527000.0,0.72,2.243,249000000.0,16000000.0,233000000.0,249000000.0,0.0,40509000.0,0.0,0.01,0.013,42585000.0,83094000.0,0.483,83094000.0,42585000.0,24900000.0,0.042,0.041,0.042,184075000.0,186619250.0,184075000.0,605430818.0,14.0,7.286,10432000.0,0.035,1.0,126713000.0,0.737,0.0,17685000.0,757203000.0,701683000.0,10058000.0,0.0,0.0,0.0,412857000.0,86633000.0,326224000.0,379323818.0,300000.0,0.0,-563000.0,16000000.0,-2340000.0,7453000.0,-72653000.0,0.0,65500000.0,0.0,15527000.0,12047000.0,12047000.0,0.0,0.0,0.07,84128000.0,42585000.0,50192000.0,0.31,2.061,31.487,30.258,532199000.0,3480000.0,1.271,2.205,2.197,45917000.0,-65780000.0,171999000.0,171999000.0,17585000.0,0.021,0.065,0.061,0.248,0.0,22121000.0,1.0,298484316.0,297360000,297360000.0,0.578,596932000.0,0.0,9373000.0,85550000.0,2.007,-24279000.0
92,CTRA,MRT,1998-06-30,1998-06-30,1998-06-30,2021-10-04,0.0,578322000.0,557455500.0,60363000.0,517959000.0,0.315,0.64,-60980000.0,3893000.0,3893000.0,44585000.0,20880000.0,0.745,2.032,230000000.0,16000000.0,214000000.0,230000000.0,0.0,40070000.0,0.0,0.008,0.013,51714000.0,91784000.0,0.523,91784000.0,51714000.0,33838000.0,0.058,0.057,0.058,190765000.0,184194750.0,190765000.0,699652940.0,14.0,7.623,14333000.0,0.048,1.0,130801000.0,0.746,0.0,17876000.0,723443000.0,690495500.0,8747000.0,0.0,0.0,0.0,387557000.0,80986000.0,306571000.0,496172940.0,3450000.0,0.0,3920000.0,7000000.0,-2803000.0,2473000.0,-74336000.0,0.0,75313000.0,0.0,20880000.0,16860000.0,16860000.0,0.0,0.0,0.096,79087000.0,51714000.0,48789000.0,0.224,2.601,29.429,28.736,516245000.0,4020000.0,1.667,2.829,2.831,43390000.0,-62263000.0,175386000.0,175386000.0,13356000.0,0.03,0.092,0.075,0.295,0.0,22213000.0,1.0,297703764.0,297936000,297936000.0,0.589,578322000.0,0.0,12958000.0,84685000.0,1.941,-20623000.0
93,CTRA,MRT,1998-03-31,1998-03-31,1998-03-31,2021-10-04,0.0,548482000.0,546182750.0,58965000.0,489517000.0,0.317,0.633,-44155000.0,3520000.0,3520000.0,43866000.0,21092000.0,0.746,1.924,207000000.0,16000000.0,191000000.0,207000000.0,0.0,39862000.0,0.0,0.007,0.013,51851000.0,91713000.0,0.53,91713000.0,51851000.0,34196000.0,0.058,0.057,0.058,187575000.0,179376000.0,187575000.0,755745582.0,15.0,8.24,32417000.0,0.109,1.0,129260000.0,0.747,0.0,17655000.0,672937000.0,681640250.0,6249000.0,0.0,0.0,0.0,360907000.0,79025000.0,281882000.0,558529582.0,-2303000.0,0.0,2847000.0,-15000000.0,-3264000.0,-21061000.0,-57814000.0,0.0,76572000.0,0.0,21092000.0,16532000.0,16532000.0,0.0,0.0,0.095,77409000.0,51851000.0,44268000.0,0.224,2.978,33.785,32.514,487645000.0,4560000.0,1.886,3.226,3.226,46977000.0,-63553000.0,173126000.0,173126000.0,13659000.0,0.03,0.092,0.076,0.299,0.0,21089000.0,1.0,296171232.0,296196000,296196000.0,0.584,548482000.0,0.0,13104000.0,82396000.0,1.852,-20060000.0
94,CTRA,MRT,1997-12-31,1997-12-31,1997-12-31,2021-10-04,0.0,541805000.0,542509000.0,70533000.0,471272000.0,0.341,0.659,-24560000.0,1784000.0,1784000.0,44254000.0,28334000.0,0.821,1.944,199000000.0,16000000.0,183000000.0,199000000.0,0.0,40598000.0,0.0,0.008,0.013,63852000.0,104450000.0,0.564,104450000.0,63852000.0,45891000.0,0.083,0.081,0.083,184062000.0,174950500.0,184062000.0,710289434.0,11.0,6.8,70480000.0,0.252,1.0,140873000.0,0.761,0.0,17961000.0,653149000.0,686943000.0,6875000.0,0.0,0.0,0.0,357743000.0,85872000.0,271871000.0,479084434.0,417000.0,0.0,2197000.0,-49000000.0,-3732000.0,-56179000.0,-38444000.0,0.0,95040000.0,0.0,28334000.0,23231000.0,23231000.0,0.0,0.0,0.125,77021000.0,63852000.0,52348000.0,0.157,2.603,20.623,19.518,469399000.0,5103000.0,1.62,2.588,2.444,59672000.0,-65551000.0,185127000.0,185127000.0,13884000.0,0.043,0.133,0.093,0.345,0.0,19744000.0,1.0,295731132.0,279264000,279264000.0,0.663,541805000.0,0.0,17557000.0,80108000.0,1.94,-15339000.0
95,CTRA,MRT,1997-09-30,1997-09-30,1997-09-30,2021-10-04,0.0,561213000.0,547393000.0,50126000.0,511087000.0,0.332,0.634,-83746000.0,1795000.0,1795000.0,43998000.0,25676000.0,0.627,2.218,233000000.0,16000000.0,217000000.0,233000000.0,0.0,43486000.0,0.0,0.007,0.013,60224000.0,103710000.0,0.57,103710000.0,60224000.0,42151000.0,,,,174377000.0,169111000.0,174377000.0,750096455.0,12.0,7.233,32450000.0,0.118,1.0,137994000.0,0.758,0.0,18073000.0,712453000.0,707495000.0,9104000.0,0.0,0.0,0.0,386836000.0,79965000.0,306871000.0,527538455.0,361000.0,0.0,1587000.0,-11000000.0,-3659000.0,-18630000.0,-97205000.0,0.0,116196000.0,0.0,25676000.0,20111000.0,20111000.0,0.0,0.0,0.111,77770000.0,60224000.0,47247000.0,,3.025,26.231,,510169000.0,5565000.0,1.922,2.899,2.903,36881000.0,-73859000.0,181992000.0,181992000.0,13459000.0,0.037,0.119,0.085,0.331,0.0,18657000.0,1.0,274521312.0,274908000,,0.662,561213000.0,0.0,16475000.0,80610000.0,2.041,-29839000.0
96,CTRA,MRT,1997-06-30,1997-06-30,1997-06-30,2021-10-04,0.0,533231000.0,,42535000.0,490696000.0,,0.625,-66510000.0,442000.0,442000.0,43243000.0,26361000.0,0.628,2.109,223000000.0,16000000.0,207000000.0,223000000.0,0.0,43287000.0,0.0,0.009,0.013,56971000.0,100258000.0,0.567,100258000.0,56971000.0,40271000.0,,,,171490000.0,,171490000.0,619282414.0,11.0,6.177,38978000.0,0.142,1.0,133473000.0,0.755,0.0,16700000.0,688022000.0,,5684000.0,0.0,0.0,0.0,361741000.0,67767000.0,293974000.0,403104414.0,-2858000.0,0.0,796000.0,-20000000.0,-3655000.0,-28417000.0,-79929000.0,0.0,105488000.0,0.0,26361000.0,20796000.0,20796000.0,0.0,0.0,0.118,76502000.0,56971000.0,37487000.0,,2.351,19.384,,489883000.0,5565000.0,1.469,2.281,2.282,34206000.0,-75230000.0,176716000.0,176716000.0,13419000.0,,,,0.322,0.0,17621000.0,1.0,274376232.0,274440000,,0.644,533231000.0,0.0,13910000.0,77609000.0,1.943,-25232000.0
97,CTRA,MRT,1997-03-31,1997-03-31,1997-03-31,2021-10-04,0.0,533787000.0,,52419000.0,481368000.0,,0.619,-56404000.0,5822000.0,5822000.0,42110000.0,25259000.0,0.939,2.142,222000000.0,0.0,222000000.0,222000000.0,0.0,43440000.0,0.0,0.009,0.013,55573000.0,99013000.0,0.567,99013000.0,55573000.0,38451000.0,,,,169873000.0,,169873000.0,646635645.0,12.0,6.531,50420000.0,0.184,1.0,132545000.0,0.759,0.0,17122000.0,694148000.0,,5156000.0,0.0,0.0,0.0,363914000.0,55817000.0,308097000.0,400002645.0,2071000.0,0.0,694000.0,-26000000.0,-1349000.0,-34516000.0,-70237000.0,0.0,106824000.0,0.0,25259000.0,19694000.0,19694000.0,0.0,0.0,0.113,76972000.0,55573000.0,39392000.0,,2.355,20.311,,480683000.0,5565000.0,1.458,2.29,2.29,39653000.0,-76268000.0,174655000.0,174655000.0,13833000.0,,,,0.318,0.0,17243000.0,1.0,274287528.0,274260000,,0.637,533787000.0,0.0,13192000.0,75982000.0,1.946,-3398000.0
98,CTRA,MRT,1996-12-31,1996-12-31,1996-12-31,2021-10-04,0.0,561341000.0,544748000.0,79637000.0,481704000.0,0.299,0.587,-54994000.0,1367000.0,1367000.0,41187000.0,20824000.0,1.097,2.493,248000000.0,0.0,248000000.0,248000000.0,0.0,42689000.0,0.0,0.009,0.013,48787000.0,91476000.0,0.561,91476000.0,48787000.0,31378000.0,0.056,0.055,0.056,160704000.0,154280000.0,160704000.0,,,,20491000.0,0.075,1.0,121874000.0,0.747,0.0,17409000.0,735357000.0,724301000.0,8797000.0,0.0,0.0,0.0,400637000.0,72617000.0,328020000.0,391316873.0,-1662000.0,0.0,613000.0,-1000000.0,-3649000.0,-9594000.0,-67553000.0,0.0,75485000.0,0.0,20824000.0,15258000.0,15258000.0,0.0,0.0,0.094,73087000.0,48787000.0,56338000.0,0.232,2.435,25.647,25.476,480511000.0,5566000.0,1.427,2.4,2.395,67810000.0,-85046000.0,163061000.0,163061000.0,12559000.0,0.028,0.099,0.067,0.299,0.0,16823000.0,1.0,274287528.0,273684000,273684000.0,0.596,561341000.0,0.0,10554000.0,69427000.0,2.051,7020000.0
99,CTRA,MRT,1996-09-30,1996-09-30,1996-09-30,2021-10-04,,,,,,,,,,,,,,,,,,,,,,0.011,0.013,,,,,,,,,,,,,,,,,,1.0,,,,,,,,,,,,,,,,,,,,,,,,,,,,,,,,,,,,,,,,1.229,,,,,,,,,,,,,,1.0,,273696000,,,,,,,,
100,CTRA,MRT,1996-06-30,1996-06-30,1996-06-30,2021-10-04,,,,,,,,,,,,,,,,,,,,,,0.009,0.013,,,,,,,,,,,,,,,,,,1.0,,,,,,,,,,,,,,,,,,,,,,,,,,,,,,,,,,,,,,,,1.427,,,,,,,,,,,,,,1.0,,273576000,,,,,,,,
101,CTRA,MRT,1996-03-31,1996-03-31,1996-03-31,2021-10-04,,,,,,,,,,,,,,,,,,,,,,0.011,0.013,,,,,,,,,,,,,,,,,,1.0,,,,,,,,,,,,,,,,,,,,,,,,,,,,,,,,,,,,,,,,1.219,,,,,,,,,,,,,,1.0,,273516000,,,,,,,,
102,CTRA,MRT,1995-12-31,1995-12-31,1995-12-31,2021-10-04,0.0,528155000.0,,52348000.0,475807000.0,,0.541,-14381000.0,3029000.0,3029000.0,39543000.0,-86618000.0,0.86,2.572,249000000.0,0.0,249000000.0,249000000.0,0.0,47206000.0,0.0,0.011,0.013,-116758000.0,-69552000.0,-0.574,-69552000.0,-116758000.0,-141643000.0,-0.338,-0.338,-0.338,147856000.0,,147856000.0,,,,27110000.0,0.099,1.0,81540000.0,0.673,0.0,24885000.0,713245000.0,,5596000.0,0.0,0.0,0.0,380299000.0,60881000.0,319418000.0,,-744000.0,8402000.0,348000.0,-19363000.0,-3644000.0,-28225000.0,-14010000.0,0.0,41491000.0,0.0,-86618000.0,-92171000.0,-92171000.0,0.0,0.0,-0.761,198298000.0,-116758000.0,48122000.0,-0.038,,,-3.607,474371000.0,5553000.0,1.219,,2.752,42014000.0,-96663000.0,121083000.0,121083000.0,8031000.0,,,,-0.964,0.0,16785000.0,1.0,,273300000,273300000.0,0.443,528155000.0,0.0,-55025000.0,62752000.0,1.933,-8533000.0
103,CTRA,MRT,1994-12-31,1994-12-31,1994-12-31,2021-10-04,,,,,,,,-72284000.0,,,45473000.0,-995000.0,,,,,,,,51040000.0,,0.011,0.013,15013000.0,66053000.0,0.471,66053000.0,15013000.0,-1638000.0,,,,,,,,,,-4981000.0,-0.019,1.0,94822000.0,0.676,,16651000.0,,,,,,,,,,,876000.0,-78525000.0,654000.0,98833000.0,-3541000.0,92396000.0,-158823000.0,0.0,67303000.0,0.0,-995000.0,-5444000.0,-5444000.0,0.0,0.0,-0.039,79809000.0,15013000.0,,,,,,,4449000.0,1.198,,2.257,,,140295000.0,140295000.0,8014000.0,,,,0.107,0.0,17278000.0,1.0,,264216000,,0.531,,,-643000.0,,,
