None,ticker,dimension,calendardate,datekey,reportperiod,lastupdated,accoci,assets,assetsavg,assetsc,assetsnc,assetturnover,bvps,capex,cashneq,cashnequsd,cor,consolinc,currentratio,de,debt,debtc,debtnc,debtusd,deferredrev,depamor,deposits,divyield,dps,ebit,ebitda,ebitdamargin,ebitdausd,ebitusd,ebt,eps,epsdil,epsusd,equity,equityavg,equityusd,ev,evebit,evebitda,fcf,fcfps,fxusd,gp,grossmargin,intangibles,intexp,invcap,invcapavg,inventory,investments,investmentsc,investmentsnc,liabilities,liabilitiesc,liabilitiesnc,marketcap,ncf,ncfbus,ncfcommon,ncfdebt,ncfdiv,ncff,ncfi,ncfinv,ncfo,ncfx,netinc,netinccmn,netinccmnusd,netincdis,netincnci,netmargin,opex,opinc,payables,payoutratio,pb,pe,pe1,ppnenet,prefdivis,price,ps,ps1,receivables,retearn,revenue,revenueusd,rnd,roa,roe,roic,ros,sbcomp,sgna,sharefactor,sharesbas,shareswa,shareswadil,sps,tangibles,taxassets,taxexp,taxliabilities,tbvps,workingcapital
0,AMG,MRY,2020-12-31,2020-12-31,2020-12-31,2021-08-06,-98300000.0,7888900000.0,7634200000.0,,,0.266,59.778,-8500000.0,1039700000.0,1039700000.0,0.0,427000000.0,,1.403,2312100000.0,,,2312100000.0,0.0,19100000.0,0.0,0.003,0.35,375900000.0,395000000.0,0.195,395000000.0,375900000.0,283600000.0,4.34,4.33,4.34,2779700000.0,2865825000.0,2779700000.0,5994619700.0,16.0,15.176,1000800000.0,21.523,1.0,2027500000.0,1.0,3710200000.0,92300000.0,5451100000.0,5296200000.0,0.0,2406900000.0,,,3900100000.0,,,4613219700.0,502300000.0,-44500000.0,-335100000.0,524800000.0,-16800000.0,-455400000.0,-53700000.0,-700000.0,1009300000.0,2100000.0,202200000.0,202200000.0,202200000.0,0.0,224800000.0,0.1,1417500000.0,610000000.0,712400000.0,0.081,1.66,22.815,23.433,79600000.0,0.0,101.7,2.275,2.332,421600000.0,4005500000.0,2027500000.0,2027500000.0,0.0,0.026,0.071,0.071,0.185,119200000.0,1205100000.0,1.0,45361059.0,46500000,46700000.0,43.602,4178700000.0,0.0,81400000.0,423400000.0,89.865,
1,AMG,MRY,2019-12-31,2019-12-31,2019-12-31,2021-08-06,-108800000.0,7653500000.0,7684325000.0,,,0.291,58.168,-9600000.0,539600000.0,539600000.0,0.0,305100000.0,,1.102,1793800000.0,,,1793800000.0,0.0,21300000.0,0.0,0.015,1.28,94800000.0,116100000.0,0.052,116100000.0,94800000.0,18600000.0,0.31,0.31,0.31,2937500000.0,3093300000.0,2937500000.0,5565422754.0,59.0,47.936,919500000.0,18.208,1.0,2239600000.0,1.0,3833700000.0,76200000.0,5074000000.0,5193475000.0,0.0,2466800000.0,,,3237700000.0,,,4175322754.0,-21300000.0,-44600000.0,-356100000.0,-39300000.0,-65300000.0,-934700000.0,-24400000.0,29800000.0,929100000.0,8700000.0,15700000.0,15700000.0,15700000.0,0.0,289400000.0,0.007,1542600000.0,697000000.0,634600000.0,4.129,1.421,265.944,273.355,92300000.0,0.0,84.74,1.864,1.911,417100000.0,3819800000.0,2239600000.0,2239600000.0,0.0,0.002,0.005,0.018,0.042,90400000.0,1319800000.0,1.0,49272159.0,50500000,50600000.0,44.349,3819800000.0,0.0,2900000.0,450200000.0,75.64,
2,AMG,MRY,2018-12-31,2018-12-31,2018-12-31,2021-08-06,-109000000.0,8219100000.0,8458150000.0,,,0.281,64.504,-18700000.0,565500000.0,565500000.0,0.0,532300000.0,,0.94,1829600000.0,,,1829600000.0,0.0,22000000.0,0.0,0.012,1.2,505500000.0,527500000.0,0.222,527500000.0,505500000.0,424900000.0,4.55,4.52,4.55,3457400000.0,3597975000.0,3457400000.0,6525745914.0,13.0,12.371,1121900000.0,20.931,1.0,2378400000.0,1.0,3943300000.0,80600000.0,5539900000.0,5851425000.0,0.0,3111400000.0,,,3250500000.0,,,5132445914.0,129200000.0,-7300000.0,-496100000.0,-30600000.0,-64400000.0,-983100000.0,-18200000.0,7800000.0,1140600000.0,-10100000.0,243600000.0,243600000.0,243600000.0,0.0,288700000.0,0.102,1611400000.0,767000000.0,746600000.0,0.264,1.484,21.069,21.415,104300000.0,0.0,97.44,2.158,2.196,400600000.0,3876800000.0,2378400000.0,2378400000.0,0.0,0.029,0.068,0.086,0.213,101100000.0,1404900000.0,1.0,52672885.0,53600000,53800000.0,44.373,4275800000.0,0.0,181300000.0,511600000.0,79.772,
3,AMG,MRY,2017-12-31,2017-12-31,2017-12-31,2021-08-06,-21800000.0,8702100000.0,8656475000.0,,,0.266,68.254,-18500000.0,439500000.0,439500000.0,0.0,1008700000.0,,0.866,1854700000.0,,,1854700000.0,0.0,20300000.0,0.0,0.004,0.8,835700000.0,856000000.0,0.371,856000000.0,835700000.0,747900000.0,12.3,12.03,12.3,3822200000.0,3658650000.0,3822200000.0,12947088054.0,15.0,15.125,1151900000.0,20.57,1.0,2305000000.0,1.0,4112200000.0,87800000.0,6005100000.0,6124825000.0,0.0,3547500000.0,,,3311700000.0,,,11408188054.0,8700000.0,-30600000.0,-351300000.0,-260000000.0,-44900000.0,-1189700000.0,13800000.0,62900000.0,1170400000.0,14200000.0,689500000.0,689500000.0,689500000.0,0.0,319200000.0,0.299,1516800000.0,788200000.0,807200000.0,0.065,2.985,16.546,16.687,111000000.0,0.0,205.25,4.949,4.987,433800000.0,3698500000.0,2305000000.0,2305000000.0,0.0,0.08,0.188,0.136,0.363,90400000.0,1352100000.0,1.0,55581915.0,56000000,58600000.0,41.161,4589900000.0,0.0,58400000.0,467400000.0,81.963,
4,AMG,MRY,2016-12-31,2016-12-31,2016-12-31,2021-08-06,-122900000.0,8749100000.0,8299625000.0,,,0.264,66.782,-20200000.0,430800000.0,430800000.0,0.0,739000000.0,,1.008,2109600000.0,,,2109600000.0,0.0,19500000.0,0.0,0.0,0.0,800100000.0,819600000.0,0.373,819600000.0,800100000.0,708400000.0,8.73,8.57,8.73,3619600000.0,3147325000.0,3619600000.0,9656273015.0,12.0,11.782,1030100000.0,19.006,1.0,2194600000.0,1.0,4125500000.0,91700000.0,6302400000.0,5868600000.0,0.0,3638200000.0,,,3649100000.0,,,7964973015.0,-130900000.0,-1361300000.0,432400000.0,225000000.0,0.0,200900000.0,-1332200000.0,49300000.0,1050300000.0,-49900000.0,472800000.0,472800000.0,472800000.0,0.0,266200000.0,0.215,1503500000.0,691100000.0,729300000.0,0.0,2.201,16.846,16.644,110100000.0,0.0,145.3,3.629,3.588,383300000.0,3054400000.0,2194600000.0,2194600000.0,0.0,0.057,0.15,0.136,0.365,80400000.0,1330500000.0,1.0,54817433.0,54200000,57000000.0,40.491,4623600000.0,0.0,235600000.0,660800000.0,85.306,
5,AMG,MRY,2015-12-31,2015-12-31,2015-12-31,2021-08-06,-18100000.0,7769400000.0,7619325000.0,,,0.326,52.249,-38200000.0,563800000.0,563800000.0,0.0,827200000.0,,1.194,1879400000.0,,,1879400000.0,0.0,18800000.0,0.0,0.0,0.0,861800000.0,880600000.0,0.354,880600000.0,861800000.0,772900000.0,9.37,9.17,9.37,2837100000.0,2676625000.0,2837100000.0,9890448564.0,11.0,11.231,1175000000.0,21.639,1.0,2484500000.0,1.0,4354800000.0,88900000.0,4730200000.0,4610600000.0,0.0,2286300000.0,,,3387800000.0,,,8632948564.0,13200000.0,-297700000.0,-355900000.0,-2700000.0,0.0,-857700000.0,-324500000.0,11400000.0,1213200000.0,-17800000.0,509500000.0,509500000.0,509500000.0,0.0,317700000.0,0.205,1649500000.0,835000000.0,729400000.0,0.0,3.043,16.944,17.05,114100000.0,0.0,159.76,3.475,3.492,391200000.0,2581600000.0,2484500000.0,2484500000.0,0.0,0.067,0.19,0.187,0.347,102700000.0,1471500000.0,1.0,54036984.0,54300000,57200000.0,45.755,3414600000.0,0.0,263400000.0,565700000.0,62.884,
6,AMG,MRY,2014-12-31,2014-12-31,2014-12-31,2021-08-06,31800000.0,7698100000.0,6983350000.0,,,0.36,47.764,-19200000.0,550600000.0,550600000.0,0.0,767400000.0,,1.298,1894900000.0,,,1894900000.0,0.0,16900000.0,0.0,0.0,0.0,756600000.0,773500000.0,0.308,773500000.0,756600000.0,680000000.0,7.89,7.7,7.89,2627000000.0,2549725000.0,2627000000.0,12523832444.0,17.0,16.191,1417700000.0,25.776,1.0,2510900000.0,1.0,4431200000.0,76600000.0,4611200000.0,3785650000.0,0.0,2123300000.0,,,3409400000.0,,,11794732444.0,81000000.0,-1245000000.0,-149400000.0,740300000.0,0.0,-77600000.0,-1268100000.0,-3900000.0,1436900000.0,-10200000.0,433900000.0,433900000.0,433900000.0,0.0,333500000.0,0.173,1695700000.0,815200000.0,808300000.0,0.0,4.49,27.183,26.9,95400000.0,0.0,212.24,4.697,4.649,425900000.0,2163300000.0,2510900000.0,2510900000.0,0.0,0.062,0.17,0.2,0.301,113700000.0,1516000000.0,1.0,55572618.0,55000000,58400000.0,45.653,3266900000.0,0.0,246100000.0,491700000.0,59.398,
7,AMG,MRY,2013-12-31,2013-12-31,2013-12-31,2021-08-06,74000000.0,6318800000.0,6219425000.0,,,0.352,40.192,-24000000.0,469600000.0,469600000.0,0.0,669600000.0,,1.187,1383700000.0,,,1383700000.0,0.0,14000000.0,0.0,0.0,0.0,641900000.0,655900000.0,0.3,655900000.0,641900000.0,554600000.0,6.79,6.55,6.79,2134200000.0,2113050000.0,2134200000.0,12400551253.0,19.0,18.906,933100000.0,17.573,1.0,2188800000.0,1.0,3802400000.0,87300000.0,3430500000.0,2970450000.0,0.0,1445500000.0,,,2532300000.0,,,11490051253.0,39200000.0,-26300000.0,32500000.0,-482300000.0,0.0,-869100000.0,-50300000.0,0.0,957100000.0,1500000.0,360500000.0,360500000.0,360500000.0,0.0,309100000.0,0.165,1554700000.0,634100000.0,514700000.0,0.0,5.384,31.873,31.941,92300000.0,0.0,216.88,5.249,5.261,418400000.0,1711200000.0,2188800000.0,2188800000.0,0.0,0.058,0.171,0.216,0.293,84100000.0,1374700000.0,1.0,52978842.0,53100000,56700000.0,41.22,2516400000.0,0.0,194100000.0,456900000.0,47.39,
8,AMG,MRY,2012-12-31,2012-12-31,2012-12-31,2021-08-06,79100000.0,6187100000.0,5760625000.0,912300000.0,5274800000.0,0.313,40.313,-20000000.0,430400000.0,430400000.0,0.0,411400000.0,2.428,1.28,1630600000.0,0.0,1630600000.0,1630600000.0,0.0,14100000.0,0.0,0.0,0.0,340800000.0,354900000.0,0.197,354900000.0,340800000.0,257800000.0,3.36,3.28,3.36,2084200000.0,1933800000.0,2084200000.0,7975653902.0,23.0,22.473,613200000.0,11.861,1.0,1805500000.0,1.0,3940700000.0,83000000.0,3070800000.0,2660725000.0,0.0,1315600000.0,128900000.0,1031300000.0,2668200000.0,375800000.0,2292400000.0,6741953902.0,-19100000.0,-797400000.0,12500000.0,411400000.0,0.0,146200000.0,-802300000.0,15100000.0,633200000.0,3800000.0,174000000.0,174000000.0,174000000.0,0.0,237400000.0,0.096,1405100000.0,400400000.0,363300000.0,0.0,3.235,38.747,38.735,81500000.0,0.0,130.15,3.734,3.727,311000000.0,1350700000.0,1805500000.0,1805500000.0,0.0,0.03,0.09,0.128,0.189,69300000.0,1151600000.0,1.0,51801413.0,51700000,53000000.0,34.923,2246400000.0,0.0,83800000.0,497100000.0,43.451,536500000.0
9,AMG,MRY,2011-12-31,2011-12-31,2011-12-31,2021-08-06,50000000.0,5218900000.0,5233750000.0,876400000.0,4342500000.0,0.326,36.023,-16100000.0,449500000.0,449500000.0,0.0,359600000.0,2.099,1.215,1198200000.0,0.0,1198200000.0,1198200000.0,0.0,15000000.0,0.0,0.0,0.0,331800000.0,346800000.0,0.203,346800000.0,331800000.0,258000000.0,3.18,3.11,3.18,1866000000.0,1816650000.0,1866000000.0,5769349762.0,17.0,16.636,692400000.0,13.367,1.0,1704800000.0,1.0,3438400000.0,73800000.0,2111600000.0,2230800000.0,0.0,716200000.0,100400000.0,615800000.0,2267500000.0,417600000.0,1849900000.0,4938549762.0,136200000.0,-13300000.0,-33000000.0,-282500000.0,0.0,-503800000.0,-67700000.0,-38300000.0,708500000.0,-800000.0,164900000.0,164900000.0,164900000.0,0.0,194700000.0,0.097,1218700000.0,486100000.0,417600000.0,0.0,2.647,29.949,30.173,69100000.0,0.0,95.95,2.897,2.915,249400000.0,1176700000.0,1704800000.0,1704800000.0,0.0,0.032,0.091,0.149,0.195,52400000.0,1069600000.0,1.0,51470034.0,51800000,53000000.0,32.911,1780500000.0,0.0,93100000.0,506000000.0,34.373,458800000.0
10,AMG,MRY,2010-12-31,2010-12-31,2010-12-31,2021-08-06,100500000.0,5279800000.0,4758766500.0,770900000.0,4508900000.0,0.285,37.975,-8800000.0,313300000.0,313300000.0,0.0,287300000.0,1.892,1.388,1392000000.0,0.0,1392000000.0,1392000000.0,0.0,14100000.0,0.0,0.0,0.0,296300000.0,310400000.0,0.229,310400000.0,296300000.0,230100000.0,2.92,2.81,2.92,1800000000.0,1535147500.0,1800000000.0,6160713774.0,21.0,19.848,471900000.0,9.956,1.0,1358200000.0,1.0,3542500000.0,66200000.0,2408600000.0,2342064000.0,0.0,794900000.0,116000000.0,678900000.0,2498200000.0,407400000.0,2090800000.0,5116956774.0,53800000.0,-916100000.0,46400000.0,431200000.0,0.0,545000000.0,-973800000.0,-48900000.0,480700000.0,1900000.0,138600000.0,138600000.0,138600000.0,0.0,148700000.0,0.102,984200000.0,374000000.0,407400000.0,0.0,2.843,36.919,33.979,67700000.0,0.0,99.22,3.767,3.463,278400000.0,1011800000.0,1358200000.0,1358200000.0,0.0,0.029,0.09,0.127,0.218,24000000.0,879100000.0,1.0,51571828.0,47400000,49400000.0,28.654,1737300000.0,0.0,91500000.0,495400000.0,36.652,363500000.0
11,AMG,MRY,2009-12-31,2009-12-31,2009-12-31,2021-08-06,45958000.0,3390906000.0,3196253000.0,585582000.0,2805324000.0,0.263,26.804,-2600000.0,259487000.0,259487000.0,0.0,212900000.0,2.578,1.388,964334000.0,0.0,964334000.0,964334000.0,0.0,12700000.0,0.0,0.0,0.0,156900000.0,169600000.0,0.201,169600000.0,156900000.0,92300000.0,1.44,1.38,1.44,1109690000.0,1101531250.0,1109690000.0,3567949538.0,23.0,21.037,240600000.0,5.812,1.0,841800000.0,1.0,1984790000.0,64600000.0,1883848000.0,1881500250.0,0.0,808831000.0,150499000.0,658332000.0,1540186000.0,227115000.0,1313071000.0,2832327538.0,-136900000.0,-139300000.0,37100000.0,-230300000.0,0.0,-202200000.0,-181500000.0,-39600000.0,243200000.0,3600000.0,59500000.0,59500000.0,59500000.0,0.0,153400000.0,0.071,601900000.0,239900000.0,227115000.0,0.0,2.552,47.602,46.771,62402000.0,0.0,67.35,3.365,3.312,140118000.0,873137000.0,841800000.0,841800000.0,0.0,0.019,0.054,0.083,0.186,12900000.0,529400000.0,1.0,42053861.0,41400000,43300000.0,20.333,1406116000.0,0.0,32800000.0,322671000.0,33.964,358467000.0
12,AMG,MRY,2008-12-31,2008-12-31,2008-12-31,2021-08-06,-4081000.0,3212700000.0,3343407000.0,630686000.0,2582014000.0,0.346,24.202,-9554000.0,396431000.0,396431000.0,0.0,131899000.0,3.004,1.886,1184083000.0,0.0,1184083000.0,1184083000.0,0.0,12767000.0,0.0,0.0,0.0,91776000.0,104543000.0,0.09,104543000.0,91776000.0,18419000.0,-0.03,-0.03,-0.03,924801000.0,1103888000.0,924801000.0,2965042048.0,32.0,28.362,498411000.0,13.044,1.0,1158217000.0,1.0,1734991000.0,73357000.0,2055380000.0,2582562000.0,0.0,758075000.0,79188000.0,678887000.0,1743969000.0,209981000.0,1533988000.0,1721934048.0,173477000.0,-75602000.0,173324000.0,-53301000.0,0.0,-238340000.0,-93613000.0,-8457000.0,507965000.0,-2535000.0,-1325000.0,-1325000.0,-1325000.0,0.0,133224000.0,-0.001,791497000.0,366720000.0,209981000.0,0.0,1.862,-1299.573,-1397.333,71845000.0,0.0,41.92,1.487,1.383,131099000.0,813664000.0,1158217000.0,1158217000.0,0.0,0.0,-0.001,0.036,0.079,56735000.0,718365000.0,1.0,41076671.0,38211326,38211326.0,30.311,1477709000.0,0.0,19744000.0,319491000.0,38.672,420705000.0
13,AMG,MRY,2007-12-31,2007-12-31,2007-12-31,2021-08-06,64737000.0,3395705000.0,2849615750.0,649757000.0,2745948000.0,0.481,15.924,-16821000.0,222954000.0,222954000.0,0.0,456575000.0,2.054,5.551,2124980000.0,0.0,2124980000.0,2124980000.0,0.0,10444000.0,0.0,0.0,0.0,364625000.0,375069000.0,0.274,375069000.0,364625000.0,280159000.0,5.99,4.51,5.99,469202000.0,554073750.0,469202000.0,4766746246.0,13.0,12.709,492582000.0,16.718,1.0,1369866000.0,1.0,1726989000.0,84466000.0,3254390000.0,2407286750.0,0.0,998384000.0,155894000.0,842490000.0,2604473000.0,316352000.0,2288121000.0,3512527246.0,21225000.0,-488450000.0,-382673000.0,651458000.0,0.0,21566000.0,-512522000.0,-7251000.0,509403000.0,2778000.0,176499000.0,176499000.0,176499000.0,0.0,280076000.0,0.129,839372000.0,530494000.0,316352000.0,0.0,7.486,19.901,19.609,69879000.0,0.0,117.46,2.564,2.526,237636000.0,836426000.0,1369866000.0,1369866000.0,0.0,0.062,0.319,0.151,0.266,14819000.0,778453000.0,1.0,29904029.0,29464764,42398686.0,46.492,1668716000.0,0.0,103660000.0,257022000.0,56.634,333405000.0
14,AMG,MRY,2006-12-31,2006-12-31,2006-12-31,2021-08-06,14666000.0,2665920000.0,2512398250.0,554279000.0,2111641000.0,0.466,15.955,-21510000.0,201729000.0,201729000.0,0.0,151277000.0,1.926,3.799,1482954000.0,0.0,1482954000.0,1482954000.0,0.0,8763000.0,0.0,0.0,0.0,296687000.0,305450000.0,0.261,305450000.0,296687000.0,237887000.0,4.83,3.7,4.83,499222000.0,598596250.0,499222000.0,4347743247.0,15.0,14.234,279493000.0,8.933,1.0,1170353000.0,1.0,1679293000.0,58800000.0,1980039000.0,1874645250.0,0.0,417306000.0,123866000.0,293440000.0,1896464000.0,287813000.0,1608651000.0,3172279247.0,61306000.0,-123262000.0,-483713000.0,416563000.0,0.0,-75082000.0,-165079000.0,-20307000.0,301003000.0,464000.0,151277000.0,151277000.0,151277000.0,0.0,0.0,0.129,716440000.0,453913000.0,287813000.0,0.0,6.354,20.97,21.766,63984000.0,0.0,105.13,2.711,2.811,201385000.0,654465000.0,1170353000.0,1170353000.0,0.0,0.06,0.253,0.158,0.254,7136000.0,656419000.0,1.0,30174824.0,31289005,43669991.0,37.405,986627000.0,0.0,86610000.0,218584000.0,31.533,266466000.0
15,AMG,MRY,2005-12-31,2005-12-31,2005-12-31,2021-08-06,16756000.0,2321636000.0,2121132000.0,335369000.0,1986267000.0,0.432,24.278,-14523000.0,140423000.0,140423000.0,0.0,119069000.0,1.307,1.663,965482000.0,65750000.0,899732000.0,965482000.0,0.0,7029000.0,0.0,0.0,0.0,227078000.0,234107000.0,0.255,234107000.0,227078000.0,189652000.0,3.54,2.81,3.54,817381000.0,782629750.0,817381000.0,3566298804.0,16.0,15.234,189555000.0,5.63,1.0,916492000.0,1.0,1576941000.0,37426000.0,1313166000.0,1260742500.0,0.0,312457000.0,10981000.0,301476000.0,1359092000.0,256588000.0,1102504000.0,2724366804.0,146000.0,-85175000.0,-204236000.0,98637000.0,0.0,-122267000.0,-82029000.0,17669000.0,204078000.0,364000.0,119069000.0,119069000.0,119069000.0,0.0,0.0,0.13,581437000.0,335055000.0,190838000.0,0.0,3.333,22.881,22.669,50592000.0,0.0,80.25,2.973,2.948,148850000.0,503188000.0,916492000.0,916492000.0,0.0,0.056,0.152,0.18,0.248,13942000.0,528038000.0,1.0,33948496.0,33667542,44689655.0,27.222,744695000.0,0.0,70583000.0,182623000.0,22.119,78781000.0
16,AMG,MRY,2004-12-31,2004-12-31,2004-12-31,2021-08-06,1537000.0,1933421000.0,1739068250.0,277732000.0,1655689000.0,0.38,23.594,-6977000.0,140277000.0,140277000.0,0.0,77147000.0,2.103,1.609,850708000.0,0.0,850708000.0,850708000.0,0.0,6369000.0,0.0,0.0,0.0,160818000.0,167187000.0,0.253,167187000.0,160818000.0,129093000.0,2.57,2.02,2.57,707692000.0,515975250.0,707692000.0,2553451246.0,16.0,15.273,170909000.0,5.698,1.0,659997000.0,1.0,1328976000.0,31725000.0,1182798000.0,1035962500.0,0.0,273770000.0,21173000.0,252597000.0,1138351000.0,132078000.0,1006273000.0,2008460246.0,-84005000.0,-474104000.0,15812000.0,212231000.0,0.0,215243000.0,-478266000.0,2875000.0,177886000.0,1132000.0,77147000.0,77147000.0,77147000.0,0.0,0.0,0.117,392115000.0,267882000.0,132078000.0,0.0,2.838,26.034,26.358,40953000.0,0.0,67.74,3.043,3.079,91487000.0,384119000.0,659997000.0,659997000.0,0.0,0.044,0.15,0.155,0.244,8027000.0,350699000.0,1.0,29649546.0,29994560,39644676.0,22.004,604445000.0,0.0,51946000.0,124168000.0,20.152,145654000.0
17,AMG,MRY,2003-12-31,2003-12-31,2003-12-31,2021-08-06,944000.0,1519205000.0,1452007500.0,339483000.0,1179722000.0,0.341,19.291,-23889000.0,224282000.0,224282000.0,0.0,60528000.0,3.346,1.405,653340000.0,0.0,653340000.0,653340000.0,0.0,6231000.0,0.0,0.0,0.0,124808000.0,131039000.0,0.265,131039000.0,124808000.0,101832000.0,1.9,1.57,1.9,614769000.0,583010000.0,614769000.0,1918199480.0,15.0,14.638,92626000.0,2.907,1.0,495029000.0,1.0,1116036000.0,22976000.0,730776000.0,710626250.0,0.0,29052000.0,29052000.0,0.0,863642000.0,101451000.0,762191000.0,1484176480.0,196574000.0,-19052000.0,-22313000.0,183860000.0,0.0,153697000.0,-73882000.0,-30927000.0,116515000.0,244000.0,60528000.0,60528000.0,60528000.0,0.0,0.0,0.122,297514000.0,197515000.0,101451000.0,0.0,2.414,24.52,24.418,36886000.0,0.0,46.393,2.998,2.987,65288000.0,306972000.0,495029000.0,495029000.0,0.0,0.042,0.104,0.176,0.252,3039000.0,259051000.0,1.0,31991158.0,31867989,40113040.0,15.534,403169000.0,0.0,41304000.0,92707000.0,12.651,238032000.0
18,AMG,MRY,2002-12-31,2002-12-31,2002-12-31,2021-08-06,-244000.0,1242994000.0,1244698250.0,89515000.0,1153479000.0,0.388,17.314,-6151000.0,27708000.0,27708000.0,0.0,55942000.0,0.955,1.12,471371000.0,12348000.0,459023000.0,471371000.0,0.0,5847000.0,0.0,0.0,0.0,118455000.0,124302000.0,0.258,124302000.0,118455000.0,93238000.0,1.69,1.52,1.69,571861000.0,564794250.0,571861000.0,1550111356.0,13.0,12.471,121149000.0,3.668,1.0,482536000.0,1.0,1113064000.0,25217000.0,479841000.0,517807250.0,0.0,0.0,0.0,0.0,640635000.0,93752000.0,546883000.0,1094252356.0,-45719000.0,-136499000.0,-26979000.0,-2113000.0,0.0,-34152000.0,-138917000.0,3946000.0,127300000.0,50000.0,55942000.0,55942000.0,55942000.0,0.0,0.0,0.116,286708000.0,195828000.0,81404000.0,0.0,1.913,19.56,19.842,19228000.0,0.0,33.533,2.268,2.295,50798000.0,246444000.0,482536000.0,482536000.0,0.0,0.045,0.099,0.229,0.245,1446000.0,250362000.0,1.0,32631780.0,33029223,38240591.0,14.609,129930000.0,0.0,37296000.0,61658000.0,3.934,-4237000.0
19,AMG,MRY,2001-12-31,2001-12-31,2001-12-31,2021-08-06,-846000.0,1160321000.0,949371250.0,140039000.0,1020282000.0,0.43,16.363,-7230000.0,73427000.0,73427000.0,0.0,49989000.0,0.438,1.071,452894000.0,252894000.0,200000000.0,452894000.0,0.0,5669000.0,0.0,0.0,0.0,98042000.0,103711000.0,0.254,103711000.0,98042000.0,83314000.0,1.507,1.467,1.507,543340000.0,526739750.0,543340000.0,1636900957.0,17.0,15.783,89695000.0,2.701,1.0,408210000.0,1.0,974956000.0,14728000.0,244802000.0,266186500.0,0.0,1732000.0,0.0,1732000.0,581906000.0,320030000.0,261876000.0,1564361957.0,41815000.0,-335968000.0,17000.0,288499000.0,0.0,288516000.0,-343674000.0,670000.0,96925000.0,48000.0,49989000.0,49989000.0,49989000.0,0.0,0.0,0.122,253923000.0,154287000.0,67136000.0,0.0,2.879,31.294,31.179,17802000.0,0.0,46.987,3.832,3.822,57148000.0,190502000.0,408210000.0,408210000.0,0.0,0.053,0.095,0.368,0.24,2152000.0,208679000.0,1.0,33293742.0,33204615,34098194.0,12.294,185365000.0,0.0,33325000.0,38081000.0,5.583,-179991000.0
20,AMG,MRY,2000-12-31,2000-12-31,2000-12-31,2021-08-06,-342000.0,793730000.0,812487500.0,113186000.0,680544000.0,0.565,14.761,-6235000.0,31612000.0,31612000.0,0.0,56656000.0,1.304,0.553,151000000.0,0.0,151000000.0,151000000.0,0.0,4611000.0,0.0,0.0,0.0,111358000.0,115969000.0,0.253,115969000.0,111358000.0,95608000.0,1.693,1.66,1.693,493910000.0,480446500.0,493910000.0,1353205493.0,12.0,11.669,147476000.0,4.407,1.0,458708000.0,1.0,643470000.0,15750000.0,182848000.0,240302250.0,0.0,1816000.0,0.0,1816000.0,273143000.0,86800000.0,186343000.0,1220376493.0,-22267000.0,-104438000.0,-40446000.0,-23515000.0,0.0,-63961000.0,-111730000.0,-358000.0,153711000.0,-287000.0,56656000.0,56656000.0,56656000.0,0.0,0.0,0.124,284273000.0,174435000.0,86800000.0,0.0,2.471,21.54,21.611,15346000.0,0.0,36.587,2.66,2.669,66126000.0,140513000.0,458708000.0,458708000.0,0.0,0.07,0.118,0.463,0.243,0.0,242926000.0,1.0,33355772.0,33461214,34122892.0,13.709,150260000.0,0.0,38952000.0,31907000.0,4.491,26386000.0
21,AMG,MRY,1999-12-31,1999-12-31,1999-12-31,2021-08-06,-55000.0,909073000.0,736463000.0,299967000.0,609106000.0,0.704,14.367,-6050000.0,53879000.0,53879000.0,0.0,72188000.0,1.761,0.779,175300000.0,0.0,175300000.0,175300000.0,0.0,3901000.0,0.0,0.0,0.0,140671000.0,144572000.0,0.279,144572000.0,140671000.0,128907000.0,2.167,2.12,2.167,477986000.0,443872250.0,477986000.0,1056285817.0,8.0,7.306,83069000.0,2.497,1.0,518726000.0,1.0,571881000.0,11764000.0,288314000.0,217737750.0,0.0,1563000.0,0.0,1563000.0,372291000.0,170299000.0,201992000.0,933514817.0,30144000.0,-103500000.0,92214000.0,-38000000.0,0.0,54035000.0,-112939000.0,-2903000.0,89119000.0,-71000.0,72188000.0,72188000.0,72188000.0,0.0,0.0,0.139,306067000.0,212659000.0,170299000.0,0.0,1.953,12.932,12.441,12321000.0,0.0,26.96,1.8,1.729,239383000.0,83857000.0,518726000.0,518726000.0,0.0,0.098,0.163,0.646,0.271,0.0,271031000.0,1.0,34625920.0,33270168,34039524.0,15.591,337192000.0,0.0,56719000.0,25346000.0,10.135,129668000.0
22,AMG,MRY,1998-12-31,1998-12-31,1998-12-31,2021-08-06,16000.0,605334000.0,572531500.0,95811000.0,509523000.0,0.417,11.892,-4313000.0,23735000.0,23735000.0,0.0,25551000.0,1.483,0.853,213300000.0,22000000.0,191300000.0,213300000.0,0.0,2707000.0,0.0,0.0,0.0,56188000.0,58895000.0,0.247,58895000.0,56188000.0,42585000.0,0.967,0.887,0.967,313655000.0,303862500.0,313655000.0,695067716.0,12.0,11.802,41111000.0,1.559,1.0,238494000.0,1.0,490949000.0,13603000.0,239333000.0,248124250.0,0.0,3040000.0,0.0,3040000.0,267531000.0,64617000.0,202914000.0,523844716.0,969000.0,-66577000.0,-2674000.0,30837000.0,0.0,28163000.0,-72665000.0,-1025000.0,45424000.0,47000.0,25551000.0,25551000.0,25551000.0,0.0,0.0,0.107,145714000.0,92780000.0,42617000.0,0.0,1.67,20.502,20.6,8001000.0,0.0,19.92,2.196,2.203,66939000.0,11669000.0,238494000.0,238494000.0,0.0,0.045,0.084,0.226,0.236,0.0,119312000.0,1.0,26297426.0,26374350,28834246.0,9.043,114385000.0,0.0,17034000.0,10410000.0,4.337,31194000.0
23,AMG,MRY,1997-12-31,1997-12-31,1997-12-31,2021-08-06,-30000.0,456990000.0,279162500.0,52058000.0,404932000.0,0.341,76.259,-1648000.0,22766000.0,22766000.0,0.0,-8368000.0,2.767,0.696,160300000.0,0.0,160300000.0,160300000.0,0.0,1915000.0,0.0,0.0,0.0,1475000.0,3390000.0,0.036,3390000.0,1475000.0,-7004000.0,-2.46,-0.68,-2.46,259740000.0,148364500.0,259740000.0,,,,14557000.0,4.274,1.0,95287000.0,1.0,392573000.0,8479000.0,183136000.0,111710000.0,0.0,1237000.0,0.0,1237000.0,180771000.0,18815000.0,161956000.0,513404893.0,15999000.0,-325896000.0,217021000.0,108891000.0,0.0,327112000.0,-327275000.0,229000.0,16205000.0,-43000.0,-8368000.0,-8368000.0,-8368000.0,0.0,0.0,-0.088,72726000.0,22561000.0,18815000.0,0.0,1.977,-61.353,-7.859,4724000.0,0.0,19.333,5.388,0.691,27061000.0,-13882000.0,95287000.0,95287000.0,0.0,-0.03,-0.056,0.013,0.015,0.0,60531000.0,1.0,26555426.0,3406026,12353294.0,27.976,64417000.0,0.0,1364000.0,0.0,18.913,33243000.0
24,AMG,MRY,1996-12-31,1996-12-31,1996-12-31,2021-08-06,22000.0,101335000.0,,23064000.0,78271000.0,,57.094,-922000.0,6767000.0,6767000.0,0.0,-2372000.0,0.978,1.645,40779000.0,7379000.0,33400000.0,40779000.0,0.0,932000.0,0.0,,0.0,556000.0,1488000.0,0.03,1488000.0,556000.0,-2191000.0,-3.66,-3.66,-3.66,36989000.0,,36989000.0,,,,5263000.0,8.124,1.0,50384000.0,1.0,71472000.0,2747000.0,40284000.0,,0.0,1032000.0,0.0,1032000.0,60856000.0,23591000.0,37265000.0,,-7329000.0,-25566000.0,2472000.0,13178000.0,0.0,15650000.0,-29210000.0,917000.0,6185000.0,46000.0,-2372000.0,-2372000.0,-2372000.0,0.0,0.0,-0.047,43213000.0,7171000.0,16212000.0,0.0,,,,2999000.0,0.0,,,,15491000.0,-5514000.0,50384000.0,50384000.0,0.0,,,,0.011,0.0,31967000.0,1.0,,647862,647862.0,77.77,29863000.0,0.0,181000.0,0.0,46.095,-527000.0
25,AMG,MRY,1995-12-31,1995-12-31,1995-12-31,2021-08-06,,,,,,,,-287000.0,,,0.0,-2936000.0,,,,,,,,133000.0,,,0.0,-986000.0,-853000.0,-0.06,-853000.0,-986000.0,-2230000.0,-1.967,-1.967,-1.967,,,,,,,1005000.0,0.673,1.0,14182000.0,1.0,,1244000.0,,,,,,,,,,,9925000.0,-37710000.0,20000000.0,16414000.0,0.0,46414000.0,-37781000.0,0.0,1292000.0,0.0,-2936000.0,-2936000.0,-2936000.0,0.0,0.0,-0.207,12892000.0,1290000.0,,0.0,,,,,0.0,,,,,,14182000.0,14182000.0,0.0,,,,-0.07,0.0,8255000.0,1.0,,1494216,1494216.0,9.491,,,706000.0,,,
0,AMG,MRQ,2021-06-30,2021-06-30,2021-06-30,2021-08-06,-64800000.0,8021700000.0,,,,,62.731,-1400000.0,777900000.0,777900000.0,0.0,184200000.0,,1.574,2299300000.0,,,2299300000.0,0.0,4100000.0,0.0,0.0,0.01,206700000.0,210800000.0,0.36,210800000.0,206700000.0,179900000.0,2.62,2.55,2.62,2609600000.0,,2609600000.0,7957689955.0,11.0,10.394,360600000.0,8.668,1.0,586300000.0,1.0,3706500000.0,26800000.0,5836600000.0,,0.0,2494000000.0,,,4108100000.0,,,6420789955.0,15600000.0,-133000000.0,-82100000.0,-7800000.0,-400000.0,-201100000.0,-146600000.0,-12200000.0,362000000.0,1300000.0,109000000.0,109000000.0,109000000.0,0.0,75200000.0,0.186,363100000.0,223200000.0,843500000.0,0.004,2.46,14.393,15.133,75800000.0,0.0,154.21,2.926,2.923,711800000.0,4263400000.0,586300000.0,586300000.0,0.0,,,,,23100000.0,337500000.0,1.0,41636664.0,41600000,44600000.0,14.094,4315200000.0,0.0,70900000.0,497100000.0,103.731,
1,AMG,MRQ,2021-03-31,2021-03-31,2021-03-31,2021-08-06,-73800000.0,7680600000.0,,,,,62.235,-700000.0,766200000.0,766200000.0,0.0,214100000.0,,1.419,2303100000.0,,,2303100000.0,0.0,4300000.0,0.0,0.0,0.01,227900000.0,232200000.0,0.415,232200000.0,227900000.0,200400000.0,3.52,3.41,3.52,2651200000.0,,2651200000.0,7624401369.0,13.0,12.375,188200000.0,4.418,1.0,559100000.0,1.0,3710500000.0,27500000.0,5507000000.0,,0.0,2401000000.0,,,3762700000.0,,,6352001369.0,-273500000.0,-11800000.0,-312800000.0,-15000000.0,-500000.0,-440900000.0,-24100000.0,-11600000.0,188900000.0,2600000.0,149900000.0,149900000.0,149900000.0,0.0,64200000.0,0.268,351000000.0,208100000.0,543500000.0,0.003,2.396,17.27,18.13,76100000.0,0.0,149.03,3.055,3.053,509300000.0,4154900000.0,559100000.0,559100000.0,0.0,,,,,34900000.0,325700000.0,1.0,42622300.0,42600000,45400000.0,13.124,3970100000.0,0.0,50500000.0,432900000.0,93.195,
2,AMG,MRQ,2020-12-31,2020-12-31,2020-12-31,2021-08-06,-98300000.0,7888900000.0,,,,,62.186,-1700000.0,1039700000.0,1039700000.0,0.0,195800000.0,,1.403,2312100000.0,,,2312100000.0,0.0,4400000.0,0.0,0.003,0.01,181000000.0,185400000.0,0.334,185400000.0,181000000.0,154300000.0,2.51,2.5,2.51,2779700000.0,,2779700000.0,5994619700.0,16.0,15.176,380800000.0,8.519,1.0,554300000.0,1.0,3710200000.0,26700000.0,5451100000.0,,0.0,2406900000.0,,,3900100000.0,,,4613219700.0,110300000.0,-42100000.0,-122100000.0,0.0,-500000.0,-233900000.0,-45700000.0,-1900000.0,382500000.0,7400000.0,115900000.0,115900000.0,115900000.0,0.0,79900000.0,0.209,360000000.0,194300000.0,712400000.0,0.004,1.66,22.815,23.433,79600000.0,0.0,101.7,2.275,2.332,421600000.0,4005500000.0,554300000.0,554300000.0,0.0,,,,,36500000.0,330300000.0,1.0,45361059.0,44700000,45200000.0,12.4,4178700000.0,0.0,38400000.0,423400000.0,93.483,
3,AMG,MRQ,2020-09-30,2020-09-30,2020-09-30,2021-08-06,-154900000.0,7669500000.0,,,,,61.531,-2300000.0,929400000.0,929400000.0,0.0,127800000.0,,1.295,2310800000.0,,,2310800000.0,0.0,4600000.0,0.0,0.01,0.01,132600000.0,137200000.0,0.277,137200000.0,132600000.0,108800000.0,1.54,1.53,1.54,2848900000.0,,2848900000.0,4544499816.0,19.0,17.885,249100000.0,5.38,1.0,494800000.0,1.0,3674000000.0,23800000.0,5376900000.0,,0.0,2266400000.0,,,3689100000.0,,,3183299816.0,250000000.0,0.0,-99700000.0,275000000.0,-500000.0,4800000.0,-11100000.0,-8800000.0,251400000.0,4900000.0,71300000.0,71300000.0,71300000.0,0.0,56500000.0,0.144,335400000.0,159400000.0,514800000.0,0.006,1.117,29.231,29.73,81600000.0,0.0,68.38,1.569,1.561,404800000.0,3890100000.0,494800000.0,494800000.0,0.0,,,,,25200000.0,286600000.0,1.0,46553083.0,46300000,46500000.0,10.687,3995500000.0,0.0,37500000.0,400400000.0,86.296,
4,AMG,MRQ,2020-06-30,2020-06-30,2020-06-30,2021-08-06,-170400000.0,7496100000.0,,,,,60.481,-1900000.0,681600000.0,681600000.0,0.0,63500000.0,,1.216,2042800000.0,,,2042800000.0,0.0,5000000.0,0.0,0.013,0.01,56300000.0,61300000.0,0.13,61300000.0,56300000.0,34000000.0,0.65,0.65,0.65,2854700000.0,,2854700000.0,4974799354.0,21.0,19.185,287900000.0,6.1,1.0,471100000.0,1.0,3679900000.0,22300000.0,5177400000.0,,0.0,2256400000.0,,,3472100000.0,,,3522099354.0,89400000.0,-1700000.0,-33100000.0,-200000.0,-500000.0,-188600000.0,-12800000.0,-9200000.0,289800000.0,1000000.0,30700000.0,30700000.0,30700000.0,0.0,32800000.0,0.065,387300000.0,83800000.0,572500000.0,0.015,1.234,28.427,30.186,85800000.0,0.0,74.56,1.691,1.69,497100000.0,3819300000.0,471100000.0,471100000.0,0.0,,,,,32700000.0,290100000.0,1.0,47238457.0,47200000,47300000.0,9.981,3816200000.0,0.0,3300000.0,388300000.0,80.852,
5,AMG,MRQ,2020-03-31,2020-03-31,2020-03-31,2021-08-06,-146500000.0,7482300000.0,,,,,62.343,-2600000.0,592200000.0,592200000.0,0.0,40000000.0,,1.138,2044900000.0,,,2044900000.0,0.0,5100000.0,0.0,0.022,0.32,6100000.0,11200000.0,0.022,11200000.0,6100000.0,-13400000.0,-0.33,-0.33,-0.33,2980000000.0,,2980000000.0,4085099622.0,12.0,11.146,83000000.0,1.736,1.0,507300000.0,1.0,3755600000.0,19500000.0,5179400000.0,,0.0,2316200000.0,,,3391600000.0,,,2830899622.0,52600000.0,-700000.0,-80200000.0,250000000.0,-15300000.0,-37700000.0,15900000.0,19200000.0,85600000.0,-11200000.0,-15600000.0,-15600000.0,-15600000.0,0.0,55600000.0,-0.031,334800000.0,172500000.0,414000000.0,-0.97,0.95,14.091,15.048,88900000.0,0.0,59.14,1.285,1.283,437300000.0,3789100000.0,507300000.0,507300000.0,0.0,,,,,24800000.0,298100000.0,1.0,47867765.0,47800000,47800000.0,10.613,3726700000.0,0.0,2200000.0,393400000.0,77.964,
6,AMG,MRQ,2019-12-31,2019-12-31,2019-12-31,2021-08-06,-108800000.0,7653500000.0,,,,,60.318,-3200000.0,539600000.0,539600000.0,0.0,95800000.0,,1.102,1793800000.0,,,1793800000.0,0.0,4600000.0,0.0,0.015,0.32,39800000.0,44400000.0,0.08,44400000.0,39800000.0,21000000.0,0.44,0.44,0.44,2937500000.0,,2937500000.0,5565422754.0,59.0,47.936,309300000.0,6.351,1.0,555600000.0,1.0,3833700000.0,18800000.0,5074000000.0,,0.0,2466800000.0,,,3237700000.0,,,4175322754.0,139100000.0,88900000.0,-132700000.0,0.0,-15700000.0,-300500000.0,115500000.0,29800000.0,312500000.0,11600000.0,22500000.0,22500000.0,22500000.0,0.0,73300000.0,0.04,426200000.0,129400000.0,634600000.0,0.727,1.421,265.944,273.355,92300000.0,0.0,84.74,1.864,1.911,417100000.0,3819800000.0,555600000.0,555600000.0,0.0,,,,,27500000.0,328300000.0,1.0,49272159.0,48700000,49100000.0,11.409,3819800000.0,0.0,-1500000.0,450200000.0,78.435,
7,AMG,MRQ,2019-09-30,2019-09-30,2019-09-30,2021-08-06,-125000000.0,7679000000.0,,,,,60.913,-100000.0,402500000.0,402500000.0,0.0,162100000.0,,1.042,1792600000.0,,,1792600000.0,0.0,6100000.0,0.0,0.015,0.32,136300000.0,142400000.0,0.259,142400000.0,136300000.0,116800000.0,1.71,1.71,1.71,3070000000.0,,3070000000.0,5652206826.0,-131.0,-270.441,307300000.0,6.097,1.0,549000000.0,1.0,3852400000.0,19500000.0,5216700000.0,,0.0,2595500000.0,,,3198700000.0,,,4220806826.0,42500000.0,-102500000.0,-81600000.0,0.0,-16200000.0,-163800000.0,-96900000.0,5700000.0,307400000.0,-4200000.0,86300000.0,86300000.0,86300000.0,0.0,75800000.0,0.157,353900000.0,195100000.0,648000000.0,0.187,1.375,-26.697,-29.557,92900000.0,0.0,83.35,1.877,1.868,485100000.0,3813600000.0,549000000.0,549000000.0,0.0,,,,,20900000.0,313500000.0,1.0,50639554.0,50400000,50400000.0,10.893,3826600000.0,0.0,30500000.0,411600000.0,75.925,
8,AMG,MRQ,2019-06-30,2019-06-30,2019-06-30,2021-08-06,-95100000.0,7727800000.0,,,,,63.241,-3300000.0,360000000.0,360000000.0,0.0,180200000.0,,0.984,1791400000.0,,,1791400000.0,0.0,5400000.0,0.0,0.013,0.32,163100000.0,168500000.0,0.285,168500000.0,163100000.0,143400000.0,2.11,2.11,2.11,3225300000.0,,3225300000.0,6193007556.0,455.0,176.943,323800000.0,6.349,1.0,591900000.0,1.0,3896600000.0,19700000.0,5262600000.0,,0.0,2573800000.0,,,3174800000.0,,,4717507556.0,54800000.0,-25700000.0,-70800000.0,9400000.0,-16400000.0,-226700000.0,-42900000.0,-13900000.0,327100000.0,-2700000.0,107700000.0,107700000.0,107700000.0,0.0,72500000.0,0.182,392900000.0,199000000.0,607100000.0,0.152,1.463,-39.477,-42.266,99800000.0,0.0,92.14,2.05,2.042,528700000.0,3743700000.0,591900000.0,591900000.0,0.0,,,,,22500000.0,354200000.0,1.0,51199344.0,51000000,51000000.0,11.606,3831200000.0,0.0,35700000.0,421700000.0,75.122,
9,AMG,MRQ,2019-03-31,2019-03-31,2019-03-31,2021-08-06,-106900000.0,7677000000.0,,,,,60.509,-3000000.0,305200000.0,305200000.0,0.0,-133000000.0,,1.007,1780700000.0,,,1780700000.0,0.0,5200000.0,0.0,0.011,0.32,-244400000.0,-239200000.0,-0.44,-239200000.0,-244400000.0,-262600000.0,-3.87,-3.87,-3.87,3140400000.0,,3140400000.0,6839036793.0,297.0,152.999,-20900000.0,-0.403,1.0,543100000.0,1.0,3931900000.0,18200000.0,5220600000.0,,0.0,2562400000.0,,,3161900000.0,,,5574936793.0,-257700000.0,-5300000.0,-71000000.0,-48700000.0,-17000000.0,-243700000.0,-100000.0,8200000.0,-17900000.0,4000000.0,-200800000.0,-200800000.0,-200800000.0,0.0,67800000.0,-0.37,369600000.0,173500000.0,576500000.0,-0.083,1.775,-50.589,-50.524,102300000.0,0.0,107.11,2.414,2.408,535500000.0,3652600000.0,543100000.0,543100000.0,0.0,,,,,19500000.0,323800000.0,1.0,52048705.0,51900000,51900000.0,10.464,3745100000.0,0.0,-61800000.0,418500000.0,72.16,
10,AMG,MRQ,2018-12-31,2018-12-31,2018-12-31,2021-08-06,-109000000.0,8219100000.0,,,,,65.605,-5200000.0,565500000.0,565500000.0,0.0,-98800000.0,,0.94,1829600000.0,,,1829600000.0,0.0,5500000.0,0.0,0.012,0.3,-98100000.0,-92600000.0,-0.164,-92600000.0,-98100000.0,-116100000.0,-2.77,-2.75,-2.77,3457400000.0,,3457400000.0,6525745914.0,13.0,12.371,259200000.0,4.918,1.0,564500000.0,1.0,3943300000.0,18000000.0,5539900000.0,,0.0,3111400000.0,,,3250500000.0,,,5132445914.0,120600000.0,0.0,-78100000.0,-19100000.0,-15800000.0,-141400000.0,2700000.0,7900000.0,264400000.0,-5100000.0,-151300000.0,-151300000.0,-151300000.0,0.0,52500000.0,-0.268,409300000.0,155200000.0,746600000.0,-0.108,1.484,21.069,21.415,104300000.0,0.0,97.44,2.158,2.196,400600000.0,3876800000.0,564500000.0,564500000.0,0.0,,,,,23900000.0,329200000.0,1.0,52672885.0,52700000,46300000.0,10.712,4275800000.0,0.0,35200000.0,511600000.0,81.135,
11,AMG,MRQ,2018-09-30,2018-09-30,2018-09-30,2021-08-06,-60100000.0,8538800000.0,,,,,68.139,-3200000.0,448100000.0,448100000.0,0.0,201900000.0,,0.898,1841400000.0,,,1841400000.0,0.0,5300000.0,0.0,0.008,0.3,193000000.0,198300000.0,0.33,198300000.0,193000000.0,173400000.0,2.35,2.34,2.35,3618200000.0,,3618200000.0,8795015931.0,11.0,10.581,295700000.0,5.569,1.0,601300000.0,1.0,4005800000.0,19600000.0,5926300000.0,,0.0,3455600000.0,,,3248700000.0,,,7305215931.0,55300000.0,0.0,-98200000.0,-36500000.0,-16000000.0,-245900000.0,4600000.0,7800000.0,298900000.0,-2300000.0,124900000.0,124900000.0,124900000.0,0.0,77000000.0,0.208,402000000.0,199300000.0,761600000.0,0.128,2.019,10.286,10.541,104800000.0,0.0,136.72,3.021,3.003,524500000.0,4044100000.0,601300000.0,601300000.0,0.0,,,,,27700000.0,356400000.0,1.0,53431948.0,53100000,55400000.0,11.324,4533000000.0,0.0,48500000.0,479200000.0,85.367,
12,AMG,MRQ,2018-06-30,2018-06-30,2018-06-30,2021-08-06,-6700000.0,8490500000.0,,,,,67.394,-4800000.0,392800000.0,392800000.0,0.0,205200000.0,,0.874,1882600000.0,,,1882600000.0,0.0,5700000.0,0.0,0.007,0.3,172500000.0,178200000.0,0.297,178200000.0,172500000.0,151100000.0,2.17,2.16,2.17,3639300000.0,,3639300000.0,9602332756.0,12.0,11.28,367500000.0,6.806,1.0,600100000.0,1.0,4041900000.0,21400000.0,5938400000.0,,0.0,3460700000.0,,,3179600000.0,,,8075032756.0,58600000.0,-7300000.0,-149700000.0,20000000.0,-16200000.0,-282700000.0,-21600000.0,-9500000.0,372300000.0,-9400000.0,117000000.0,117000000.0,117000000.0,0.0,88200000.0,0.195,386200000.0,213900000.0,662900000.0,0.138,2.219,11.362,11.552,109200000.0,0.0,148.67,3.361,3.342,485900000.0,3935500000.0,600100000.0,600100000.0,0.0,,,,,19400000.0,346200000.0,1.0,54315146.0,54000000,54200000.0,11.113,4448600000.0,0.0,34100000.0,471700000.0,82.381,
13,AMG,MRQ,2018-03-31,2018-03-31,2018-03-31,2021-08-06,-900000.0,8584200000.0,,,,,67.344,-5500000.0,334200000.0,334200000.0,0.0,224000000.0,,0.876,1861500000.0,,,1861500000.0,0.0,5500000.0,0.0,0.005,0.3,238100000.0,243600000.0,0.398,243600000.0,238100000.0,216500000.0,2.8,2.77,2.8,3677000000.0,,3677000000.0,11746591492.0,14.0,13.2,199500000.0,3.654,1.0,612400000.0,1.0,4110400000.0,21600000.0,6001100000.0,,0.0,3496100000.0,,,3220000000.0,,,10331391492.0,-105300000.0,0.0,-170100000.0,5000000.0,-16400000.0,-313100000.0,-3900000.0,1600000.0,205000000.0,6700000.0,153000000.0,153000000.0,153000000.0,0.0,71000000.0,0.25,413800000.0,198600000.0,667300000.0,0.107,2.81,14.349,14.651,111300000.0,0.0,189.58,4.354,4.362,532200000.0,3834900000.0,612400000.0,612400000.0,0.0,,,,,30100000.0,373100000.0,1.0,54496210.0,54600000,57000000.0,11.216,4473800000.0,0.0,63500000.0,474900000.0,81.938,
14,AMG,MRQ,2017-12-31,2017-12-31,2017-12-31,2021-08-06,-21800000.0,8702100000.0,,,,,69.368,-4600000.0,439500000.0,439500000.0,0.0,393800000.0,,0.866,1854700000.0,,,1854700000.0,0.0,5400000.0,0.0,0.004,0.2,205700000.0,211100000.0,0.349,211100000.0,205700000.0,185500000.0,5.65,5.46,5.65,3822200000.0,,3822200000.0,12947088054.0,15.0,15.125,365300000.0,6.63,1.0,604100000.0,1.0,4112200000.0,20200000.0,6005100000.0,,0.0,3547500000.0,,,3311700000.0,,,11408188054.0,64800000.0,-300000.0,-108600000.0,-60000000.0,-11100000.0,-318200000.0,8900000.0,13800000.0,369900000.0,4200000.0,315300000.0,315300000.0,315300000.0,0.0,78500000.0,0.522,408300000.0,195800000.0,807200000.0,0.035,2.985,16.546,16.687,111000000.0,0.0,205.25,4.949,4.987,433800000.0,3698500000.0,604100000.0,604100000.0,0.0,,,,,21800000.0,359500000.0,1.0,55581915.0,55100000,58000000.0,10.964,4589900000.0,0.0,-129800000.0,467400000.0,83.301,
15,AMG,MRQ,2017-09-30,2017-09-30,2017-09-30,2021-08-06,-51100000.0,8701400000.0,,,,,65.009,-6700000.0,374700000.0,374700000.0,0.0,216800000.0,,0.963,1913600000.0,,,1913600000.0,0.0,4800000.0,0.0,0.003,0.2,213600000.0,218400000.0,0.373,218400000.0,213600000.0,191500000.0,2.25,2.22,2.25,3627500000.0,,3627500000.0,12290753240.0,14.0,13.64,349800000.0,6.269,1.0,585700000.0,1.0,4129000000.0,22100000.0,6111300000.0,,0.0,3543700000.0,,,3492500000.0,,,10622953240.0,10100000.0,0.0,-102000000.0,-120000000.0,-11200000.0,-354300000.0,3900000.0,10600000.0,356500000.0,4000000.0,125400000.0,125400000.0,125400000.0,0.0,91400000.0,0.214,367500000.0,218200000.0,698300000.0,0.089,2.928,20.253,20.195,111700000.0,0.0,189.83,4.719,4.705,487400000.0,3394400000.0,585700000.0,585700000.0,0.0,,,,,20400000.0,330600000.0,1.0,55960350.0,55800000,58300000.0,10.496,4572400000.0,0.0,66100000.0,702300000.0,81.943,
16,AMG,MRQ,2017-06-30,2017-06-30,2017-06-30,2021-08-06,-94400000.0,8632300000.0,,,,,63.943,-3100000.0,364600000.0,364600000.0,0.0,204400000.0,,0.981,2032400000.0,,,2032400000.0,0.0,4900000.0,0.0,0.002,0.2,211900000.0,216800000.0,0.38,216800000.0,211900000.0,188800000.0,2.24,2.22,2.24,3600000000.0,,3600000000.0,11120487665.0,13.0,12.773,318800000.0,5.663,1.0,570900000.0,1.0,4123600000.0,23100000.0,6176500000.0,,0.0,3534100000.0,,,3531300000.0,,,9388087665.0,71000000.0,-25600000.0,-81000000.0,5000000.0,-11300000.0,-239800000.0,-15300000.0,13400000.0,321900000.0,4200000.0,126300000.0,126300000.0,126300000.0,0.0,78100000.0,0.221,371800000.0,199100000.0,618300000.0,0.089,2.608,18.433,18.048,109700000.0,0.0,165.86,4.247,4.225,440300000.0,3280300000.0,570900000.0,570900000.0,0.0,,,,,22200000.0,331300000.0,1.0,56602482.0,56300000,58700000.0,10.14,4508700000.0,0.0,62500000.0,677000000.0,80.083,
17,AMG,MRQ,2017-03-31,2017-03-31,2017-03-31,2021-08-06,-108700000.0,8590100000.0,,,,,63.226,-4100000.0,293600000.0,293600000.0,0.0,193600000.0,,0.973,2026000000.0,,,2026000000.0,0.0,5200000.0,0.0,0.001,0.2,204700000.0,209900000.0,0.386,209900000.0,204700000.0,182200000.0,2.16,2.13,2.16,3584900000.0,,3584900000.0,10957870724.0,13.0,13.025,118000000.0,2.081,1.0,544300000.0,1.0,4116100000.0,22500000.0,6206400000.0,,0.0,3563100000.0,,,3487600000.0,,,9279070724.0,-137200000.0,-4700000.0,-59700000.0,-85000000.0,-11300000.0,-277400000.0,16300000.0,25100000.0,122100000.0,1800000.0,122500000.0,122500000.0,122500000.0,0.0,71100000.0,0.225,369200000.0,175100000.0,541600000.0,0.093,2.588,18.887,18.297,109100000.0,0.0,163.94,4.23,4.238,449000000.0,3165400000.0,544300000.0,544300000.0,0.0,,,,,26000000.0,330700000.0,1.0,56600407.0,56700000,59200000.0,9.6,4474000000.0,0.0,59700000.0,666700000.0,78.907,
18,AMG,MRQ,2016-12-31,2016-12-31,2016-12-31,2021-08-06,-122900000.0,8749100000.0,,,,,65.691,-5100000.0,430800000.0,430800000.0,0.0,206000000.0,,1.008,2109600000.0,,,2109600000.0,0.0,4500000.0,0.0,0.0,0.0,251500000.0,256000000.0,0.465,256000000.0,251500000.0,226200000.0,2.75,2.67,2.75,3619600000.0,,3619600000.0,9656273015.0,12.0,11.782,360700000.0,6.546,1.0,550400000.0,1.0,4125500000.0,25300000.0,6302400000.0,,0.0,3638200000.0,,,3649100000.0,,,7964973015.0,36400000.0,-476400000.0,302600000.0,-5000000.0,0.0,164300000.0,-463500000.0,18000000.0,365800000.0,-30200000.0,150300000.0,150300000.0,150300000.0,0.0,55700000.0,0.273,390800000.0,159600000.0,729300000.0,0.0,2.201,16.846,16.644,110100000.0,0.0,145.3,3.629,3.588,383300000.0,3054400000.0,550400000.0,550400000.0,0.0,,,,,14800000.0,340900000.0,1.0,54817433.0,55100000,58200000.0,9.989,4623600000.0,0.0,75900000.0,660800000.0,83.913,
19,AMG,MRQ,2016-09-30,2016-09-30,2016-09-30,2021-08-06,-80800000.0,8323400000.0,,,,,59.048,-6500000.0,422000000.0,422000000.0,0.0,175900000.0,,1.104,2113300000.0,,,2113300000.0,0.0,5000000.0,0.0,0.0,0.0,182900000.0,187900000.0,0.345,187900000.0,182900000.0,160500000.0,2.04,2.02,2.04,3182700000.0,,3182700000.0,9571785201.0,12.0,11.989,336600000.0,6.245,1.0,544700000.0,1.0,4190600000.0,22400000.0,5824100000.0,,0.0,3152800000.0,,,3515100000.0,,,7795285201.0,61400000.0,-333500000.0,155500000.0,-25000000.0,0.0,51000000.0,-328700000.0,11300000.0,343100000.0,-4000000.0,110200000.0,110200000.0,110200000.0,0.0,65700000.0,0.202,373700000.0,171000000.0,579400000.0,0.0,2.449,16.586,16.613,113400000.0,0.0,144.7,3.489,3.491,387100000.0,2902700000.0,544700000.0,544700000.0,0.0,,,,,32400000.0,338400000.0,1.0,53872047.0,53900000,56600000.0,10.106,4132800000.0,0.0,50300000.0,652100000.0,76.675,
20,AMG,MRQ,2016-06-30,2016-06-30,2016-06-30,2021-08-06,-76300000.0,8034700000.0,,,,,54.251,-4500000.0,360400000.0,360400000.0,0.0,183600000.0,,1.201,2136900000.0,,,2136900000.0,0.0,5000000.0,0.0,0.0,0.0,182500000.0,187500000.0,0.338,187500000.0,182500000.0,160600000.0,2.01,1.98,2.01,2918700000.0,,2918700000.0,9578251894.0,12.0,11.907,311300000.0,5.786,1.0,554100000.0,1.0,4237900000.0,21900000.0,5573300000.0,,0.0,2796500000.0,,,3505200000.0,,,7575051894.0,41100000.0,-100000.0,-13300000.0,-167200000.0,0.0,-274200000.0,10900000.0,15500000.0,315800000.0,-11400000.0,108300000.0,108300000.0,108300000.0,0.0,75300000.0,0.195,372300000.0,181800000.0,578100000.0,0.0,2.595,16.203,16.255,112100000.0,0.0,140.77,3.29,3.289,471800000.0,2891300000.0,554100000.0,554100000.0,0.0,,,,,18000000.0,328700000.0,1.0,53811550.0,53800000,56700000.0,10.299,3796800000.0,0.0,52300000.0,610500000.0,70.572,
21,AMG,MRQ,2016-03-31,2016-03-31,2016-03-31,2021-08-06,-26700000.0,8091300000.0,,,,,53.117,-4100000.0,297600000.0,297600000.0,0.0,173500000.0,,1.276,2300800000.0,,,2300800000.0,0.0,5000000.0,0.0,0.0,0.0,183300000.0,188300000.0,0.345,188300000.0,183300000.0,161000000.0,1.93,1.9,1.93,2868300000.0,,2868300000.0,10099267833.0,12.0,11.955,21500000.0,0.398,1.0,545400000.0,1.0,4319900000.0,22300000.0,5774600000.0,,0.0,2811100000.0,,,3660600000.0,,,8768267833.0,-269800000.0,-551300000.0,-12400000.0,422200000.0,0.0,259800000.0,-550900000.0,4500000.0,25600000.0,-4300000.0,104000000.0,104000000.0,104000000.0,0.0,69500000.0,0.191,366600000.0,178800000.0,571000000.0,0.0,3.057,17.971,18.024,113100000.0,0.0,162.4,3.661,3.662,495500000.0,2783800000.0,545400000.0,545400000.0,0.0,,,,,15200000.0,322600000.0,1.0,53991797.0,54000000,56600000.0,10.1,3771400000.0,0.0,57000000.0,599100000.0,69.841,
22,AMG,MRQ,2015-12-31,2015-12-31,2015-12-31,2021-08-06,-18100000.0,7769400000.0,,,,,52.832,-12700000.0,563800000.0,563800000.0,0.0,228000000.0,,1.194,1879400000.0,,,1879400000.0,0.0,5300000.0,0.0,0.0,0.0,229400000.0,234700000.0,0.398,234700000.0,229400000.0,208700000.0,2.73,2.66,2.73,2837100000.0,,2837100000.0,9890448564.0,11.0,11.231,344300000.0,6.412,1.0,589800000.0,1.0,4354800000.0,20700000.0,4730200000.0,,0.0,2286300000.0,,,3387800000.0,,,8632948564.0,22100000.0,-247700000.0,-30300000.0,78600000.0,0.0,-62800000.0,-262100000.0,-1700000.0,357000000.0,-10000000.0,147500000.0,147500000.0,147500000.0,0.0,80500000.0,0.25,396600000.0,193200000.0,729400000.0,0.0,3.043,16.944,17.05,114100000.0,0.0,159.76,3.475,3.492,391200000.0,2581600000.0,589800000.0,589800000.0,0.0,,,,,18000000.0,352300000.0,1.0,54036984.0,53700000,56600000.0,10.983,3414600000.0,0.0,61200000.0,565700000.0,63.587,
23,AMG,MRQ,2015-09-30,2015-09-30,2015-09-30,2021-08-06,-12500000.0,7535200000.0,,,,,49.087,-13800000.0,541700000.0,541700000.0,0.0,191000000.0,,1.216,1799200000.0,,,1799200000.0,0.0,4500000.0,0.0,0.0,0.0,189400000.0,193900000.0,0.316,193900000.0,189400000.0,165800000.0,1.99,1.96,1.99,2660500000.0,,2660500000.0,10656928342.0,12.0,11.873,371900000.0,6.862,1.0,613100000.0,1.0,4347000000.0,23600000.0,4445700000.0,,0.0,2000000000.0,,,3234000000.0,,,9282028342.0,53200000.0,-18000000.0,-64000000.0,-58000000.0,0.0,-293900000.0,-32100000.0,-300000.0,385700000.0,-6500000.0,107700000.0,107700000.0,107700000.0,0.0,83300000.0,0.176,397900000.0,215200000.0,699300000.0,0.0,3.489,17.891,18.018,106900000.0,0.0,170.99,3.66,3.655,466200000.0,2529000000.0,613100000.0,613100000.0,0.0,,,,,17600000.0,351200000.0,1.0,54284042.0,54200000,57000000.0,11.312,3188200000.0,0.0,58100000.0,547500000.0,58.823,
24,AMG,MRQ,2015-06-30,2015-06-30,2015-06-30,2021-08-06,76100000.0,7678800000.0,,,,,48.555,-7000000.0,488500000.0,488500000.0,0.0,189900000.0,,1.244,1863400000.0,,,1863400000.0,0.0,4600000.0,0.0,0.0,0.0,223300000.0,227900000.0,0.352,227900000.0,223300000.0,200800000.0,2.36,2.31,2.36,2651100000.0,,2651100000.0,13447232517.0,15.0,15.045,344400000.0,6.308,1.0,646600000.0,1.0,4419800000.0,22500000.0,4633900000.0,,0.0,2119300000.0,,,3297700000.0,,,11962632517.0,50300000.0,-32000000.0,-107400000.0,-56500000.0,0.0,-283500000.0,-26000000.0,13000000.0,351400000.0,8400000.0,128700000.0,128700000.0,128700000.0,0.0,61200000.0,0.199,451400000.0,195200000.0,632000000.0,0.0,4.512,23.26,23.355,97800000.0,0.0,218.6,4.667,4.657,482000000.0,2420000000.0,646600000.0,646600000.0,0.0,,,,,49800000.0,406500000.0,1.0,54723845.0,54600000,57500000.0,11.842,3259000000.0,0.0,72100000.0,572900000.0,59.689,
25,AMG,MRQ,2015-03-31,2015-03-31,2015-03-31,2021-08-06,-2800000.0,7493900000.0,,,,,46.675,-4700000.0,438200000.0,438200000.0,0.0,220700000.0,,1.253,1922800000.0,,,1922800000.0,0.0,4400000.0,0.0,0.0,0.0,219800000.0,224200000.0,0.353,224200000.0,219800000.0,197600000.0,2.34,2.28,2.34,2557800000.0,,2557800000.0,13094033417.0,16.0,15.401,114400000.0,2.088,1.0,635000000.0,1.0,4345900000.0,22200000.0,4632600000.0,,0.0,2028900000.0,,,3205900000.0,,,11749733417.0,-112400000.0,0.0,-154200000.0,33200000.0,0.0,-217500000.0,-4300000.0,400000.0,119100000.0,-9700000.0,128000000.0,128000000.0,128000000.0,0.0,92700000.0,0.202,403600000.0,231400000.0,577200000.0,0.0,4.594,24.241,24.435,94900000.0,0.0,214.78,4.603,4.611,514000000.0,2291300000.0,635000000.0,635000000.0,0.0,,,,,17300000.0,361500000.0,1.0,54705901.0,54800000,57800000.0,11.588,3148000000.0,0.0,69600000.0,524600000.0,57.445,
26,AMG,MRQ,2014-12-31,2014-12-31,2014-12-31,2021-08-06,31800000.0,7698100000.0,,,,,47.505,-5500000.0,550600000.0,550600000.0,0.0,240000000.0,,1.298,1894900000.0,,,1894900000.0,0.0,4600000.0,0.0,0.0,0.0,247000000.0,251600000.0,0.392,251600000.0,247000000.0,227100000.0,2.8,2.72,2.8,2627000000.0,,2627000000.0,12523832444.0,17.0,16.191,401000000.0,7.251,1.0,641200000.0,1.0,4431200000.0,19900000.0,4611200000.0,,0.0,2123300000.0,,,3409400000.0,,,11794732444.0,-9600000.0,-710600000.0,-135600000.0,607300000.0,0.0,307900000.0,-717100000.0,-1000000.0,406500000.0,-6900000.0,154400000.0,154400000.0,154400000.0,0.0,85600000.0,0.241,442600000.0,198600000.0,808300000.0,0.0,4.49,27.183,26.9,95400000.0,0.0,212.24,4.697,4.649,425900000.0,2163300000.0,641200000.0,641200000.0,0.0,,,,,31500000.0,390000000.0,1.0,55572618.0,55300000,65300000.0,11.595,3266900000.0,0.0,72700000.0,491700000.0,59.076,
27,AMG,MRQ,2014-09-30,2014-09-30,2014-09-30,2021-08-06,52800000.0,6884200000.0,,,,,46.683,-3200000.0,560200000.0,560200000.0,0.0,189900000.0,,1.027,1289300000.0,,,1289300000.0,0.0,4400000.0,0.0,0.0,0.0,185700000.0,190100000.0,0.297,190100000.0,185700000.0,166700000.0,1.86,1.82,1.86,2595600000.0,,2595600000.0,12095142979.0,16.0,15.308,401300000.0,7.218,1.0,640300000.0,1.0,4041200000.0,19000000.0,3572100000.0,,0.0,1586700000.0,,,2666600000.0,,,11130542979.0,186000000.0,-400000.0,-37800000.0,-48300000.0,0.0,-206500000.0,-5500000.0,-1900000.0,404500000.0,-6500000.0,103200000.0,103200000.0,103200000.0,0.0,86700000.0,0.161,416100000.0,224200000.0,735300000.0,0.0,4.288,25.43,24.859,93900000.0,0.0,200.36,4.518,4.522,524900000.0,1992700000.0,640300000.0,640300000.0,0.0,,,,,21100000.0,372500000.0,1.0,55552720.0,55600000,58800000.0,11.516,2843000000.0,0.0,63500000.0,440600000.0,51.133,
28,AMG,MRQ,2014-06-30,2014-06-30,2014-06-30,2021-08-06,73300000.0,6730200000.0,,,,,45.955,-6400000.0,374200000.0,374200000.0,0.0,178000000.0,,1.0,1338800000.0,,,1338800000.0,0.0,4100000.0,0.0,0.0,0.0,180200000.0,184300000.0,0.29,184300000.0,180200000.0,160200000.0,1.79,1.75,1.79,2545900000.0,,2545900000.0,12045924794.0,17.0,16.513,321800000.0,5.809,1.0,636300000.0,1.0,4100600000.0,20000000.0,3594200000.0,,0.0,1593200000.0,,,2545400000.0,,,11354724794.0,-372900000.0,-425100000.0,17200000.0,-94700000.0,0.0,-273100000.0,-431200000.0,300000.0,328200000.0,3200000.0,99100000.0,99100000.0,99100000.0,0.0,78900000.0,0.156,437900000.0,198400000.0,578500000.0,0.0,4.46,27.715,26.991,95900000.0,0.0,205.4,4.781,4.791,483000000.0,1888400000.0,636300000.0,636300000.0,0.0,,,,,47000000.0,395400000.0,1.0,55281036.0,55400000,56600000.0,11.486,2629600000.0,0.0,61100000.0,424300000.0,47.466,
29,AMG,MRQ,2014-03-31,2014-03-31,2014-03-31,2021-08-06,51400000.0,6620900000.0,,,,,45.259,-4100000.0,747100000.0,747100000.0,0.0,159400000.0,,1.063,1438300000.0,,,1438300000.0,0.0,3800000.0,0.0,0.0,0.0,143700000.0,147500000.0,0.249,147500000.0,143700000.0,126100000.0,1.44,1.4,1.44,2430400000.0,,2430400000.0,11952677355.0,18.0,17.687,293600000.0,5.467,1.0,593100000.0,1.0,3947000000.0,17600000.0,3365100000.0,,0.0,1268800000.0,,,2584600000.0,,,11038577355.0,277500000.0,-108900000.0,6800000.0,276000000.0,0.0,94100000.0,-114300000.0,-1300000.0,297700000.0,0.0,77200000.0,77200000.0,77200000.0,0.0,82200000.0,0.13,399100000.0,194000000.0,509500000.0,0.0,4.542,29.413,28.416,93100000.0,0.0,200.05,4.842,4.712,486300000.0,1788400000.0,593100000.0,593100000.0,0.0,,,,,14100000.0,358000000.0,1.0,55179092.0,53700000,55200000.0,11.045,2673900000.0,0.0,48900000.0,399400000.0,49.793,
30,AMG,MRQ,2013-12-31,2013-12-31,2013-12-31,2021-08-06,74000000.0,6318800000.0,,,,,39.966,-8100000.0,469600000.0,469600000.0,0.0,249200000.0,,1.187,1383700000.0,,,1383700000.0,0.0,3700000.0,0.0,0.0,0.0,264500000.0,268200000.0,0.452,268200000.0,264500000.0,245700000.0,2.97,2.85,2.97,2134200000.0,,2134200000.0,12400551253.0,19.0,18.906,201400000.0,3.772,1.0,594000000.0,1.0,3802400000.0,18800000.0,3430500000.0,,0.0,1445500000.0,,,2532300000.0,,,11490051253.0,-52800000.0,0.0,500000.0,-54300000.0,0.0,-257500000.0,-6500000.0,1600000.0,209500000.0,1700000.0,158200000.0,158200000.0,158200000.0,0.0,91000000.0,0.266,440900000.0,153100000.0,514700000.0,0.0,5.384,31.873,31.941,92300000.0,0.0,216.88,5.249,5.261,418400000.0,1711200000.0,594000000.0,594000000.0,0.0,,,,,46500000.0,396800000.0,1.0,52978842.0,53400000,62700000.0,11.124,2516400000.0,0.0,87500000.0,456900000.0,47.124,
31,AMG,MRQ,2013-09-30,2013-09-30,2013-09-30,2021-08-06,63400000.0,6261100000.0,,1147400000.0,5113700000.0,,38.201,-7000000.0,522400000.0,522400000.0,0.0,156400000.0,1.969,1.301,1432900000.0,0.0,1432900000.0,1432900000.0,0.0,3400000.0,0.0,0.0,0.0,126100000.0,129500000.0,0.235,129500000.0,126100000.0,106200000.0,1.41,1.37,1.41,2032300000.0,,2032300000.0,10601025991.0,21.0,20.066,275800000.0,5.184,1.0,551600000.0,1.0,3831300000.0,19900000.0,2757500000.0,,0.0,1115400000.0,132900000.0,982500000.0,2644400000.0,582800000.0,2061600000.0,9652925991.0,108600000.0,-26300000.0,-4000000.0,-97400000.0,0.0,-145600000.0,-34000000.0,-700000.0,282800000.0,5400000.0,75200000.0,75200000.0,75200000.0,0.0,81200000.0,0.136,382500000.0,169100000.0,582800000.0,0.0,4.75,34.798,34.789,88100000.0,0.0,182.64,4.628,4.658,429200000.0,1553000000.0,551600000.0,551600000.0,0.0,,,,,2300000.0,336200000.0,1.0,52852201.0,53200000,56900000.0,10.368,2429800000.0,0.0,31000000.0,461400000.0,45.673,564600000.0
32,AMG,MRQ,2013-06-30,2013-06-30,2013-06-30,2021-08-06,38600000.0,6072700000.0,,972900000.0,5099800000.0,,40.58,-4300000.0,413800000.0,413800000.0,0.0,134200000.0,2.296,1.142,1361900000.0,0.0,1361900000.0,1361900000.0,0.0,3400000.0,0.0,0.0,0.0,127200000.0,130600000.0,0.241,130600000.0,127200000.0,102900000.0,1.22,1.18,1.22,2154800000.0,,2154800000.0,9771124604.0,20.0,19.605,258300000.0,4.864,1.0,541000000.0,1.0,3837000000.0,24300000.0,2760100000.0,,0.0,1084700000.0,120100000.0,964600000.0,2460500000.0,423700000.0,2036800000.0,8645824604.0,78800000.0,0.0,6800000.0,-117800000.0,0.0,-180300000.0,-2800000.0,1500000.0,262600000.0,-700000.0,64700000.0,64700000.0,64700000.0,0.0,69500000.0,0.12,379600000.0,161400000.0,423700000.0,0.0,4.012,33.628,33.457,84100000.0,0.0,163.94,4.32,4.349,379700000.0,1477800000.0,541000000.0,541000000.0,0.0,,,,,21200000.0,334900000.0,1.0,52737737.0,53100000,54600000.0,10.188,2235700000.0,0.0,38200000.0,505800000.0,42.104,549200000.0
33,AMG,MRQ,2013-03-31,2013-03-31,2013-03-31,2021-08-06,58000000.0,6225100000.0,,1064300000.0,5160800000.0,,40.435,-4600000.0,335000000.0,335000000.0,0.0,129700000.0,1.974,1.255,1460300000.0,0.0,1460300000.0,1460300000.0,0.0,3500000.0,0.0,0.0,0.0,124100000.0,127600000.0,0.254,127600000.0,124100000.0,99900000.0,1.18,1.15,1.18,2130900000.0,,2130900000.0,9274414262.0,24.0,23.273,197600000.0,3.75,1.0,502200000.0,1.0,3877500000.0,24200000.0,2933700000.0,,0.0,1120000000.0,135500000.0,984500000.0,2675100000.0,539200000.0,2135900000.0,8074214262.0,-95400000.0,0.0,29200000.0,-212800000.0,0.0,-285700000.0,-7000000.0,-2400000.0,202200000.0,-4900000.0,62400000.0,62400000.0,62400000.0,0.0,67300000.0,0.124,351700000.0,150500000.0,539200000.0,0.0,3.789,40.574,40.307,83100000.0,0.0,153.57,4.272,4.282,532600000.0,1413100000.0,502200000.0,502200000.0,0.0,,,,,14100000.0,306800000.0,1.0,52576768.0,52700000,54200000.0,9.529,2347600000.0,0.0,37500000.0,503600000.0,44.546,525100000.0
34,AMG,MRQ,2012-12-31,2012-12-31,2012-12-31,2021-08-06,79100000.0,6187100000.0,,912300000.0,5274800000.0,,40.081,-10100000.0,430400000.0,430400000.0,0.0,139400000.0,2.428,1.28,1630600000.0,0.0,1630600000.0,1630600000.0,0.0,3500000.0,0.0,0.0,0.0,137100000.0,140600000.0,0.286,140600000.0,137100000.0,112900000.0,1.44,1.41,1.44,2084200000.0,,2084200000.0,7975653902.0,23.0,22.473,176000000.0,3.385,1.0,491000000.0,1.0,3940700000.0,24200000.0,3070800000.0,,0.0,1315600000.0,128900000.0,1031300000.0,2668200000.0,375800000.0,2292400000.0,6741953902.0,57800000.0,-42100000.0,27700000.0,18500000.0,0.0,-74300000.0,-54400000.0,-2200000.0,186100000.0,400000.0,75100000.0,75100000.0,75100000.0,0.0,64300000.0,0.153,364100000.0,126900000.0,363300000.0,0.0,3.235,38.747,38.735,81500000.0,0.0,130.15,3.734,3.727,311000000.0,1350700000.0,491000000.0,491000000.0,0.0,,,,,45200000.0,318000000.0,1.0,51801413.0,52000000,53300000.0,9.442,2246400000.0,0.0,37800000.0,497100000.0,43.2,536500000.0
35,AMG,MRQ,2012-09-30,2012-09-30,2012-09-30,2021-08-06,66000000.0,6030800000.0,,838100000.0,5192700000.0,,37.35,-4900000.0,372600000.0,372600000.0,0.0,118100000.0,2.248,1.379,1606300000.0,0.0,1606300000.0,1606300000.0,0.0,3500000.0,0.0,0.0,0.0,96100000.0,99600000.0,0.213,99600000.0,96100000.0,74300000.0,1.06,1.04,1.06,1931000000.0,,1931000000.0,7406619744.0,26.0,25.014,206200000.0,3.988,1.0,467300000.0,1.0,3968600000.0,21800000.0,2923000000.0,,0.0,1045700000.0,109900000.0,935800000.0,2663000000.0,372900000.0,2290100000.0,6315819744.0,61600000.0,-350000000.0,23300000.0,198200000.0,0.0,202200000.0,-354000000.0,900000.0,211100000.0,2300000.0,54900000.0,54900000.0,54900000.0,0.0,63200000.0,0.117,327600000.0,139700000.0,372900000.0,0.0,3.271,45.372,45.725,72400000.0,0.0,123.0,3.678,3.704,294300000.0,1275600000.0,467300000.0,467300000.0,0.0,,,,,8000000.0,290700000.0,1.0,51348128.0,51700000,53000000.0,9.039,2062200000.0,0.0,19400000.0,521400000.0,39.888,465200000.0
36,AMG,MRQ,2012-06-30,2012-06-30,2012-06-30,2021-08-06,50100000.0,5614700000.0,,775500000.0,4839200000.0,,36.14,-3700000.0,311000000.0,311000000.0,0.0,60900000.0,2.348,1.29,1401800000.0,0.0,1401800000.0,1401800000.0,0.0,3600000.0,0.0,0.0,0.0,27100000.0,30700000.0,0.071,30700000.0,27100000.0,8600000.0,0.13,0.12,0.13,1857600000.0,,1857600000.0,6430258823.0,24.0,23.089,179700000.0,3.496,1.0,429600000.0,1.0,3973200000.0,18500000.0,2402000000.0,,0.0,692900000.0,105600000.0,587300000.0,2395600000.0,330300000.0,2065300000.0,5621458823.0,-82700000.0,-405300000.0,-20900000.0,194800000.0,0.0,131500000.0,-396000000.0,13000000.0,183400000.0,-1600000.0,6600000.0,6600000.0,6600000.0,0.0,54300000.0,0.015,404600000.0,25000000.0,330300000.0,0.0,3.026,45.189,45.604,70900000.0,0.0,109.45,3.379,3.382,292200000.0,1220700000.0,429600000.0,429600000.0,0.0,,,,,8200000.0,276900000.0,1.0,51360976.0,51400000,52700000.0,8.358,1641500000.0,0.0,2000000.0,502800000.0,31.936,445200000.0
37,AMG,MRQ,2012-03-31,2012-03-31,2012-03-31,2021-08-06,71700000.0,5209900000.0,,895200000.0,4314700000.0,,36.093,-1300000.0,393700000.0,393700000.0,0.0,93000000.0,2.58,1.196,1202500000.0,0.0,1202500000.0,1202500000.0,0.0,3400000.0,0.0,0.0,0.0,80600000.0,84000000.0,0.201,84000000.0,80600000.0,62000000.0,0.72,0.71,0.72,1862400000.0,,1862400000.0,6536389458.0,20.0,19.123,51200000.0,0.992,1.0,417700000.0,1.0,3424600000.0,18600000.0,2247100000.0,,0.0,721800000.0,122600000.0,599200000.0,2226700000.0,347000000.0,1879700000.0,5787689458.0,-55800000.0,0.0,-17600000.0,-200000.0,0.0,-113200000.0,2100000.0,3400000.0,52500000.0,2800000.0,37400000.0,37400000.0,37400000.0,0.0,55600000.0,0.09,308900000.0,108800000.0,347000000.0,0.0,3.108,35.442,35.608,70200000.0,0.0,111.81,3.412,3.401,305300000.0,1214100000.0,417700000.0,417700000.0,0.0,,,,,8600000.0,266100000.0,1.0,51763612.0,51600000,52900000.0,8.095,1785300000.0,0.0,24600000.0,525800000.0,34.599,548200000.0
38,AMG,MRQ,2011-12-31,2011-12-31,2011-12-31,2021-08-06,50000000.0,5218900000.0,,876400000.0,4342500000.0,,36.233,-7800000.0,449500000.0,449500000.0,0.0,89100000.0,2.099,1.215,1198200000.0,0.0,1198200000.0,1198200000.0,0.0,3400000.0,0.0,0.0,0.0,78400000.0,81800000.0,0.203,81800000.0,78400000.0,60200000.0,0.78,0.77,0.78,1866000000.0,,1866000000.0,5769349762.0,17.0,16.636,150800000.0,2.928,1.0,402400000.0,1.0,3438400000.0,18200000.0,2111600000.0,,0.0,716200000.0,100400000.0,615800000.0,2267500000.0,417600000.0,1849900000.0,4938549762.0,126200000.0,0.0,-6200000.0,48200000.0,0.0,-24400000.0,-8600000.0,-800000.0,158600000.0,600000.0,40300000.0,40300000.0,40300000.0,0.0,48800000.0,0.1,307200000.0,95200000.0,417600000.0,0.0,2.647,29.949,30.173,69100000.0,0.0,95.95,2.897,2.915,249400000.0,1176700000.0,402400000.0,402400000.0,0.0,,,,,32300000.0,263100000.0,1.0,51470034.0,51500000,52400000.0,7.814,1780500000.0,0.0,19900000.0,506000000.0,34.573,458800000.0
39,AMG,MRQ,2011-09-30,2011-09-30,2011-09-30,2021-08-06,29000000.0,5131800000.0,,757200000.0,4374600000.0,,34.79,-3900000.0,323300000.0,323300000.0,0.0,80100000.0,2.052,1.238,1154100000.0,0.0,1154100000.0,1154100000.0,0.0,4000000.0,0.0,0.0,0.0,78000000.0,82000000.0,0.198,82000000.0,78000000.0,59900000.0,0.77,0.76,0.77,1805600000.0,,1805600000.0,4986870020.0,13.0,12.883,238300000.0,4.592,1.0,413800000.0,1.0,3468200000.0,18100000.0,2125400000.0,,0.0,683300000.0,80300000.0,603000000.0,2235900000.0,369000000.0,1866900000.0,4062970020.0,12100000.0,0.0,-47700000.0,-93400000.0,0.0,-183300000.0,-42800000.0,-38900000.0,242200000.0,-4000000.0,40100000.0,40100000.0,40100000.0,0.0,40000000.0,0.097,287800000.0,126000000.0,369000000.0,0.0,2.25,21.762,21.325,64800000.0,0.0,78.05,2.358,2.351,276800000.0,1136400000.0,413800000.0,413800000.0,0.0,,,,,7300000.0,252400000.0,1.0,52055990.0,51900000,53000000.0,7.973,1663600000.0,0.0,19800000.0,489500000.0,32.054,388200000.0
40,AMG,MRQ,2011-06-30,2011-06-30,2011-06-30,2021-08-06,110400000.0,5325000000.0,,877200000.0,4447800000.0,,35.198,-2700000.0,311200000.0,311200000.0,0.0,101000000.0,2.265,1.28,1235100000.0,0.0,1235100000.0,1235100000.0,0.0,3800000.0,0.0,0.0,0.0,90200000.0,94000000.0,0.203,94000000.0,90200000.0,72100000.0,0.87,0.85,0.87,1833800000.0,,1833800000.0,6303996126.0,17.0,16.455,176700000.0,3.392,1.0,462300000.0,1.0,3522700000.0,18100000.0,2339000000.0,,0.0,769900000.0,147000000.0,622900000.0,2346500000.0,387200000.0,1959300000.0,5280796126.0,58400000.0,0.0,5700000.0,-117500000.0,0.0,-116200000.0,-5100000.0,-2400000.0,179400000.0,300000.0,45500000.0,45500000.0,45500000.0,0.0,55500000.0,0.098,322300000.0,140000000.0,387200000.0,0.0,2.88,29.24,28.577,65000000.0,0.0,101.45,3.174,3.177,344700000.0,1096300000.0,462300000.0,462300000.0,0.0,,,,,5900000.0,287100000.0,1.0,52053190.0,52100000,53400000.0,8.873,1802300000.0,0.0,26600000.0,508100000.0,34.593,490000000.0
41,AMG,MRQ,2011-03-31,2011-03-31,2011-03-31,2021-08-06,111900000.0,5259300000.0,,781600000.0,4477700000.0,,34.0,-1700000.0,252800000.0,252800000.0,0.0,89400000.0,2.04,1.35,1276000000.0,0.0,1276000000.0,1276000000.0,0.0,3800000.0,0.0,0.0,0.0,85200000.0,89000000.0,0.209,89000000.0,85200000.0,65800000.0,0.76,0.74,0.76,1761200000.0,,1761200000.0,6755939596.0,20.0,19.253,126600000.0,2.444,1.0,426300000.0,1.0,3552200000.0,19400000.0,2347200000.0,,0.0,733000000.0,110300000.0,622700000.0,2377000000.0,383100000.0,1993900000.0,5677277596.0,-60500000.0,-13300000.0,15200000.0,-119700000.0,0.0,-179700000.0,-11300000.0,3700000.0,128300000.0,2200000.0,39100000.0,39100000.0,39100000.0,0.0,50300000.0,0.092,301400000.0,124900000.0,383100000.0,0.0,3.224,35.417,33.756,66000000.0,0.0,109.37,3.702,3.694,335000000.0,1050900000.0,426300000.0,426300000.0,0.0,,,,,6900000.0,267000000.0,1.0,51908911.0,51800000,53100000.0,8.23,1707100000.0,0.0,26700000.0,502900000.0,32.956,398500000.0
42,AMG,MRQ,2010-12-31,2010-12-31,2010-12-31,2021-08-06,100500000.0,5279800000.0,,770900000.0,4508900000.0,,35.088,-3400000.0,313300000.0,313300000.0,0.0,107300000.0,1.892,1.388,1392000000.0,0.0,1392000000.0,1392000000.0,0.0,4000000.0,0.0,0.0,0.0,118100000.0,122100000.0,0.29,122100000.0,118100000.0,100600000.0,1.26,1.24,1.26,1800000000.0,,1800000000.0,6160713774.0,21.0,19.848,125800000.0,2.452,1.0,420700000.0,1.0,3542500000.0,17500000.0,2408600000.0,,0.0,794900000.0,116000000.0,678900000.0,2498200000.0,407400000.0,2090800000.0,5116956774.0,57900000.0,-112100000.0,10300000.0,92000000.0,0.0,61800000.0,-133000000.0,-17500000.0,129200000.0,-100000.0,62000000.0,62000000.0,62000000.0,0.0,45300000.0,0.147,306700000.0,114000000.0,407400000.0,0.0,2.843,36.919,33.979,67700000.0,0.0,99.22,3.767,3.463,278400000.0,1011800000.0,420700000.0,420700000.0,0.0,,,,,10100000.0,274900000.0,1.0,51571828.0,51300000,51500000.0,8.201,1737300000.0,0.0,38600000.0,495400000.0,33.865,363500000.0
43,AMG,MRQ,2010-09-30,2010-09-30,2010-09-30,2021-08-06,70973000.0,4950942000.0,,640187000.0,4310755000.0,,33.439,-2200000.0,255452000.0,255452000.0,0.0,69000000.0,1.62,1.376,1299209000.0,0.0,1299209000.0,1299209000.0,0.0,3700000.0,0.0,0.0,0.0,74300000.0,78000000.0,0.22,78000000.0,74300000.0,58000000.0,0.66,0.65,0.66,1712068000.0,,1712068000.0,5349529379.0,23.0,21.445,166200000.0,3.246,1.0,354400000.0,1.0,3396562000.0,16300000.0,2202863000.0,,0.0,715941000.0,84945000.0,630996000.0,2354959000.0,395274000.0,1959685000.0,3986128379.0,34900000.0,-11000000.0,10600000.0,-294400000.0,0.0,-110600000.0,-26000000.0,-12800000.0,168400000.0,3100000.0,34000000.0,34000000.0,34000000.0,0.0,35000000.0,0.096,258800000.0,95600000.0,395274000.0,0.0,2.328,39.339,35.14,66789000.0,0.0,78.01,3.372,3.379,241034000.0,949759000.0,354400000.0,354400000.0,0.0,,,,,5000000.0,224900000.0,1.0,51097659.0,51200000,51900000.0,6.922,1554380000.0,0.0,24000000.0,471571000.0,30.359,244913000.0
44,AMG,MRQ,2010-06-30,2010-06-30,2010-06-30,2021-08-06,47161000.0,4938453000.0,,659118000.0,4279335000.0,,33.36,-2000000.0,220543000.0,220543000.0,0.0,58200000.0,1.962,1.72,1583944000.0,0.0,1583944000.0,1583944000.0,0.0,3400000.0,0.0,0.0,0.0,58400000.0,61800000.0,0.186,61800000.0,58400000.0,42100000.0,0.56,0.53,0.56,1487861000.0,,1487861000.0,3641577201.0,18.0,17.025,113100000.0,2.536,1.0,332100000.0,1.0,3380502000.0,16300000.0,2585356000.0,,0.0,787677000.0,152356000.0,635321000.0,2558636000.0,335996000.0,2222640000.0,2707226201.0,16700000.0,-665400000.0,23000000.0,489000000.0,0.0,586300000.0,-682900000.0,-15500000.0,115100000.0,-1800000.0,25200000.0,25200000.0,25200000.0,0.0,33000000.0,0.076,236300000.0,95800000.0,335996000.0,0.0,1.82,31.814,30.692,68086000.0,0.0,60.77,2.59,2.593,256212000.0,915804000.0,332100000.0,332100000.0,0.0,,,,,5000000.0,214800000.0,1.0,44548728.0,44600000,47600000.0,7.446,1557951000.0,0.0,16900000.0,464151000.0,34.932,323122000.0
45,AMG,MRQ,2010-03-31,2010-03-31,2010-03-31,2021-08-06,71350000.0,3865871000.0,,716230000.0,3149641000.0,,26.902,-1100000.0,203751000.0,203751000.0,0.0,52800000.0,2.354,1.718,1138102000.0,0.0,1138102000.0,1138102000.0,0.0,3000000.0,0.0,0.0,0.0,45400000.0,48400000.0,0.193,48400000.0,45400000.0,29400000.0,0.41,0.38,0.41,1140661000.0,,1140661000.0,4050922573.0,23.0,21.652,66900000.0,1.578,1.0,251000000.0,1.0,2324472000.0,16000000.0,2171437000.0,,0.0,822994000.0,178118000.0,644876000.0,1959333000.0,304313000.0,1655020000.0,3346075573.0,-55700000.0,-127700000.0,2500000.0,144600000.0,0.0,7600000.0,-131900000.0,-3100000.0,68000000.0,600000.0,17500000.0,17500000.0,17500000.0,0.0,35300000.0,0.07,182500000.0,68500000.0,304313000.0,0.0,2.933,47.211,47.024,65309000.0,0.0,79.0,3.66,3.663,312242000.0,890599000.0,251000000.0,251000000.0,0.0,,,,,3900000.0,164500000.0,1.0,42355387.0,42400000,45400000.0,5.92,1541399000.0,0.0,11900000.0,393263000.0,36.354,411917000.0
46,AMG,MRQ,2009-12-31,2009-12-31,2009-12-31,2021-08-06,45958000.0,3390906000.0,,585582000.0,2805324000.0,,26.263,-947000.0,259487000.0,259487000.0,0.0,65551000.0,2.578,1.388,964334000.0,0.0,964334000.0,964334000.0,0.0,3051000.0,0.0,0.0,0.0,58197000.0,61248000.0,0.25,61248000.0,58197000.0,42152000.0,0.59,0.56,0.59,1109690000.0,,1109690000.0,3567949538.0,23.0,21.037,74186000.0,1.756,1.0,244618000.0,1.0,1984790000.0,16045000.0,1883848000.0,,0.0,808831000.0,150499000.0,658332000.0,1540186000.0,227115000.0,1313071000.0,2832327538.0,34281000.0,-29000.0,7340000.0,496000.0,0.0,-5183000.0,-36133000.0,-35157000.0,75133000.0,464000.0,24627000.0,24627000.0,24627000.0,0.0,40924000.0,0.101,164424000.0,80194000.0,227115000.0,0.0,2.552,47.602,46.771,62402000.0,0.0,67.35,3.365,3.312,140118000.0,873137000.0,244618000.0,244618000.0,0.0,,,,,4031000.0,147354000.0,1.0,42053861.0,42252543,44694226.0,5.789,1406116000.0,0.0,17525000.0,322671000.0,33.279,358467000.0
47,AMG,MRQ,2009-09-30,2009-09-30,2009-09-30,2021-08-06,36515000.0,3324536000.0,,494546000.0,2829990000.0,,26.393,-438000.0,225250000.0,225250000.0,0.0,67860000.0,2.268,1.384,960872000.0,0.0,960872000.0,960872000.0,0.0,3167000.0,0.0,0.0,0.0,39286000.0,42453000.0,0.195,42453000.0,39286000.0,23135000.0,0.42,0.4,0.42,1104640000.0,,1104640000.0,3392595673.0,-275.0,2406.096,79724000.0,1.905,1.0,217461000.0,1.0,1992219000.0,16151000.0,1849891000.0,,0.0,775015000.0,112161000.0,662854000.0,1528557000.0,218048000.0,1310509000.0,2709540673.0,-49119000.0,-137860000.0,18139000.0,7196000.0,0.0,5333000.0,-136714000.0,1584000.0,80162000.0,2100000.0,17769000.0,17769000.0,17769000.0,0.0,50091000.0,0.082,154426000.0,63035000.0,218048000.0,0.0,2.453,-55.545,-47.109,64874000.0,0.0,65.01,3.302,3.316,132160000.0,848537000.0,217461000.0,217461000.0,0.0,,,,,4275000.0,132101000.0,1.0,41678829.0,41854249,44267107.0,5.196,1332317000.0,0.0,5366000.0,323308000.0,31.832,276498000.0
48,AMG,MRQ,2009-06-30,2009-06-30,2009-06-30,2021-08-06,10723000.0,3080296000.0,,508208000.0,2572088000.0,,26.664,-663000.0,274369000.0,274369000.0,0.0,56249000.0,4.172,1.306,957424000.0,0.0,957424000.0,957424000.0,0.0,3243000.0,0.0,0.0,0.0,31751000.0,34994000.0,0.174,34994000.0,31751000.0,15923000.0,0.26,0.26,0.26,1105253000.0,,1105253000.0,3118191214.0,342.0,137.426,71551000.0,1.726,1.0,201246000.0,1.0,1732364000.0,15828000.0,1909171000.0,,0.0,757018000.0,92349000.0,664669000.0,1443420000.0,121816000.0,1321604000.0,2401482214.0,37078000.0,-1411000.0,11622000.0,-2932000.0,0.0,-31643000.0,-4985000.0,-2911000.0,72214000.0,1492000.0,10979000.0,10979000.0,10979000.0,0.0,45270000.0,0.055,150349000.0,50897000.0,121816000.0,0.0,2.173,-47.954,-42.167,66885000.0,0.0,58.19,2.686,2.698,113899000.0,830768000.0,201246000.0,201246000.0,0.0,,,,,3417000.0,134326000.0,1.0,41269672.0,41450659,43159140.0,4.855,1347932000.0,0.0,4944000.0,338047000.0,32.519,386392000.0
49,AMG,MRQ,2009-03-31,2009-03-31,2009-03-31,2021-08-06,-13953000.0,2989274000.0,,431930000.0,2557344000.0,,27.148,-552000.0,237291000.0,237291000.0,0.0,23240000.0,4.196,1.304,954000000.0,0.0,954000000.0,954000000.0,0.0,3239000.0,0.0,0.0,0.0,29990000.0,33229000.0,0.186,33229000.0,29990000.0,10042000.0,0.15,0.15,0.15,1086542000.0,,1086542000.0,2853450395.0,58.0,45.654,15139000.0,0.378,1.0,178475000.0,1.0,1719944000.0,19948000.0,1883091000.0,,0.0,740208000.0,76134000.0,664074000.0,1417232000.0,102948000.0,1314284000.0,1712936395.0,-159140000.0,0.0,0.0,-235061000.0,0.0,-170707000.0,-3668000.0,-3116000.0,15691000.0,-456000.0,6125000.0,6125000.0,6125000.0,0.0,17115000.0,0.034,133750000.0,44725000.0,102948000.0,0.0,1.577,-64.827,-54.882,69158000.0,0.0,41.71,1.71,1.667,101317000.0,819789000.0,178475000.0,178475000.0,0.0,,,,,1177000.0,116667000.0,1.0,41067763.0,40022423,41082130.0,4.459,1269330000.0,0.0,3917000.0,331929000.0,31.715,328982000.0
50,AMG,MRQ,2008-12-31,2008-12-31,2008-12-31,2021-08-06,-4081000.0,3212700000.0,,630686000.0,2582014000.0,,23.393,-1463000.0,396431000.0,396431000.0,0.0,-63934000.0,3.004,1.886,1184083000.0,0.0,1184083000.0,1184083000.0,0.0,4095000.0,0.0,0.0,0.0,-113361000.0,-109266000.0,-0.489,-109266000.0,-113361000.0,-126971000.0,-2.21,-2.05,-2.21,924801000.0,,924801000.0,2965042048.0,32.0,28.362,76446000.0,1.934,1.0,223395000.0,1.0,1734991000.0,13610000.0,2055380000.0,,0.0,758075000.0,79188000.0,678887000.0,1743969000.0,209981000.0,1533988000.0,1721934048.0,-6579000.0,-14692000.0,-10907000.0,-26334000.0,0.0,-67843000.0,-16123000.0,32000.0,77909000.0,-522000.0,-83654000.0,-83654000.0,-83654000.0,0.0,19720000.0,-0.374,171886000.0,51509000.0,209981000.0,0.0,1.862,-1299.573,-1397.333,71845000.0,0.0,41.92,1.487,1.383,131099000.0,813664000.0,223395000.0,223395000.0,0.0,,,,,42766000.0,148250000.0,1.0,41076671.0,39533144,38211326.0,5.651,1477709000.0,0.0,-43317000.0,319491000.0,37.379,420705000.0
51,AMG,MRQ,2008-09-30,2008-09-30,2008-09-30,2021-08-06,47412000.0,3524181000.0,,726308000.0,2797873000.0,,30.407,-2950000.0,403010000.0,403010000.0,0.0,39388000.0,2.863,1.752,1646118000.0,0.0,1646118000.0,1646118000.0,0.0,2996000.0,0.0,0.0,0.0,60737000.0,63733000.0,0.219,63733000.0,60737000.0,40854000.0,0.42,0.39,0.42,1201751000.0,,1201751000.0,4762126738.0,15.0,14.244,184325000.0,4.664,1.0,290824000.0,1.0,1758247000.0,19883000.0,2755326000.0,,0.0,954104000.0,128121000.0,825983000.0,2105592000.0,253716000.0,1851876000.0,3383481738.0,209773000.0,0.0,-23816000.0,126437000.0,0.0,26951000.0,-2997000.0,-47000.0,187275000.0,-1456000.0,16471000.0,16471000.0,16471000.0,0.0,22917000.0,0.057,193641000.0,97183000.0,253716000.0,0.0,2.815,24.565,20.012,69714000.0,0.0,82.85,2.568,2.485,170582000.0,929347000.0,290824000.0,290824000.0,0.0,,,,,4290000.0,177185000.0,1.0,40838645.0,39522159,42063538.0,7.359,1765934000.0,0.0,24383000.0,271391000.0,44.682,472592000.0
52,AMG,MRQ,2008-06-30,2008-06-30,2008-06-30,2021-08-06,62289000.0,3342377000.0,,556126000.0,2786251000.0,,29.774,-2592000.0,193237000.0,193237000.0,0.0,85437000.0,2.777,1.658,1571882000.0,0.0,1571882000.0,1571882000.0,0.0,2902000.0,0.0,0.0,0.0,71903000.0,74805000.0,0.242,74805000.0,71903000.0,54976000.0,0.88,0.82,0.88,1170120000.0,,1170120000.0,5095443278.0,15.0,14.194,176981000.0,4.503,1.0,308964000.0,1.0,1769560000.0,16927000.0,2751211000.0,,0.0,989227000.0,158051000.0,831176000.0,1939961000.0,200251000.0,1739710000.0,3686693278.0,31009000.0,-50000000.0,4774000.0,-1554000.0,0.0,-96064000.0,-52142000.0,450000.0,179573000.0,-358000.0,34635000.0,34635000.0,34635000.0,0.0,50802000.0,0.112,205503000.0,103461000.0,200251000.0,0.0,3.151,22.501,17.487,69807000.0,0.0,90.06,2.686,2.579,179366000.0,904499000.0,308964000.0,308964000.0,0.0,,,,,5223000.0,189000000.0,1.0,40935968.0,39300624,42371454.0,7.862,1572817000.0,0.0,20341000.0,255447000.0,40.02,355875000.0
53,AMG,MRQ,2008-03-31,2008-03-31,2008-03-31,2021-08-06,52829000.0,3294370000.0,,547179000.0,2747191000.0,,32.459,-2548000.0,162228000.0,162228000.0,0.0,71008000.0,2.622,1.732,1570978000.0,0.0,1570978000.0,1570978000.0,0.0,2774000.0,0.0,0.0,0.0,72497000.0,75271000.0,0.225,75271000.0,72497000.0,49560000.0,0.91,0.81,0.91,1118880000.0,,1118880000.0,5208828704.0,14.0,14.023,47270000.0,1.371,1.0,335034000.0,1.0,1726104000.0,22937000.0,2768331000.0,,0.0,987069000.0,154783000.0,832286000.0,1938339000.0,208685000.0,1729654000.0,3306802704.0,-60726000.0,-10909000.0,203275000.0,-151852000.0,0.0,-87995000.0,-22350000.0,-8893000.0,49818000.0,-199000.0,31223000.0,31223000.0,31223000.0,0.0,39785000.0,0.093,220467000.0,114567000.0,208685000.0,0.0,2.955,19.327,16.004,69660000.0,0.0,90.74,2.37,2.242,209242000.0,869204000.0,335034000.0,335034000.0,0.0,,,,,4456000.0,203930000.0,1.0,36442613.0,34470123,40821649.0,9.72,1568266000.0,0.0,18337000.0,242902000.0,45.496,338494000.0
54,AMG,MRQ,2007-12-31,2007-12-31,2007-12-31,2021-08-06,64737000.0,3395705000.0,,649757000.0,2745948000.0,,16.49,-5439000.0,222954000.0,222954000.0,0.0,335481000.0,2.054,5.551,2124980000.0,0.0,2124980000.0,2124980000.0,0.0,2873000.0,0.0,0.0,0.0,117649000.0,120522000.0,0.315,120522000.0,117649000.0,87946000.0,1.93,1.49,1.93,469202000.0,,469202000.0,4766746246.0,13.0,12.709,276451000.0,9.716,1.0,382960000.0,1.0,1726989000.0,29703000.0,3254390000.0,,0.0,998384000.0,155894000.0,842490000.0,2604473000.0,316352000.0,2288121000.0,3512527246.0,16345000.0,-424478000.0,-232514000.0,664934000.0,0.0,162608000.0,-428150000.0,1767000.0,281890000.0,-3000.0,55405000.0,55405000.0,55405000.0,0.0,280076000.0,0.145,216332000.0,166628000.0,316352000.0,0.0,7.486,19.901,19.609,69879000.0,0.0,117.46,2.564,2.526,237636000.0,836426000.0,382960000.0,382960000.0,0.0,,,,,2458000.0,200536000.0,1.0,29904029.0,28454433,41087902.0,13.459,1668716000.0,0.0,32541000.0,257022000.0,58.645,333405000.0
55,AMG,MRQ,2007-09-30,2007-09-30,2007-09-30,2021-08-06,67482000.0,2755063000.0,,580001000.0,2175062000.0,,21.482,-3222000.0,206609000.0,206609000.0,0.0,42585000.0,2.383,2.9,1460828000.0,0.0,1460828000.0,1460828000.0,0.0,2793000.0,0.0,0.0,0.0,85594000.0,88387000.0,0.256,88387000.0,85594000.0,67596000.0,1.43,1.06,1.43,641382000.0,,641382000.0,5113168232.0,15.0,14.584,153410000.0,5.138,1.0,345605000.0,1.0,1721634000.0,17998000.0,2044267000.0,,0.0,439472000.0,155797000.0,283675000.0,1860200000.0,243381000.0,1616819000.0,3767532232.0,40800000.0,-4413000.0,-79914000.0,-36395000.0,0.0,-109162000.0,-8525000.0,-890000.0,156632000.0,1855000.0,42585000.0,42585000.0,42585000.0,0.0,0.0,0.123,217985000.0,127620000.0,243381000.0,0.0,5.874,22.156,22.489,67808000.0,0.0,127.51,2.864,2.894,197461000.0,775559000.0,345605000.0,345605000.0,0.0,,,,,3647000.0,201409000.0,1.0,29546955.0,29857038,42672886.0,11.575,1033429000.0,0.0,25011000.0,252053000.0,34.613,336620000.0
56,AMG,MRQ,2007-06-30,2007-06-30,2007-06-30,2021-08-06,44131000.0,2679610000.0,,518861000.0,2160749000.0,,19.833,-4074000.0,165809000.0,165809000.0,0.0,41887000.0,3.012,3.099,1511445000.0,0.0,1511445000.0,1511445000.0,0.0,2413000.0,0.0,0.0,0.0,84865000.0,87278000.0,0.263,87278000.0,84865000.0,66487000.0,1.4,1.04,1.4,591949000.0,,591949000.0,5253243702.0,16.0,15.761,114146000.0,3.824,1.0,331464000.0,1.0,1713388000.0,18378000.0,2139617000.0,,0.0,422173000.0,140738000.0,281435000.0,1834605000.0,172241000.0,1662364000.0,3835800702.0,41725000.0,-33704000.0,3133000.0,-39072000.0,0.0,-39104000.0,-38035000.0,-257000.0,118220000.0,644000.0,41887000.0,41887000.0,41887000.0,0.0,0.0,0.126,207520000.0,123944000.0,172241000.0,0.0,6.48,23.883,24.158,66885000.0,0.0,128.76,3.067,3.073,187725000.0,732974000.0,331464000.0,331464000.0,0.0,,,,,2531000.0,192070000.0,1.0,29790313.0,29847093,45230844.0,11.105,966222000.0,0.0,24600000.0,232393000.0,32.372,346620000.0
57,AMG,MRQ,2007-03-31,2007-03-31,2007-03-31,2021-08-06,17833000.0,2568085000.0,,453843000.0,2114242000.0,,17.299,-4086000.0,124084000.0,124084000.0,0.0,36622000.0,3.626,3.532,1541527000.0,0.0,1541527000.0,1541527000.0,0.0,2365000.0,0.0,0.0,0.0,76517000.0,78882000.0,0.255,78882000.0,76517000.0,58130000.0,1.23,0.93,1.23,513762000.0,,513762000.0,4525998052.0,15.0,14.367,-51425000.0,-1.732,1.0,309837000.0,1.0,1669475000.0,18387000.0,2190873000.0,,0.0,410587000.0,130500000.0,280087000.0,1814359000.0,125180000.0,1689179000.0,3244773052.0,-77645000.0,-25855000.0,-73378000.0,61991000.0,0.0,7224000.0,-37812000.0,-7871000.0,-47339000.0,282000.0,36622000.0,36622000.0,36622000.0,0.0,0.0,0.118,197535000.0,112302000.0,125180000.0,0.0,6.316,21.255,21.584,65224000.0,0.0,108.35,2.699,2.677,178269000.0,691087000.0,309837000.0,309837000.0,0.0,,,,,6183000.0,184438000.0,1.0,29947144.0,29698622,44600908.0,10.433,898610000.0,0.0,21508000.0,221605000.0,30.258,328663000.0
58,AMG,MRQ,2006-12-31,2006-12-31,2006-12-31,2021-08-06,14666000.0,2665920000.0,,554279000.0,2111641000.0,,16.688,-6548000.0,201729000.0,201729000.0,0.0,48954000.0,1.926,3.799,1482954000.0,0.0,1482954000.0,1482954000.0,0.0,2377000.0,0.0,0.0,0.0,93671000.0,96048000.0,0.292,96048000.0,93671000.0,77705000.0,1.61,1.17,1.61,499222000.0,,499222000.0,4347743247.0,15.0,14.234,63334000.0,2.117,1.0,328763000.0,1.0,1679293000.0,15966000.0,1980039000.0,,0.0,417306000.0,123866000.0,293440000.0,1896464000.0,287813000.0,1608651000.0,3172279247.0,-20333000.0,-102711000.0,-59926000.0,76063000.0,0.0,16414000.0,-106465000.0,2794000.0,69882000.0,-164000.0,48954000.0,48954000.0,48954000.0,0.0,0.0,0.149,185089000.0,143674000.0,287813000.0,0.0,6.354,20.97,21.766,63984000.0,0.0,105.13,2.711,2.811,201385000.0,654465000.0,328763000.0,328763000.0,0.0,,,,,1296000.0,168685000.0,1.0,30174824.0,29915455,38785928.0,10.99,986627000.0,0.0,28751000.0,218584000.0,32.981,266466000.0
59,AMG,MRQ,2006-09-30,2006-09-30,2006-09-30,2021-08-06,28544000.0,2531630000.0,,530532000.0,2001098000.0,,17.621,-3026000.0,222062000.0,222062000.0,0.0,33146000.0,1.682,3.302,1397526000.0,65750000.0,1331776000.0,1397526000.0,0.0,2239000.0,0.0,0.0,0.0,68863000.0,71102000.0,0.254,71102000.0,68863000.0,52613000.0,1.09,0.87,1.09,535184000.0,,535184000.0,4537210430.0,16.0,15.996,99819000.0,3.287,1.0,280440000.0,1.0,1583608000.0,16250000.0,1808115000.0,,0.0,393795000.0,107989000.0,285806000.0,1767212000.0,315371000.0,1451841000.0,3054838430.0,61656000.0,-3524000.0,-51162000.0,22000000.0,0.0,-27161000.0,-14071000.0,-7521000.0,102845000.0,43000.0,33146000.0,33146000.0,33146000.0,0.0,0.0,0.118,178381000.0,102059000.0,249621000.0,0.0,5.708,21.652,22.856,59862000.0,0.0,100.11,2.742,2.729,160442000.0,605511000.0,280440000.0,280440000.0,0.0,,,,,1805000.0,163787000.0,1.0,30514818.0,30371364,44399722.0,9.234,948022000.0,0.0,19467000.0,208351000.0,31.214,215161000.0
60,AMG,MRQ,2006-06-30,2006-06-30,2006-06-30,2021-08-06,29750000.0,2456762000.0,,463328000.0,1993434000.0,,17.404,-4801000.0,160406000.0,160406000.0,0.0,33936000.0,1.757,3.108,1642778000.0,65750000.0,1577028000.0,1642778000.0,0.0,2251000.0,0.0,0.0,0.0,66734000.0,68985000.0,0.244,68985000.0,66734000.0,51632000.0,1.09,0.86,1.09,543419000.0,,543419000.0,3725609061.0,14.0,13.803,125556000.0,4.021,1.0,283108000.0,1.0,1581721000.0,15102000.0,2093739000.0,,0.0,402821000.0,115097000.0,287724000.0,1689113000.0,263674000.0,1425439000.0,2721338061.0,45687000.0,-7669000.0,-330687000.0,275000000.0,0.0,-63841000.0,-21487000.0,-9017000.0,130357000.0,658000.0,33936000.0,33936000.0,33936000.0,0.0,0.0,0.12,178634000.0,104474000.0,197924000.0,0.0,5.008,19.944,21.039,59075000.0,0.0,86.89,2.549,2.541,147727000.0,572364000.0,283108000.0,283108000.0,0.0,,,,,647000.0,163947000.0,1.0,31319347.0,31224354,45213524.0,9.067,875041000.0,0.0,17696000.0,201255000.0,28.024,199654000.0
61,AMG,MRQ,2006-03-31,2006-03-31,2006-03-31,2021-08-06,16291000.0,2395281000.0,,437746000.0,1957535000.0,,24.244,-7136000.0,114719000.0,114719000.0,0.0,35240000.0,2.041,1.663,1118990000.0,65750000.0,1053240000.0,1118990000.0,0.0,1896000.0,0.0,0.0,0.0,67419000.0,69315000.0,0.249,69315000.0,67419000.0,55937000.0,1.05,0.81,1.05,816560000.0,,816560000.0,4421780613.0,18.0,17.505,-9219000.0,-0.274,1.0,278042000.0,1.0,1568440000.0,11482000.0,1616688000.0,,0.0,414409000.0,125600000.0,288809000.0,1358293000.0,214424000.0,1143869000.0,3596721613.0,-25704000.0,-9358000.0,-41938000.0,43500000.0,0.0,-494000.0,-23056000.0,-6562000.0,-2083000.0,-71000.0,35240000.0,35240000.0,35240000.0,0.0,0.0,0.127,174336000.0,103706000.0,148674000.0,0.0,4.405,27.935,27.908,55327000.0,0.0,106.61,3.622,3.616,154594000.0,538428000.0,278042000.0,278042000.0,0.0,,,,,3388000.0,160000000.0,1.0,33737188.0,33681230,46307678.0,8.255,826841000.0,0.0,20697000.0,193056000.0,24.549,223322000.0
62,AMG,MRQ,2005-12-31,2005-12-31,2005-12-31,2021-08-06,16756000.0,2321636000.0,,335369000.0,1986267000.0,,24.158,-5422000.0,140423000.0,140423000.0,0.0,38764000.0,1.307,1.663,965482000.0,65750000.0,899732000.0,965482000.0,0.0,1977000.0,0.0,0.0,0.0,72274000.0,74251000.0,0.272,74251000.0,72274000.0,61530000.0,1.15,0.9,1.15,817381000.0,,817381000.0,3566298804.0,16.0,15.234,62074000.0,1.835,1.0,272497000.0,1.0,1576941000.0,10744000.0,1313166000.0,,0.0,312457000.0,10981000.0,301476000.0,1359092000.0,256588000.0,1102504000.0,2724366804.0,1188000.0,-4409000.0,-22675000.0,-31363000.0,0.0,-56047000.0,-9831000.0,0.0,67496000.0,-430000.0,38764000.0,38764000.0,38764000.0,0.0,0.0,0.142,168486000.0,104011000.0,190838000.0,0.0,3.333,22.881,22.669,50592000.0,0.0,80.25,2.973,2.948,148850000.0,503188000.0,272497000.0,272497000.0,0.0,,,,,2839000.0,153208000.0,1.0,33948496.0,33834357,45362081.0,8.054,744695000.0,0.0,22766000.0,182623000.0,22.01,78781000.0
63,AMG,MRQ,2005-09-30,2005-09-30,2005-09-30,2021-08-06,16388000.0,2264020000.0,,305551000.0,1958469000.0,,23.894,-4112000.0,139235000.0,139235000.0,0.0,28510000.0,1.614,1.685,981167000.0,0.0,981167000.0,981167000.0,0.0,2035000.0,0.0,0.0,0.0,55325000.0,57360000.0,0.245,57360000.0,55325000.0,45254000.0,0.84,0.67,0.84,810637000.0,,810637000.0,3152205450.0,16.0,15.18,71167000.0,2.098,1.0,234126000.0,1.0,1571012000.0,10071000.0,1345589000.0,,0.0,297887000.0,0.0,297887000.0,1365831000.0,189351000.0,1176480000.0,2482541450.0,-32113000.0,-62375000.0,-182301000.0,140000000.0,0.0,-42329000.0,-66487000.0,0.0,75279000.0,1424000.0,28510000.0,28510000.0,28510000.0,0.0,0.0,0.122,153357000.0,80769000.0,189351000.0,0.0,3.062,23.972,23.064,47146000.0,0.0,72.42,2.998,2.967,136222000.0,464424000.0,234126000.0,234126000.0,0.0,,,,,5362000.0,139483000.0,1.0,34279777.0,33926047,44908036.0,6.901,693008000.0,0.0,16744000.0,173988000.0,20.427,116200000.0
64,AMG,MRQ,2005-06-30,2005-06-30,2005-06-30,2021-08-06,1385000.0,1975781000.0,,313407000.0,1662374000.0,,22.801,-2356000.0,171348000.0,171348000.0,0.0,26241000.0,2.352,1.482,841012000.0,0.0,841012000.0,841012000.0,0.0,1483000.0,0.0,0.0,0.0,50194000.0,51677000.0,0.248,51677000.0,50194000.0,41653000.0,0.78,0.63,0.78,765910000.0,,765910000.0,3017965737.0,17.0,16.047,64980000.0,1.934,1.0,208257000.0,1.0,1333186000.0,8541000.0,1179020000.0,,0.0,252492000.0,0.0,252492000.0,1135166000.0,133239000.0,1001927000.0,2289761737.0,48695000.0,-2893000.0,11804000.0,-10000000.0,0.0,-12584000.0,-5712000.0,-463000.0,67336000.0,-345000.0,26241000.0,26241000.0,26241000.0,0.0,0.0,0.126,132474000.0,75783000.0,133239000.0,0.0,2.99,24.929,23.808,42925000.0,0.0,68.33,3.014,3.021,111838000.0,435913000.0,208257000.0,208257000.0,0.0,,,,,5346000.0,120336000.0,1.0,33510343.0,33591741,44375152.0,6.2,642595000.0,0.0,15412000.0,137042000.0,19.13,180168000.0
65,AMG,MRQ,2005-03-31,2005-03-31,2005-03-31,2021-08-06,2754000.0,1923091000.0,,260749000.0,1662342000.0,,22.112,-2633000.0,122653000.0,122653000.0,0.0,25553000.0,2.301,1.52,850857000.0,0.0,850857000.0,850857000.0,0.0,1534000.0,0.0,0.0,0.0,49285000.0,50819000.0,0.252,50819000.0,49285000.0,41215000.0,0.77,0.61,0.77,736591000.0,,736591000.0,2777880479.0,16.0,15.575,-8666000.0,-0.26,1.0,201612000.0,1.0,1332769000.0,8070000.0,1205195000.0,,0.0,253239000.0,0.0,253239000.0,1119838000.0,113331000.0,1006507000.0,2067449479.0,-17624000.0,-15498000.0,-11064000.0,0.0,0.0,-11307000.0,1000.0,18132000.0,-6033000.0,-285000.0,25553000.0,25553000.0,25553000.0,0.0,0.0,0.127,127120000.0,74492000.0,113331000.0,0.0,2.807,24.458,22.639,42051000.0,0.0,62.03,2.912,2.91,109542000.0,409672000.0,201612000.0,201612000.0,0.0,,,,,395000.0,115011000.0,1.0,33329832.0,33311259,44075669.0,6.052,590322000.0,0.0,15662000.0,129070000.0,17.721,147418000.0
66,AMG,MRQ,2004-12-31,2004-12-31,2004-12-31,2021-08-06,1537000.0,1933421000.0,,277732000.0,1655689000.0,,22.593,-492000.0,140277000.0,140277000.0,0.0,23258000.0,2.103,1.609,850708000.0,0.0,850708000.0,850708000.0,0.0,1623000.0,0.0,0.0,0.0,46171000.0,47794000.0,0.26,47794000.0,46171000.0,38764000.0,0.75,0.58,0.75,707692000.0,,707692000.0,2553451246.0,16.0,15.273,48859000.0,1.56,1.0,183955000.0,1.0,1328976000.0,7407000.0,1182798000.0,,0.0,273770000.0,21173000.0,252597000.0,1138351000.0,132078000.0,1006273000.0,2008460246.0,-138338000.0,-391926000.0,205714000.0,-14244000.0,0.0,191035000.0,-379754000.0,12667000.0,49351000.0,1030000.0,23258000.0,23258000.0,23258000.0,0.0,0.0,0.126,108542000.0,75413000.0,132078000.0,0.0,2.838,26.034,26.358,40953000.0,0.0,67.74,3.043,3.079,91487000.0,384119000.0,183955000.0,183955000.0,0.0,,,,,2502000.0,97435000.0,1.0,29649546.0,31324091,41791518.0,5.873,604445000.0,0.0,15506000.0,124168000.0,19.296,145654000.0
67,AMG,MRQ,2004-09-30,2004-09-30,2004-09-30,2021-08-06,1689000.0,1685928000.0,,422822000.0,1263106000.0,,16.731,-2966000.0,314867000.0,314867000.0,0.0,16799000.0,3.079,2.297,859858000.0,9305000.0,850553000.0,859858000.0,0.0,1587000.0,0.0,0.0,0.0,36191000.0,37778000.0,0.228,37778000.0,36191000.0,27998000.0,0.57,0.46,0.57,491105000.0,,491105000.0,2168876225.0,14.0,13.909,48167000.0,1.641,1.0,165846000.0,1.0,1188272000.0,8193000.0,905305000.0,,0.0,0.0,0.0,0.0,1128155000.0,137342000.0,990813000.0,1552276225.0,-30005000.0,-2112000.0,145000.0,-73525000.0,0.0,-75901000.0,-5278000.0,-200000.0,51133000.0,41000.0,16799000.0,16799000.0,16799000.0,0.0,0.0,0.101,101449000.0,64397000.0,128037000.0,0.0,3.161,21.801,22.686,40884000.0,0.0,53.54,2.521,2.553,89004000.0,360861000.0,165846000.0,165846000.0,0.0,,,,,16000.0,89736000.0,1.0,28992832.0,29353068,38481044.0,5.65,497656000.0,0.0,11199000.0,115308000.0,16.954,285480000.0
68,AMG,MRQ,2004-06-30,2004-06-30,2004-06-30,2021-08-06,1763000.0,1702063000.0,,442989000.0,1259074000.0,,15.254,-2224000.0,344672000.0,344672000.0,0.0,18920000.0,3.879,2.73,961272000.0,7623000.0,953649000.0,961272000.0,0.0,1620000.0,0.0,0.0,0.0,40344000.0,41964000.0,0.265,41964000.0,40344000.0,31534000.0,0.65,0.51,0.65,442250000.0,,442250000.0,2063638948.0,14.0,13.452,63372000.0,2.186,1.0,158562000.0,1.0,1190989000.0,8810000.0,1013472000.0,,0.0,0.0,0.0,0.0,1207243000.0,114202000.0,1093041000.0,1460368948.0,-21631000.0,-75952000.0,-2457000.0,0.0,0.0,-2586000.0,-84702000.0,-6575000.0,65596000.0,61000.0,18920000.0,18920000.0,18920000.0,0.0,0.0,0.119,92150000.0,66412000.0,106579000.0,0.0,3.302,20.627,21.9,39505000.0,0.0,50.37,2.525,2.525,79895000.0,344062000.0,158562000.0,158562000.0,0.0,,,,,0.0,82916000.0,1.0,28992832.0,28992832,38197082.0,5.469,511074000.0,0.0,12614000.0,107775000.0,17.628,328787000.0
69,AMG,MRQ,2004-03-31,2004-03-31,2004-03-31,2021-08-06,1194000.0,1634861000.0,,456003000.0,1178858000.0,,13.951,-1295000.0,359734000.0,359734000.0,0.0,18170000.0,5.353,2.77,963004000.0,9510000.0,953494000.0,963004000.0,0.0,1539000.0,0.0,0.0,0.0,38112000.0,39651000.0,0.261,39651000.0,38112000.0,30797000.0,0.6,0.47,0.6,422854000.0,,422854000.0,1994279989.0,15.0,14.037,10511000.0,0.347,1.0,151634000.0,1.0,1110666000.0,7315000.0,1042275000.0,,0.0,0.0,0.0,0.0,1171206000.0,85190000.0,1086016000.0,1582529989.0,105969000.0,-4114000.0,-187590000.0,300000000.0,0.0,102695000.0,-8532000.0,-3017000.0,11806000.0,0.0,18170000.0,18170000.0,18170000.0,0.0,0.0,0.12,89974000.0,61660000.0,75680000.0,0.0,3.742,24.087,26.115,36641000.0,0.0,54.58,2.95,3.084,74120000.0,325142000.0,151634000.0,151634000.0,0.0,,,,,5509000.0,80612000.0,1.0,28994686.0,30310432,39974682.0,5.003,524195000.0,0.0,12627000.0,100785000.0,17.294,370813000.0
70,AMG,MRQ,2003-12-31,2003-12-31,2003-12-31,2021-08-06,944000.0,1519205000.0,,339483000.0,1179722000.0,,19.226,-678000.0,224282000.0,224282000.0,0.0,17313000.0,3.346,1.405,653340000.0,0.0,653340000.0,653340000.0,0.0,1547000.0,0.0,0.0,0.0,34996000.0,36543000.0,0.262,36543000.0,34996000.0,29343000.0,0.54,0.24,0.54,614769000.0,,614769000.0,1918199480.0,15.0,14.638,32803000.0,1.026,1.0,139616000.0,1.0,1116036000.0,5653000.0,730776000.0,,0.0,29052000.0,29052000.0,0.0,863642000.0,101451000.0,762191000.0,1484176480.0,-6811000.0,-11184000.0,2403000.0,-1725000.0,0.0,647000.0,-40939000.0,-29075000.0,33481000.0,0.0,17313000.0,17313000.0,17313000.0,0.0,0.0,0.124,80778000.0,58838000.0,101451000.0,0.0,2.414,24.52,24.418,36886000.0,0.0,46.393,2.998,2.987,65288000.0,306972000.0,139616000.0,139616000.0,0.0,,,,,619000.0,70630000.0,1.0,31991158.0,31976085,40113040.0,4.366,403169000.0,0.0,12030000.0,92707000.0,12.608,238032000.0
71,AMG,MRQ,2003-09-30,2003-09-30,2003-09-30,2021-08-06,714000.0,1475402000.0,,304210000.0,1171192000.0,,18.66,-20352000.0,231093000.0,231093000.0,0.0,16395000.0,3.3,1.427,665116000.0,11930000.0,653186000.0,665116000.0,0.0,1560000.0,0.0,0.0,0.0,33689000.0,35249000.0,0.274,35249000.0,33689000.0,27788000.0,0.51,0.5,0.51,594203000.0,,594203000.0,1798105671.0,15.0,14.526,28996000.0,0.911,1.0,128465000.0,1.0,1109499000.0,5901000.0,707738000.0,,0.0,0.0,0.0,0.0,848088000.0,92188000.0,755900000.0,1333423671.0,30581000.0,-1750000.0,4199000.0,-506000.0,0.0,3335000.0,-22102000.0,0.0,49348000.0,0.0,16395000.0,16395000.0,16395000.0,0.0,0.0,0.128,77867000.0,50598000.0,80258000.0,0.0,2.244,23.61,23.747,37755000.0,0.0,41.867,2.815,2.814,56215000.0,289659000.0,128465000.0,128465000.0,0.0,,,,,1506000.0,68501000.0,1.0,31849292.0,31843368,32951832.0,4.034,365903000.0,0.0,11393000.0,83818000.0,11.491,212022000.0
72,AMG,MRQ,2003-06-30,2003-06-30,2003-06-30,2021-08-06,322000.0,1424988000.0,,266048000.0,1158940000.0,,18.111,-1350000.0,200512000.0,200512000.0,0.0,13823000.0,3.387,1.446,665194000.0,12162000.0,653032000.0,665194000.0,0.0,1610000.0,0.0,0.0,0.0,29020000.0,30630000.0,0.262,30630000.0,29020000.0,23039000.0,0.44,0.43,0.44,571709000.0,,571709000.0,1777308156.0,16.0,15.139,34421000.0,1.09,1.0,116701000.0,1.0,1112073000.0,5981000.0,699047000.0,,0.0,0.0,0.0,0.0,826682000.0,78550000.0,748132000.0,1281551156.0,29127000.0,-2999000.0,4773000.0,-5110000.0,0.0,-501000.0,-6198000.0,-1852000.0,35771000.0,55000.0,13823000.0,13823000.0,13823000.0,0.0,0.0,0.118,70544000.0,46157000.0,66388000.0,0.0,2.242,24.225,24.671,18963000.0,0.0,40.633,2.783,2.785,51390000.0,273264000.0,116701000.0,116701000.0,0.0,,,,,914000.0,61091000.0,1.0,31539405.0,31566975,32228521.0,3.697,312915000.0,0.0,9216000.0,75797000.0,9.913,187498000.0
73,AMG,MRQ,2003-03-31,2003-03-31,2003-03-31,2021-08-06,-55000.0,1388435000.0,,229380000.0,1159055000.0,,17.183,-1509000.0,171385000.0,171385000.0,0.0,12997000.0,3.42,1.474,667142000.0,9697000.0,657445000.0,667142000.0,0.0,1514000.0,0.0,0.0,0.0,27103000.0,28617000.0,0.26,28617000.0,27103000.0,21662000.0,0.41,0.4,0.41,551359000.0,,551359000.0,1316143305.0,11.0,10.89,-3594000.0,-0.112,1.0,110247000.0,1.0,1112170000.0,5441000.0,704944000.0,,0.0,0.0,0.0,0.0,812869000.0,67078000.0,745791000.0,872480305.0,143677000.0,-3119000.0,-33688000.0,191201000.0,0.0,150216000.0,-4643000.0,0.0,-2085000.0,189000.0,12997000.0,12997000.0,12997000.0,0.0,0.0,0.118,68325000.0,41922000.0,57381000.0,0.0,1.582,16.029,16.625,19223000.0,0.0,27.713,1.843,1.878,45193000.0,259441000.0,110247000.0,110247000.0,0.0,,,,,0.0,58829000.0,1.0,31482330.0,32088223,32593413.0,3.436,276265000.0,0.0,8665000.0,68271000.0,8.61,162302000.0
74,AMG,MRQ,2002-12-31,2002-12-31,2002-12-31,2021-08-06,-244000.0,1242994000.0,,89515000.0,1153479000.0,,17.526,-1101000.0,27708000.0,27708000.0,0.0,13262000.0,0.955,1.12,471371000.0,12348000.0,459023000.0,471371000.0,0.0,1520000.0,0.0,0.0,0.0,27767000.0,29287000.0,0.248,29287000.0,27767000.0,22104000.0,0.403,0.267,0.403,571861000.0,,571861000.0,1550111356.0,13.0,12.471,34298000.0,1.051,1.0,118312000.0,1.0,1113064000.0,5663000.0,479841000.0,,0.0,0.0,0.0,0.0,640635000.0,93752000.0,546883000.0,1094252356.0,-50184000.0,-1677000.0,-2141000.0,-77955000.0,0.0,-85156000.0,-398000.0,2380000.0,35399000.0,-29000.0,13262000.0,13262000.0,13262000.0,0.0,0.0,0.112,73007000.0,45305000.0,81404000.0,0.0,1.913,19.56,19.842,19228000.0,0.0,33.533,2.268,2.295,50798000.0,246444000.0,118312000.0,118312000.0,0.0,,,,,0.0,62788000.0,1.0,32631780.0,32628908,38240591.0,3.626,129930000.0,0.0,8842000.0,61658000.0,3.982,-4237000.0
75,AMG,MRQ,2002-09-30,2002-09-30,2002-09-30,2021-08-06,-371000.0,1292821000.0,,136344000.0,1156477000.0,,17.06,-1183000.0,77892000.0,77892000.0,0.0,12819000.0,1.671,1.259,533751000.0,0.0,533751000.0,533751000.0,0.0,1525000.0,0.0,0.0,0.0,27340000.0,28865000.0,0.25,28865000.0,27340000.0,21366000.0,0.393,0.38,0.393,560613000.0,,560613000.0,1331575302.0,11.0,10.846,39165000.0,1.192,1.0,115258000.0,1.0,1113255000.0,5974000.0,553832000.0,,0.0,0.0,0.0,0.0,705718000.0,81593000.0,624125000.0,976028302.0,-50022000.0,-119025000.0,-18871000.0,47108000.0,0.0,28237000.0,-118642000.0,1566000.0,40348000.0,35000.0,12819000.0,12819000.0,12819000.0,0.0,0.0,0.111,70033000.0,45225000.0,81593000.0,0.0,1.741,17.656,17.84,19647000.0,0.0,29.74,2.056,2.059,47372000.0,233182000.0,115258000.0,115258000.0,0.0,,,,,1446000.0,60418000.0,1.0,32818706.0,32861013,33452702.0,3.507,179566000.0,0.0,8547000.0,55353000.0,5.464,54751000.0
76,AMG,MRQ,2002-06-30,2002-06-30,2002-06-30,2021-08-06,-564000.0,1240251000.0,,198029000.0,1042222000.0,,17.07,-2647000.0,127914000.0,127914000.0,0.0,15353000.0,2.694,1.131,483461000.0,0.0,483461000.0,483461000.0,0.0,1452000.0,0.0,0.0,0.0,32632000.0,34084000.0,0.263,34084000.0,32632000.0,25588000.0,0.46,0.447,0.46,568340000.0,,568340000.0,1733574562.0,15.0,14.588,38258000.0,1.149,1.0,129631000.0,1.0,996765000.0,7044000.0,525530000.0,,0.0,0.0,0.0,0.0,642655000.0,73503000.0,569152000.0,1360833562.0,17481000.0,-13645000.0,-7014000.0,-164000.0,0.0,-7178000.0,-16323000.0,0.0,40905000.0,77000.0,15353000.0,15353000.0,15353000.0,0.0,0.0,0.118,74071000.0,55560000.0,73503000.0,0.0,2.394,24.827,24.894,19853000.0,0.0,41.0,2.984,2.993,61149000.0,220362000.0,129631000.0,129631000.0,0.0,,,,,0.0,66107000.0,1.0,33191062.0,33294810,34294470.0,3.893,243486000.0,0.0,10235000.0,49251000.0,7.313,124526000.0
77,AMG,MRQ,2002-03-31,2002-03-31,2002-03-31,2021-08-06,-704000.0,1202727000.0,,179911000.0,1022816000.0,,16.749,-1220000.0,110433000.0,110433000.0,0.0,14508000.0,2.125,1.103,483174000.0,25000000.0,458174000.0,483174000.0,0.0,1350000.0,0.0,0.0,0.0,30716000.0,32066000.0,0.269,32066000.0,30716000.0,24180000.0,0.433,0.42,0.433,558363000.0,,558363000.0,1666865325.0,16.0,14.966,9428000.0,0.283,1.0,119335000.0,1.0,978766000.0,6536000.0,512026000.0,,0.0,1846000.0,0.0,1846000.0,615813000.0,84676000.0,531137000.0,1594326325.0,37006000.0,-2152000.0,1047000.0,28898000.0,0.0,29945000.0,-3554000.0,0.0,10648000.0,-33000.0,14508000.0,14508000.0,14508000.0,0.0,0.0,0.122,69597000.0,49738000.0,59676000.0,0.0,2.855,30.329,30.308,17724000.0,0.0,47.887,3.733,3.738,59164000.0,205010000.0,119335000.0,119335000.0,0.0,,,,,0.0,61049000.0,1.0,33293742.0,33337396,34444964.0,3.58,223961000.0,0.0,9672000.0,43578000.0,6.718,95235000.0
78,AMG,MRQ,2001-12-31,2001-12-31,2001-12-31,2021-08-06,-846000.0,1160321000.0,,140039000.0,1020282000.0,,16.322,-7045000.0,73427000.0,73427000.0,0.0,12600000.0,0.438,1.071,452894000.0,252894000.0,200000000.0,452894000.0,0.0,1507000.0,0.0,0.0,0.0,26247000.0,27754000.0,0.251,27754000.0,26247000.0,21001000.0,0.38,0.367,0.38,543340000.0,,543340000.0,1636900957.0,17.0,15.783,23753000.0,0.714,1.0,110488000.0,1.0,974956000.0,5246000.0,244802000.0,,0.0,1732000.0,0.0,1732000.0,581906000.0,320030000.0,261876000.0,1564361957.0,-131637000.0,-319986000.0,-4170000.0,168938000.0,0.0,164768000.0,-327183000.0,670000.0,30798000.0,-20000.0,12600000.0,12600000.0,12600000.0,0.0,0.0,0.114,67077000.0,43411000.0,67136000.0,0.0,2.879,31.294,31.179,17802000.0,0.0,46.987,3.832,3.822,57148000.0,190502000.0,110488000.0,110488000.0,0.0,,,,,2152000.0,54709000.0,1.0,33293742.0,33288099,34315395.0,3.319,185365000.0,0.0,8401000.0,38081000.0,5.569,-179991000.0
79,AMG,MRQ,2001-09-30,2001-09-30,2001-09-30,2021-08-06,-1485000.0,948565000.0,,259188000.0,689377000.0,,16.061,1768000.0,205064000.0,205064000.0,0.0,12352000.0,3.857,0.736,277603000.0,0.0,277603000.0,277603000.0,0.0,1376000.0,0.0,0.0,0.0,23555000.0,24931000.0,0.258,24931000.0,23555000.0,20585000.0,0.373,0.36,0.373,534343000.0,,534343000.0,1361248728.0,14.0,12.868,33943000.0,1.02,1.0,96584000.0,1.0,648755000.0,2970000.0,305153000.0,,0.0,1616000.0,0.0,1616000.0,393482000.0,67196000.0,326286000.0,1258970728.0,29229000.0,-2651000.0,-1257000.0,-650000.0,0.0,-1907000.0,-1106000.0,0.0,32175000.0,67000.0,12352000.0,12352000.0,12352000.0,0.0,0.0,0.128,60910000.0,35674000.0,67196000.0,0.0,2.356,24.13,24.077,14357000.0,0.0,37.873,3.052,3.054,44043000.0,177902000.0,96584000.0,96584000.0,0.0,,,,,0.0,49950000.0,1.0,33241614.0,33270087,34262748.0,2.903,299810000.0,0.0,8233000.0,35551000.0,9.011,191992000.0
80,AMG,MRQ,2001-06-30,2001-06-30,2001-06-30,2021-08-06,-1070000.0,920138000.0,,240369000.0,679769000.0,,15.79,-907000.0,175835000.0,175835000.0,0.0,13107000.0,3.944,0.718,278113000.0,0.0,278113000.0,278113000.0,0.0,1428000.0,0.0,0.0,0.0,25196000.0,26624000.0,0.264,26624000.0,25196000.0,21845000.0,0.393,0.387,0.393,523662000.0,,523662000.0,1478447722.0,14.0,13.383,29453000.0,0.888,1.0,100663000.0,1.0,641459000.0,3351000.0,320007000.0,,0.0,1905000.0,0.0,1905000.0,375992000.0,60950000.0,315042000.0,1358094722.0,148688000.0,-9487000.0,4392000.0,124511000.0,0.0,128903000.0,-10558000.0,0.0,30360000.0,-17000.0,13107000.0,13107000.0,13107000.0,0.0,0.0,0.13,62773000.0,37890000.0,60950000.0,0.0,2.593,25.057,25.107,14815000.0,0.0,41.0,3.128,3.132,54286000.0,165549000.0,100663000.0,100663000.0,0.0,,,,,0.0,51732000.0,1.0,33124262.0,33163602,33982426.0,3.035,278679000.0,0.0,8738000.0,34164000.0,8.403,179419000.0
81,AMG,MRQ,2001-03-31,2001-03-31,2001-03-31,2021-08-06,-1620000.0,768461000.0,,94018000.0,674443000.0,,15.278,-1046000.0,27147000.0,27147000.0,0.0,11930000.0,1.711,0.471,147500000.0,0.0,147500000.0,147500000.0,0.0,1358000.0,0.0,0.0,0.0,23044000.0,24402000.0,0.243,24402000.0,23044000.0,19883000.0,0.36,0.353,0.36,505614000.0,,505614000.0,1177976507.0,11.0,10.503,2546000.0,0.077,1.0,100475000.0,1.0,639087000.0,3161000.0,194784000.0,,0.0,1747000.0,0.0,1747000.0,238388000.0,54943000.0,183445000.0,1045147507.0,-4465000.0,-3844000.0,1052000.0,-4300000.0,0.0,-3248000.0,-4827000.0,0.0,3592000.0,18000.0,11930000.0,11930000.0,11930000.0,0.0,0.0,0.119,63163000.0,37312000.0,54943000.0,0.0,2.067,19.082,18.955,15087000.0,0.0,31.333,2.352,2.333,51313000.0,152443000.0,100475000.0,100475000.0,0.0,,,,,0.0,52288000.0,1.0,33355772.0,33094749,33851728.0,3.036,129374000.0,0.0,7953000.0,33159000.0,3.909,39075000.0
82,AMG,MRQ,2000-12-31,2000-12-31,2000-12-31,2021-08-06,-342000.0,793730000.0,,113186000.0,680544000.0,,14.846,4026000.0,31612000.0,31612000.0,0.0,14786000.0,1.304,0.553,151000000.0,0.0,151000000.0,151000000.0,0.0,1504000.0,0.0,0.0,0.0,28323000.0,29827000.0,0.26,29827000.0,28323000.0,24644000.0,0.447,0.433,0.447,493910000.0,,493910000.0,1353205493.0,12.0,11.669,24599000.0,0.739,1.0,114810000.0,1.0,643470000.0,3679000.0,182848000.0,,0.0,1816000.0,0.0,1816000.0,273143000.0,86800000.0,186343000.0,1220376493.0,-18359000.0,-3059000.0,-8414000.0,-31000000.0,0.0,-39414000.0,569000.0,-125000.0,20573000.0,-87000.0,14786000.0,14786000.0,14786000.0,0.0,0.0,0.129,70131000.0,44679000.0,86800000.0,0.0,2.471,21.54,21.611,15346000.0,0.0,36.587,2.66,2.669,66126000.0,140513000.0,114810000.0,114810000.0,0.0,,,,,0.0,59483000.0,1.0,33355772.0,33269865,34057850.0,3.451,150260000.0,0.0,9858000.0,31907000.0,4.516,26386000.0
83,AMG,MRQ,2000-09-30,2000-09-30,2000-09-30,2021-08-06,-255000.0,814628000.0,,122922000.0,691706000.0,,14.682,-1768000.0,49971000.0,49971000.0,0.0,14378000.0,1.476,0.616,182800000.0,0.0,182800000.0,182800000.0,0.0,1170000.0,0.0,0.0,0.0,28451000.0,29621000.0,0.251,29621000.0,28451000.0,24369000.0,0.433,0.427,0.433,487624000.0,,487624000.0,1434222944.0,9.0,8.321,40340000.0,1.215,1.0,118205000.0,1.0,646940000.0,4082000.0,217219000.0,,0.0,1970000.0,0.0,1970000.0,300156000.0,83298000.0,216858000.0,1259287944.0,1106000.0,-1526000.0,3447000.0,-41000000.0,0.0,-37553000.0,-3397000.0,-103000.0,42108000.0,-52000.0,14378000.0,14378000.0,14378000.0,0.0,0.0,0.122,74364000.0,43841000.0,83298000.0,0.0,2.582,14.551,14.713,21520000.0,0.0,37.96,1.997,2.0,63960000.0,125727000.0,118205000.0,118205000.0,0.0,,,,,0.0,63487000.0,1.0,33174076.0,33213291,33963518.0,3.559,167688000.0,0.0,9991000.0,31602000.0,5.049,39624000.0
84,AMG,MRQ,2000-06-30,2000-06-30,2000-06-30,2021-08-06,-203000.0,819255000.0,,123881000.0,695374000.0,,14.118,-6651000.0,48865000.0,48865000.0,0.0,13677000.0,1.807,0.69,223800000.0,0.0,223800000.0,223800000.0,0.0,984000.0,0.0,0.0,0.0,27322000.0,28306000.0,0.255,28306000.0,27322000.0,23180000.0,0.413,0.407,0.413,469851000.0,,469851000.0,1201434232.0,8.0,7.324,32743000.0,0.984,1.0,110895000.0,1.0,652242000.0,4142000.0,273379000.0,,0.0,1977000.0,0.0,1977000.0,324041000.0,68569000.0,255472000.0,1009014232.0,12985000.0,-752000.0,-14103000.0,-4500000.0,0.0,-18603000.0,-7682000.0,-65000.0,39394000.0,-124000.0,13677000.0,13677000.0,13677000.0,0.0,0.0,0.123,68915000.0,41980000.0,68569000.0,0.0,2.148,12.213,12.391,19351000.0,0.0,30.32,1.688,1.688,64123000.0,111349000.0,110895000.0,110895000.0,0.0,,,,,0.0,58913000.0,1.0,33278834.0,33281380,33760596.0,3.332,167013000.0,0.0,9503000.0,30199000.0,5.018,55312000.0
85,AMG,MRQ,2000-03-31,2000-03-31,2000-03-31,2021-08-06,-79000.0,822337000.0,,123609000.0,698728000.0,,13.801,-1842000.0,35880000.0,35880000.0,0.0,13815000.0,1.794,0.694,228300000.0,0.0,228300000.0,228300000.0,0.0,953000.0,0.0,0.0,0.0,27262000.0,28215000.0,0.246,28215000.0,27262000.0,23415000.0,0.407,0.4,0.407,470401000.0,,470401000.0,1186270728.0,8.0,7.614,49794000.0,1.461,1.0,114798000.0,1.0,658099000.0,3847000.0,287763000.0,,0.0,7239000.0,0.0,7239000.0,326552000.0,68895000.0,257657000.0,1064849728.0,-17999000.0,-99101000.0,-21376000.0,52985000.0,0.0,31609000.0,-101220000.0,-65000.0,51636000.0,-24000.0,13815000.0,13815000.0,13815000.0,0.0,0.0,0.12,70863000.0,43935000.0,68895000.0,0.0,2.264,13.572,13.726,13624000.0,0.0,31.667,1.883,1.909,73284000.0,97672000.0,114798000.0,114798000.0,0.0,,,,,0.0,61043000.0,1.0,33626834.0,34083740,34649582.0,3.368,164238000.0,0.0,9600000.0,27944000.0,4.819,54714000.0
86,AMG,MRQ,1999-12-31,1999-12-31,1999-12-31,2021-08-06,-55000.0,909073000.0,,299967000.0,609106000.0,,13.801,-2065000.0,53879000.0,53879000.0,0.0,44673000.0,1.761,0.779,175300000.0,0.0,175300000.0,175300000.0,0.0,1149000.0,0.0,0.0,0.0,85081000.0,86230000.0,0.301,86230000.0,85081000.0,82272000.0,1.327,1.307,1.327,477986000.0,,477986000.0,1056285817.0,8.0,7.306,11870000.0,0.343,1.0,286627000.0,1.0,571881000.0,2809000.0,288314000.0,,0.0,1563000.0,0.0,1563000.0,372291000.0,170299000.0,201992000.0,933514817.0,18350000.0,-2118000.0,-9108000.0,17180000.0,0.0,7893000.0,-3420000.0,-132000.0,13935000.0,-58000.0,44673000.0,44673000.0,44673000.0,0.0,0.0,0.156,162307000.0,124320000.0,170299000.0,0.0,1.953,12.932,12.441,12321000.0,0.0,26.96,1.8,1.729,239383000.0,83857000.0,286627000.0,286627000.0,0.0,,,,,0.0,152685000.0,1.0,34625920.0,34634424,34828280.0,8.276,337192000.0,0.0,37599000.0,25346000.0,9.736,129668000.0
87,AMG,MRQ,1999-09-30,1999-09-30,1999-09-30,2021-08-06,5000.0,691037000.0,,89252000.0,601785000.0,,12.67,-79000.0,35529000.0,35529000.0,0.0,10456000.0,1.754,0.515,158300000.0,0.0,158300000.0,158300000.0,0.0,861000.0,0.0,0.0,0.0,20421000.0,21282000.0,0.249,21282000.0,20421000.0,17722000.0,0.3,0.3,0.3,442481000.0,,442481000.0,777105856.0,10.0,9.995,18340000.0,0.525,1.0,85395000.0,1.0,575015000.0,2699000.0,187913000.0,,0.0,6647000.0,0.0,6647000.0,228068000.0,50880000.0,177188000.0,634454856.0,3380000.0,2686000.0,-327000.0,-16500000.0,0.0,-16827000.0,1686000.0,-443000.0,18419000.0,102000.0,10456000.0,10456000.0,10456000.0,0.0,0.0,0.122,53141000.0,32254000.0,50880000.0,0.0,1.434,17.229,15.228,11347000.0,0.0,18.167,2.031,2.031,45413000.0,39184000.0,85395000.0,85395000.0,0.0,,,,,0.0,44463000.0,1.0,34924120.0,34923838,35105310.0,2.445,116022000.0,0.0,7266000.0,17575000.0,3.322,38372000.0
88,AMG,MRQ,1999-06-30,1999-06-30,1999-06-30,2021-08-06,-99000.0,690394000.0,,80414000.0,609980000.0,,12.379,-2861000.0,32149000.0,32149000.0,0.0,9515000.0,1.872,0.541,174800000.0,0.0,174800000.0,174800000.0,0.0,1144000.0,0.0,0.0,0.0,18938000.0,20082000.0,0.256,20082000.0,18938000.0,16127000.0,0.273,0.273,0.273,432247000.0,,432247000.0,820862456.0,17.0,15.708,16969000.0,0.486,1.0,78577000.0,1.0,583351000.0,2811000.0,206727000.0,,0.0,6440000.0,0.0,6440000.0,233861000.0,42967000.0,190894000.0,702900456.0,-8689000.0,-40299000.0,6000.0,15995000.0,0.0,16001000.0,-44470000.0,-1130000.0,19830000.0,-50000.0,9515000.0,9515000.0,9515000.0,0.0,0.0,0.121,48339000.0,30238000.0,42967000.0,0.0,1.626,21.807,18.083,12068000.0,0.0,20.127,2.485,2.484,42476000.0,28728000.0,78577000.0,78577000.0,0.0,,,,,0.0,39604000.0,1.0,34923838.0,34917657,35140864.0,2.25,107043000.0,0.0,6612000.0,14797000.0,3.066,37447000.0
89,AMG,MRQ,1999-03-31,1999-03-31,1999-03-31,2021-08-06,-49000.0,655348000.0,,84650000.0,570698000.0,,14.816,-1045000.0,40838000.0,40838000.0,0.0,7544000.0,2.225,0.497,158800000.0,0.0,158800000.0,158800000.0,0.0,747000.0,0.0,0.0,0.0,16231000.0,16978000.0,0.249,16978000.0,16231000.0,12786000.0,0.267,0.24,0.267,422775000.0,,422775000.0,794911534.0,18.0,17.071,35890000.0,1.258,1.0,68127000.0,1.0,547270000.0,3445000.0,187997000.0,,0.0,1486000.0,0.0,1486000.0,210126000.0,38043000.0,172083000.0,605346534.0,17103000.0,-63769000.0,101643000.0,-54675000.0,0.0,46968000.0,-66735000.0,-1198000.0,36935000.0,-65000.0,7544000.0,7544000.0,7544000.0,0.0,0.0,0.111,42280000.0,25847000.0,38043000.0,0.0,1.432,21.142,16.245,10035000.0,0.0,17.333,2.32,1.896,38892000.0,19213000.0,68127000.0,68127000.0,0.0,,,,,0.0,34279000.0,1.0,34923838.0,28534540,31089532.0,2.388,108078000.0,0.0,5242000.0,0.0,3.788,46607000.0
90,AMG,MRQ,1998-12-31,1998-12-31,1998-12-31,2021-08-06,16000.0,605334000.0,,95811000.0,509523000.0,,11.954,-1655000.0,23735000.0,23735000.0,0.0,9310000.0,1.483,0.853,213300000.0,22000000.0,191300000.0,213300000.0,0.0,858000.0,0.0,0.0,0.0,18553000.0,19411000.0,0.242,19411000.0,18553000.0,15517000.0,0.353,0.32,0.353,313655000.0,,313655000.0,695067716.0,12.0,11.802,8119000.0,0.309,1.0,80293000.0,1.0,490949000.0,3036000.0,239333000.0,,0.0,3040000.0,0.0,3040000.0,267531000.0,64617000.0,202914000.0,523844716.0,-6142000.0,-1188000.0,-1135000.0,-9963000.0,0.0,-11098000.0,-4820000.0,-1520000.0,9774000.0,2000.0,9310000.0,9310000.0,9310000.0,0.0,0.0,0.116,47788000.0,32505000.0,42617000.0,0.0,1.67,20.502,20.6,8001000.0,0.0,19.92,2.196,2.203,66939000.0,11669000.0,80293000.0,80293000.0,0.0,,,,,0.0,41123000.0,1.0,26297426.0,26237590,29177025.0,3.06,114385000.0,0.0,6207000.0,10410000.0,4.36,31194000.0
91,AMG,MRQ,1998-09-30,1998-09-30,1998-09-30,2021-08-06,15000.0,557780000.0,,68793000.0,488987000.0,,11.551,-798000.0,29877000.0,29877000.0,0.0,5864000.0,3.376,0.757,201100000.0,0.0,201100000.0,201100000.0,0.0,736000.0,0.0,0.0,0.0,-4948000.0,-4212000.0,-0.075,-4212000.0,-4948000.0,-8512000.0,0.22,0.2,0.22,305423000.0,,305423000.0,496738106.0,29.0,25.127,9512000.0,0.36,1.0,55892000.0,1.0,473655000.0,3564000.0,234969000.0,,0.0,1277000.0,0.0,1277000.0,231093000.0,20379000.0,210714000.0,318215106.0,-6700000.0,-1389000.0,-1534000.0,-13924000.0,0.0,-15458000.0,-1559000.0,232000.0,10310000.0,7000.0,5864000.0,5864000.0,5864000.0,0.0,0.0,0.105,34543000.0,21349000.0,20379000.0,0.0,1.042,45.201,-4.236,6829000.0,0.0,12.0,1.589,1.585,35384000.0,2359000.0,55892000.0,55892000.0,0.0,,,,,0.0,27471000.0,1.0,26517926.0,26441758,29320474.0,2.114,84125000.0,0.0,-14376000.0,0.0,3.182,48414000.0
92,AMG,MRQ,1998-06-30,1998-06-30,1998-06-30,2021-08-06,8000.0,566297000.0,,73471000.0,492826000.0,,11.393,-1036000.0,36577000.0,36577000.0,0.0,5915000.0,3.243,0.814,215100000.0,0.0,215100000.0,215100000.0,0.0,600000.0,0.0,0.0,0.0,13787000.0,14387000.0,0.254,14387000.0,13787000.0,9858000.0,0.227,0.2,0.227,301142000.0,,301142000.0,850931299.0,37.0,33.211,15291000.0,0.579,1.0,56586000.0,1.0,476795000.0,3929000.0,245371000.0,,0.0,1310000.0,0.0,1310000.0,244983000.0,22654000.0,222329000.0,657335299.0,7073000.0,173000.0,-5000.0,-8036000.0,0.0,-8041000.0,-1215000.0,156000.0,16327000.0,2000.0,5915000.0,5915000.0,5915000.0,0.0,0.0,0.105,34353000.0,22233000.0,22654000.0,0.0,2.183,504.478,-8.498,6716000.0,0.0,24.753,3.99,3.972,34418000.0,-3505000.0,56586000.0,56586000.0,0.0,,,,,0.0,27320000.0,1.0,26555426.0,26432056,29574674.0,2.141,89502000.0,0.0,3943000.0,0.0,3.386,50817000.0
93,AMG,MRQ,1998-03-31,1998-03-31,1998-03-31,2021-08-06,6000.0,560715000.0,,64022000.0,496693000.0,,11.186,-824000.0,29504000.0,29504000.0,0.0,4462000.0,,0.828,223100000.0,,,223100000.0,0.0,513000.0,0.0,0.0,0.0,10511000.0,11024000.0,0.241,11024000.0,10511000.0,7437000.0,0.167,0.167,0.167,295230000.0,,295230000.0,755036161.0,76.0,62.02,8189000.0,0.31,1.0,45723000.0,1.0,481487000.0,3074000.0,272824000.0,,0.0,1279000.0,0.0,1279000.0,244393000.0,,,617502161.0,6738000.0,-64173000.0,0.0,62760000.0,0.0,62760000.0,-65071000.0,107000.0,9013000.0,36000.0,4462000.0,4462000.0,4462000.0,0.0,0.0,0.098,29030000.0,16693000.0,17427000.0,0.0,2.092,-134.826,-7.501,6194000.0,0.0,23.253,4.962,4.932,32117000.0,-9420000.0,45723000.0,45723000.0,0.0,,,,,0.0,23398000.0,1.0,26555426.0,26391832,27264642.0,1.732,79228000.0,0.0,2975000.0,0.0,3.002,
94,AMG,MRQ,1997-12-31,1997-12-31,1997-12-31,2021-08-06,-30000.0,456990000.0,,52058000.0,404932000.0,,76.259,-103000.0,22766000.0,22766000.0,0.0,-9201000.0,2.767,0.696,160300000.0,0.0,160300000.0,160300000.0,0.0,856000.0,0.0,0.0,0.0,-2286000.0,-1430000.0,-0.034,-1430000.0,-2286000.0,-8058000.0,-3.447,-0.76,-3.447,259740000.0,,259740000.0,,,,9353000.0,2.746,1.0,42007000.0,1.0,392573000.0,5772000.0,183136000.0,,0.0,1237000.0,0.0,1237000.0,180771000.0,18815000.0,161956000.0,513404893.0,12324000.0,-300581000.0,217011000.0,84869000.0,0.0,303080000.0,-300268000.0,94000.0,9456000.0,56000.0,-9201000.0,-9201000.0,-9201000.0,0.0,0.0,-0.219,28418000.0,13589000.0,18815000.0,0.0,1.977,-61.353,-7.859,4724000.0,0.0,19.333,5.388,0.691,27061000.0,-13882000.0,42007000.0,42007000.0,0.0,,,,,0.0,23864000.0,1.0,26555426.0,3406026,12353294.0,12.333,64417000.0,0.0,1143000.0,0.0,18.913,33243000.0
95,AMG,MRQ,1997-09-30,1997-09-30,1997-09-30,2021-08-06,,,,,,,,-521000.0,,,0.0,127000.0,,,,,,,,388000.0,,,0.0,1253000.0,1641000.0,0.08,1641000.0,1253000.0,253000.0,0.14,0.013,0.14,,,,,,,-2483000.0,-2.75,1.0,20410000.0,1.0,,1000000.0,,,,,,,,,,,-2855000.0,-14448000.0,0.0,14400000.0,0.0,14400000.0,-15210000.0,81000.0,-1962000.0,-83000.0,127000.0,127000.0,127000.0,0.0,0.0,0.006,17140000.0,3270000.0,,0.0,,,,,0.0,,,,,,20410000.0,20410000.0,0.0,,,,,0.0,14359000.0,1.0,,903057,10293642.0,22.601,,,126000.0,,,
96,AMG,MRQ,1997-06-30,1997-06-30,1997-06-30,2021-08-06,,,,,,,,-587000.0,,,0.0,32000.0,,,,,,,,437000.0,,,0.0,502000.0,939000.0,0.058,939000.0,502000.0,-419000.0,0.04,0.0,0.04,,,,,,,6132000.0,7.114,1.0,16302000.0,1.0,,921000.0,,,,,,,,,,,5869000.0,-10867000.0,0.0,10000000.0,0.0,10000000.0,-10870000.0,54000.0,6719000.0,20000.0,32000.0,32000.0,32000.0,0.0,0.0,0.002,14161000.0,2141000.0,,0.0,,,,,0.0,,,,,,16302000.0,16302000.0,0.0,,,,,0.0,11455000.0,1.0,,861944,10284946.0,18.913,,,-451000.0,,,
97,AMG,MRQ,1997-03-31,1997-03-31,1997-03-31,2021-08-06,,,,,,,,-437000.0,,,0.0,674000.0,,,,,,,,234000.0,,,0.0,2006000.0,2240000.0,0.135,2240000.0,2006000.0,1220000.0,0.873,0.067,0.873,,,,,,,1555000.0,2.014,1.0,16568000.0,1.0,,786000.0,,,,,,,,,,,661000.0,0.0,10000.0,-378000.0,0.0,-368000.0,-927000.0,0.0,1992000.0,-36000.0,674000.0,674000.0,674000.0,0.0,0.0,0.041,13007000.0,3561000.0,,0.0,,,,,0.0,,,,,,16568000.0,16568000.0,0.0,,,,,0.0,10853000.0,1.0,,771928,10249350.0,21.463,,,546000.0,,,
98,AMG,MRQ,1996-12-31,1996-12-31,1996-12-31,2021-08-06,22000.0,101335000.0,,23064000.0,78271000.0,,57.094,,6767000.0,6767000.0,,,0.978,1.645,40779000.0,7379000.0,33400000.0,40779000.0,0.0,,0.0,,0.0,,,,,,,,,,36989000.0,,36989000.0,,,,,,1.0,,,71472000.0,,40284000.0,,0.0,1032000.0,0.0,1032000.0,60856000.0,23591000.0,37265000.0,,,,,,,,,,,,,,,,,,,,16212000.0,,,,,2999000.0,,,,,15491000.0,-5514000.0,,,,,,,,,,1.0,,647862,,,29863000.0,0.0,,0.0,46.095,-527000.0
0,AMG,MRT,2021-06-30,2021-06-30,2021-06-30,2021-08-06,-64800000.0,8021700000.0,7815175000.0,,,0.281,62.731,-6100000.0,777900000.0,777900000.0,0.0,721900000.0,,1.574,2299300000.0,,,2299300000.0,0.0,17400000.0,0.0,0.0,0.04,748200000.0,765600000.0,0.349,765600000.0,748200000.0,643400000.0,10.19,9.99,10.19,2609600000.0,2722350000.0,2609600000.0,7957689955.0,11.0,10.394,1178700000.0,28.334,1.0,2194500000.0,1.0,3706500000.0,104800000.0,5836600000.0,5542900000.0,0.0,2494000000.0,,,4108100000.0,,,6420789955.0,102400000.0,-186900000.0,-616700000.0,252200000.0,-1900000.0,-871100000.0,-227500000.0,-34500000.0,1184800000.0,16200000.0,446100000.0,446100000.0,446100000.0,0.0,275800000.0,0.203,1409500000.0,785000000.0,843500000.0,0.004,2.46,14.393,15.133,75800000.0,0.0,154.21,2.926,2.923,711800000.0,4263400000.0,2194500000.0,2194500000.0,0.0,0.057,0.164,0.135,0.341,119700000.0,1280100000.0,1.0,41636664.0,41600000,44600000.0,52.752,4315200000.0,0.0,197300000.0,497100000.0,103.731,
1,AMG,MRT,2021-03-31,2021-03-31,2021-03-31,2021-08-06,-73800000.0,7680600000.0,7683775000.0,,,0.271,62.235,-6600000.0,766200000.0,766200000.0,0.0,601200000.0,,1.419,2303100000.0,,,2303100000.0,0.0,18300000.0,0.0,0.0,0.04,597800000.0,616100000.0,0.296,616100000.0,597800000.0,497500000.0,8.22,8.09,8.22,2651200000.0,2783625000.0,2651200000.0,7624401369.0,13.0,12.375,1106000000.0,25.962,1.0,2079300000.0,1.0,3710500000.0,100300000.0,5507000000.0,5378100000.0,0.0,2401000000.0,,,3762700000.0,,,6352001369.0,176200000.0,-55600000.0,-567700000.0,259800000.0,-2000000.0,-858600000.0,-93700000.0,-31500000.0,1112600000.0,15900000.0,367800000.0,367800000.0,367800000.0,0.0,233400000.0,0.177,1433700000.0,645600000.0,543500000.0,0.005,2.396,17.27,18.13,76100000.0,0.0,149.03,3.055,3.053,509300000.0,4154900000.0,2079300000.0,2079300000.0,0.0,0.048,0.132,0.111,0.288,129300000.0,1232700000.0,1.0,42622300.0,42600000,45400000.0,48.81,3970100000.0,0.0,129700000.0,432900000.0,93.195,
2,AMG,MRT,2020-12-31,2020-12-31,2020-12-31,2021-08-06,-98300000.0,7888900000.0,7634200000.0,,,0.266,59.778,-8500000.0,1039700000.0,1039700000.0,0.0,427000000.0,,1.403,2312100000.0,,,2312100000.0,0.0,19100000.0,0.0,0.003,0.35,375900000.0,395000000.0,0.195,395000000.0,375900000.0,283600000.0,4.34,4.33,4.34,2779700000.0,2865825000.0,2779700000.0,5994619700.0,16.0,15.176,1000800000.0,21.523,1.0,2027500000.0,1.0,3710200000.0,92300000.0,5451100000.0,5296200000.0,0.0,2406900000.0,,,3900100000.0,,,4613219700.0,502300000.0,-44500000.0,-335100000.0,524800000.0,-16800000.0,-455400000.0,-53700000.0,-700000.0,1009300000.0,2100000.0,202200000.0,202200000.0,202200000.0,0.0,224800000.0,0.1,1417500000.0,610000000.0,712400000.0,0.081,1.66,22.815,23.433,79600000.0,0.0,101.7,2.275,2.332,421600000.0,4005500000.0,2027500000.0,2027500000.0,0.0,0.026,0.071,0.071,0.185,119200000.0,1205100000.0,1.0,45361059.0,46500000,46700000.0,43.602,4178700000.0,0.0,81400000.0,423400000.0,89.865,
3,AMG,MRT,2020-09-30,2020-09-30,2020-09-30,2021-08-06,-154900000.0,7669500000.0,7575350000.0,,,0.268,61.531,-10000000.0,929400000.0,929400000.0,0.0,327100000.0,,1.295,2310800000.0,,,2310800000.0,0.0,19300000.0,0.0,0.01,0.66,234800000.0,254100000.0,0.125,254100000.0,234800000.0,150400000.0,2.3,2.29,2.3,2848900000.0,2905275000.0,2848900000.0,4544499816.0,19.0,17.885,929300000.0,20.071,1.0,2028800000.0,1.0,3674000000.0,84400000.0,5376900000.0,5201925000.0,0.0,2266400000.0,,,3689100000.0,,,3183299816.0,531100000.0,86500000.0,-345700000.0,524800000.0,-32000000.0,-522000000.0,107500000.0,31000000.0,939300000.0,6300000.0,108900000.0,108900000.0,108900000.0,0.0,218200000.0,0.054,1483700000.0,545100000.0,514800000.0,0.287,1.117,29.231,29.73,81600000.0,0.0,68.38,1.569,1.561,404800000.0,3890100000.0,2028800000.0,2028800000.0,0.0,0.014,0.037,0.045,0.116,110200000.0,1203100000.0,1.0,46553083.0,46300000,46500000.0,43.819,3995500000.0,0.0,41500000.0,400400000.0,86.296,
4,AMG,MRT,2020-06-30,2020-06-30,2020-06-30,2021-08-06,-170400000.0,7496100000.0,7577725000.0,,,0.275,60.481,-7800000.0,681600000.0,681600000.0,0.0,361400000.0,,1.216,2042800000.0,,,2042800000.0,0.0,20800000.0,0.0,0.013,0.97,238500000.0,259300000.0,0.124,259300000.0,238500000.0,158400000.0,2.47,2.47,2.47,2854700000.0,2960550000.0,2854700000.0,4974799354.0,21.0,19.185,987500000.0,20.922,1.0,2083000000.0,1.0,3679900000.0,80100000.0,5177400000.0,5161875000.0,0.0,2256400000.0,,,3472100000.0,,,3522099354.0,323600000.0,-16000000.0,-327600000.0,249800000.0,-47700000.0,-690600000.0,21700000.0,45500000.0,995300000.0,-2800000.0,123900000.0,123900000.0,123900000.0,0.0,237500000.0,0.059,1502200000.0,580800000.0,572500000.0,0.393,1.234,28.427,30.186,85800000.0,0.0,74.56,1.691,1.69,497100000.0,3819300000.0,2083000000.0,2083000000.0,0.0,0.016,0.042,0.046,0.114,105900000.0,1230000000.0,1.0,47238457.0,47200000,47300000.0,44.131,3816200000.0,0.0,34500000.0,388300000.0,80.852,
5,AMG,MRT,2020-03-31,2020-03-31,2020-03-31,2021-08-06,-146500000.0,7482300000.0,7635650000.0,,,0.289,62.343,-9200000.0,592200000.0,592200000.0,0.0,478100000.0,,1.138,2044900000.0,,,2044900000.0,0.0,21200000.0,0.0,0.022,1.28,345300000.0,366500000.0,0.166,366500000.0,345300000.0,267800000.0,3.93,3.93,3.93,2980000000.0,3053200000.0,2980000000.0,4085099622.0,12.0,11.146,1023400000.0,21.41,1.0,2203800000.0,1.0,3755600000.0,77500000.0,5179400000.0,5183175000.0,0.0,2316200000.0,,,3391600000.0,,,2830899622.0,289000000.0,-40000000.0,-365300000.0,259400000.0,-63600000.0,-728700000.0,-8400000.0,40800000.0,1032600000.0,-6500000.0,200900000.0,200900000.0,200900000.0,0.0,277200000.0,0.091,1507800000.0,696000000.0,414000000.0,0.326,0.95,14.091,15.048,88900000.0,0.0,59.14,1.285,1.283,437300000.0,3789100000.0,2203800000.0,2203800000.0,0.0,0.026,0.066,0.067,0.157,95700000.0,1294100000.0,1.0,47867765.0,47800000,47800000.0,46.105,3726700000.0,0.0,66900000.0,393400000.0,77.964,
6,AMG,MRT,2019-12-31,2019-12-31,2019-12-31,2021-08-06,-108800000.0,7653500000.0,7684325000.0,,,0.291,58.168,-9600000.0,539600000.0,539600000.0,0.0,305100000.0,,1.102,1793800000.0,,,1793800000.0,0.0,21300000.0,0.0,0.015,1.28,94800000.0,116100000.0,0.052,116100000.0,94800000.0,18600000.0,0.31,0.31,0.31,2937500000.0,3093300000.0,2937500000.0,5565422754.0,59.0,47.936,919500000.0,18.208,1.0,2239600000.0,1.0,3833700000.0,76200000.0,5074000000.0,5193475000.0,0.0,2466800000.0,,,3237700000.0,,,4175322754.0,-21300000.0,-44600000.0,-356100000.0,-39300000.0,-65300000.0,-934700000.0,-24400000.0,29800000.0,929100000.0,8700000.0,15700000.0,15700000.0,15700000.0,0.0,289400000.0,0.007,1542600000.0,697000000.0,634600000.0,4.129,1.421,265.944,273.355,92300000.0,0.0,84.74,1.864,1.911,417100000.0,3819800000.0,2239600000.0,2239600000.0,0.0,0.002,0.005,0.018,0.042,90400000.0,1319800000.0,1.0,49272159.0,50500000,50600000.0,44.349,3819800000.0,0.0,2900000.0,450200000.0,75.64,
7,AMG,MRT,2019-09-30,2019-09-30,2019-09-30,2021-08-06,-125000000.0,7679000000.0,7825725000.0,,,0.287,60.913,-11600000.0,402500000.0,402500000.0,0.0,110500000.0,,1.042,1792600000.0,,,1792600000.0,0.0,22200000.0,0.0,0.015,1.26,-43100000.0,-20900000.0,-0.009,-20900000.0,-43100000.0,-118500000.0,-2.82,-2.8,-2.82,3070000000.0,3223275000.0,3070000000.0,5652206826.0,-131.0,-270.441,869400000.0,17.25,1.0,2248500000.0,1.0,3852400000.0,75400000.0,5216700000.0,5309950000.0,0.0,2595500000.0,,,3198700000.0,,,4220806826.0,-39800000.0,-133500000.0,-301500000.0,-58400000.0,-65400000.0,-775600000.0,-137200000.0,7900000.0,881000000.0,-8000000.0,-158100000.0,-158100000.0,-158100000.0,0.0,268600000.0,-0.07,1525700000.0,722800000.0,648000000.0,-0.447,1.375,-26.697,-29.557,92900000.0,0.0,83.35,1.877,1.868,485100000.0,3813600000.0,2248500000.0,2248500000.0,0.0,-0.02,-0.049,-0.008,-0.019,86800000.0,1320700000.0,1.0,50639554.0,50400000,50400000.0,44.613,3826600000.0,0.0,39600000.0,411600000.0,75.925,
8,AMG,MRT,2019-06-30,2019-06-30,2019-06-30,2021-08-06,-95100000.0,7727800000.0,8040675000.0,,,0.286,63.241,-14700000.0,360000000.0,360000000.0,0.0,150300000.0,,0.984,1791400000.0,,,1791400000.0,0.0,21400000.0,0.0,0.013,1.24,13600000.0,35000000.0,0.015,35000000.0,13600000.0,-61900000.0,-2.18,-2.17,-2.18,3225300000.0,3360325000.0,3225300000.0,6193007556.0,455.0,176.943,857800000.0,16.82,1.0,2300800000.0,1.0,3896600000.0,75500000.0,5262600000.0,5487350000.0,0.0,2573800000.0,,,3174800000.0,,,4717507556.0,-27000000.0,-31000000.0,-318100000.0,-94900000.0,-65200000.0,-857700000.0,-35700000.0,10000000.0,872500000.0,-6100000.0,-119500000.0,-119500000.0,-119500000.0,0.0,269800000.0,-0.052,1573800000.0,727000000.0,607100000.0,-0.569,1.463,-39.477,-42.266,99800000.0,0.0,92.14,2.05,2.042,528700000.0,3743700000.0,2300800000.0,2300800000.0,0.0,-0.015,-0.036,0.002,0.006,93600000.0,1363600000.0,1.0,51199344.0,51000000,51000000.0,45.114,3831200000.0,0.0,57600000.0,421700000.0,75.122,
9,AMG,MRT,2019-03-31,2019-03-31,2019-03-31,2021-08-06,-106900000.0,7677000000.0,8231350000.0,,,0.281,60.509,-16200000.0,305200000.0,305200000.0,0.0,175300000.0,,1.007,1780700000.0,,,1780700000.0,0.0,21700000.0,0.0,0.011,1.22,23000000.0,44700000.0,0.019,44700000.0,23000000.0,-54200000.0,-2.12,-2.12,-2.12,3140400000.0,3463825000.0,3140400000.0,6839036793.0,297.0,152.999,901500000.0,17.37,1.0,2309000000.0,1.0,3931900000.0,77200000.0,5220600000.0,5656300000.0,0.0,2562400000.0,,,3161900000.0,,,5574936793.0,-23200000.0,-12600000.0,-397000000.0,-84300000.0,-65000000.0,-913700000.0,-14400000.0,14400000.0,917700000.0,-12800000.0,-110200000.0,-110200000.0,-110200000.0,0.0,285500000.0,-0.048,1567100000.0,741900000.0,576500000.0,-0.575,1.775,-50.589,-50.524,102300000.0,0.0,107.11,2.414,2.408,535500000.0,3652600000.0,2309000000.0,2309000000.0,0.0,-0.013,-0.032,0.004,0.01,90500000.0,1355600000.0,1.0,52048705.0,51900000,51900000.0,44.489,3745100000.0,0.0,56000000.0,418500000.0,72.16,
10,AMG,MRT,2018-12-31,2018-12-31,2018-12-31,2021-08-06,-109000000.0,8219100000.0,8458150000.0,,,0.281,64.504,-18700000.0,565500000.0,565500000.0,0.0,532300000.0,,0.94,1829600000.0,,,1829600000.0,0.0,22000000.0,0.0,0.012,1.2,505500000.0,527500000.0,0.222,527500000.0,505500000.0,424900000.0,4.55,4.52,4.55,3457400000.0,3597975000.0,3457400000.0,6525745914.0,13.0,12.371,1121900000.0,20.931,1.0,2378400000.0,1.0,3943300000.0,80600000.0,5539900000.0,5851425000.0,0.0,3111400000.0,,,3250500000.0,,,5132445914.0,129200000.0,-7300000.0,-496100000.0,-30600000.0,-64400000.0,-983100000.0,-18200000.0,7800000.0,1140600000.0,-10100000.0,243600000.0,243600000.0,243600000.0,0.0,288700000.0,0.102,1611400000.0,767000000.0,746600000.0,0.264,1.484,21.069,21.415,104300000.0,0.0,97.44,2.158,2.196,400600000.0,3876800000.0,2378400000.0,2378400000.0,0.0,0.029,0.068,0.086,0.213,101100000.0,1404900000.0,1.0,52672885.0,53600000,53800000.0,44.373,4275800000.0,0.0,181300000.0,511600000.0,79.772,
11,AMG,MRT,2018-09-30,2018-09-30,2018-09-30,2021-08-06,-60100000.0,8538800000.0,8578900000.0,,,0.282,68.139,-18100000.0,448100000.0,448100000.0,0.0,1024900000.0,,0.898,1841400000.0,,,1841400000.0,0.0,21900000.0,0.0,0.008,1.1,809300000.0,831200000.0,0.344,831200000.0,809300000.0,726500000.0,12.97,12.73,12.97,3618200000.0,3689175000.0,3618200000.0,8795015931.0,11.0,10.581,1228000000.0,23.126,1.0,2417900000.0,1.0,4005800000.0,82800000.0,5926300000.0,5967725000.0,0.0,3455600000.0,,,3248700000.0,,,7305215931.0,73400000.0,-7600000.0,-526600000.0,-71500000.0,-59700000.0,-1159900000.0,-12000000.0,13700000.0,1246100000.0,-800000.0,710200000.0,710200000.0,710200000.0,0.0,314700000.0,0.294,1610300000.0,807600000.0,761600000.0,0.085,2.019,10.286,10.541,104800000.0,0.0,136.72,3.021,3.003,524500000.0,4044100000.0,2417900000.0,2417900000.0,0.0,0.083,0.193,0.136,0.335,99000000.0,1435200000.0,1.0,53431948.0,53100000,55400000.0,45.535,4533000000.0,0.0,16300000.0,479200000.0,85.367,
12,AMG,MRT,2018-06-30,2018-06-30,2018-06-30,2021-08-06,-6700000.0,8490500000.0,8619550000.0,,,0.279,67.394,-21600000.0,392800000.0,392800000.0,0.0,1039800000.0,,0.874,1882600000.0,,,1882600000.0,0.0,21400000.0,0.0,0.007,1.0,829900000.0,851300000.0,0.354,851300000.0,829900000.0,744600000.0,12.87,12.61,12.87,3639300000.0,3691500000.0,3639300000.0,9602332756.0,12.0,11.28,1282100000.0,23.743,1.0,2402300000.0,1.0,4041900000.0,85300000.0,5938400000.0,6013975000.0,0.0,3460700000.0,,,3179600000.0,,,8075032756.0,28200000.0,-7600000.0,-530400000.0,-155000000.0,-54900000.0,-1268300000.0,-12700000.0,16500000.0,1303700000.0,5500000.0,710700000.0,710700000.0,710700000.0,0.0,329100000.0,0.296,1575800000.0,826500000.0,662900000.0,0.078,2.219,11.362,11.552,109200000.0,0.0,148.67,3.361,3.342,485900000.0,3935500000.0,2402300000.0,2402300000.0,0.0,0.082,0.193,0.138,0.345,91700000.0,1409400000.0,1.0,54315146.0,54000000,54200000.0,44.487,4448600000.0,0.0,33900000.0,471700000.0,82.381,
13,AMG,MRT,2018-03-31,2018-03-31,2018-03-31,2021-08-06,-900000.0,8584200000.0,8655000000.0,,,0.274,67.344,-19900000.0,334200000.0,334200000.0,0.0,1039000000.0,,0.876,1861500000.0,,,1861500000.0,0.0,20600000.0,0.0,0.005,0.9,869300000.0,889900000.0,0.375,889900000.0,869300000.0,782300000.0,12.94,12.67,12.94,3677000000.0,3681675000.0,3677000000.0,11746591492.0,14.0,13.2,1233400000.0,22.59,1.0,2373100000.0,1.0,4110400000.0,87000000.0,6001100000.0,6073500000.0,0.0,3496100000.0,,,3220000000.0,,,10331391492.0,40600000.0,-25900000.0,-461700000.0,-170000000.0,-50000000.0,-1225400000.0,-6400000.0,39400000.0,1253300000.0,19100000.0,720000000.0,720000000.0,720000000.0,0.0,319000000.0,0.303,1561400000.0,811700000.0,667300000.0,0.07,2.81,14.349,14.651,111300000.0,0.0,189.58,4.354,4.362,532200000.0,3834900000.0,2373100000.0,2373100000.0,0.0,0.083,0.196,0.143,0.366,94500000.0,1394500000.0,1.0,54496210.0,54600000,57000000.0,43.463,4473800000.0,0.0,62300000.0,474900000.0,81.938,
14,AMG,MRT,2017-12-31,2017-12-31,2017-12-31,2021-08-06,-21800000.0,8702100000.0,8656475000.0,,,0.266,68.254,-18500000.0,439500000.0,439500000.0,0.0,1008700000.0,,0.866,1854700000.0,,,1854700000.0,0.0,20300000.0,0.0,0.004,0.8,835700000.0,856000000.0,0.371,856000000.0,835700000.0,747900000.0,12.3,12.03,12.3,3822200000.0,3658650000.0,3822200000.0,12947088054.0,15.0,15.125,1151900000.0,20.57,1.0,2305000000.0,1.0,4112200000.0,87800000.0,6005100000.0,6124825000.0,0.0,3547500000.0,,,3311700000.0,,,11408188054.0,8700000.0,-30600000.0,-351300000.0,-260000000.0,-44900000.0,-1189700000.0,13800000.0,62900000.0,1170400000.0,14200000.0,689500000.0,689500000.0,689500000.0,0.0,319200000.0,0.299,1516800000.0,788200000.0,807200000.0,0.065,2.985,16.546,16.687,111000000.0,0.0,205.25,4.949,4.987,433800000.0,3698500000.0,2305000000.0,2305000000.0,0.0,0.08,0.188,0.136,0.363,90400000.0,1352100000.0,1.0,55581915.0,56000000,58600000.0,41.161,4589900000.0,0.0,58400000.0,467400000.0,81.963,
15,AMG,MRT,2017-09-30,2017-09-30,2017-09-30,2021-08-06,-51100000.0,8701400000.0,8668225000.0,,,0.26,65.009,-19000000.0,374700000.0,374700000.0,0.0,820800000.0,,0.963,1913600000.0,,,1913600000.0,0.0,19400000.0,0.0,0.003,0.6,881700000.0,901100000.0,0.4,901100000.0,881700000.0,788700000.0,9.4,9.24,9.4,3627500000.0,3608000000.0,3627500000.0,12290753240.0,14.0,13.64,1147300000.0,20.561,1.0,2251300000.0,1.0,4129000000.0,93000000.0,6111300000.0,6199150000.0,0.0,3543700000.0,,,3492500000.0,,,10622953240.0,-19700000.0,-506700000.0,59900000.0,-205000000.0,-33800000.0,-707200000.0,-458600000.0,67100000.0,1166300000.0,-20200000.0,524500000.0,524500000.0,524500000.0,0.0,296300000.0,0.233,1499300000.0,752000000.0,698300000.0,0.064,2.928,20.253,20.195,111700000.0,0.0,189.83,4.719,4.705,487400000.0,3394400000.0,2251300000.0,2251300000.0,0.0,0.061,0.145,0.142,0.392,83400000.0,1333500000.0,1.0,55960350.0,55800000,58300000.0,40.346,4572400000.0,0.0,264200000.0,702300000.0,81.943,
16,AMG,MRT,2017-06-30,2017-06-30,2017-06-30,2021-08-06,-94400000.0,8632300000.0,8573725000.0,,,0.258,63.943,-18800000.0,364600000.0,364600000.0,0.0,779900000.0,,0.981,2032400000.0,,,2032400000.0,0.0,19600000.0,0.0,0.002,0.4,851000000.0,870600000.0,0.394,870600000.0,851000000.0,757700000.0,9.19,9.04,9.19,3600000000.0,3496800000.0,3600000000.0,11120487665.0,13.0,12.773,1134100000.0,20.144,1.0,2210300000.0,1.0,4123600000.0,93300000.0,6176500000.0,6127350000.0,0.0,3534100000.0,,,3531300000.0,,,9388087665.0,31600000.0,-840200000.0,317400000.0,-110000000.0,-22600000.0,-301900000.0,-791200000.0,67800000.0,1152900000.0,-28200000.0,509300000.0,509300000.0,509300000.0,0.0,270600000.0,0.23,1505500000.0,704800000.0,618300000.0,0.044,2.608,18.433,18.048,109700000.0,0.0,165.86,4.247,4.225,440300000.0,3280300000.0,2210300000.0,2210300000.0,0.0,0.059,0.146,0.139,0.385,95400000.0,1341300000.0,1.0,56602482.0,56300000,58700000.0,39.259,4508700000.0,0.0,248400000.0,677000000.0,80.083,
17,AMG,MRT,2017-03-31,2017-03-31,2017-03-31,2021-08-06,-108700000.0,8590100000.0,8424325000.0,,,0.26,63.226,-20200000.0,293600000.0,293600000.0,0.0,759100000.0,,0.973,2026000000.0,,,2026000000.0,0.0,19700000.0,0.0,0.001,0.2,821600000.0,841300000.0,0.384,841300000.0,821600000.0,729500000.0,8.96,8.8,8.96,3584900000.0,3326475000.0,3584900000.0,10957870724.0,13.0,13.025,1126600000.0,19.869,1.0,2193500000.0,1.0,4116100000.0,92100000.0,6206400000.0,5976550000.0,0.0,3563100000.0,,,3487600000.0,,,9279070724.0,1700000.0,-814700000.0,385100000.0,-282200000.0,-11300000.0,-336300000.0,-765000000.0,69900000.0,1146800000.0,-43800000.0,491300000.0,491300000.0,491300000.0,0.0,267800000.0,0.224,1506000000.0,687500000.0,541600000.0,0.022,2.588,18.887,18.297,109100000.0,0.0,163.94,4.23,4.238,449000000.0,3165400000.0,2193500000.0,2193500000.0,0.0,0.058,0.148,0.137,0.375,91200000.0,1338700000.0,1.0,56600407.0,56700000,59200000.0,38.686,4474000000.0,0.0,238200000.0,666700000.0,78.907,
18,AMG,MRT,2016-12-31,2016-12-31,2016-12-31,2021-08-06,-122900000.0,8749100000.0,8299625000.0,,,0.264,66.782,-20200000.0,430800000.0,430800000.0,0.0,739000000.0,,1.008,2109600000.0,,,2109600000.0,0.0,19500000.0,0.0,0.0,0.0,800100000.0,819600000.0,0.373,819600000.0,800100000.0,708400000.0,8.73,8.57,8.73,3619600000.0,3147325000.0,3619600000.0,9656273015.0,12.0,11.782,1030100000.0,19.006,1.0,2194600000.0,1.0,4125500000.0,91700000.0,6302400000.0,5868600000.0,0.0,3638200000.0,,,3649100000.0,,,7964973015.0,-130900000.0,-1361300000.0,432400000.0,225000000.0,0.0,200900000.0,-1332200000.0,49300000.0,1050300000.0,-49900000.0,472800000.0,472800000.0,472800000.0,0.0,266200000.0,0.215,1503500000.0,691100000.0,729300000.0,0.0,2.201,16.846,16.644,110100000.0,0.0,145.3,3.629,3.588,383300000.0,3054400000.0,2194600000.0,2194600000.0,0.0,0.057,0.15,0.136,0.365,80400000.0,1330500000.0,1.0,54817433.0,54200000,57000000.0,40.491,4623600000.0,0.0,235600000.0,660800000.0,85.306,
19,AMG,MRT,2016-09-30,2016-09-30,2016-09-30,2021-08-06,-80800000.0,8323400000.0,8054700000.0,,,0.277,59.048,-27800000.0,422000000.0,422000000.0,0.0,761000000.0,,1.104,2113300000.0,,,2113300000.0,0.0,20300000.0,0.0,0.0,0.0,778100000.0,798400000.0,0.357,798400000.0,778100000.0,690800000.0,8.71,8.56,8.71,3182700000.0,2951700000.0,3182700000.0,9571785201.0,12.0,11.989,1013700000.0,18.807,1.0,2234000000.0,1.0,4190600000.0,87300000.0,5824100000.0,5475550000.0,0.0,3152800000.0,,,3515100000.0,,,7795285201.0,-145200000.0,-1132600000.0,99500000.0,308600000.0,0.0,-26200000.0,-1130800000.0,29600000.0,1041500000.0,-29700000.0,470000000.0,470000000.0,470000000.0,0.0,291000000.0,0.21,1509200000.0,724800000.0,579400000.0,0.0,2.449,16.586,16.613,113400000.0,0.0,144.7,3.489,3.491,387100000.0,2902700000.0,2234000000.0,2234000000.0,0.0,0.058,0.159,0.142,0.348,83600000.0,1342000000.0,1.0,53872047.0,53900000,56600000.0,41.447,4132800000.0,0.0,220800000.0,652100000.0,76.675,
20,AMG,MRT,2016-06-30,2016-06-30,2016-06-30,2021-08-06,-76300000.0,8034700000.0,7857650000.0,,,0.293,54.251,-35100000.0,360400000.0,360400000.0,0.0,776100000.0,,1.201,2136900000.0,,,2136900000.0,0.0,19800000.0,0.0,0.0,0.0,784600000.0,804400000.0,0.349,804400000.0,784600000.0,696100000.0,8.66,8.5,8.66,2918700000.0,2821150000.0,2918700000.0,9578251894.0,12.0,11.907,1049000000.0,19.498,1.0,2302400000.0,1.0,4237900000.0,88500000.0,5573300000.0,5130950000.0,0.0,2796500000.0,,,3505200000.0,,,7575051894.0,-153400000.0,-817100000.0,-120000000.0,275600000.0,0.0,-371100000.0,-834200000.0,18000000.0,1084100000.0,-32200000.0,467500000.0,467500000.0,467500000.0,0.0,308600000.0,0.203,1533400000.0,769000000.0,578100000.0,0.0,2.595,16.203,16.255,112100000.0,0.0,140.77,3.29,3.289,471800000.0,2891300000.0,2302400000.0,2302400000.0,0.0,0.059,0.166,0.153,0.341,68800000.0,1354800000.0,1.0,53811550.0,53800000,56700000.0,42.796,3796800000.0,0.0,228600000.0,610500000.0,70.572,
21,AMG,MRT,2016-03-31,2016-03-31,2016-03-31,2021-08-06,-26700000.0,8091300000.0,7768675000.0,,,0.308,53.117,-37600000.0,297600000.0,297600000.0,0.0,782400000.0,,1.276,2300800000.0,,,2300800000.0,0.0,19400000.0,0.0,0.0,0.0,825400000.0,844800000.0,0.353,844800000.0,825400000.0,736300000.0,9.01,8.83,9.01,2868300000.0,2754250000.0,2868300000.0,10099267833.0,12.0,11.955,1082100000.0,20.039,1.0,2394900000.0,1.0,4319900000.0,89100000.0,5774600000.0,4896100000.0,0.0,2811100000.0,,,3660600000.0,,,8768267833.0,-144200000.0,-849000000.0,-214100000.0,386300000.0,0.0,-380400000.0,-871100000.0,15500000.0,1119700000.0,-12400000.0,487900000.0,487900000.0,487900000.0,0.0,294500000.0,0.204,1612500000.0,782400000.0,571000000.0,0.0,3.057,17.971,18.024,113100000.0,0.0,162.4,3.661,3.662,495500000.0,2783800000.0,2394900000.0,2394900000.0,0.0,0.063,0.177,0.169,0.345,100600000.0,1432600000.0,1.0,53991797.0,54000000,56600000.0,44.35,3771400000.0,0.0,248400000.0,599100000.0,69.841,
22,AMG,MRT,2015-12-31,2015-12-31,2015-12-31,2021-08-06,-18100000.0,7769400000.0,7619325000.0,,,0.326,52.249,-38200000.0,563800000.0,563800000.0,0.0,827200000.0,,1.194,1879400000.0,,,1879400000.0,0.0,18800000.0,0.0,0.0,0.0,861800000.0,880600000.0,0.354,880600000.0,861800000.0,772900000.0,9.37,9.17,9.37,2837100000.0,2676625000.0,2837100000.0,9890448564.0,11.0,11.231,1175000000.0,21.639,1.0,2484500000.0,1.0,4354800000.0,88900000.0,4730200000.0,4610600000.0,0.0,2286300000.0,,,3387800000.0,,,8632948564.0,13200000.0,-297700000.0,-355900000.0,-2700000.0,0.0,-857700000.0,-324500000.0,11400000.0,1213200000.0,-17800000.0,509500000.0,509500000.0,509500000.0,0.0,317700000.0,0.205,1649500000.0,835000000.0,729400000.0,0.0,3.043,16.944,17.05,114100000.0,0.0,159.76,3.475,3.492,391200000.0,2581600000.0,2484500000.0,2484500000.0,0.0,0.067,0.19,0.187,0.347,102700000.0,1471500000.0,1.0,54036984.0,54300000,57200000.0,45.755,3414600000.0,0.0,263400000.0,565700000.0,62.884,
23,AMG,MRT,2015-09-30,2015-09-30,2015-09-30,2021-08-06,-12500000.0,7535200000.0,7601500000.0,,,0.334,49.087,-31000000.0,541700000.0,541700000.0,0.0,841600000.0,,1.216,1799200000.0,,,1799200000.0,0.0,18100000.0,0.0,0.0,0.0,879500000.0,897600000.0,0.354,897600000.0,879500000.0,791300000.0,9.49,9.27,9.49,2660500000.0,2624100000.0,2660500000.0,10656928342.0,12.0,11.873,1231700000.0,22.725,1.0,2535900000.0,1.0,4347000000.0,88200000.0,4445700000.0,4580850000.0,0.0,2000000000.0,,,3234000000.0,,,9282028342.0,-18500000.0,-760600000.0,-461200000.0,526000000.0,0.0,-487000000.0,-779500000.0,12100000.0,1262700000.0,-14700000.0,518800000.0,518800000.0,518800000.0,0.0,322800000.0,0.205,1695500000.0,840400000.0,699300000.0,0.0,3.489,17.891,18.018,106900000.0,0.0,170.99,3.66,3.655,466200000.0,2529000000.0,2535900000.0,2535900000.0,0.0,0.068,0.198,0.192,0.347,116200000.0,1509200000.0,1.0,54284042.0,54200000,57000000.0,46.788,3188200000.0,0.0,272500000.0,547500000.0,58.823,
24,AMG,MRT,2015-06-30,2015-06-30,2015-06-30,2021-08-06,76100000.0,7678800000.0,7438750000.0,,,0.345,48.555,-20400000.0,488500000.0,488500000.0,0.0,840500000.0,,1.244,1863400000.0,,,1863400000.0,0.0,18000000.0,0.0,0.0,0.0,875800000.0,893800000.0,0.349,893800000.0,875800000.0,792200000.0,9.36,9.13,9.36,2651100000.0,2607875000.0,2651100000.0,13447232517.0,15.0,15.045,1261100000.0,23.097,1.0,2563100000.0,1.0,4419800000.0,83600000.0,4633900000.0,4362450000.0,0.0,2119300000.0,,,3297700000.0,,,11962632517.0,114300000.0,-743000000.0,-435000000.0,535700000.0,0.0,-399600000.0,-752900000.0,10500000.0,1281500000.0,-14700000.0,514300000.0,514300000.0,514300000.0,0.0,326200000.0,0.201,1713700000.0,849400000.0,632000000.0,0.0,4.512,23.26,23.355,97800000.0,0.0,218.6,4.667,4.657,482000000.0,2420000000.0,2563100000.0,2563100000.0,0.0,0.069,0.197,0.201,0.342,119700000.0,1530500000.0,1.0,54723845.0,54600000,57500000.0,46.943,3259000000.0,0.0,277900000.0,572900000.0,59.689,
25,AMG,MRT,2015-03-31,2015-03-31,2015-03-31,2021-08-06,-2800000.0,7493900000.0,7201600000.0,,,0.354,46.675,-19800000.0,438200000.0,438200000.0,0.0,828600000.0,,1.253,1922800000.0,,,1922800000.0,0.0,17500000.0,0.0,0.0,0.0,832700000.0,850200000.0,0.333,850200000.0,832700000.0,751600000.0,8.79,8.57,8.79,2557800000.0,2581575000.0,2557800000.0,13094033417.0,16.0,15.401,1238500000.0,22.6,1.0,2552800000.0,1.0,4345900000.0,81100000.0,4632600000.0,4102525000.0,0.0,2028900000.0,,,3205900000.0,,,11749733417.0,-308900000.0,-1136100000.0,-310400000.0,497500000.0,0.0,-389200000.0,-1158100000.0,-2200000.0,1258300000.0,-19900000.0,484700000.0,484700000.0,484700000.0,0.0,343900000.0,0.19,1700200000.0,852600000.0,577200000.0,0.0,4.594,24.241,24.435,94900000.0,0.0,214.78,4.603,4.611,514000000.0,2291300000.0,2552800000.0,2552800000.0,0.0,0.067,0.188,0.203,0.326,116900000.0,1519400000.0,1.0,54705901.0,54800000,57800000.0,46.584,3148000000.0,0.0,266900000.0,524600000.0,57.445,
26,AMG,MRT,2014-12-31,2014-12-31,2014-12-31,2021-08-06,31800000.0,7698100000.0,6983350000.0,,,0.36,47.764,-19200000.0,550600000.0,550600000.0,0.0,767400000.0,,1.298,1894900000.0,,,1894900000.0,0.0,16900000.0,0.0,0.0,0.0,756600000.0,773500000.0,0.308,773500000.0,756600000.0,680000000.0,7.89,7.7,7.89,2627000000.0,2549725000.0,2627000000.0,12523832444.0,17.0,16.191,1417700000.0,25.776,1.0,2510900000.0,1.0,4431200000.0,76600000.0,4611200000.0,3785650000.0,0.0,2123300000.0,,,3409400000.0,,,11794732444.0,81000000.0,-1245000000.0,-149400000.0,740300000.0,0.0,-77600000.0,-1268100000.0,-3900000.0,1436900000.0,-10200000.0,433900000.0,433900000.0,433900000.0,0.0,333500000.0,0.173,1695700000.0,815200000.0,808300000.0,0.0,4.49,27.183,26.9,95400000.0,0.0,212.24,4.697,4.649,425900000.0,2163300000.0,2510900000.0,2510900000.0,0.0,0.062,0.17,0.2,0.301,113700000.0,1516000000.0,1.0,55572618.0,55000000,58400000.0,45.653,3266900000.0,0.0,246100000.0,491700000.0,59.398,
27,AMG,MRT,2014-09-30,2014-09-30,2014-09-30,2021-08-06,52800000.0,6884200000.0,6638525000.0,,,0.371,46.683,-21800000.0,560200000.0,560200000.0,0.0,776500000.0,,1.027,1289300000.0,,,1289300000.0,0.0,16000000.0,0.0,0.0,0.0,774100000.0,790100000.0,0.321,790100000.0,774100000.0,698700000.0,8.06,7.82,8.06,2595600000.0,2426525000.0,2595600000.0,12095142979.0,16.0,15.308,1218100000.0,21.908,1.0,2463700000.0,1.0,4041200000.0,75400000.0,3572100000.0,3490475000.0,0.0,1586700000.0,,,2666600000.0,,,11130542979.0,37800000.0,-534400000.0,-13300000.0,78700000.0,0.0,-643000000.0,-557500000.0,-1300000.0,1239900000.0,-1600000.0,437700000.0,437700000.0,437700000.0,0.0,338800000.0,0.178,1694000000.0,769700000.0,735300000.0,0.0,4.288,25.43,24.859,93900000.0,0.0,200.36,4.518,4.522,524900000.0,1992700000.0,2463700000.0,2463700000.0,0.0,0.066,0.18,0.222,0.314,128700000.0,1522700000.0,1.0,55552720.0,55600000,58800000.0,44.311,2843000000.0,0.0,261000000.0,440600000.0,51.133,
28,AMG,MRT,2014-06-30,2014-06-30,2014-06-30,2021-08-06,73300000.0,6730200000.0,6482750000.0,,,0.366,45.955,-25600000.0,374200000.0,374200000.0,0.0,743000000.0,,1.0,1338800000.0,,,1338800000.0,0.0,15000000.0,0.0,0.0,0.0,714500000.0,729500000.0,0.307,729500000.0,714500000.0,638200000.0,7.61,7.37,7.61,2545900000.0,2285700000.0,2545900000.0,12045924794.0,17.0,16.513,1092600000.0,19.722,1.0,2375000000.0,1.0,4100600000.0,76300000.0,3594200000.0,3286825000.0,0.0,1593200000.0,,,2545400000.0,,,11354724794.0,-39600000.0,-560300000.0,20500000.0,29600000.0,0.0,-582100000.0,-586000000.0,-100000.0,1118200000.0,10300000.0,409700000.0,409700000.0,409700000.0,0.0,333300000.0,0.173,1660400000.0,714600000.0,578500000.0,0.0,4.46,27.715,26.991,95900000.0,0.0,205.4,4.781,4.791,483000000.0,1888400000.0,2375000000.0,2375000000.0,0.0,0.063,0.179,0.217,0.301,109900000.0,1486400000.0,1.0,55281036.0,55400000,56600000.0,42.87,2629600000.0,0.0,228500000.0,424300000.0,47.466,
29,AMG,MRT,2014-03-31,2014-03-31,2014-03-31,2021-08-06,51400000.0,6620900000.0,6318375000.0,,,0.361,45.259,-23500000.0,747100000.0,747100000.0,0.0,699200000.0,,1.063,1438300000.0,,,1438300000.0,0.0,14300000.0,0.0,0.0,0.0,661500000.0,675800000.0,0.296,675800000.0,661500000.0,580900000.0,7.04,6.8,7.04,2430400000.0,2187925000.0,2430400000.0,11952677355.0,18.0,17.687,1029100000.0,19.164,1.0,2279700000.0,1.0,3947000000.0,80600000.0,3365100000.0,3078300000.0,0.0,1268800000.0,,,2584600000.0,,,11038577355.0,412100000.0,-135200000.0,10100000.0,6500000.0,0.0,-489300000.0,-157600000.0,1100000.0,1052600000.0,6400000.0,375300000.0,375300000.0,375300000.0,0.0,323900000.0,0.165,1602100000.0,677600000.0,509500000.0,0.0,4.542,29.413,28.416,93100000.0,0.0,200.05,4.842,4.712,486300000.0,1788400000.0,2279700000.0,2279700000.0,0.0,0.059,0.172,0.215,0.29,84100000.0,1425900000.0,1.0,55179092.0,53700000,55200000.0,42.453,2673900000.0,0.0,205600000.0,399400000.0,49.793,
30,AMG,MRT,2013-12-31,2013-12-31,2013-12-31,2021-08-06,74000000.0,6318800000.0,6219425000.0,,,0.352,40.192,-24000000.0,469600000.0,469600000.0,0.0,669600000.0,,1.187,1383700000.0,,,1383700000.0,0.0,14000000.0,0.0,0.0,0.0,641900000.0,655900000.0,0.3,655900000.0,641900000.0,554600000.0,6.79,6.55,6.79,2134200000.0,2113050000.0,2134200000.0,12400551253.0,19.0,18.906,933100000.0,17.573,1.0,2188800000.0,1.0,3802400000.0,87300000.0,3430500000.0,2970450000.0,0.0,1445500000.0,,,2532300000.0,,,11490051253.0,39200000.0,-26300000.0,32500000.0,-482300000.0,0.0,-869100000.0,-50300000.0,0.0,957100000.0,1500000.0,360500000.0,360500000.0,360500000.0,0.0,309100000.0,0.165,1554700000.0,634100000.0,514700000.0,0.0,5.384,31.873,31.941,92300000.0,0.0,216.88,5.249,5.261,418400000.0,1711200000.0,2188800000.0,2188800000.0,0.0,0.058,0.171,0.216,0.293,84100000.0,1374700000.0,1.0,52978842.0,53100000,56700000.0,41.22,2516400000.0,0.0,194100000.0,456900000.0,47.39,
31,AMG,MRT,2013-09-30,2013-09-30,2013-09-30,2021-08-06,63400000.0,6261100000.0,6186500000.0,1147400000.0,5113700000.0,0.337,38.201,-26000000.0,522400000.0,522400000.0,0.0,559700000.0,1.969,1.301,1432900000.0,0.0,1432900000.0,1432900000.0,0.0,13800000.0,0.0,0.0,0.0,514500000.0,528300000.0,0.253,528300000.0,514500000.0,421900000.0,5.25,5.11,5.25,2032300000.0,2100550000.0,2032300000.0,10601025991.0,21.0,20.066,907700000.0,17.062,1.0,2085800000.0,1.0,3831300000.0,92600000.0,2757500000.0,2880525000.0,0.0,1115400000.0,132900000.0,982500000.0,2644400000.0,582800000.0,2061600000.0,9652925991.0,149800000.0,-68400000.0,59700000.0,-409500000.0,0.0,-685900000.0,-98200000.0,-3800000.0,933700000.0,200000.0,277400000.0,277400000.0,277400000.0,0.0,282300000.0,0.133,1477900000.0,607900000.0,582800000.0,0.0,4.75,34.798,34.789,88100000.0,0.0,182.64,4.628,4.658,429200000.0,1553000000.0,2085800000.0,2085800000.0,0.0,0.045,0.132,0.179,0.247,82800000.0,1295900000.0,1.0,52852201.0,53200000,56900000.0,39.207,2429800000.0,0.0,144500000.0,461400000.0,45.673,564600000.0
32,AMG,MRT,2013-06-30,2013-06-30,2013-06-30,2021-08-06,38600000.0,6072700000.0,6128925000.0,972900000.0,5099800000.0,0.327,40.58,-23900000.0,413800000.0,413800000.0,0.0,521400000.0,2.296,1.142,1361900000.0,0.0,1361900000.0,1361900000.0,0.0,13900000.0,0.0,0.0,0.0,484500000.0,498400000.0,0.249,498400000.0,484500000.0,390000000.0,4.9,4.78,4.9,2154800000.0,2075225000.0,2154800000.0,9771124604.0,20.0,19.605,838100000.0,15.783,1.0,2001500000.0,1.0,3837000000.0,94500000.0,2760100000.0,2921900000.0,0.0,1084700000.0,120100000.0,964600000.0,2460500000.0,423700000.0,2036800000.0,8645824604.0,102800000.0,-392100000.0,87000000.0,-113900000.0,0.0,-338100000.0,-418200000.0,-2200000.0,862000000.0,-2900000.0,257100000.0,257100000.0,257100000.0,0.0,264300000.0,0.128,1423000000.0,578500000.0,423700000.0,0.0,4.012,33.628,33.457,84100000.0,0.0,163.94,4.32,4.349,379700000.0,1477800000.0,2001500000.0,2001500000.0,0.0,0.042,0.124,0.166,0.242,88500000.0,1250400000.0,1.0,52737737.0,53100000,54600000.0,37.693,2235700000.0,0.0,132900000.0,505800000.0,42.104,549200000.0
33,AMG,MRT,2013-03-31,2013-03-31,2013-03-31,2021-08-06,58000000.0,6225100000.0,6014425000.0,1064300000.0,5160800000.0,0.314,40.435,-23300000.0,335000000.0,335000000.0,0.0,448100000.0,1.974,1.255,1460300000.0,0.0,1460300000.0,1460300000.0,0.0,14100000.0,0.0,0.0,0.0,384400000.0,398500000.0,0.211,398500000.0,384400000.0,295700000.0,3.81,3.72,3.81,2130900000.0,2000925000.0,2130900000.0,9274414262.0,24.0,23.273,759500000.0,14.412,1.0,1890100000.0,1.0,3877500000.0,88700000.0,2933700000.0,2832375000.0,0.0,1120000000.0,135500000.0,984500000.0,2675100000.0,539200000.0,2135900000.0,8074214262.0,-58700000.0,-797400000.0,59300000.0,198700000.0,0.0,-26300000.0,-811400000.0,9300000.0,782800000.0,-3800000.0,199000000.0,199000000.0,199000000.0,0.0,249100000.0,0.105,1448000000.0,442100000.0,539200000.0,0.0,3.789,40.574,40.307,83100000.0,0.0,153.57,4.272,4.282,532600000.0,1413100000.0,1890100000.0,1890100000.0,0.0,0.033,0.099,0.136,0.203,75500000.0,1192400000.0,1.0,52576768.0,52700000,54200000.0,35.865,2347600000.0,0.0,96700000.0,503600000.0,44.546,525100000.0
34,AMG,MRT,2012-12-31,2012-12-31,2012-12-31,2021-08-06,79100000.0,6187100000.0,5760625000.0,912300000.0,5274800000.0,0.313,40.313,-20000000.0,430400000.0,430400000.0,0.0,411400000.0,2.428,1.28,1630600000.0,0.0,1630600000.0,1630600000.0,0.0,14100000.0,0.0,0.0,0.0,340800000.0,354900000.0,0.197,354900000.0,340800000.0,257800000.0,3.36,3.28,3.36,2084200000.0,1933800000.0,2084200000.0,7975653902.0,23.0,22.473,613200000.0,11.861,1.0,1805500000.0,1.0,3940700000.0,83000000.0,3070800000.0,2660725000.0,0.0,1315600000.0,128900000.0,1031300000.0,2668200000.0,375800000.0,2292400000.0,6741953902.0,-19100000.0,-797400000.0,12500000.0,411400000.0,0.0,146200000.0,-802300000.0,15100000.0,633200000.0,3800000.0,174000000.0,174000000.0,174000000.0,0.0,237400000.0,0.096,1405100000.0,400400000.0,363300000.0,0.0,3.235,38.747,38.735,81500000.0,0.0,130.15,3.734,3.727,311000000.0,1350700000.0,1805500000.0,1805500000.0,0.0,0.03,0.09,0.128,0.189,69300000.0,1151600000.0,1.0,51801413.0,51700000,53000000.0,34.923,2246400000.0,0.0,83800000.0,497100000.0,43.451,536500000.0
35,AMG,MRT,2012-09-30,2012-09-30,2012-09-30,2021-08-06,66000000.0,6030800000.0,5518575000.0,838100000.0,5192700000.0,0.311,37.35,-17700000.0,372600000.0,372600000.0,0.0,361100000.0,2.248,1.379,1606300000.0,0.0,1606300000.0,1606300000.0,0.0,13900000.0,0.0,0.0,0.0,282200000.0,296100000.0,0.172,296100000.0,282200000.0,205100000.0,2.69,2.64,2.69,1931000000.0,1879250000.0,1931000000.0,7406619744.0,26.0,25.014,587900000.0,11.371,1.0,1717000000.0,1.0,3968600000.0,77100000.0,2923000000.0,2420925000.0,0.0,1045700000.0,109900000.0,935800000.0,2663000000.0,372900000.0,2290100000.0,6315819744.0,49300000.0,-755300000.0,-21400000.0,441000000.0,0.0,196100000.0,-756500000.0,16500000.0,605600000.0,4100000.0,139200000.0,139200000.0,139200000.0,0.0,221900000.0,0.081,1348300000.0,368700000.0,372900000.0,0.0,3.271,45.372,45.725,72400000.0,0.0,123.0,3.678,3.704,294300000.0,1275600000.0,1717000000.0,1717000000.0,0.0,0.025,0.074,0.117,0.164,57100000.0,1096800000.0,1.0,51348128.0,51700000,53000000.0,33.211,2062200000.0,0.0,65900000.0,521400000.0,39.888,465200000.0
36,AMG,MRT,2012-06-30,2012-06-30,2012-06-30,2021-08-06,50100000.0,5614700000.0,5293825000.0,775500000.0,4839200000.0,0.314,36.14,-16700000.0,311000000.0,311000000.0,0.0,323100000.0,2.348,1.29,1401800000.0,0.0,1401800000.0,1401800000.0,0.0,14400000.0,0.0,0.0,0.0,264100000.0,278500000.0,0.167,278500000.0,264100000.0,190700000.0,2.4,2.36,2.4,1857600000.0,1847900000.0,1857600000.0,6430258823.0,24.0,23.089,620000000.0,12.062,1.0,1663500000.0,1.0,3973200000.0,73400000.0,2402000000.0,2221525000.0,0.0,692900000.0,105600000.0,587300000.0,2395600000.0,330300000.0,2065300000.0,5621458823.0,-200000.0,-405300000.0,-92400000.0,149400000.0,0.0,-189400000.0,-445300000.0,-23300000.0,636700000.0,-2200000.0,124400000.0,124400000.0,124400000.0,0.0,198700000.0,0.075,1308500000.0,355000000.0,330300000.0,0.0,3.026,45.189,45.604,70900000.0,0.0,109.45,3.379,3.382,292200000.0,1220700000.0,1663500000.0,1663500000.0,0.0,0.023,0.067,0.119,0.159,56400000.0,1058500000.0,1.0,51360976.0,51400000,52700000.0,32.364,1641500000.0,0.0,66300000.0,502800000.0,31.936,445200000.0
37,AMG,MRT,2012-03-31,2012-03-31,2012-03-31,2021-08-06,71700000.0,5209900000.0,5221400000.0,895200000.0,4314700000.0,0.325,36.093,-15700000.0,393700000.0,393700000.0,0.0,363200000.0,2.58,1.196,1202500000.0,0.0,1202500000.0,1202500000.0,0.0,14600000.0,0.0,0.0,0.0,327200000.0,341800000.0,0.202,341800000.0,327200000.0,254200000.0,3.14,3.09,3.14,1862400000.0,1841950000.0,1862400000.0,6536389458.0,20.0,19.123,617000000.0,11.957,1.0,1696200000.0,1.0,3424600000.0,73000000.0,2247100000.0,2205775000.0,0.0,721800000.0,122600000.0,599200000.0,2226700000.0,347000000.0,1879700000.0,5787689458.0,140900000.0,0.0,-65800000.0,-162900000.0,0.0,-437100000.0,-54400000.0,-38700000.0,632700000.0,-300000.0,163300000.0,163300000.0,163300000.0,0.0,199900000.0,0.096,1226200000.0,470000000.0,347000000.0,0.0,3.108,35.442,35.608,70200000.0,0.0,111.81,3.412,3.401,305300000.0,1214100000.0,1696200000.0,1696200000.0,0.0,0.031,0.089,0.148,0.193,54100000.0,1068700000.0,1.0,51763612.0,51600000,52900000.0,32.872,1785300000.0,0.0,90900000.0,525800000.0,34.599,548200000.0
38,AMG,MRT,2011-12-31,2011-12-31,2011-12-31,2021-08-06,50000000.0,5218900000.0,5233750000.0,876400000.0,4342500000.0,0.326,36.023,-16100000.0,449500000.0,449500000.0,0.0,359600000.0,2.099,1.215,1198200000.0,0.0,1198200000.0,1198200000.0,0.0,15000000.0,0.0,0.0,0.0,331800000.0,346800000.0,0.203,346800000.0,331800000.0,258000000.0,3.18,3.11,3.18,1866000000.0,1816650000.0,1866000000.0,5769349762.0,17.0,16.636,692400000.0,13.367,1.0,1704800000.0,1.0,3438400000.0,73800000.0,2111600000.0,2230800000.0,0.0,716200000.0,100400000.0,615800000.0,2267500000.0,417600000.0,1849900000.0,4938549762.0,136200000.0,-13300000.0,-33000000.0,-282500000.0,0.0,-503800000.0,-67700000.0,-38300000.0,708500000.0,-800000.0,164900000.0,164900000.0,164900000.0,0.0,194700000.0,0.097,1218700000.0,486100000.0,417600000.0,0.0,2.647,29.949,30.173,69100000.0,0.0,95.95,2.897,2.915,249400000.0,1176700000.0,1704800000.0,1704800000.0,0.0,0.032,0.091,0.149,0.195,52400000.0,1069600000.0,1.0,51470034.0,51800000,53000000.0,32.911,1780500000.0,0.0,93100000.0,506000000.0,34.373,458800000.0
39,AMG,MRT,2011-09-30,2011-09-30,2011-09-30,2021-08-06,29000000.0,5131800000.0,5248975000.0,757200000.0,4374600000.0,0.328,34.79,-11700000.0,323300000.0,323300000.0,0.0,377800000.0,2.052,1.238,1154100000.0,0.0,1154100000.0,1154100000.0,0.0,15600000.0,0.0,0.0,0.0,371500000.0,387100000.0,0.225,387100000.0,371500000.0,298400000.0,3.66,3.59,3.66,1805600000.0,1800150000.0,1805600000.0,4986870020.0,13.0,12.883,667400000.0,12.859,1.0,1723100000.0,1.0,3468200000.0,73100000.0,2125400000.0,2305050000.0,0.0,683300000.0,80300000.0,603000000.0,2235900000.0,369000000.0,1866900000.0,4062970020.0,67900000.0,-125400000.0,-16500000.0,-238600000.0,0.0,-417400000.0,-192200000.0,-55100000.0,679100000.0,-1600000.0,186700000.0,186700000.0,186700000.0,0.0,191100000.0,0.108,1218200000.0,504900000.0,369000000.0,0.0,2.25,21.762,21.325,64800000.0,0.0,78.05,2.358,2.351,276800000.0,1136400000.0,1723100000.0,1723100000.0,0.0,0.036,0.104,0.161,0.216,30200000.0,1081400000.0,1.0,52055990.0,51900000,53000000.0,33.2,1663600000.0,0.0,111700000.0,489500000.0,32.054,388200000.0
40,AMG,MRT,2011-06-30,2011-06-30,2011-06-30,2021-08-06,110400000.0,5325000000.0,5203760500.0,877200000.0,4447800000.0,0.32,35.198,-10000000.0,311200000.0,311200000.0,0.0,366700000.0,2.265,1.28,1235100000.0,0.0,1235100000.0,1235100000.0,0.0,15300000.0,0.0,0.0,0.0,367800000.0,383100000.0,0.23,383100000.0,367800000.0,296500000.0,3.55,3.48,3.55,1833800000.0,1776767000.0,1833800000.0,6303996126.0,17.0,16.455,595300000.0,11.426,1.0,1663700000.0,1.0,3522700000.0,71300000.0,2339000000.0,2324415750.0,0.0,769900000.0,147000000.0,622900000.0,2346500000.0,387200000.0,1959300000.0,5280796126.0,90700000.0,-136400000.0,41800000.0,-439600000.0,0.0,-344700000.0,-175400000.0,-29000000.0,605300000.0,5500000.0,180600000.0,180600000.0,180600000.0,0.0,186100000.0,0.109,1189200000.0,474500000.0,387200000.0,0.0,2.88,29.24,28.577,65000000.0,0.0,101.45,3.174,3.177,344700000.0,1096300000.0,1663700000.0,1663700000.0,0.0,0.035,0.102,0.158,0.221,27900000.0,1053900000.0,1.0,52053190.0,52100000,53400000.0,31.933,1802300000.0,0.0,115900000.0,508100000.0,34.593,490000000.0
41,AMG,MRT,2011-03-31,2011-03-31,2011-03-31,2021-08-06,111900000.0,5259300000.0,5107123750.0,781600000.0,4477700000.0,0.3,34.0,-9300000.0,252800000.0,252800000.0,0.0,323900000.0,2.04,1.35,1276000000.0,0.0,1276000000.0,1276000000.0,0.0,14900000.0,0.0,0.0,0.0,336000000.0,350900000.0,0.229,350900000.0,336000000.0,266500000.0,3.24,3.16,3.24,1761200000.0,1690282250.0,1761200000.0,6755939596.0,20.0,19.253,531700000.0,10.264,1.0,1533500000.0,1.0,3552200000.0,69500000.0,2347200000.0,2386004750.0,0.0,733000000.0,110300000.0,622700000.0,2377000000.0,383100000.0,1993900000.0,5677277596.0,49000000.0,-801800000.0,59100000.0,166900000.0,0.0,357800000.0,-853200000.0,-42100000.0,541000000.0,3400000.0,160300000.0,160300000.0,160300000.0,0.0,163600000.0,0.105,1103200000.0,430300000.0,383100000.0,0.0,3.224,35.417,33.756,66000000.0,0.0,109.37,3.702,3.694,335000000.0,1050900000.0,1533500000.0,1533500000.0,0.0,0.031,0.095,0.141,0.219,27000000.0,981600000.0,1.0,51908911.0,51800000,53100000.0,29.604,1707100000.0,0.0,106200000.0,502900000.0,32.956,398500000.0
42,AMG,MRT,2010-12-31,2010-12-31,2010-12-31,2021-08-06,100500000.0,5279800000.0,4758766500.0,770900000.0,4508900000.0,0.285,37.975,-8800000.0,313300000.0,313300000.0,0.0,287300000.0,1.892,1.388,1392000000.0,0.0,1392000000.0,1392000000.0,0.0,14100000.0,0.0,0.0,0.0,296300000.0,310400000.0,0.229,310400000.0,296300000.0,230100000.0,2.92,2.81,2.92,1800000000.0,1535147500.0,1800000000.0,6160713774.0,21.0,19.848,471900000.0,9.956,1.0,1358200000.0,1.0,3542500000.0,66200000.0,2408600000.0,2342064000.0,0.0,794900000.0,116000000.0,678900000.0,2498200000.0,407400000.0,2090800000.0,5116956774.0,53800000.0,-916100000.0,46400000.0,431200000.0,0.0,545000000.0,-973800000.0,-48900000.0,480700000.0,1900000.0,138600000.0,138600000.0,138600000.0,0.0,148700000.0,0.102,984200000.0,374000000.0,407400000.0,0.0,2.843,36.919,33.979,67700000.0,0.0,99.22,3.767,3.463,278400000.0,1011800000.0,1358200000.0,1358200000.0,0.0,0.029,0.09,0.127,0.218,24000000.0,879100000.0,1.0,51571828.0,47400000,49400000.0,28.654,1737300000.0,0.0,91500000.0,495400000.0,36.652,363500000.0
43,AMG,MRT,2010-09-30,2010-09-30,2010-09-30,2021-08-06,70973000.0,4950942000.0,4286543000.0,640187000.0,4310755000.0,0.276,33.439,-6247000.0,255452000.0,255452000.0,0.0,245551000.0,1.62,1.376,1299209000.0,0.0,1299209000.0,1299209000.0,0.0,13151000.0,0.0,0.0,0.0,236297000.0,249448000.0,0.211,249448000.0,236297000.0,171652000.0,2.22,2.12,2.22,1712068000.0,1362570000.0,1712068000.0,5349529379.0,23.0,21.445,420386000.0,8.211,1.0,1182118000.0,1.0,3396562000.0,64645000.0,2202863000.0,2210876000.0,0.0,715941000.0,84945000.0,630996000.0,2354959000.0,395274000.0,1959685000.0,3986128379.0,30181000.0,-804129000.0,43440000.0,339696000.0,0.0,478117000.0,-876933000.0,-66557000.0,426633000.0,2364000.0,101327000.0,101327000.0,101327000.0,0.0,144224000.0,0.086,842024000.0,340094000.0,395274000.0,0.0,2.328,39.339,35.14,66789000.0,0.0,78.01,3.372,3.379,241034000.0,949759000.0,1182118000.0,1182118000.0,0.0,0.024,0.074,0.107,0.2,17931000.0,751554000.0,1.0,51097659.0,51200000,51900000.0,23.088,1554380000.0,0.0,70325000.0,471571000.0,30.359,244913000.0
44,AMG,MRT,2010-06-30,2010-06-30,2010-06-30,2021-08-06,47161000.0,4938453000.0,3879941500.0,659118000.0,4279335000.0,0.269,33.36,-4485000.0,220543000.0,220543000.0,0.0,244411000.0,1.962,1.72,1583944000.0,0.0,1583944000.0,1583944000.0,0.0,12618000.0,0.0,0.0,0.0,201283000.0,213901000.0,0.205,213901000.0,201283000.0,136787000.0,1.98,1.87,1.98,1487861000.0,1210713000.0,1487861000.0,3641577201.0,18.0,17.025,333910000.0,7.487,1.0,1045179000.0,1.0,3380502000.0,64496000.0,2585356000.0,2122633000.0,0.0,787677000.0,152356000.0,635321000.0,2558636000.0,335996000.0,2222640000.0,2707226201.0,-53838000.0,-930989000.0,50979000.0,641292000.0,0.0,594050000.0,-987647000.0,-52173000.0,338395000.0,1364000.0,85096000.0,85096000.0,85096000.0,0.0,159315000.0,0.081,737650000.0,307529000.0,335996000.0,0.0,1.82,31.814,30.692,68086000.0,0.0,60.77,2.59,2.593,256212000.0,915804000.0,1045179000.0,1045179000.0,0.0,0.022,0.07,0.095,0.193,17206000.0,658755000.0,1.0,44548728.0,44600000,47600000.0,23.435,1557951000.0,0.0,51691000.0,464151000.0,34.932,323122000.0
45,AMG,MRT,2010-03-31,2010-03-31,2010-03-31,2021-08-06,71350000.0,3865871000.0,3415402250.0,716230000.0,3149641000.0,0.268,26.902,-3148000.0,203751000.0,203751000.0,0.0,242460000.0,2.354,1.718,1138102000.0,0.0,1138102000.0,1138102000.0,0.0,12461000.0,0.0,0.0,0.0,174634000.0,187095000.0,0.205,187095000.0,174634000.0,110610000.0,1.68,1.6,1.68,1140661000.0,1115061000.0,1140661000.0,4050922573.0,23.0,21.652,292361000.0,6.895,1.0,914325000.0,1.0,2324472000.0,64024000.0,2171437000.0,1953586750.0,0.0,822994000.0,178118000.0,644876000.0,1959333000.0,304313000.0,1655020000.0,3346075573.0,-33460000.0,-267000000.0,39601000.0,149360000.0,0.0,-23893000.0,-309732000.0,-39584000.0,295509000.0,4656000.0,70875000.0,70875000.0,70875000.0,0.0,171585000.0,0.078,651699000.0,262626000.0,304313000.0,0.0,2.933,47.211,47.024,65309000.0,0.0,79.0,3.66,3.663,312242000.0,890599000.0,914325000.0,914325000.0,0.0,0.021,0.064,0.089,0.191,15623000.0,578281000.0,1.0,42355387.0,42400000,45400000.0,21.564,1541399000.0,0.0,39735000.0,393263000.0,36.354,411917000.0
46,AMG,MRT,2009-12-31,2009-12-31,2009-12-31,2021-08-06,45958000.0,3390906000.0,3196253000.0,585582000.0,2805324000.0,0.263,26.804,-2600000.0,259487000.0,259487000.0,0.0,212900000.0,2.578,1.388,964334000.0,0.0,964334000.0,964334000.0,0.0,12700000.0,0.0,0.0,0.0,156900000.0,169600000.0,0.201,169600000.0,156900000.0,92300000.0,1.44,1.38,1.44,1109690000.0,1101531250.0,1109690000.0,3567949538.0,23.0,21.037,240600000.0,5.812,1.0,841800000.0,1.0,1984790000.0,64600000.0,1883848000.0,1881500250.0,0.0,808831000.0,150499000.0,658332000.0,1540186000.0,227115000.0,1313071000.0,2832327538.0,-136900000.0,-139300000.0,37100000.0,-230300000.0,0.0,-202200000.0,-181500000.0,-39600000.0,243200000.0,3600000.0,59500000.0,59500000.0,59500000.0,0.0,153400000.0,0.071,601900000.0,239900000.0,227115000.0,0.0,2.552,47.602,46.771,62402000.0,0.0,67.35,3.365,3.312,140118000.0,873137000.0,841800000.0,841800000.0,0.0,0.019,0.054,0.083,0.186,12900000.0,529400000.0,1.0,42053861.0,41400000,43300000.0,20.333,1406116000.0,0.0,32800000.0,322671000.0,33.964,358467000.0
47,AMG,MRT,2009-09-30,2009-09-30,2009-09-30,2021-08-06,36515000.0,3324536000.0,3151701500.0,494546000.0,2829990000.0,0.26,26.393,-3116000.0,225250000.0,225250000.0,0.0,83415000.0,2.268,1.384,960872000.0,0.0,960872000.0,960872000.0,0.0,13744000.0,0.0,0.0,0.0,-12334000.0,1410000.0,0.002,1410000.0,-12334000.0,-77871000.0,-1.38,-1.24,-1.38,1104640000.0,1055309000.0,1104640000.0,3392595673.0,-275.0,2406.096,242860000.0,5.803,1.0,820577000.0,1.0,1992219000.0,65537000.0,1849891000.0,1924383250.0,0.0,775015000.0,112161000.0,662854000.0,1528557000.0,218048000.0,1310509000.0,2709540673.0,-177760000.0,-153963000.0,18854000.0,-257131000.0,0.0,-264860000.0,-161490000.0,-4411000.0,245976000.0,2614000.0,-48781000.0,-48781000.0,-48781000.0,0.0,132196000.0,-0.059,610411000.0,210166000.0,218048000.0,0.0,2.453,-55.545,-47.109,64874000.0,0.0,65.01,3.302,3.316,132160000.0,848537000.0,820577000.0,820577000.0,0.0,-0.015,-0.046,-0.006,-0.015,51635000.0,531344000.0,1.0,41678829.0,41854249,44267107.0,19.606,1332317000.0,0.0,-29090000.0,323308000.0,31.832,276498000.0
48,AMG,MRT,2009-06-30,2009-06-30,2009-06-30,2021-08-06,10723000.0,3080296000.0,3201612750.0,508208000.0,2572088000.0,0.279,26.664,-5628000.0,274369000.0,274369000.0,0.0,54943000.0,4.172,1.306,957424000.0,0.0,957424000.0,957424000.0,0.0,13573000.0,0.0,0.0,0.0,9117000.0,22690000.0,0.025,22690000.0,9117000.0,-60152000.0,-1.38,-1.25,-1.38,1105253000.0,1079586750.0,1105253000.0,3118191214.0,342.0,137.426,347461000.0,8.383,1.0,893940000.0,1.0,1732364000.0,69269000.0,1909171000.0,2150742000.0,0.0,757018000.0,92349000.0,664669000.0,1443420000.0,121816000.0,1321604000.0,2401482214.0,81132000.0,-16103000.0,-23101000.0,-137890000.0,0.0,-243242000.0,-27773000.0,-6042000.0,353089000.0,-942000.0,-50079000.0,-50079000.0,-50079000.0,0.0,105022000.0,-0.056,649626000.0,244314000.0,121816000.0,0.0,2.173,-47.954,-42.167,66885000.0,0.0,58.19,2.686,2.698,113899000.0,830768000.0,893940000.0,893940000.0,0.0,-0.016,-0.046,0.004,0.01,51650000.0,576428000.0,1.0,41269672.0,41450659,43159140.0,21.566,1347932000.0,0.0,-10073000.0,338047000.0,32.519,386392000.0
49,AMG,MRT,2009-03-31,2009-03-31,2009-03-31,2021-08-06,-13953000.0,2989274000.0,3267133000.0,431930000.0,2557344000.0,0.307,27.148,-7557000.0,237291000.0,237291000.0,0.0,84131000.0,4.196,1.304,954000000.0,0.0,954000000.0,954000000.0,0.0,13232000.0,0.0,0.0,0.0,49269000.0,62501000.0,0.062,62501000.0,49269000.0,-21099000.0,-0.76,-0.69,-0.76,1086542000.0,1095803500.0,1086542000.0,2853450395.0,58.0,45.654,452891000.0,11.316,1.0,1001658000.0,1.0,1719944000.0,70368000.0,1883091000.0,2361252000.0,0.0,740208000.0,76134000.0,664074000.0,1417232000.0,102948000.0,1314284000.0,1712936395.0,75063000.0,-64692000.0,-29949000.0,-136512000.0,0.0,-307663000.0,-74930000.0,-2681000.0,460448000.0,-2792000.0,-26423000.0,-26423000.0,-26423000.0,0.0,110554000.0,-0.026,704780000.0,296878000.0,102948000.0,0.0,1.577,-64.827,-54.882,69158000.0,0.0,41.71,1.71,1.667,101317000.0,819789000.0,1001658000.0,1001658000.0,0.0,-0.008,-0.024,0.021,0.049,53456000.0,631102000.0,1.0,41067763.0,40022423,41082130.0,25.027,1269330000.0,0.0,5324000.0,331929000.0,31.715,328982000.0
50,AMG,MRT,2008-12-31,2008-12-31,2008-12-31,2021-08-06,-4081000.0,3212700000.0,3343407000.0,630686000.0,2582014000.0,0.346,24.202,-9554000.0,396431000.0,396431000.0,0.0,131899000.0,3.004,1.886,1184083000.0,0.0,1184083000.0,1184083000.0,0.0,12767000.0,0.0,0.0,0.0,91776000.0,104543000.0,0.09,104543000.0,91776000.0,18419000.0,-0.03,-0.03,-0.03,924801000.0,1103888000.0,924801000.0,2965042048.0,32.0,28.362,498411000.0,13.044,1.0,1158217000.0,1.0,1734991000.0,73357000.0,2055380000.0,2582562000.0,0.0,758075000.0,79188000.0,678887000.0,1743969000.0,209981000.0,1533988000.0,1721934048.0,173477000.0,-75602000.0,173324000.0,-53301000.0,0.0,-238340000.0,-93613000.0,-8457000.0,507965000.0,-2535000.0,-1325000.0,-1325000.0,-1325000.0,0.0,133224000.0,-0.001,791497000.0,366720000.0,209981000.0,0.0,1.862,-1299.573,-1397.333,71845000.0,0.0,41.92,1.487,1.383,131099000.0,813664000.0,1158217000.0,1158217000.0,0.0,0.0,-0.001,0.036,0.079,56735000.0,718365000.0,1.0,41076671.0,38211326,38211326.0,30.311,1477709000.0,0.0,19744000.0,319491000.0,38.672,420705000.0
51,AMG,MRT,2008-09-30,2008-09-30,2008-09-30,2021-08-06,47412000.0,3524181000.0,3389158250.0,726308000.0,2797873000.0,0.389,30.407,-13529000.0,403010000.0,403010000.0,0.0,531314000.0,2.863,1.752,1646118000.0,0.0,1646118000.0,1646118000.0,0.0,11545000.0,0.0,0.0,0.0,322786000.0,334331000.0,0.254,334331000.0,322786000.0,233336000.0,4.14,3.51,4.14,1201751000.0,989988250.0,1201751000.0,4762126738.0,15.0,14.244,685027000.0,17.333,1.0,1317782000.0,1.0,1758247000.0,89450000.0,2755326000.0,2882314500.0,0.0,954104000.0,128121000.0,825983000.0,2105592000.0,253716000.0,1851876000.0,3383481738.0,196401000.0,-485387000.0,-48281000.0,637965000.0,0.0,5500000.0,-505639000.0,-6723000.0,698556000.0,-2016000.0,137734000.0,137734000.0,137734000.0,0.0,393580000.0,0.105,835943000.0,481839000.0,253716000.0,0.0,2.815,24.565,20.012,69714000.0,0.0,82.85,2.568,2.485,170582000.0,929347000.0,1317782000.0,1317782000.0,0.0,0.041,0.139,0.112,0.245,16427000.0,770651000.0,1.0,40838645.0,39522159,42063538.0,33.343,1765934000.0,0.0,95602000.0,271391000.0,44.682,472592000.0
52,AMG,MRT,2008-06-30,2008-06-30,2008-06-30,2021-08-06,62289000.0,3342377000.0,3196878750.0,556126000.0,2786251000.0,0.429,29.774,-13801000.0,193237000.0,193237000.0,0.0,534511000.0,2.777,1.658,1571882000.0,0.0,1571882000.0,1571882000.0,0.0,11342000.0,0.0,0.0,0.0,347643000.0,358985000.0,0.262,358985000.0,347643000.0,260078000.0,5.15,4.18,5.15,1170120000.0,849896000.0,1170120000.0,5095443278.0,15.0,14.194,654112000.0,16.644,1.0,1372563000.0,1.0,1769560000.0,87565000.0,2751211000.0,2704549750.0,0.0,989227000.0,158051000.0,831176000.0,1939961000.0,200251000.0,1739710000.0,3686693278.0,27428000.0,-489800000.0,-104379000.0,475133000.0,0.0,-130613000.0,-511167000.0,-7566000.0,667913000.0,1295000.0,163848000.0,163848000.0,163848000.0,0.0,370663000.0,0.119,860287000.0,512276000.0,200251000.0,0.0,3.151,22.501,17.487,69807000.0,0.0,90.06,2.686,2.579,179366000.0,904499000.0,1372563000.0,1372563000.0,0.0,0.051,0.193,0.129,0.253,15784000.0,794875000.0,1.0,40935968.0,39300624,42371454.0,34.925,1572817000.0,0.0,96230000.0,255447000.0,40.02,355875000.0
53,AMG,MRT,2008-03-31,2008-03-31,2008-03-31,2021-08-06,52829000.0,3294370000.0,3031187000.0,547179000.0,2747191000.0,0.46,32.459,-15283000.0,162228000.0,162228000.0,0.0,490961000.0,2.622,1.732,1570978000.0,0.0,1570978000.0,1570978000.0,0.0,10853000.0,0.0,0.0,0.0,360605000.0,371458000.0,0.266,371458000.0,360605000.0,271589000.0,5.67,4.4,5.67,1118880000.0,705353250.0,1118880000.0,5208828704.0,14.0,14.023,591277000.0,17.153,1.0,1395063000.0,1.0,1726104000.0,89016000.0,2768331000.0,2551651250.0,0.0,987069000.0,154783000.0,832286000.0,1938339000.0,208685000.0,1729654000.0,3306802704.0,38144000.0,-473504000.0,-106020000.0,437615000.0,0.0,-73653000.0,-497060000.0,-8273000.0,606560000.0,2297000.0,171100000.0,171100000.0,171100000.0,0.0,319861000.0,0.123,862304000.0,532759000.0,208685000.0,0.0,2.955,19.327,16.004,69660000.0,0.0,90.74,2.37,2.242,209242000.0,869204000.0,1395063000.0,1395063000.0,0.0,0.056,0.243,0.141,0.258,13092000.0,797945000.0,1.0,36442613.0,34470123,40821649.0,40.472,1568266000.0,0.0,100489000.0,242902000.0,45.496,338494000.0
54,AMG,MRT,2007-12-31,2007-12-31,2007-12-31,2021-08-06,64737000.0,3395705000.0,2849615750.0,649757000.0,2745948000.0,0.481,15.924,-16821000.0,222954000.0,222954000.0,0.0,456575000.0,2.054,5.551,2124980000.0,0.0,2124980000.0,2124980000.0,0.0,10444000.0,0.0,0.0,0.0,364625000.0,375069000.0,0.274,375069000.0,364625000.0,280159000.0,5.99,4.51,5.99,469202000.0,554073750.0,469202000.0,4766746246.0,13.0,12.709,492582000.0,16.718,1.0,1369866000.0,1.0,1726989000.0,84466000.0,3254390000.0,2407286750.0,0.0,998384000.0,155894000.0,842490000.0,2604473000.0,316352000.0,2288121000.0,3512527246.0,21225000.0,-488450000.0,-382673000.0,651458000.0,0.0,21566000.0,-512522000.0,-7251000.0,509403000.0,2778000.0,176499000.0,176499000.0,176499000.0,0.0,280076000.0,0.129,839372000.0,530494000.0,316352000.0,0.0,7.486,19.901,19.609,69879000.0,0.0,117.46,2.564,2.526,237636000.0,836426000.0,1369866000.0,1369866000.0,0.0,0.062,0.319,0.151,0.266,14819000.0,778453000.0,1.0,29904029.0,29464764,42398686.0,46.492,1668716000.0,0.0,103660000.0,257022000.0,56.634,333405000.0
55,AMG,MRT,2007-09-30,2007-09-30,2007-09-30,2021-08-06,67482000.0,2755063000.0,2667169500.0,580001000.0,2175062000.0,0.493,21.482,-17930000.0,206609000.0,206609000.0,0.0,170048000.0,2.383,2.9,1460828000.0,0.0,1460828000.0,1460828000.0,0.0,9948000.0,0.0,0.0,0.0,340647000.0,350595000.0,0.266,350595000.0,340647000.0,269918000.0,5.67,4.2,5.67,641382000.0,561578750.0,641382000.0,5113168232.0,15.0,14.584,279465000.0,9.36,1.0,1315669000.0,1.0,1721634000.0,70729000.0,2044267000.0,2088699000.0,0.0,439472000.0,155797000.0,283675000.0,1860200000.0,243381000.0,1616819000.0,3767532232.0,-15453000.0,-166683000.0,-210085000.0,62587000.0,0.0,-124628000.0,-190837000.0,-6224000.0,297395000.0,2617000.0,170048000.0,170048000.0,170048000.0,0.0,0.0,0.129,808129000.0,507540000.0,243381000.0,0.0,5.874,22.156,22.489,67808000.0,0.0,127.51,2.864,2.894,197461000.0,775559000.0,1315669000.0,1315669000.0,0.0,0.064,0.303,0.163,0.259,13657000.0,746602000.0,1.0,29546955.0,29857038,42672886.0,44.066,1033429000.0,0.0,99870000.0,252053000.0,34.613,336620000.0
56,AMG,MRT,2007-06-30,2007-06-30,2007-06-30,2021-08-06,44131000.0,2679610000.0,2611311250.0,518861000.0,2160749000.0,0.479,19.833,-17734000.0,165809000.0,165809000.0,0.0,160609000.0,3.012,3.099,1511445000.0,0.0,1511445000.0,1511445000.0,0.0,9394000.0,0.0,0.0,0.0,323916000.0,333310000.0,0.267,333310000.0,323916000.0,254935000.0,5.33,4.01,5.33,591949000.0,535029250.0,591949000.0,5253243702.0,16.0,15.761,225874000.0,7.568,1.0,1250504000.0,1.0,1713388000.0,68981000.0,2139617000.0,2029661000.0,0.0,422173000.0,140738000.0,281435000.0,1834605000.0,172241000.0,1662364000.0,3835800702.0,5403000.0,-165794000.0,-181333000.0,120982000.0,0.0,-42627000.0,-196383000.0,-12855000.0,243608000.0,805000.0,160609000.0,160609000.0,160609000.0,0.0,0.0,0.128,768525000.0,481979000.0,172241000.0,0.0,6.48,23.883,24.158,66885000.0,0.0,128.76,3.067,3.073,187725000.0,732974000.0,1250504000.0,1250504000.0,0.0,0.062,0.3,0.16,0.259,11815000.0,708980000.0,1.0,29790313.0,29847093,45230844.0,41.897,966222000.0,0.0,94326000.0,232393000.0,32.372,346620000.0
57,AMG,MRT,2007-03-31,2007-03-31,2007-03-31,2021-08-06,17833000.0,2568085000.0,2555599250.0,453843000.0,2114242000.0,0.47,17.299,-18461000.0,124084000.0,124084000.0,0.0,152658000.0,3.626,3.532,1541527000.0,0.0,1541527000.0,1541527000.0,0.0,9232000.0,0.0,0.0,0.0,305785000.0,315017000.0,0.262,315017000.0,305785000.0,240080000.0,5.02,3.83,5.02,513762000.0,522896750.0,513762000.0,4525998052.0,15.0,14.367,237284000.0,7.99,1.0,1202148000.0,1.0,1669475000.0,65705000.0,2190873000.0,2018191500.0,0.0,410587000.0,130500000.0,280087000.0,1814359000.0,125180000.0,1689179000.0,3244773052.0,9365000.0,-139759000.0,-515153000.0,435054000.0,0.0,-67364000.0,-179835000.0,-21615000.0,255745000.0,819000.0,152658000.0,152658000.0,152658000.0,0.0,0.0,0.127,739639000.0,462509000.0,125180000.0,0.0,6.316,21.255,21.584,65224000.0,0.0,108.35,2.699,2.677,178269000.0,691087000.0,1202148000.0,1202148000.0,0.0,0.06,0.292,0.152,0.254,9931000.0,680857000.0,1.0,29947144.0,29698622,44600908.0,40.478,898610000.0,0.0,87422000.0,221605000.0,30.258,328663000.0
58,AMG,MRT,2006-12-31,2006-12-31,2006-12-31,2021-08-06,14666000.0,2665920000.0,2512398250.0,554279000.0,2111641000.0,0.466,15.955,-21510000.0,201729000.0,201729000.0,0.0,151277000.0,1.926,3.799,1482954000.0,0.0,1482954000.0,1482954000.0,0.0,8763000.0,0.0,0.0,0.0,296687000.0,305450000.0,0.261,305450000.0,296687000.0,237887000.0,4.83,3.7,4.83,499222000.0,598596250.0,499222000.0,4347743247.0,15.0,14.234,279493000.0,8.933,1.0,1170353000.0,1.0,1679293000.0,58800000.0,1980039000.0,1874645250.0,0.0,417306000.0,123866000.0,293440000.0,1896464000.0,287813000.0,1608651000.0,3172279247.0,61306000.0,-123262000.0,-483713000.0,416563000.0,0.0,-75082000.0,-165079000.0,-20307000.0,301003000.0,464000.0,151277000.0,151277000.0,151277000.0,0.0,0.0,0.129,716440000.0,453913000.0,287813000.0,0.0,6.354,20.97,21.766,63984000.0,0.0,105.13,2.711,2.811,201385000.0,654465000.0,1170353000.0,1170353000.0,0.0,0.06,0.253,0.158,0.254,7136000.0,656419000.0,1.0,30174824.0,31289005,43669991.0,37.405,986627000.0,0.0,86610000.0,218584000.0,31.533,266466000.0
59,AMG,MRT,2006-09-30,2006-09-30,2006-09-30,2021-08-06,28544000.0,2531630000.0,2426327250.0,530532000.0,2001098000.0,0.459,17.621,-20385000.0,222062000.0,222062000.0,0.0,141086000.0,1.682,3.302,1397526000.0,65750000.0,1331776000.0,1397526000.0,0.0,8363000.0,0.0,0.0,0.0,275290000.0,283653000.0,0.255,283653000.0,275290000.0,221712000.0,4.38,3.44,4.38,535184000.0,678136000.0,535184000.0,4537210430.0,16.0,15.996,278230000.0,9.161,1.0,1114087000.0,1.0,1583608000.0,53578000.0,1808115000.0,1707927000.0,0.0,393795000.0,107989000.0,285806000.0,1767212000.0,315371000.0,1451841000.0,3054838430.0,82827000.0,-24960000.0,-446462000.0,309137000.0,0.0,-147543000.0,-68445000.0,-23100000.0,298615000.0,200000.0,141086000.0,141086000.0,141086000.0,0.0,0.0,0.127,699837000.0,414250000.0,249621000.0,0.0,5.708,21.652,22.856,59862000.0,0.0,100.11,2.742,2.729,160442000.0,605511000.0,1114087000.0,1114087000.0,0.0,0.058,0.208,0.161,0.247,8679000.0,640942000.0,1.0,30514818.0,30371364,44399722.0,36.682,948022000.0,0.0,80626000.0,208351000.0,31.214,215161000.0
60,AMG,MRT,2006-06-30,2006-06-30,2006-06-30,2021-08-06,29750000.0,2456762000.0,2359424750.0,463328000.0,1993434000.0,0.453,17.404,-21471000.0,160406000.0,160406000.0,0.0,136450000.0,1.757,3.108,1642778000.0,65750000.0,1577028000.0,1642778000.0,0.0,8159000.0,0.0,0.0,0.0,261752000.0,269911000.0,0.253,269911000.0,261752000.0,214353000.0,4.13,3.24,4.13,543419000.0,746999250.0,543419000.0,3725609061.0,14.0,13.803,249578000.0,7.993,1.0,1067773000.0,1.0,1581721000.0,47399000.0,2093739000.0,1592295500.0,0.0,402821000.0,115097000.0,287724000.0,1689113000.0,263674000.0,1425439000.0,2721338061.0,-10942000.0,-83811000.0,-577601000.0,427137000.0,0.0,-162711000.0,-120861000.0,-15579000.0,271049000.0,1581000.0,136450000.0,136450000.0,136450000.0,0.0,0.0,0.128,674813000.0,392960000.0,197924000.0,0.0,5.008,19.944,21.039,59075000.0,0.0,86.89,2.549,2.541,147727000.0,572364000.0,1067773000.0,1067773000.0,0.0,0.058,0.183,0.164,0.245,12236000.0,616638000.0,1.0,31319347.0,31224354,45213524.0,34.197,875041000.0,0.0,77903000.0,201255000.0,28.024,199654000.0
61,AMG,MRT,2006-03-31,2006-03-31,2006-03-31,2021-08-06,16291000.0,2395281000.0,2239179500.0,437746000.0,1957535000.0,0.443,24.244,-19026000.0,114719000.0,114719000.0,0.0,128755000.0,2.041,1.663,1118990000.0,65750000.0,1053240000.0,1118990000.0,0.0,7391000.0,0.0,0.0,0.0,245212000.0,252603000.0,0.254,252603000.0,245212000.0,204374000.0,3.82,3.01,3.82,816560000.0,802622000.0,816560000.0,4421780613.0,18.0,17.505,189002000.0,5.611,1.0,992922000.0,1.0,1568440000.0,40838000.0,1616688000.0,1363615750.0,0.0,414409000.0,125600000.0,288809000.0,1358293000.0,214424000.0,1143869000.0,3596721613.0,-7934000.0,-79035000.0,-235110000.0,142137000.0,0.0,-111454000.0,-105086000.0,-7025000.0,208028000.0,578000.0,128755000.0,128755000.0,128755000.0,0.0,0.0,0.13,628653000.0,364269000.0,148674000.0,0.0,4.405,27.935,27.908,55327000.0,0.0,106.61,3.622,3.616,154594000.0,538428000.0,992922000.0,992922000.0,0.0,0.058,0.16,0.18,0.247,16935000.0,573027000.0,1.0,33737188.0,33681230,46307678.0,29.48,826841000.0,0.0,75619000.0,193056000.0,24.549,223322000.0
62,AMG,MRT,2005-12-31,2005-12-31,2005-12-31,2021-08-06,16756000.0,2321636000.0,2121132000.0,335369000.0,1986267000.0,0.432,24.278,-14523000.0,140423000.0,140423000.0,0.0,119069000.0,1.307,1.663,965482000.0,65750000.0,899732000.0,965482000.0,0.0,7029000.0,0.0,0.0,0.0,227078000.0,234107000.0,0.255,234107000.0,227078000.0,189652000.0,3.54,2.81,3.54,817381000.0,782629750.0,817381000.0,3566298804.0,16.0,15.234,189555000.0,5.63,1.0,916492000.0,1.0,1576941000.0,37426000.0,1313166000.0,1260742500.0,0.0,312457000.0,10981000.0,301476000.0,1359092000.0,256588000.0,1102504000.0,2724366804.0,146000.0,-85175000.0,-204236000.0,98637000.0,0.0,-122267000.0,-82029000.0,17669000.0,204078000.0,364000.0,119069000.0,119069000.0,119069000.0,0.0,0.0,0.13,581437000.0,335055000.0,190838000.0,0.0,3.333,22.881,22.669,50592000.0,0.0,80.25,2.973,2.948,148850000.0,503188000.0,916492000.0,916492000.0,0.0,0.056,0.152,0.18,0.248,13942000.0,528038000.0,1.0,33948496.0,33667542,44689655.0,27.222,744695000.0,0.0,70583000.0,182623000.0,22.119,78781000.0
63,AMG,MRT,2005-09-30,2005-09-30,2005-09-30,2021-08-06,16388000.0,2264020000.0,2024078250.0,305551000.0,1958469000.0,0.409,23.894,-9593000.0,139235000.0,139235000.0,0.0,103562000.0,1.614,1.685,981167000.0,0.0,981167000.0,981167000.0,0.0,6675000.0,0.0,0.0,0.0,200975000.0,207650000.0,0.251,207650000.0,200975000.0,166886000.0,3.14,2.49,3.14,810637000.0,755207500.0,810637000.0,3152205450.0,16.0,15.18,176340000.0,5.198,1.0,827950000.0,1.0,1571012000.0,34089000.0,1345589000.0,1228150500.0,0.0,297887000.0,0.0,297887000.0,1365831000.0,189351000.0,1176480000.0,2482541450.0,-139380000.0,-472692000.0,24153000.0,115756000.0,0.0,124815000.0,-451952000.0,30336000.0,185933000.0,1824000.0,103562000.0,103562000.0,103562000.0,0.0,0.0,0.125,521493000.0,306457000.0,189351000.0,0.0,3.062,23.972,23.064,47146000.0,0.0,72.42,2.998,2.967,136222000.0,464424000.0,827950000.0,827950000.0,0.0,0.051,0.137,0.164,0.243,13605000.0,472265000.0,1.0,34279777.0,33926047,44908036.0,24.405,693008000.0,0.0,63324000.0,173988000.0,20.427,116200000.0
64,AMG,MRT,2005-06-30,2005-06-30,2005-06-30,2021-08-06,1385000.0,1975781000.0,1879555250.0,313407000.0,1662374000.0,0.404,22.801,-8447000.0,171348000.0,171348000.0,0.0,91851000.0,2.352,1.482,841012000.0,0.0,841012000.0,841012000.0,0.0,6227000.0,0.0,0.0,0.0,181841000.0,188068000.0,0.248,188068000.0,181841000.0,149630000.0,2.87,2.28,2.87,765910000.0,675324500.0,765910000.0,3017965737.0,17.0,16.047,153340000.0,4.565,1.0,759670000.0,1.0,1333186000.0,32211000.0,1179020000.0,1118079500.0,0.0,252492000.0,0.0,252492000.0,1135166000.0,133239000.0,1001927000.0,2289761737.0,-137272000.0,-412429000.0,206599000.0,-97769000.0,0.0,91243000.0,-390743000.0,30136000.0,161787000.0,441000.0,91851000.0,91851000.0,91851000.0,0.0,0.0,0.121,469585000.0,290085000.0,133239000.0,0.0,2.99,24.929,23.808,42925000.0,0.0,68.33,3.014,3.021,111838000.0,435913000.0,759670000.0,759670000.0,0.0,0.049,0.136,0.163,0.239,8259000.0,422518000.0,1.0,33510343.0,33591741,44375152.0,22.615,642595000.0,0.0,57779000.0,137042000.0,19.13,180168000.0
65,AMG,MRT,2005-03-31,2005-03-31,2005-03-31,2021-08-06,2754000.0,1923091000.0,1811125750.0,260749000.0,1662342000.0,0.392,22.112,-8315000.0,122653000.0,122653000.0,0.0,84530000.0,2.301,1.52,850857000.0,0.0,850857000.0,850857000.0,0.0,6364000.0,0.0,0.0,0.0,171991000.0,178355000.0,0.251,178355000.0,171991000.0,139511000.0,2.74,2.16,2.74,736591000.0,594409500.0,736591000.0,2777880479.0,16.0,15.575,151732000.0,4.555,1.0,709975000.0,1.0,1332769000.0,32480000.0,1205195000.0,1076692500.0,0.0,253239000.0,0.0,253239000.0,1119838000.0,113331000.0,1006507000.0,2067449479.0,-207598000.0,-485488000.0,192338000.0,-87769000.0,0.0,101241000.0,-469733000.0,24024000.0,160047000.0,847000.0,84530000.0,84530000.0,84530000.0,0.0,0.0,0.119,429261000.0,280714000.0,113331000.0,0.0,2.807,24.458,22.639,42051000.0,0.0,62.03,2.912,2.91,109542000.0,409672000.0,709975000.0,709975000.0,0.0,0.047,0.142,0.16,0.242,2913000.0,385098000.0,1.0,33329832.0,33311259,44075669.0,21.313,590322000.0,0.0,54981000.0,129070000.0,17.721,147418000.0
66,AMG,MRT,2004-12-31,2004-12-31,2004-12-31,2021-08-06,1537000.0,1933421000.0,1739068250.0,277732000.0,1655689000.0,0.38,23.594,-6977000.0,140277000.0,140277000.0,0.0,77147000.0,2.103,1.609,850708000.0,0.0,850708000.0,850708000.0,0.0,6369000.0,0.0,0.0,0.0,160818000.0,167187000.0,0.253,167187000.0,160818000.0,129093000.0,2.57,2.02,2.57,707692000.0,515975250.0,707692000.0,2553451246.0,16.0,15.273,170909000.0,5.698,1.0,659997000.0,1.0,1328976000.0,31725000.0,1182798000.0,1035962500.0,0.0,273770000.0,21173000.0,252597000.0,1138351000.0,132078000.0,1006273000.0,2008460246.0,-84005000.0,-474104000.0,15812000.0,212231000.0,0.0,215243000.0,-478266000.0,2875000.0,177886000.0,1132000.0,77147000.0,77147000.0,77147000.0,0.0,0.0,0.117,392115000.0,267882000.0,132078000.0,0.0,2.838,26.034,26.358,40953000.0,0.0,67.74,3.043,3.079,91487000.0,384119000.0,659997000.0,659997000.0,0.0,0.044,0.15,0.155,0.244,8027000.0,350699000.0,1.0,29649546.0,29994560,39644676.0,22.004,604445000.0,0.0,51946000.0,124168000.0,20.152,145654000.0
67,AMG,MRT,2004-09-30,2004-09-30,2004-09-30,2021-08-06,1689000.0,1685928000.0,1635514250.0,422822000.0,1263106000.0,0.376,16.731,-7163000.0,314867000.0,314867000.0,0.0,71202000.0,3.079,2.297,859858000.0,9305000.0,850553000.0,859858000.0,0.0,6293000.0,0.0,0.0,0.0,149643000.0,155936000.0,0.253,155936000.0,149643000.0,119672000.0,2.36,1.68,2.36,491105000.0,492744500.0,491105000.0,2168876225.0,14.0,13.909,154853000.0,5.276,1.0,615658000.0,1.0,1188272000.0,29971000.0,905305000.0,922957000.0,0.0,0.0,0.0,0.0,1128155000.0,137342000.0,990813000.0,1552276225.0,47522000.0,-93362000.0,-187499000.0,224750000.0,0.0,24855000.0,-139451000.0,-38867000.0,162016000.0,102000.0,71202000.0,71202000.0,71202000.0,0.0,0.0,0.116,364351000.0,251307000.0,128037000.0,0.0,3.161,21.801,22.686,40884000.0,0.0,53.54,2.521,2.553,89004000.0,360861000.0,615658000.0,615658000.0,0.0,0.044,0.145,0.162,0.243,6144000.0,323894000.0,1.0,28992832.0,29353068,38481044.0,20.974,497656000.0,0.0,48470000.0,115308000.0,16.954,285480000.0
68,AMG,MRT,2004-06-30,2004-06-30,2004-06-30,2021-08-06,1763000.0,1702063000.0,1582882750.0,442989000.0,1259074000.0,0.365,15.254,-24549000.0,344672000.0,344672000.0,0.0,70798000.0,3.879,2.73,961272000.0,7623000.0,953649000.0,961272000.0,0.0,6266000.0,0.0,0.0,0.0,147141000.0,153407000.0,0.265,153407000.0,147141000.0,119462000.0,2.3,1.72,2.3,442250000.0,518519000.0,442250000.0,2063638948.0,14.0,13.452,135682000.0,4.68,1.0,578277000.0,1.0,1190989000.0,27679000.0,1013472000.0,873565250.0,0.0,0.0,0.0,0.0,1207243000.0,114202000.0,1093041000.0,1460368948.0,108108000.0,-93000000.0,-183445000.0,297769000.0,0.0,104091000.0,-156275000.0,-38667000.0,160231000.0,61000.0,70798000.0,70798000.0,70798000.0,0.0,0.0,0.122,340769000.0,237508000.0,106579000.0,0.0,3.302,20.627,21.9,39505000.0,0.0,50.37,2.525,2.525,79895000.0,344062000.0,578277000.0,578277000.0,0.0,0.045,0.137,0.168,0.254,7634000.0,302659000.0,1.0,28992832.0,28992832,38197082.0,19.946,511074000.0,0.0,48664000.0,107775000.0,17.628,328787000.0
69,AMG,MRT,2004-03-31,2004-03-31,2004-03-31,2021-08-06,1194000.0,1634861000.0,1513614000.0,456003000.0,1178858000.0,0.354,13.951,-23675000.0,359734000.0,359734000.0,0.0,65701000.0,5.353,2.77,963004000.0,9510000.0,953494000.0,963004000.0,0.0,6256000.0,0.0,0.0,0.0,135817000.0,142073000.0,0.265,142073000.0,135817000.0,110967000.0,2.09,1.64,2.09,422854000.0,550883750.0,422854000.0,1994279989.0,15.0,14.037,106731000.0,3.521,1.0,536416000.0,1.0,1110666000.0,24850000.0,1042275000.0,794959000.0,0.0,0.0,0.0,0.0,1171206000.0,85190000.0,1086016000.0,1582529989.0,158866000.0,-20047000.0,-176215000.0,292659000.0,0.0,106176000.0,-77771000.0,-33944000.0,130406000.0,55000.0,65701000.0,65701000.0,65701000.0,0.0,0.0,0.122,319163000.0,217253000.0,75680000.0,0.0,3.742,24.087,26.115,36641000.0,0.0,54.58,2.95,3.084,74120000.0,325142000.0,536416000.0,536416000.0,0.0,0.043,0.119,0.171,0.253,8548000.0,280834000.0,1.0,28994686.0,30310432,39974682.0,17.697,524195000.0,0.0,45266000.0,100785000.0,17.294,370813000.0
70,AMG,MRT,2003-12-31,2003-12-31,2003-12-31,2021-08-06,944000.0,1519205000.0,1452007500.0,339483000.0,1179722000.0,0.341,19.291,-23889000.0,224282000.0,224282000.0,0.0,60528000.0,3.346,1.405,653340000.0,0.0,653340000.0,653340000.0,0.0,6231000.0,0.0,0.0,0.0,124808000.0,131039000.0,0.265,131039000.0,124808000.0,101832000.0,1.9,1.57,1.9,614769000.0,583010000.0,614769000.0,1918199480.0,15.0,14.638,92626000.0,2.907,1.0,495029000.0,1.0,1116036000.0,22976000.0,730776000.0,710626250.0,0.0,29052000.0,29052000.0,0.0,863642000.0,101451000.0,762191000.0,1484176480.0,196574000.0,-19052000.0,-22313000.0,183860000.0,0.0,153697000.0,-73882000.0,-30927000.0,116515000.0,244000.0,60528000.0,60528000.0,60528000.0,0.0,0.0,0.122,297514000.0,197515000.0,101451000.0,0.0,2.414,24.52,24.418,36886000.0,0.0,46.393,2.998,2.987,65288000.0,306972000.0,495029000.0,495029000.0,0.0,0.042,0.104,0.176,0.252,3039000.0,259051000.0,1.0,31991158.0,31867989,40113040.0,15.534,403169000.0,0.0,41304000.0,92707000.0,12.651,238032000.0
71,AMG,MRT,2003-09-30,2003-09-30,2003-09-30,2021-08-06,714000.0,1475402000.0,1382954750.0,304210000.0,1171192000.0,0.343,18.66,-24312000.0,231093000.0,231093000.0,0.0,56477000.0,3.3,1.427,665116000.0,11930000.0,653186000.0,665116000.0,0.0,6204000.0,0.0,0.0,0.0,117579000.0,123783000.0,0.261,123783000.0,117579000.0,94593000.0,1.763,1.597,1.763,594203000.0,572283000.0,594203000.0,1798105671.0,15.0,14.526,94121000.0,2.956,1.0,473725000.0,1.0,1109499000.0,22986000.0,707738000.0,647892500.0,0.0,0.0,0.0,0.0,848088000.0,92188000.0,755900000.0,1333423671.0,153201000.0,-9545000.0,-26857000.0,107630000.0,0.0,67894000.0,-33341000.0,528000.0,118433000.0,215000.0,56477000.0,56477000.0,56477000.0,0.0,0.0,0.119,289743000.0,183982000.0,80258000.0,0.0,2.244,23.61,23.747,37755000.0,0.0,41.867,2.815,2.814,56215000.0,289659000.0,473725000.0,473725000.0,0.0,0.041,0.099,0.181,0.248,2420000.0,251209000.0,1.0,31849292.0,31843368,32951832.0,14.877,365903000.0,0.0,38116000.0,83818000.0,11.491,212022000.0
72,AMG,MRT,2003-06-30,2003-06-30,2003-06-30,2021-08-06,322000.0,1424988000.0,1337309500.0,266048000.0,1158940000.0,0.344,18.111,-5143000.0,200512000.0,200512000.0,0.0,52901000.0,3.387,1.446,665194000.0,12162000.0,653032000.0,665194000.0,0.0,6169000.0,0.0,0.0,0.0,111230000.0,117399000.0,0.255,117399000.0,111230000.0,88171000.0,1.647,1.477,1.647,571709000.0,563885500.0,571709000.0,1777308156.0,16.0,15.139,104290000.0,3.304,1.0,460518000.0,1.0,1112073000.0,23059000.0,699047000.0,609416000.0,0.0,0.0,0.0,0.0,826682000.0,78550000.0,748132000.0,1281551156.0,72598000.0,-126820000.0,-49927000.0,155244000.0,0.0,92796000.0,-129881000.0,2094000.0,109433000.0,250000.0,52901000.0,52901000.0,52901000.0,0.0,0.0,0.115,281909000.0,178609000.0,66388000.0,0.0,2.242,24.225,24.671,18963000.0,0.0,40.633,2.783,2.785,51390000.0,273264000.0,460518000.0,460518000.0,0.0,0.04,0.094,0.183,0.242,2360000.0,243126000.0,1.0,31539405.0,31566975,32228521.0,14.589,312915000.0,0.0,35270000.0,75797000.0,9.913,187498000.0
73,AMG,MRT,2003-03-31,2003-03-31,2003-03-31,2021-08-06,-55000.0,1388435000.0,1291125250.0,229380000.0,1159055000.0,0.367,17.183,-6440000.0,171385000.0,171385000.0,0.0,54431000.0,3.42,1.474,667142000.0,9697000.0,657445000.0,667142000.0,0.0,6011000.0,0.0,0.0,0.0,114842000.0,120853000.0,0.255,120853000.0,114842000.0,90720000.0,1.667,1.493,1.667,551359000.0,563043250.0,551359000.0,1316143305.0,11.0,10.89,108127000.0,3.37,1.0,473448000.0,1.0,1112170000.0,24122000.0,704944000.0,566036750.0,0.0,0.0,0.0,0.0,812869000.0,67078000.0,745791000.0,872480305.0,60952000.0,-137466000.0,-61714000.0,160190000.0,0.0,86119000.0,-140006000.0,3946000.0,114567000.0,272000.0,54431000.0,54431000.0,54431000.0,0.0,0.0,0.115,285436000.0,188012000.0,57381000.0,0.0,1.582,16.029,16.625,19223000.0,0.0,27.713,1.843,1.878,45193000.0,259441000.0,473448000.0,473448000.0,0.0,0.042,0.097,0.203,0.243,1446000.0,248142000.0,1.0,31482330.0,32088223,32593413.0,14.755,276265000.0,0.0,36289000.0,68271000.0,8.61,162302000.0
74,AMG,MRT,2002-12-31,2002-12-31,2002-12-31,2021-08-06,-244000.0,1242994000.0,1244698250.0,89515000.0,1153479000.0,0.388,17.314,-6151000.0,27708000.0,27708000.0,0.0,55942000.0,0.955,1.12,471371000.0,12348000.0,459023000.0,471371000.0,0.0,5847000.0,0.0,0.0,0.0,118455000.0,124302000.0,0.258,124302000.0,118455000.0,93238000.0,1.69,1.52,1.69,571861000.0,564794250.0,571861000.0,1550111356.0,13.0,12.471,121149000.0,3.668,1.0,482536000.0,1.0,1113064000.0,25217000.0,479841000.0,517807250.0,0.0,0.0,0.0,0.0,640635000.0,93752000.0,546883000.0,1094252356.0,-45719000.0,-136499000.0,-26979000.0,-2113000.0,0.0,-34152000.0,-138917000.0,3946000.0,127300000.0,50000.0,55942000.0,55942000.0,55942000.0,0.0,0.0,0.116,286708000.0,195828000.0,81404000.0,0.0,1.913,19.56,19.842,19228000.0,0.0,33.533,2.268,2.295,50798000.0,246444000.0,482536000.0,482536000.0,0.0,0.045,0.099,0.229,0.245,1446000.0,250362000.0,1.0,32631780.0,33029223,38240591.0,14.609,129930000.0,0.0,37296000.0,61658000.0,3.934,-4237000.0
75,AMG,MRT,2002-09-30,2002-09-30,2002-09-30,2021-08-06,-371000.0,1292821000.0,1224030000.0,136344000.0,1156477000.0,0.388,17.06,-12095000.0,77892000.0,77892000.0,0.0,55280000.0,1.671,1.259,533751000.0,0.0,533751000.0,533751000.0,0.0,5834000.0,0.0,0.0,0.0,116935000.0,122769000.0,0.259,122769000.0,116935000.0,92135000.0,1.667,1.613,1.667,560613000.0,557664000.0,560613000.0,1331575302.0,11.0,10.846,110604000.0,3.366,1.0,474712000.0,1.0,1113255000.0,24800000.0,553832000.0,459047500.0,0.0,0.0,0.0,0.0,705718000.0,81593000.0,624125000.0,976028302.0,-127172000.0,-454808000.0,-29008000.0,244780000.0,0.0,215772000.0,-465702000.0,2236000.0,122699000.0,59000.0,55280000.0,55280000.0,55280000.0,0.0,0.0,0.116,280778000.0,193934000.0,81593000.0,0.0,1.741,17.656,17.84,19647000.0,0.0,29.74,2.056,2.059,47372000.0,233182000.0,474712000.0,474712000.0,0.0,0.045,0.099,0.255,0.246,3598000.0,242283000.0,1.0,32818706.0,32861013,33452702.0,14.446,179566000.0,0.0,36855000.0,55353000.0,5.464,54751000.0
76,AMG,MRT,2002-06-30,2002-06-30,2002-06-30,2021-08-06,-564000.0,1240251000.0,1137966000.0,198029000.0,1042222000.0,0.401,17.07,-9144000.0,127914000.0,127914000.0,0.0,54813000.0,2.694,1.131,483461000.0,0.0,483461000.0,483461000.0,0.0,5685000.0,0.0,0.0,0.0,113150000.0,118835000.0,0.261,118835000.0,113150000.0,91354000.0,1.647,1.593,1.647,568340000.0,551096500.0,568340000.0,1733574562.0,15.0,14.588,105382000.0,3.165,1.0,456038000.0,1.0,996765000.0,21796000.0,525530000.0,396877750.0,0.0,0.0,0.0,0.0,642655000.0,73503000.0,569152000.0,1360833562.0,-47921000.0,-338434000.0,-11394000.0,197022000.0,0.0,185628000.0,-348166000.0,670000.0,114526000.0,91000.0,54813000.0,54813000.0,54813000.0,0.0,0.0,0.12,271655000.0,184383000.0,73503000.0,0.0,2.394,24.827,24.894,19853000.0,0.0,41.0,2.984,2.993,61149000.0,220362000.0,456038000.0,456038000.0,0.0,0.048,0.099,0.285,0.248,2152000.0,231815000.0,1.0,33191062.0,33294810,34294470.0,13.697,243486000.0,0.0,36541000.0,49251000.0,7.313,124526000.0
77,AMG,MRT,2002-03-31,2002-03-31,2002-03-31,2021-08-06,-704000.0,1202727000.0,1057937750.0,179911000.0,1022816000.0,0.404,16.749,-7404000.0,110433000.0,110433000.0,0.0,52567000.0,2.125,1.103,483174000.0,25000000.0,458174000.0,483174000.0,0.0,5661000.0,0.0,0.0,0.0,105714000.0,111375000.0,0.261,111375000.0,105714000.0,87611000.0,1.58,1.533,1.58,558363000.0,539927000.0,558363000.0,1666865325.0,16.0,14.966,96577000.0,2.897,1.0,427070000.0,1.0,978766000.0,18103000.0,512026000.0,345497000.0,0.0,1846000.0,0.0,1846000.0,615813000.0,84676000.0,531137000.0,1594326325.0,83286000.0,-334276000.0,12000.0,321697000.0,0.0,321709000.0,-342401000.0,670000.0,103981000.0,-3000.0,52567000.0,52567000.0,52567000.0,0.0,0.0,0.123,260357000.0,166713000.0,59676000.0,0.0,2.855,30.329,30.308,17724000.0,0.0,47.887,3.733,3.738,59164000.0,205010000.0,427070000.0,427070000.0,0.0,0.05,0.097,0.306,0.248,2152000.0,217440000.0,1.0,33293742.0,33337396,34444964.0,12.811,223961000.0,0.0,35044000.0,43578000.0,6.718,95235000.0
78,AMG,MRT,2001-12-31,2001-12-31,2001-12-31,2021-08-06,-846000.0,1160321000.0,949371250.0,140039000.0,1020282000.0,0.43,16.363,-7230000.0,73427000.0,73427000.0,0.0,49989000.0,0.438,1.071,452894000.0,252894000.0,200000000.0,452894000.0,0.0,5669000.0,0.0,0.0,0.0,98042000.0,103711000.0,0.254,103711000.0,98042000.0,83314000.0,1.507,1.467,1.507,543340000.0,526739750.0,543340000.0,1636900957.0,17.0,15.783,89695000.0,2.701,1.0,408210000.0,1.0,974956000.0,14728000.0,244802000.0,266186500.0,0.0,1732000.0,0.0,1732000.0,581906000.0,320030000.0,261876000.0,1564361957.0,41815000.0,-335968000.0,17000.0,288499000.0,0.0,288516000.0,-343674000.0,670000.0,96925000.0,48000.0,49989000.0,49989000.0,49989000.0,0.0,0.0,0.122,253923000.0,154287000.0,67136000.0,0.0,2.879,31.294,31.179,17802000.0,0.0,46.987,3.832,3.822,57148000.0,190502000.0,408210000.0,408210000.0,0.0,0.053,0.095,0.368,0.24,2152000.0,208679000.0,1.0,33293742.0,33204615,34098194.0,12.294,185365000.0,0.0,33325000.0,38081000.0,5.583,-179991000.0
79,AMG,MRT,2001-09-30,2001-09-30,2001-09-30,2021-08-06,-1485000.0,948565000.0,857723500.0,259188000.0,689377000.0,0.481,16.061,3841000.0,205064000.0,205064000.0,0.0,52175000.0,3.857,0.736,277603000.0,0.0,277603000.0,277603000.0,0.0,5666000.0,0.0,0.0,0.0,100118000.0,105784000.0,0.256,105784000.0,100118000.0,86957000.0,1.573,1.533,1.573,534343000.0,514382250.0,534343000.0,1361248728.0,14.0,12.868,90541000.0,2.721,1.0,412532000.0,1.0,648755000.0,13161000.0,305153000.0,250698000.0,0.0,1616000.0,0.0,1616000.0,393482000.0,67196000.0,326286000.0,1258970728.0,155093000.0,-19041000.0,-4227000.0,88561000.0,0.0,84334000.0,-15922000.0,-125000.0,86700000.0,-19000.0,52175000.0,52175000.0,52175000.0,0.0,0.0,0.126,256977000.0,155555000.0,67196000.0,0.0,2.356,24.13,24.077,14357000.0,0.0,37.873,3.052,3.054,44043000.0,177902000.0,412532000.0,412532000.0,0.0,0.061,0.101,0.399,0.243,0.0,213453000.0,1.0,33241614.0,33270087,34262748.0,12.399,299810000.0,0.0,34782000.0,35551000.0,9.011,191992000.0
80,AMG,MRT,2001-06-30,2001-06-30,2001-06-30,2021-08-06,-1070000.0,920138000.0,824239250.0,240369000.0,679769000.0,0.527,15.79,305000.0,175835000.0,175835000.0,0.0,54201000.0,3.944,0.718,278113000.0,0.0,278113000.0,278113000.0,0.0,5460000.0,0.0,0.0,0.0,105014000.0,110474000.0,0.254,110474000.0,105014000.0,90741000.0,1.633,1.6,1.633,523662000.0,502702500.0,523662000.0,1478447722.0,14.0,13.383,96938000.0,2.923,1.0,434153000.0,1.0,641459000.0,14273000.0,320007000.0,228714500.0,0.0,1905000.0,0.0,1905000.0,375992000.0,60950000.0,315042000.0,1358094722.0,126970000.0,-17916000.0,477000.0,48211000.0,0.0,48688000.0,-18213000.0,-228000.0,96633000.0,-138000.0,54201000.0,54201000.0,54201000.0,0.0,0.0,0.125,270431000.0,163722000.0,60950000.0,0.0,2.593,25.057,25.107,14815000.0,0.0,41.0,3.128,3.132,54286000.0,165549000.0,434153000.0,434153000.0,0.0,0.066,0.108,0.459,0.242,0.0,226990000.0,1.0,33124262.0,33163602,33982426.0,13.091,278679000.0,0.0,36540000.0,34164000.0,8.403,179419000.0
81,AMG,MRT,2001-03-31,2001-03-31,2001-03-31,2021-08-06,-1620000.0,768461000.0,799018500.0,94018000.0,674443000.0,0.556,15.278,-5439000.0,27147000.0,27147000.0,0.0,54771000.0,1.711,0.471,147500000.0,0.0,147500000.0,147500000.0,0.0,5016000.0,0.0,0.0,0.0,107140000.0,112156000.0,0.252,112156000.0,107140000.0,92076000.0,1.653,1.62,1.653,505614000.0,489249750.0,505614000.0,1177976507.0,11.0,10.503,100228000.0,3.029,1.0,444385000.0,1.0,639087000.0,15064000.0,194784000.0,217057500.0,0.0,1747000.0,0.0,1747000.0,238388000.0,54943000.0,183445000.0,1045147507.0,-8733000.0,-9181000.0,-18018000.0,-80800000.0,0.0,-98818000.0,-15337000.0,-293000.0,105667000.0,-245000.0,54771000.0,54771000.0,54771000.0,0.0,0.0,0.123,276573000.0,167812000.0,54943000.0,0.0,2.067,19.082,18.955,15087000.0,0.0,31.333,2.352,2.333,51313000.0,152443000.0,444385000.0,444385000.0,0.0,0.069,0.112,0.494,0.241,0.0,234171000.0,1.0,33355772.0,33094749,33851728.0,13.428,129374000.0,0.0,37305000.0,33159000.0,3.909,39075000.0
82,AMG,MRT,2000-12-31,2000-12-31,2000-12-31,2021-08-06,-342000.0,793730000.0,812487500.0,113186000.0,680544000.0,0.565,14.761,-6235000.0,31612000.0,31612000.0,0.0,56656000.0,1.304,0.553,151000000.0,0.0,151000000.0,151000000.0,0.0,4611000.0,0.0,0.0,0.0,111358000.0,115969000.0,0.253,115969000.0,111358000.0,95608000.0,1.693,1.66,1.693,493910000.0,480446500.0,493910000.0,1353205493.0,12.0,11.669,147476000.0,4.407,1.0,458708000.0,1.0,643470000.0,15750000.0,182848000.0,240302250.0,0.0,1816000.0,0.0,1816000.0,273143000.0,86800000.0,186343000.0,1220376493.0,-22267000.0,-104438000.0,-40446000.0,-23515000.0,0.0,-63961000.0,-111730000.0,-358000.0,153711000.0,-287000.0,56656000.0,56656000.0,56656000.0,0.0,0.0,0.124,284273000.0,174435000.0,86800000.0,0.0,2.471,21.54,21.611,15346000.0,0.0,36.587,2.66,2.669,66126000.0,140513000.0,458708000.0,458708000.0,0.0,0.07,0.118,0.463,0.243,0.0,242926000.0,1.0,33355772.0,33461214,34122892.0,13.709,150260000.0,0.0,38952000.0,31907000.0,4.491,26386000.0
83,AMG,MRT,2000-09-30,2000-09-30,2000-09-30,2021-08-06,-255000.0,814628000.0,841323250.0,122922000.0,691706000.0,0.749,14.682,-12326000.0,49971000.0,49971000.0,0.0,86543000.0,1.476,0.616,182800000.0,0.0,182800000.0,182800000.0,0.0,4256000.0,0.0,0.0,0.0,168116000.0,172372000.0,0.273,172372000.0,168116000.0,153236000.0,2.58,2.54,2.58,487624000.0,476465500.0,487624000.0,1434222944.0,9.0,8.321,134747000.0,4.057,1.0,630525000.0,1.0,646940000.0,14880000.0,217219000.0,266668750.0,0.0,1970000.0,0.0,1970000.0,300156000.0,83298000.0,216858000.0,1259287944.0,14442000.0,-103497000.0,-41140000.0,24665000.0,0.0,-16654000.0,-115719000.0,-365000.0,147073000.0,-258000.0,86543000.0,86543000.0,86543000.0,0.0,0.0,0.137,376449000.0,254076000.0,83298000.0,0.0,2.582,14.551,14.713,21520000.0,0.0,37.96,1.997,2.0,63960000.0,125727000.0,630525000.0,630525000.0,0.0,0.103,0.182,0.63,0.267,0.0,336128000.0,1.0,33174076.0,33213291,33963518.0,18.984,167688000.0,0.0,66693000.0,31602000.0,5.049,39624000.0
84,AMG,MRT,2000-06-30,2000-06-30,2000-06-30,2021-08-06,-203000.0,819255000.0,810425500.0,123881000.0,695374000.0,0.738,14.118,-10637000.0,48865000.0,48865000.0,0.0,82621000.0,1.807,0.69,223800000.0,0.0,223800000.0,223800000.0,0.0,3947000.0,0.0,0.0,0.0,160086000.0,164033000.0,0.274,164033000.0,160086000.0,146589000.0,2.447,2.413,2.447,469851000.0,465179750.0,469851000.0,1201434232.0,8.0,7.324,112747000.0,3.388,1.0,597715000.0,1.0,652242000.0,13497000.0,273379000.0,259342250.0,0.0,1977000.0,0.0,1977000.0,324041000.0,68569000.0,255472000.0,1009014232.0,16716000.0,-99285000.0,-44914000.0,49165000.0,0.0,4072000.0,-110636000.0,-705000.0,123384000.0,-104000.0,82621000.0,82621000.0,82621000.0,0.0,0.0,0.138,355226000.0,242489000.0,68569000.0,0.0,2.148,12.213,12.391,19351000.0,0.0,30.32,1.688,1.688,64123000.0,111349000.0,597715000.0,597715000.0,0.0,0.102,0.178,0.617,0.268,0.0,317104000.0,1.0,33278834.0,33281380,33760596.0,17.959,167013000.0,0.0,63968000.0,30199000.0,5.018,55312000.0
85,AMG,MRT,2000-03-31,2000-03-31,2000-03-31,2021-08-06,-79000.0,822337000.0,778210250.0,123609000.0,698728000.0,0.727,13.801,-6847000.0,35880000.0,35880000.0,0.0,78459000.0,1.794,0.694,228300000.0,0.0,228300000.0,228300000.0,0.0,4107000.0,0.0,0.0,0.0,151702000.0,155809000.0,0.276,155809000.0,151702000.0,139536000.0,2.307,2.28,2.307,470401000.0,455778750.0,470401000.0,1186270728.0,8.0,7.614,96973000.0,2.845,1.0,565397000.0,1.0,658099000.0,12166000.0,287763000.0,242679250.0,0.0,7239000.0,0.0,7239000.0,326552000.0,68895000.0,257657000.0,1064849728.0,-4958000.0,-138832000.0,-30805000.0,69660000.0,0.0,38676000.0,-147424000.0,-1770000.0,103820000.0,-30000.0,78459000.0,78459000.0,78459000.0,0.0,0.0,0.139,334650000.0,230747000.0,68895000.0,0.0,2.264,13.572,13.726,13624000.0,0.0,31.667,1.883,1.909,73284000.0,97672000.0,565397000.0,565397000.0,0.0,0.101,0.172,0.625,0.268,0.0,297795000.0,1.0,33626834.0,34083740,34649582.0,16.588,164238000.0,0.0,61077000.0,27944000.0,4.819,54714000.0
86,AMG,MRT,1999-12-31,1999-12-31,1999-12-31,2021-08-06,-55000.0,909073000.0,736463000.0,299967000.0,609106000.0,0.704,14.367,-6050000.0,53879000.0,53879000.0,0.0,72188000.0,1.761,0.779,175300000.0,0.0,175300000.0,175300000.0,0.0,3901000.0,0.0,0.0,0.0,140671000.0,144572000.0,0.279,144572000.0,140671000.0,128907000.0,2.167,2.12,2.167,477986000.0,443872250.0,477986000.0,1056285817.0,8.0,7.306,83069000.0,2.497,1.0,518726000.0,1.0,571881000.0,11764000.0,288314000.0,217737750.0,0.0,1563000.0,0.0,1563000.0,372291000.0,170299000.0,201992000.0,933514817.0,30144000.0,-103500000.0,92214000.0,-38000000.0,0.0,54035000.0,-112939000.0,-2903000.0,89119000.0,-71000.0,72188000.0,72188000.0,72188000.0,0.0,0.0,0.139,306067000.0,212659000.0,170299000.0,0.0,1.953,12.932,12.441,12321000.0,0.0,26.96,1.8,1.729,239383000.0,83857000.0,518726000.0,518726000.0,0.0,0.098,0.163,0.646,0.271,0.0,271031000.0,1.0,34625920.0,33270168,34039524.0,15.591,337192000.0,0.0,56719000.0,25346000.0,10.135,129668000.0
87,AMG,MRT,1999-09-30,1999-09-30,1999-09-30,2021-08-06,5000.0,691037000.0,660528250.0,89252000.0,601785000.0,0.473,12.67,-5640000.0,35529000.0,35529000.0,0.0,36825000.0,1.754,0.515,158300000.0,0.0,158300000.0,158300000.0,0.0,3610000.0,0.0,0.0,0.0,74143000.0,77753000.0,0.249,77753000.0,74143000.0,62152000.0,1.193,1.133,1.193,442481000.0,402789500.0,442481000.0,777105856.0,10.0,9.995,79318000.0,2.271,1.0,312392000.0,1.0,575015000.0,11991000.0,187913000.0,205492500.0,0.0,6647000.0,0.0,6647000.0,228068000.0,50880000.0,177188000.0,634454856.0,5652000.0,-102570000.0,100187000.0,-65143000.0,0.0,35044000.0,-114339000.0,-4291000.0,84958000.0,-11000.0,36825000.0,36825000.0,36825000.0,0.0,0.0,0.118,191548000.0,120844000.0,50880000.0,0.0,1.434,17.229,15.228,11347000.0,0.0,18.167,2.031,2.031,45413000.0,39184000.0,312392000.0,312392000.0,0.0,0.056,0.091,0.361,0.237,0.0,159469000.0,1.0,34924120.0,34923838,35105310.0,8.945,116022000.0,0.0,25327000.0,17575000.0,3.322,38372000.0
88,AMG,MRT,1999-06-30,1999-06-30,1999-06-30,2021-08-06,-99000.0,690394000.0,627214000.0,80414000.0,609980000.0,0.451,12.379,-6359000.0,32149000.0,32149000.0,0.0,32233000.0,1.872,0.541,174800000.0,0.0,174800000.0,174800000.0,0.0,3485000.0,0.0,0.0,0.0,48774000.0,52259000.0,0.185,52259000.0,48774000.0,35918000.0,1.113,1.033,1.113,432247000.0,368525000.0,432247000.0,820862456.0,17.0,15.708,70490000.0,2.019,1.0,282889000.0,1.0,583351000.0,12856000.0,206727000.0,217256500.0,0.0,6440000.0,0.0,6440000.0,233861000.0,42967000.0,190894000.0,702900456.0,-4428000.0,-106645000.0,98980000.0,-62567000.0,0.0,36413000.0,-117584000.0,-3616000.0,76849000.0,-106000.0,32233000.0,32233000.0,32233000.0,0.0,0.0,0.114,172950000.0,109939000.0,42967000.0,0.0,1.626,21.807,18.083,12068000.0,0.0,20.127,2.485,2.484,42476000.0,28728000.0,282889000.0,282889000.0,0.0,0.051,0.087,0.224,0.172,0.0,142477000.0,1.0,34923838.0,34917657,35140864.0,8.102,107043000.0,0.0,3685000.0,14797000.0,3.066,37447000.0
89,AMG,MRT,1999-03-31,1999-03-31,1999-03-31,2021-08-06,-49000.0,655348000.0,596189750.0,84650000.0,570698000.0,0.438,14.816,-4534000.0,40838000.0,40838000.0,0.0,28633000.0,2.225,0.497,158800000.0,0.0,158800000.0,158800000.0,0.0,2941000.0,0.0,0.0,0.0,43623000.0,46564000.0,0.178,46564000.0,43623000.0,29649000.0,1.067,0.96,1.067,422775000.0,335748750.0,422775000.0,794911534.0,18.0,17.071,68812000.0,2.412,1.0,260898000.0,1.0,547270000.0,13974000.0,187997000.0,226917500.0,0.0,1486000.0,0.0,1486000.0,210126000.0,38043000.0,172083000.0,605346534.0,11334000.0,-66173000.0,98969000.0,-86598000.0,0.0,12371000.0,-74329000.0,-2330000.0,73346000.0,-54000.0,28633000.0,28633000.0,28633000.0,0.0,0.0,0.11,158964000.0,101934000.0,38043000.0,0.0,1.432,21.142,16.245,10035000.0,0.0,17.333,2.32,1.896,38892000.0,19213000.0,260898000.0,260898000.0,0.0,0.048,0.085,0.192,0.167,0.0,130193000.0,1.0,34923838.0,28534540,31089532.0,9.143,108078000.0,0.0,1016000.0,0.0,3.788,46607000.0
90,AMG,MRT,1998-12-31,1998-12-31,1998-12-31,2021-08-06,16000.0,605334000.0,572531500.0,95811000.0,509523000.0,0.417,11.892,-4313000.0,23735000.0,23735000.0,0.0,25551000.0,1.483,0.853,213300000.0,22000000.0,191300000.0,213300000.0,0.0,2707000.0,0.0,0.0,0.0,56188000.0,58895000.0,0.247,58895000.0,56188000.0,42585000.0,0.967,0.887,0.967,313655000.0,303862500.0,313655000.0,695067716.0,12.0,11.802,41111000.0,1.559,1.0,238494000.0,1.0,490949000.0,13603000.0,239333000.0,248124250.0,0.0,3040000.0,0.0,3040000.0,267531000.0,64617000.0,202914000.0,523844716.0,969000.0,-66577000.0,-2674000.0,30837000.0,0.0,28163000.0,-72665000.0,-1025000.0,45424000.0,47000.0,25551000.0,25551000.0,25551000.0,0.0,0.0,0.107,145714000.0,92780000.0,42617000.0,0.0,1.67,20.502,20.6,8001000.0,0.0,19.92,2.196,2.203,66939000.0,11669000.0,238494000.0,238494000.0,0.0,0.045,0.084,0.226,0.236,0.0,119312000.0,1.0,26297426.0,26374350,28834246.0,9.043,114385000.0,0.0,17034000.0,10410000.0,4.337,31194000.0
91,AMG,MRT,1998-09-30,1998-09-30,1998-09-30,2021-08-06,15000.0,557780000.0,535445500.0,68793000.0,488987000.0,0.374,11.551,-2761000.0,29877000.0,29877000.0,0.0,7040000.0,3.376,0.757,201100000.0,0.0,201100000.0,201100000.0,0.0,2705000.0,0.0,0.0,0.0,17064000.0,19769000.0,0.099,19769000.0,17064000.0,725000.0,-2.833,-0.193,-2.833,305423000.0,290383750.0,305423000.0,496738106.0,29.0,25.127,42345000.0,1.601,1.0,200208000.0,1.0,473655000.0,16339000.0,234969000.0,234075000.0,0.0,1277000.0,0.0,1277000.0,231093000.0,20379000.0,210714000.0,318215106.0,19435000.0,-365970000.0,215472000.0,125669000.0,0.0,342341000.0,-368113000.0,589000.0,45106000.0,101000.0,7040000.0,7040000.0,7040000.0,0.0,0.0,0.035,126344000.0,73864000.0,20379000.0,0.0,1.042,45.201,-4.236,6829000.0,0.0,12.0,1.589,1.585,35384000.0,2359000.0,200208000.0,200208000.0,0.0,0.013,0.024,0.073,0.085,0.0,102053000.0,1.0,26517926.0,26441758,29320474.0,7.572,84125000.0,0.0,-6315000.0,0.0,3.182,48414000.0
92,AMG,MRT,1998-06-30,1998-06-30,1998-06-30,2021-08-06,8000.0,566297000.0,,73471000.0,492826000.0,,11.393,-2484000.0,36577000.0,36577000.0,0.0,1303000.0,3.243,0.814,215100000.0,0.0,215100000.0,215100000.0,0.0,2357000.0,0.0,0.0,0.0,23265000.0,25622000.0,0.156,25622000.0,23265000.0,9490000.0,-2.913,-0.38,-2.913,301142000.0,,301142000.0,850931299.0,37.0,33.211,30350000.0,1.148,1.0,164726000.0,1.0,476795000.0,13775000.0,245371000.0,,0.0,1310000.0,0.0,1310000.0,244983000.0,22654000.0,222329000.0,657335299.0,23280000.0,-379029000.0,217006000.0,153993000.0,0.0,372199000.0,-381764000.0,438000.0,32834000.0,11000.0,1303000.0,1303000.0,1303000.0,0.0,0.0,0.008,108941000.0,55785000.0,22654000.0,0.0,2.183,504.478,-8.498,6716000.0,0.0,24.753,3.99,3.972,34418000.0,-3505000.0,164726000.0,164726000.0,0.0,,,,0.141,0.0,88941000.0,1.0,26555426.0,26432056,29574674.0,6.232,89502000.0,0.0,8187000.0,0.0,3.386,50817000.0
93,AMG,MRT,1998-03-31,1998-03-31,1998-03-31,2021-08-06,6000.0,560715000.0,,64022000.0,496693000.0,,11.186,-2035000.0,29504000.0,29504000.0,0.0,-4580000.0,,0.828,223100000.0,,,223100000.0,0.0,2194000.0,0.0,0.0,0.0,9980000.0,12174000.0,0.098,12174000.0,9980000.0,-787000.0,-3.1,-0.58,-3.1,295230000.0,,295230000.0,755036161.0,76.0,62.02,21191000.0,0.803,1.0,124442000.0,1.0,481487000.0,10767000.0,272824000.0,,0.0,1279000.0,0.0,1279000.0,244393000.0,,,617502161.0,22076000.0,-390069000.0,217011000.0,172029000.0,0.0,390240000.0,-391419000.0,336000.0,23226000.0,29000.0,-4580000.0,-4580000.0,-4580000.0,0.0,0.0,-0.037,88749000.0,35693000.0,17427000.0,0.0,2.092,-134.826,-7.501,6194000.0,0.0,23.253,4.962,4.932,32117000.0,-9420000.0,124442000.0,124442000.0,0.0,,,,0.08,0.0,73076000.0,1.0,26555426.0,26391832,27264642.0,4.715,79228000.0,0.0,3793000.0,0.0,3.002,
94,AMG,MRT,1997-12-31,1997-12-31,1997-12-31,2021-08-06,-30000.0,456990000.0,279162500.0,52058000.0,404932000.0,0.341,76.259,-1648000.0,22766000.0,22766000.0,0.0,-8368000.0,2.767,0.696,160300000.0,0.0,160300000.0,160300000.0,0.0,1915000.0,0.0,0.0,0.0,1475000.0,3390000.0,0.036,3390000.0,1475000.0,-7004000.0,-2.46,-0.68,-2.46,259740000.0,148364500.0,259740000.0,,,,14557000.0,4.274,1.0,95287000.0,1.0,392573000.0,8479000.0,183136000.0,111710000.0,0.0,1237000.0,0.0,1237000.0,180771000.0,18815000.0,161956000.0,513404893.0,15999000.0,-325896000.0,217021000.0,108891000.0,0.0,327112000.0,-327275000.0,229000.0,16205000.0,-43000.0,-8368000.0,-8368000.0,-8368000.0,0.0,0.0,-0.088,72726000.0,22561000.0,18815000.0,0.0,1.977,-61.353,-7.859,4724000.0,0.0,19.333,5.388,0.691,27061000.0,-13882000.0,95287000.0,95287000.0,0.0,-0.03,-0.056,0.013,0.015,0.0,60531000.0,1.0,26555426.0,3406026,12353294.0,27.976,64417000.0,0.0,1364000.0,0.0,18.913,33243000.0
95,AMG,MRT,1997-09-30,1997-09-30,1997-09-30,2021-08-06,,,,,,,,,,,,,,,,,,,,,,,0.0,,,,,,,,,,,,,,,,,,1.0,,,,,,,,,,,,,,,,,,,,,,,,,,,,,,,,,,,,,,,,,,,,,,,,,,,,,,1.0,,903057,,,,,,,,
96,AMG,MRT,1997-06-30,1997-06-30,1997-06-30,2021-08-06,,,,,,,,,,,,,,,,,,,,,,,0.0,,,,,,,,,,,,,,,,,,1.0,,,,,,,,,,,,,,,,,,,,,,,,,,,,,,,,,,,,,,,,,,,,,,,,,,,,,,1.0,,861944,,,,,,,,
97,AMG,MRT,1997-03-31,1997-03-31,1997-03-31,2021-08-06,,,,,,,,,,,,,,,,,,,,,,,0.0,,,,,,,,,,,,,,,,,,1.0,,,,,,,,,,,,,,,,,,,,,,,,,,,,,,,,,,,,,,,,,,,,,,,,,,,,,,1.0,,771928,,,,,,,,
98,AMG,MRT,1996-12-31,1996-12-31,1996-12-31,2021-08-06,22000.0,101335000.0,,23064000.0,78271000.0,,57.094,-922000.0,6767000.0,6767000.0,0.0,-2372000.0,0.978,1.645,40779000.0,7379000.0,33400000.0,40779000.0,0.0,932000.0,0.0,,0.0,556000.0,1488000.0,0.03,1488000.0,556000.0,-2191000.0,-3.66,-3.66,-3.66,36989000.0,,36989000.0,,,,5263000.0,8.124,1.0,50384000.0,1.0,71472000.0,2747000.0,40284000.0,,0.0,1032000.0,0.0,1032000.0,60856000.0,23591000.0,37265000.0,,-7329000.0,-25566000.0,2472000.0,13178000.0,0.0,15650000.0,-29210000.0,917000.0,6185000.0,46000.0,-2372000.0,-2372000.0,-2372000.0,0.0,0.0,-0.047,43213000.0,7171000.0,16212000.0,0.0,,,,2999000.0,0.0,,,,15491000.0,-5514000.0,50384000.0,50384000.0,0.0,,,,0.011,0.0,31967000.0,1.0,,647862,647862.0,77.77,29863000.0,0.0,181000.0,0.0,46.095,-527000.0
99,AMG,MRT,1995-12-31,1995-12-31,1995-12-31,2021-08-06,,,,,,,,-287000.0,,,0.0,-2936000.0,,,,,,,,133000.0,,,0.0,-986000.0,-853000.0,-0.06,-853000.0,-986000.0,-2230000.0,-1.967,-1.967,-1.967,,,,,,,1005000.0,0.673,1.0,14182000.0,1.0,,1244000.0,,,,,,,,,,,9925000.0,-37710000.0,20000000.0,16414000.0,0.0,46414000.0,-37781000.0,0.0,1292000.0,0.0,-2936000.0,-2936000.0,-2936000.0,0.0,0.0,-0.207,12892000.0,1290000.0,,0.0,,,,,0.0,,,,,,14182000.0,14182000.0,0.0,,,,-0.07,0.0,8255000.0,1.0,,1494216,1494216.0,9.491,,,706000.0,,,
