None,ticker,dimension,calendardate,datekey,reportperiod,lastupdated,accoci,assets,assetsavg,assetsc,assetsnc,assetturnover,bvps,capex,cashneq,cashnequsd,cor,consolinc,currentratio,de,debt,debtc,debtnc,debtusd,deferredrev,depamor,deposits,divyield,dps,ebit,ebitda,ebitdamargin,ebitdausd,ebitusd,ebt,eps,epsdil,epsusd,equity,equityavg,equityusd,ev,evebit,evebitda,fcf,fcfps,fxusd,gp,grossmargin,intangibles,intexp,invcap,invcapavg,inventory,investments,investmentsc,investmentsnc,liabilities,liabilitiesc,liabilitiesnc,marketcap,ncf,ncfbus,ncfcommon,ncfdebt,ncfdiv,ncff,ncfi,ncfinv,ncfo,ncfx,netinc,netinccmn,netinccmnusd,netincdis,netincnci,netmargin,opex,opinc,payables,payoutratio,pb,pe,pe1,ppnenet,prefdivis,price,ps,ps1,receivables,retearn,revenue,revenueusd,rnd,roa,roe,roic,ros,sbcomp,sgna,sharefactor,sharesbas,shareswa,shareswadil,sps,tangibles,taxassets,taxexp,taxliabilities,tbvps,workingcapital
0,FB,ARY,2020-12-31,2021-01-28,2020-12-31,2021-07-29,927000000,159316000000,145953750000,75670000000,83646000000,0.589,44.998,-15115000000.0,17576000000,17576000000,16692000000.0,29146000000.0,5.051,0.242,10654000000,1023000000,9631000000,10654000000,382000000,6862000000.0,0,0.0,0.0,33180000000.0,40042000000.0,0.466,40042000000.0,33180000000.0,33180000000.0,10.22,10.09,10.22,128290000000,115443000000,128290000000,747710537015.0,23.0,18.673,23632000000.0,8.289,1.0,69273000000.0,0.806,19673000000,0.0,117740000000,104954500000,0,50612000000,44378000000,6234000000,31026000000,14981000000,16045000000,754632537015.0,-1325000000.0,-388000000.0,-6272000000.0,-580000000.0,0.0,-10292000000.0,-30059000000.0,-14520000000.0,38747000000.0,279000000.0,29146000000.0,29146000000.0,29146000000.0,0.0,0.0,0.339,36602000000.0,32671000000.0,2424000000,0.0,5.882,25.891,25.93,54981000000,0.0,265.0,8.778,8.789,11335000000,77345000000,85965000000.0,85965000000.0,18447000000.0,0.2,0.252,0.316,0.386,6536000000.0,18155000000.0,1.0,2847669951,2851000000,2888000000.0,30.153,139643000000,0,4034000000.0,0,48.98,60689000000
1,FB,ARY,2019-12-31,2020-01-30,2019-12-31,2021-07-29,-489000000,133376000000,121069250000,66225000000,67151000000,0.584,35.408,-15102000000.0,19079000000,19079000000,12770000000.0,18485000000.0,4.399,0.32,10324000000,800000000,9524000000,10324000000,269000000,5741000000.0,0,0.0,0.0,24812000000.0,30553000000.0,0.432,30553000000.0,24812000000.0,24812000000.0,6.48,6.43,6.48,101054000000,92582750000,101054000000,588499926580.0,24.0,19.262,21212000000.0,7.432,1.0,57927000000.0,0.819,19609000000,0.0,89959000000,82465750000,0,35776000000,35776000000,0,32322000000,15053000000,17269000000,597254926580.0,9155000000.0,-508000000.0,-4202000000.0,-775000000.0,0.0,-7299000000.0,-19864000000.0,-4193000000.0,36314000000.0,4000000.0,18485000000.0,18485000000.0,18485000000.0,0.0,0.0,0.261,33941000000.0,23986000000.0,2249000000,0.0,5.91,32.31,32.335,44783000000,0.0,209.53,8.448,8.459,9518000000,55692000000,70697000000.0,70697000000.0,13600000000.0,0.153,0.2,0.301,0.351,4836000000.0,20341000000.0,1.0,2850450659,2854000000,2876000000.0,24.771,113767000000,0,6327000000.0,0,39.862,51172000000
2,FB,ARY,2018-12-31,2019-01-31,2018-12-31,2021-07-29,-760000000,97334000000,92255500000,50480000000,46854000000,0.605,29.11,-13915000000.0,10019000000,10019000000,9355000000.0,22112000000.0,7.194,0.157,0,0,0,0,147000000,4315000000.0,0,0.0,0.0,25361000000.0,29676000000.0,0.531,29676000000.0,25361000000.0,25361000000.0,7.65,7.57,7.65,84127000000,80367750000,84127000000,465712559762.0,18.0,15.693,15359000000.0,5.315,1.0,46483000000.0,0.832,19595000000,0.0,60703000000,56077000000,0,31095000000,31095000000,0,13207000000,7017000000,6190000000,475731559762.0,1920000000.0,-137000000.0,-12879000000.0,500000000.0,0.0,-15572000000.0,-11603000000.0,2474000000.0,29274000000.0,-179000000.0,22112000000.0,22111000000.0,22111000000.0,0.0,0.0,0.396,21570000000.0,24913000000.0,1361000000,0.0,5.655,21.516,21.79,24683000000,1000000.0,166.69,8.52,8.627,7587000000,41981000000,55838000000.0,55838000000.0,10273000000.0,0.24,0.275,0.452,0.454,4152000000.0,11297000000.0,1.0,2853989800,2890000000,2921000000.0,19.321,77739000000,0,3249000000.0,0,26.899,43463000000
3,FB,ARY,2017-12-31,2018-02-01,2017-12-31,2021-07-29,-227000000,84524000000,76519750000,48563000000,35961000000,0.531,25.628,-6733000000.0,8079000000,8079000000,5454000000.0,15934000000.0,12.916,0.137,0,0,0,0,98000000,3025000000.0,0,0.0,0.0,20594000000.0,23619000000.0,0.581,23619000000.0,20594000000.0,20594000000.0,5.49,5.39,5.49,74347000000,68556000000,74347000000,552847596362.0,27.0,23.407,17483000000.0,6.027,1.0,35199000000.0,0.866,20105000000,0.0,52580000000,45741500000,0,33632000000,33632000000,0,10177000000,3760000000,6417000000,560926596362.0,-824000000.0,-122000000.0,-1976000000.0,0.0,0.0,-5235000000.0,-20038000000.0,-13250000000.0,24216000000.0,233000000.0,15934000000.0,15920000000.0,15920000000.0,0.0,0.0,0.392,14996000000.0,20203000000.0,770000000,0.0,7.545,35.234,35.171,13721000000,14000000.0,193.09,13.798,13.779,5832000000,33990000000,40653000000.0,40653000000.0,7754000000.0,0.208,0.232,0.45,0.507,3723000000.0,7242000000.0,1.0,2905000758,2901000000,2956000000.0,14.013,64419000000,0,4660000000.0,0,22.206,44803000000
4,FB,ARY,2016-12-31,2017-02-03,2016-12-31,2021-07-29,-703000000,64961000000,58112250000,34401000000,30560000000,0.476,20.676,-4491000000.0,8903000000,8903000000,3789000000.0,10217000000.0,11.966,0.097,0,0,0,0,90000000,2342000000.0,0,0.0,0.0,12518000000.0,14860000000.0,0.538,14860000000.0,12518000000.0,12518000000.0,3.56,3.49,3.56,59194000000,52710500000,59194000000,369626755127.0,30.0,24.874,11617000000.0,4.058,1.0,23849000000.0,0.863,20657000000,0.0,32526000000,28248000000,0,20546000000,20546000000,0,5767000000,2875000000,2892000000,378529755127.0,3996000000.0,-123000000.0,0.0,-312000000.0,0.0,-310000000.0,-11739000000.0,-7186000000.0,16108000000.0,-63000000.0,10217000000.0,10188000000.0,10188000000.0,0.0,0.0,0.369,11422000000.0,12427000000.0,582000000,0.0,6.395,37.154,36.792,8591000000,29000000.0,130.98,13.696,13.568,3993000000,21670000000,27638000000.0,27638000000.0,5919000000.0,0.175,0.193,0.443,0.453,3218000000.0,5503000000.0,1.0,2889981334,2863000000,2925000000.0,9.654,44304000000,0,2301000000.0,0,15.475,31526000000
5,FB,ARY,2015-12-31,2016-01-28,2015-12-31,2021-07-29,-455000000,49407000000,45503250000,21652000000,27755000000,0.394,15.775,-2523000000.0,4907000000,4907000000,2867000000.0,3688000000.0,11.248,0.117,114000000,7000000,107000000,114000000,56000000,1945000000.0,0,0.0,0.0,6194000000.0,8139000000.0,0.454,8139000000.0,6194000000.0,6194000000.0,1.31,1.29,1.31,44218000000,40647750000,44218000000,305764662736.0,49.0,37.568,6076000000.0,2.168,1.0,15061000000.0,0.84,21272000000,0.0,21417000000,17836250000,0,13527000000,13527000000,0,5189000000,1925000000,3264000000,310557662736.0,592000000.0,-313000000.0,0.0,-119000000.0,0.0,1582000000.0,-9434000000.0,-6700000000.0,8599000000.0,-155000000.0,3688000000.0,3669000000.0,3669000000.0,0.0,0.0,0.205,8836000000.0,6225000000.0,413000000,0.0,7.023,84.644,83.29,5687000000,19000000.0,109.11,17.322,17.059,2559000000,9787000000,17928000000.0,17928000000.0,4816000000.0,0.081,0.09,0.347,0.345,2960000000.0,4020000000.0,1.0,2846280476,2803000000,2853000000.0,6.396,28135000000,0,2506000000.0,0,10.037,19727000000
6,FB,ARY,2014-12-31,2015-01-29,2014-12-31,2021-07-29,-228000000,40184000000,26042250000,13670000000,26514000000,0.479,13.809,-1831000000.0,4315000000,4315000000,2153000000.0,2940000000.0,9.6,0.113,233000000,114000000,119000000,233000000,66000000,1243000000.0,0,0.0,0.0,4910000000.0,6153000000.0,0.494,6153000000.0,4910000000.0,4910000000.0,1.12,1.1,1.12,36096000000,23104250000,36096000000,214240921492.0,44.0,34.819,3626000000.0,1.387,1.0,10313000000.0,0.827,21910000000,0.0,12768000000,12650000000,0,6884000000,6884000000,0,4088000000,1424000000,2664000000,218322921492.0,992000000.0,-4975000000.0,18000000.0,-243000000.0,0.0,1571000000.0,-5913000000.0,1243000000.0,5457000000.0,-123000000.0,2940000000.0,2925000000.0,2925000000.0,0.0,0.0,0.235,5319000000.0,4994000000.0,378000000,0.0,6.048,74.64,69.643,3967000000,15000000.0,78.0,17.513,16.356,1678000000,6099000000,12466000000.0,12466000000.0,2666000000.0,0.112,0.127,0.388,0.394,1770000000.0,2653000000.0,1.0,2799011814,2614000000,2664000000.0,4.769,18274000000,0,1970000000.0,0,6.991,12246000000
7,FB,ARY,2013-12-31,2014-01-31,2013-12-31,2021-07-29,14000000,17895000000,15928750000,13070000000,4825000000,0.494,6.393,-1362000000.0,3323000000,3323000000,1875000000.0,1500000000.0,11.882,0.157,476000000,239000000,237000000,476000000,38000000,1011000000.0,0,0.0,0.0,2810000000.0,3821000000.0,0.485,3821000000.0,2810000000.0,2754000000.0,0.62,0.6,0.62,15470000000,13172750000,15470000000,156690406183.0,56.0,41.008,2860000000.0,1.182,1.0,5997000000.0,0.762,1722000000,56000000.0,12226000000,11688000000,0,8126000000,8126000000,0,2425000000,1100000000,1325000000,159537406183.0,939000000.0,-368000000.0,1504000000.0,-1891000000.0,0.0,-667000000.0,-2624000000.0,-883000000.0,4222000000.0,8000000.0,1500000000.0,1491000000.0,1491000000.0,0.0,0.0,0.189,3193000000.0,2804000000.0,268000000,0.0,10.313,107.0,100.919,2882000000,9000000.0,62.57,20.266,19.235,1109000000,3159000000,7872000000.0,7872000000.0,1415000000.0,0.094,0.113,0.24,0.357,899000000.0,1778000000.0,1.0,2549742787,2420000000,2517000000.0,3.253,16173000000,51000000,1254000000.0,0,6.683,11970000000
8,FB,ARY,2012-12-31,2013-02-01,2012-12-31,2021-07-29,2000000,15103000000,13232000000,11267000000,3836000000,0.385,5.86,-1235000000.0,2384000000,2384000000,1364000000.0,53000000.0,10.71,0.285,2356000000,365000000,1991000000,2356000000,30000000,649000000.0,0,0.0,0.0,545000000.0,1194000000.0,0.235,1194000000.0,545000000.0,494000000.0,0.02,0.01,0.02,11755000000,11127500000,11755000000,70792846615.0,130.0,59.29,377000000.0,0.188,1.0,3725000000.0,0.732,1388000000,51000000.0,12635000000,10335500000,0,7242000000,7242000000,0,3348000000,1052000000,2296000000,70820846615.0,872000000.0,-911000000.0,6777000000.0,1335000000.0,0.0,6283000000.0,-7024000000.0,-4876000000.0,1612000000.0,1000000.0,53000000.0,32000000.0,32000000.0,0.0,0.0,0.006,3187000000.0,538000000.0,234000000,0.0,6.025,2213.151,1486.5,2391000000,21000000.0,29.73,13.916,11.719,719000000,1659000000,5089000000.0,5089000000.0,1399000000.0,0.002,0.003,0.053,0.107,1572000000.0,1788000000.0,1.0,2382134094,2006000000,2166000000.0,2.537,13715000000,451000000,441000000.0,0,6.837,10215000000
0,FB,ARQ,2021-06-30,2021-07-29,2021-06-30,2021-07-29,285000000,170609000000,,80697000000,89912000000,,48.775,-4612000000.0,16186000000,16186000000,5399000000.0,10394000000.0,5.425,0.234,12007000000,1051000000,10956000000,12007000000,391000000,1986000000.0,0,0.0,0.0,12513000000.0,14499000000.0,0.499,14499000000.0,12513000000.0,12513000000.0,3.67,3.61,3.67,138227000000,,138227000000,1048263243333.0,23.0,19.882,8635000000.0,3.047,1.0,23678000000.0,0.814,19733000000,0.0,131823000000,,0,54287000000,47894000000,6393000000,32382000000,14874000000,17508000000,1052442243333.0,-3380000000.0,-259000000.0,-7079000000.0,-70000000.0,0.0,-8549000000.0,-8195000000.0,-3264000000.0,13247000000.0,117000000.0,10394000000.0,10394000000.0,10394000000.0,0.0,0.0,0.357,11311000000.0,12367000000.0,1922000000,0.0,7.614,27.016,27.267,61434000000,0.0,373.28,10.043,10.095,11698000000,85097000000,29077000000.0,29077000000.0,6096000000.0,,,,,2549000000.0,5215000000.0,1.0,2819444501,2834000000,2877000000.0,10.26,150876000000,0,2119000000.0,0,53.238,65823000000
1,FB,ARQ,2021-03-31,2021-04-29,2021-03-31,2021-07-29,154000000,163523000000,,77322000000,86201000000,,46.947,-4272000000.0,19513000000,19513000000,5131000000.0,9497000000.0,6.08,0.223,11614000000,1040000000,10574000000,11614000000,382000000,1972000000.0,0,0.0,0.0,11503000000.0,13475000000.0,0.515,13475000000.0,11503000000.0,11503000000.0,3.34,3.3,3.34,133657000000,,133657000000,926415017451.0,24.0,20.114,7970000000.0,2.799,1.0,21040000000.0,0.804,19561000000,0.0,123346000000,,0,51048000000,44706000000,6342000000,29866000000,12717000000,17149000000,934314017451.0,1937000000.0,0.0,-3939000000.0,-201000000.0,0.0,-5185000000.0,-4874000000.0,-600000000.0,12242000000.0,-246000000.0,9497000000.0,9497000000.0,9497000000.0,0.0,0.0,0.363,9662000000.0,11378000000.0,1884000000,0.0,6.99,27.692,27.83,57922000000,0.0,329.51,9.897,9.938,10276000000,82343000000,26171000000.0,26171000000.0,5197000000.0,,,,,1830000000.0,4465000000.0,1.0,2835464834,2847000000,2882000000.0,9.192,143962000000,0,2006000000.0,0,50.566,64605000000
2,FB,ARQ,2020-12-31,2021-01-28,2020-12-31,2021-07-29,927000000,159316000000,,75670000000,83646000000,,44.951,-4613000000.0,17576000000,17576000000,5210000000.0,11219000000.0,5.051,0.242,10654000000,1023000000,9631000000,10654000000,382000000,1863000000.0,0,0.0,0.0,13055000000.0,14918000000.0,0.531,14918000000.0,13055000000.0,13055000000.0,3.93,3.87,3.93,128290000000,,128290000000,747710537015.0,23.0,18.673,9427000000.0,3.303,1.0,22862000000.0,0.814,19673000000,0.0,117740000000,,0,50612000000,44378000000,6234000000,31026000000,14981000000,16045000000,754632537015.0,5975000000.0,-4000000.0,-1929000000.0,-158000000.0,0.0,-3207000000.0,-5173000000.0,-529000000.0,14040000000.0,315000000.0,11219000000.0,11219000000.0,11219000000.0,0.0,0.0,0.4,10087000000.0,12775000000.0,2424000000,0.0,5.882,25.891,25.93,54981000000,0.0,265.0,8.778,8.789,11335000000,77345000000,28072000000.0,28072000000.0,5207000000.0,,,,,1784000000.0,4880000000.0,1.0,2847669951,2854000000,2903000000.0,9.836,139643000000,0,1836000000.0,0,48.929,60689000000
3,FB,ARQ,2020-09-30,2020-10-30,2020-09-30,2021-07-29,308000000,146437000000,,65799000000,80638000000,,41.309,-3689000000.0,11617000000,11617000000,4194000000.0,7846000000.0,5.509,0.244,10616000000,975000000,9641000000,10616000000,379000000,1698000000.0,0,0.0,0.0,8133000000.0,9831000000.0,0.458,9831000000.0,8133000000.0,8133000000.0,2.75,2.71,2.75,117731000000,,117731000000,748413284667.0,26.0,20.928,6140000000.0,2.154,1.0,17276000000.0,0.805,19775000000,0.0,113717000000,,0,50167000000,44003000000,6164000000,28706000000,11944000000,16762000000,749414284667.0,-9590000000.0,-12000000.0,-1725000000.0,-196000000.0,0.0,-2911000000.0,-16599000000.0,-13177000000.0,9829000000.0,91000000.0,7846000000.0,7846000000.0,7846000000.0,0.0,0.0,0.365,9236000000.0,8040000000.0,1906000000,0.0,6.365,29.65,29.663,51730000000,0.0,263.11,9.489,9.495,8024000000,68513000000,21470000000.0,21470000000.0,4763000000.0,,,,,1722000000.0,4473000000.0,1.0,2848292671,2850000000,2891000000.0,7.533,126662000000,0,287000000.0,0,44.443,53855000000
4,FB,ARQ,2020-06-30,2020-07-31,2020-06-30,2021-07-29,-142000000,139691000000,,68130000000,71561000000,,38.753,-3255000000.0,21045000000,21045000000,3829000000.0,5178000000.0,6.025,0.265,10532000000,899000000,9633000000,10532000000,264000000,1704000000.0,0,0.0,0.0,6131000000.0,7835000000.0,0.419,7835000000.0,6131000000.0,6131000000.0,1.82,1.8,1.82,110447000000,,110447000000,712146108552.0,25.0,20.538,622000000.0,0.218,1.0,14858000000.0,0.795,19888000000,0.0,97982000000,,0,37195000000,37195000000,0,29244000000,11308000000,17936000000,722659108552.0,-2358000000.0,-339000000.0,-1368000000.0,-46000000.0,0.0,-2152000000.0,-4178000000.0,-338000000.0,3877000000.0,95000000.0,5178000000.0,5178000000.0,5178000000.0,0.0,0.0,0.277,8895000000.0,5963000000.0,1649000000,0.0,6.543,30.725,30.748,48435000000,0.0,253.67,9.615,9.619,7483000000,62784000000,18687000000.0,18687000000.0,4462000000.0,,,,,1695000000.0,4433000000.0,1.0,2848815818,2850000000,2879000000.0,6.557,119803000000,0,953000000.0,0,42.036,56822000000
5,FB,ARQ,2020-03-31,2020-04-30,2020-03-31,2021-07-29,-544000000,138371000000,,69349000000,69022000000,,36.936,-3558000000.0,23618000000,23618000000,3459000000.0,4902000000.0,4.602,0.314,10344000000,835000000,9509000000,10344000000,247000000,1597000000.0,0,0.0,0.0,5861000000.0,7458000000.0,0.42,7458000000.0,5861000000.0,5861000000.0,1.72,1.71,1.72,105304000000,,105304000000,569965936543.0,21.0,17.181,7443000000.0,2.611,1.0,14278000000.0,0.805,19649000000,0.0,90379000000,,0,36671000000,36671000000,0,33067000000,15069000000,17998000000,583239936543.0,4648000000.0,-33000000.0,-1250000000.0,-180000000.0,0.0,-2022000000.0,-4109000000.0,-476000000.0,11001000000.0,-222000000.0,4902000000.0,4902000000.0,4902000000.0,0.0,0.0,0.276,8385000000.0,5893000000.0,1541000000,0.0,5.539,27.829,27.852,46486000000,0.0,204.71,7.951,7.956,7289000000,59160000000,17737000000.0,17737000000.0,4015000000.0,,,,,1335000000.0,4370000000.0,1.0,2849103300,2851000000,2868000000.0,6.221,118722000000,0,959000000.0,0,41.642,54280000000
6,FB,ARQ,2019-12-31,2020-01-30,2019-12-31,2021-07-29,-489000000,133376000000,,66225000000,67151000000,,35.445,-4100000000.0,19079000000,19079000000,3491000000.0,7349000000.0,4.399,0.32,10324000000,800000000,9524000000,10324000000,269000000,1468000000.0,0,0.0,0.0,9169000000.0,10637000000.0,0.505,10637000000.0,9169000000.0,9169000000.0,2.58,2.56,2.58,101054000000,,101054000000,588499926580.0,24.0,19.262,4983000000.0,1.748,1.0,17591000000.0,0.834,19609000000,0.0,89959000000,,0,35776000000,35776000000,0,32322000000,15053000000,17269000000,597254926580.0,3199000000.0,-508000000.0,-1296000000.0,-104000000.0,0.0,-2026000000.0,-4036000000.0,509000000.0,9083000000.0,178000000.0,7349000000.0,7349000000.0,7349000000.0,0.0,0.0,0.349,8733000000.0,8858000000.0,2249000000,0.0,5.91,32.31,32.335,44783000000,0.0,209.53,8.448,8.459,9518000000,55692000000,21082000000.0,21082000000.0,3878000000.0,,,,,1274000000.0,4855000000.0,1.0,2850450659,2851000000,2879000000.0,7.395,113767000000,0,1820000000.0,0,39.904,51172000000
7,FB,ARQ,2019-09-30,2019-10-31,2019-09-30,2021-07-29,-849000000,124418000000,,62079000000,62339000000,,32.936,-3532000000.0,15979000000,15979000000,3155000000.0,6091000000.0,4.658,0.324,9132000000,776000000,8356000000,9132000000,225000000,1416000000.0,0,0.0,0.0,7329000000.0,8745000000.0,0.495,8745000000.0,7329000000.0,7329000000.0,2.13,2.12,2.13,93999000000,,93999000000,539690222666.0,23.0,18.538,5775000000.0,2.023,1.0,14497000000.0,0.821,19191000000,0.0,85052000000,,0,36290000000,36290000000,0,30419000000,13328000000,17091000000,546537222666.0,2082000000.0,0.0,-1148000000.0,-285000000.0,0.0,-2019000000.0,-5050000000.0,-1508000000.0,9307000000.0,-156000000.0,6091000000.0,6091000000.0,6091000000.0,0.0,0.0,0.345,7312000000.0,7185000000.0,1450000000,0.0,5.814,30.333,30.469,40687000000,0.0,191.65,8.215,8.222,7673000000,49789000000,17652000000.0,17652000000.0,3548000000.0,,,,,1249000000.0,3764000000.0,1.0,2851746531,2854000000,2874000000.0,6.185,105227000000,0,1238000000.0,0,36.87,48751000000
8,FB,ARQ,2019-06-30,2019-07-25,2019-06-30,2021-07-29,-483000000,117006000000,,57961000000,59045000000,,31.09,-3633000000.0,13877000000,13877000000,3307000000.0,2616000000.0,4.466,0.318,7810000000,688000000,7122000000,7810000000,198000000,1502000000.0,0,0.0,0.0,4832000000.0,6334000000.0,0.375,6334000000.0,4832000000.0,4832000000.0,0.92,0.91,0.92,88762000000,,88762000000,566548694454.0,26.0,20.688,4983000000.0,1.745,1.0,13579000000.0,0.804,19328000000,0.0,78632000000,,0,34719000000,34719000000,0,28244000000,12979000000,15265000000,572615694454.0,2801000000.0,0.0,-1145000000.0,-84000000.0,0.0,-1831000000.0,-4010000000.0,-313000000.0,8616000000.0,26000000.0,2616000000.0,2616000000.0,2616000000.0,0.0,0.0,0.155,8953000000.0,4626000000.0,1215000000,0.0,6.451,33.557,33.79,37271000000,0.0,200.71,9.147,9.153,7513000000,44968000000,16886000000.0,16886000000.0,3315000000.0,,,,,1303000000.0,5638000000.0,1.0,2852950498,2855000000,2875000000.0,5.915,97678000000,0,2216000000.0,0,34.213,44982000000
9,FB,ARQ,2019-03-31,2019-04-25,2019-03-31,2021-07-29,-781000000,109477000000,,53300000000,56177000000,,30.293,-3837000000.0,11076000000,11076000000,2816000000.0,2429000000.0,5.379,0.265,7210000000,645000000,6565000000,7210000000,142000000,1355000000.0,0,0.0,0.0,3482000000.0,4837000000.0,0.321,4837000000.0,3482000000.0,3482000000.0,0.85,0.85,0.85,86516000000,,86516000000,547792493119.0,24.0,19.596,5471000000.0,1.916,1.0,12261000000.0,0.813,19483000000,0.0,76220000000,,0,34167000000,34167000000,0,22961000000,9908000000,13053000000,551658493119.0,1073000000.0,0.0,-613000000.0,-302000000.0,0.0,-1423000000.0,-6768000000.0,-2881000000.0,9308000000.0,-44000000.0,2429000000.0,2429000000.0,2429000000.0,0.0,0.0,0.161,8944000000.0,3317000000.0,1141000000,0.0,6.376,28.212,28.504,34092000000,0.0,193.26,9.358,9.363,6475000000,43764000000,15077000000.0,15077000000.0,2860000000.0,,,,,1010000000.0,6084000000.0,1.0,2854488736,2856000000,2869000000.0,5.279,89994000000,0,1053000000.0,0,31.511,43392000000
10,FB,ARQ,2018-12-31,2019-01-31,2018-12-31,2021-07-29,-760000000,97334000000,,50480000000,46854000000,,29.262,-4301000000.0,10019000000,10019000000,2796000000.0,6882000000.0,7.194,0.157,0,0,0,0,147000000,1225000000.0,0,0.0,0.0,7971000000.0,9196000000.0,0.544,9196000000.0,7971000000.0,7971000000.0,2.39,2.37,2.39,84127000000,,84127000000,465712559762.0,18.0,15.693,3317000000.0,1.154,1.0,14118000000.0,0.835,19595000000,0.0,60703000000,,0,31095000000,31095000000,0,13207000000,7017000000,6190000000,475731559762.0,380000000.0,0.0,-3500000000.0,500000000.0,0.0,-3541000000.0,-3685000000.0,637000000.0,7618000000.0,-12000000.0,6882000000.0,6882000000.0,6882000000.0,0.0,0.0,0.407,6298000000.0,7820000000.0,1361000000,0.0,5.655,21.516,21.79,24683000000,0.0,166.69,8.52,8.627,7587000000,41981000000,16914000000.0,16914000000.0,2855000000.0,,,,,972000000.0,3443000000.0,1.0,2853989800,2875000000,2891000000.0,5.883,77739000000,0,1089000000.0,0,27.04,43463000000
11,FB,ARQ,2018-09-30,2018-10-31,2018-09-30,2021-07-29,-777000000,92452000000,,49147000000,43305000000,,27.848,-3342000000.0,9637000000,9637000000,2418000000.0,5137000000.0,8.998,0.151,0,0,0,0,115000000,1107000000.0,0,0.0,0.0,5912000000.0,7019000000.0,0.511,7019000000.0,5912000000.0,5912000000.0,1.78,1.76,1.78,80342000000,,80342000000,426575221625.0,17.0,14.814,4156000000.0,1.441,1.0,11309000000.0,0.824,19755000000,0.0,57598000000,,0,31569000000,31569000000,0,12110000000,5462000000,6648000000,436212221625.0,-1924000000.0,-72000000.0,-4256000000.0,0.0,0.0,-5157000000.0,-4247000000.0,-830000000.0,7498000000.0,-18000000.0,5137000000.0,5137000000.0,5137000000.0,0.0,0.0,0.374,5528000000.0,5781000000.0,1092000000,0.0,5.429,22.372,22.554,21112000000,0.0,151.79,8.406,8.438,6058000000,38767000000,13727000000.0,13727000000.0,2657000000.0,,,,,1039000000.0,2871000000.0,1.0,2873787612,2885000000,2913000000.0,4.758,72697000000,0,775000000.0,0,25.198,43685000000
12,FB,ARQ,2018-06-30,2018-07-26,2018-06-30,2021-07-29,-687000000,90291000000,,49833000000,40458000000,,27.42,-3460000000.0,11552000000,11552000000,2214000000.0,5106000000.0,10.671,0.137,0,0,0,0,91000000,1034000000.0,0,0.0,0.0,5868000000.0,6902000000.0,0.522,6902000000.0,5868000000.0,5868000000.0,1.76,1.74,1.76,79382000000,,79382000000,497349161717.0,21.0,17.901,2838000000.0,0.98,1.0,11017000000.0,0.833,19836000000,0.0,54233000000,,0,30757000000,30757000000,0,10909000000,4670000000,6239000000,508901161717.0,-542000000.0,-16000000.0,-3349000000.0,0.0,0.0,-4271000000.0,-2384000000.0,1092000000.0,6298000000.0,-185000000.0,5106000000.0,5106000000.0,5106000000.0,0.0,0.0,0.386,5154000000.0,5863000000.0,859000000,0.0,6.411,26.693,26.828,18357000000,0.0,176.26,10.493,10.522,5590000000,38237000000,13231000000.0,13231000000.0,2523000000.0,,,,,1186000000.0,2631000000.0,1.0,2887218664,2895000000,2930000000.0,4.57,70455000000,0,762000000.0,0,24.337,45163000000
13,FB,ARQ,2018-03-31,2018-04-26,2018-03-31,2021-07-29,-294000000,88945000000,,50412000000,38533000000,,26.71,-2812000000.0,12082000000,12082000000,1927000000.0,4988000000.0,9.912,0.146,0,0,0,0,94000000,949000000.0,0,0.0,0.0,5610000000.0,6559000000.0,0.548,6559000000.0,5610000000.0,5610000000.0,1.72,1.69,1.72,77620000000,,77620000000,492046368592.0,22.0,18.853,5048000000.0,1.737,1.0,10039000000.0,0.839,20003000000,0.0,51774000000,,0,31874000000,31874000000,0,11325000000,5086000000,6239000000,504128368592.0,4006000000.0,-49000000.0,-1774000000.0,0.0,0.0,-2603000000.0,-1287000000.0,1575000000.0,7860000000.0,36000000.0,4988000000.0,4987000000.0,4987000000.0,0.0,0.0,0.417,4590000000.0,5449000000.0,989000000,0.0,6.495,28.244,28.319,16211000000,1000000.0,174.16,11.307,11.351,5115000000,36780000000,11966000000.0,11966000000.0,2238000000.0,,,,,955000000.0,2352000000.0,1.0,2894627748,2906000000,2945000000.0,4.118,68942000000,0,622000000.0,0,23.724,45326000000
14,FB,ARQ,2017-12-31,2018-02-01,2017-12-31,2021-07-29,-227000000,84524000000,,48563000000,35961000000,,25.549,-2263000000.0,8079000000,8079000000,1611000000.0,4269000000.0,12.916,0.137,0,0,0,0,98000000,853000000.0,0,0.0,0.0,7462000000.0,8315000000.0,0.641,8315000000.0,7462000000.0,7462000000.0,1.47,1.44,1.47,74347000000,,74347000000,552847596362.0,27.0,23.407,5408000000.0,1.858,1.0,11361000000.0,0.876,20105000000,0.0,52580000000,,0,33632000000,33632000000,0,10177000000,3760000000,6417000000,560926596362.0,878000000.0,-16000000.0,-958000000.0,0.0,0.0,-1843000000.0,-4993000000.0,-2717000000.0,7671000000.0,43000000.0,4269000000.0,4268000000.0,4268000000.0,0.0,0.0,0.329,4009000000.0,7352000000.0,770000000,0.0,7.545,35.234,35.171,13721000000,1000000.0,193.09,13.798,13.779,5832000000,33990000000,12972000000.0,12972000000.0,1949000000.0,,,,,814000000.0,2060000000.0,1.0,2905000758,2910000000,2962000000.0,4.458,64419000000,0,3193000000.0,0,22.137,44803000000
15,FB,ARQ,2017-09-30,2017-11-02,2017-09-30,2021-07-29,-200000000,78998000000,,44203000000,34795000000,,24.521,-1755000000.0,7201000000,7201000000,1448000000.0,4707000000.0,13.375,0.109,0,0,0,0,105000000,772000000.0,0,0.0,0.0,5236000000.0,6008000000.0,0.582,6008000000.0,5236000000.0,5236000000.0,1.62,1.59,1.62,71208000000,,71208000000,512706301192.0,29.0,25.09,4372000000.0,1.506,1.0,8880000000.0,0.86,20263000000,0.0,48229000000,,0,31088000000,31088000000,0,7790000000,3305000000,4485000000,519907301192.0,949000000.0,-98000000.0,-640000000.0,0.0,0.0,-1531000000.0,-3714000000.0,-1892000000.0,6127000000.0,67000000.0,4707000000.0,4704000000.0,4704000000.0,0.0,0.0,0.455,3758000000.0,5122000000.0,697000000,0.0,7.301,32.668,32.472,12158000000,3000000.0,178.92,14.248,14.239,4424000000,31209000000,10328000000.0,10328000000.0,2052000000.0,,,,,1010000000.0,1706000000.0,1.0,2905808748,2904000000,2956000000.0,3.556,58735000000,0,529000000.0,0,20.226,40898000000
16,FB,ARQ,2017-06-30,2017-07-27,2017-06-30,2021-07-29,-370000000,73843000000,,40804000000,33039000000,,22.924,-1444000000.0,6252000000,6252000000,1237000000.0,3894000000.0,12.309,0.111,0,0,0,0,88000000,729000000.0,0,0.0,0.0,4488000000.0,5217000000.0,0.56,5217000000.0,4488000000.0,4488000000.0,1.34,1.32,1.34,66481000000,,66481000000,488739265777.0,31.0,26.873,3916000000.0,1.35,1.0,8084000000.0,0.867,20315000000,0.0,43961000000,,0,29200000000,29200000000,0,7362000000,3315000000,4047000000,494991265777.0,-852000000.0,-8000000.0,-150000000.0,0.0,0.0,-869000000.0,-5440000000.0,-4010000000.0,5360000000.0,97000000.0,3894000000.0,3890000000.0,3890000000.0,0.0,0.0,0.417,3683000000.0,4401000000.0,601000000,0.0,7.446,36.439,36.11,10628000000,4000000.0,170.44,14.922,14.9,3897000000,27560000000,9321000000.0,9321000000.0,1919000000.0,,,,,1032000000.0,1764000000.0,1.0,2904196584,2900000000,2951000000.0,3.214,53528000000,0,594000000.0,0,18.458,37489000000
17,FB,ARQ,2017-03-31,2017-05-04,2017-03-31,2021-07-29,-626000000,68714000000,,36930000000,31784000000,,21.511,-1271000000.0,7104000000,7104000000,1159000000.0,3064000000.0,12.613,0.105,0,0,0,0,80000000,671000000.0,0,0.0,0.0,3408000000.0,4079000000.0,0.508,4079000000.0,3408000000.0,3408000000.0,1.06,1.04,1.06,62188000000,,62188000000,430085992606.0,31.0,26.352,3787000000.0,1.31,1.0,6873000000.0,0.856,20486000000,0.0,38196000000,,0,25202000000,25202000000,0,6526000000,2928000000,3598000000,437189992606.0,-1799000000.0,0.0,-228000000.0,0.0,0.0,-992000000.0,-5891000000.0,-4631000000.0,5058000000.0,26000000.0,3064000000.0,3059000000.0,3059000000.0,0.0,0.0,0.381,3546000000.0,3327000000.0,448000000,0.0,7.03,37.233,36.793,9462000000,5000000.0,150.85,14.434,14.399,3415000000,24175000000,8032000000.0,8032000000.0,1834000000.0,,,,,867000000.0,1712000000.0,1.0,2898176948,2891000000,2944000000.0,2.778,48228000000,0,344000000.0,0,16.682,34002000000
18,FB,ARQ,2016-12-31,2017-02-03,2016-12-31,2021-07-29,-703000000,64961000000,,34401000000,30560000000,,20.546,-1269000000.0,8903000000,8903000000,1048000000.0,4273000000.0,11.966,0.097,0,0,0,0,90000000,614000000.0,0,0.0,0.0,4517000000.0,5131000000.0,0.582,5131000000.0,4517000000.0,4517000000.0,1.49,1.44,1.49,59194000000,,59194000000,369626755127.0,30.0,24.874,5081000000.0,1.764,1.0,7761000000.0,0.881,20657000000,0.0,32526000000,,0,20546000000,20546000000,0,5767000000,2875000000,2892000000,378529755127.0,2865000000.0,-42000000.0,0.0,0.0,0.0,-1416000000.0,-1975000000.0,-643000000.0,6350000000.0,-94000000.0,4273000000.0,4262000000.0,4262000000.0,0.0,0.0,0.484,3210000000.0,4551000000.0,582000000,0.0,6.395,37.154,36.792,8591000000,11000000.0,130.98,13.696,13.568,3993000000,21670000000,8809000000.0,8809000000.0,1574000000.0,,,,,847000000.0,1636000000.0,1.0,2889981334,2881000000,2994000000.0,3.058,44304000000,0,244000000.0,0,15.378,31526000000
19,FB,ARQ,2016-09-30,2016-11-03,2016-09-30,2021-07-29,-372000000,59674000000,,30328000000,29346000000,,18.849,-1095000000.0,6038000000,6038000000,987000000.0,2379000000.0,11.687,0.103,0,0,0,0,78000000,591000000.0,0,0.0,0.0,3169000000.0,3760000000.0,0.536,3760000000.0,3169000000.0,3169000000.0,0.83,0.82,0.83,54115000000,,54115000000,339822097360.0,32.0,26.491,2482000000.0,0.865,1.0,6024000000.0,0.859,20787000000,0.0,30254000000,,0,20102000000,20102000000,0,5559000000,2595000000,2964000000,345860097360.0,930000000.0,-61000000.0,0.0,0.0,0.0,451000000.0,-3117000000.0,-1969000000.0,3577000000.0,19000000.0,2379000000.0,2373000000.0,2373000000.0,0.0,0.0,0.338,2902000000.0,3122000000.0,499000000,0.0,6.391,46.238,45.627,7899000000,6000000.0,120.0,14.019,13.965,3070000000,15731000000,7011000000.0,7011000000.0,1539000000.0,,,,,819000000.0,1363000000.0,1.0,2882167478,2871000000,2915000000.0,2.442,38887000000,0,790000000.0,0,13.545,27733000000
20,FB,ARQ,2016-06-30,2016-07-28,2016-06-30,2021-07-29,-374000000,55739000000,,27010000000,28729000000,,17.641,-995000000.0,5108000000,5108000000,916000000.0,2055000000.0,12.216,0.106,0,0,0,0,79000000,585000000.0,0,0.0,0.0,2766000000.0,3351000000.0,0.521,3351000000.0,2766000000.0,2766000000.0,0.72,0.71,0.72,50383000000,,50383000000,353850032625.0,40.0,32.209,2203000000.0,0.771,1.0,5520000000.0,0.858,20922000000,0.0,27498000000,,0,18185000000,18185000000,0,5356000000,2211000000,3145000000,358958032625.0,-1348000000.0,-19000000.0,0.0,0.0,0.0,471000000.0,-4971000000.0,-3998000000.0,3198000000.0,-46000000.0,2055000000.0,2048000000.0,2048000000.0,0.0,0.0,0.318,2774000000.0,2746000000.0,362000000,0.0,7.125,59.846,58.962,7104000000,7000000.0,125.0,16.198,16.11,2801000000,13352000000,6436000000.0,6436000000.0,1463000000.0,,,,,805000000.0,1311000000.0,1.0,2871664261,2856000000,2904000000.0,2.254,34817000000,0,711000000.0,0,12.191,24799000000
21,FB,ARQ,2016-03-31,2016-04-28,2016-03-31,2021-07-29,-276000000,52075000000,,23812000000,28263000000,,16.585,-1132000000.0,6456000000,6456000000,838000000.0,1510000000.0,13.163,0.104,0,0,0,0,55000000,552000000.0,0,0.0,0.0,2065000000.0,2617000000.0,0.486,2617000000.0,2065000000.0,2065000000.0,0.53,0.52,0.53,47150000000,,47150000000,327427346736.0,45.0,34.955,1851000000.0,0.651,1.0,4544000000.0,0.844,21096000000,0.0,22714000000,,0,14165000000,14165000000,0,4925000000,1809000000,3116000000,333883346736.0,1549000000.0,-1000000.0,0.0,-312000000.0,0.0,184000000.0,-1676000000.0,-576000000.0,2983000000.0,58000000.0,1510000000.0,1505000000.0,1505000000.0,0.0,0.0,0.28,2535000000.0,2009000000.0,365000000,0.0,7.081,71.572,70.319,6467000000,5000000.0,116.73,16.892,16.79,2348000000,11297000000,5382000000.0,5382000000.0,1343000000.0,,,,,747000000.0,1192000000.0,1.0,2860304521,2843000000,2888000000.0,1.893,30979000000,0,555000000.0,0,10.897,22003000000
22,FB,ARQ,2015-12-31,2016-01-28,2015-12-31,2021-07-29,-455000000,49407000000,,21652000000,27755000000,,15.658,-692000000.0,4907000000,4907000000,824000000.0,1561000000.0,11.248,0.117,114000000,7000000,107000000,114000000,56000000,543000000.0,0,0.0,0.0,2557000000.0,3100000000.0,0.531,3100000000.0,2557000000.0,2557000000.0,0.55,0.54,0.55,44218000000,,44218000000,305764662736.0,49.0,37.568,2135000000.0,0.756,1.0,5017000000.0,0.859,21272000000,0.0,21417000000,,0,13527000000,13527000000,0,5189000000,1925000000,3264000000,310557662736.0,599000000.0,-4000000.0,0.0,-12000000.0,0.0,554000000.0,-2726000000.0,-2055000000.0,2827000000.0,-56000000.0,1561000000.0,1554000000.0,1554000000.0,0.0,0.0,0.266,2457000000.0,2560000000.0,413000000,0.0,7.023,84.644,83.29,5687000000,7000000.0,109.11,17.322,17.059,2559000000,9787000000,5841000000.0,5841000000.0,1314000000.0,,,,,746000000.0,1143000000.0,1.0,2846280476,2824000000,2868000000.0,2.068,28135000000,0,996000000.0,0,9.963,19727000000
23,FB,ARQ,2015-09-30,2015-11-05,2015-09-30,2021-07-29,-380000000,46469000000,,19139000000,27330000000,,14.751,-780000000.0,4308000000,4308000000,720000000.0,896000000.0,10.68,0.122,126000000,17000000,109000000,126000000,47000000,486000000.0,0,0.0,0.0,1432000000.0,1918000000.0,0.426,1918000000.0,1432000000.0,1432000000.0,0.32,0.31,0.32,41420000000,,41420000000,303390633204.0,64.0,46.066,1412000000.0,0.503,1.0,3781000000.0,0.84,21461000000,0.0,19034000000,,0,11526000000,11526000000,0,5049000000,1792000000,3257000000,307572633204.0,-815000000.0,-27000000.0,0.0,-23000000.0,0.0,315000000.0,-3300000000.0,-2526000000.0,2192000000.0,-22000000.0,896000000.0,891000000.0,891000000.0,0.0,0.0,0.198,2322000000.0,1459000000.0,390000000,0.0,7.426,109.418,107.683,5335000000,5000000.0,108.76,19.299,19.163,2010000000,8226000000,4501000000.0,4501000000.0,1271000000.0,,,,,757000000.0,1051000000.0,1.0,2827994053,2808000000,2863000000.0,1.603,25008000000,0,536000000.0,0,8.906,17347000000
24,FB,ARQ,2015-06-30,2015-07-31,2015-06-30,2021-07-29,-357000000,44130000000,,16951000000,27179000000,,14.11,-549000000.0,5123000000,5123000000,668000000.0,719000000.0,9.012,0.119,149000000,39000000,110000000,149000000,49000000,459000000.0,0,0.0,0.0,1273000000.0,1732000000.0,0.429,1732000000.0,1273000000.0,1273000000.0,0.26,0.25,0.26,39452000000,,39452000000,259903451703.0,56.0,41.3,1331000000.0,0.476,1.0,3374000000.0,0.835,21630000000,0.0,15645000000,,0,9002000000,9002000000,0,4678000000,1881000000,2797000000,264877451703.0,1704000000.0,-25000000.0,0.0,-37000000.0,0.0,342000000.0,-564000000.0,-11000000.0,1880000000.0,46000000.0,719000000.0,715000000.0,715000000.0,0.0,0.0,0.177,2101000000.0,1273000000.0,321000000,0.0,6.714,97.31,94.01,4955000000,4000000.0,94.01,18.094,17.956,1815000000,7330000000,4042000000.0,4042000000.0,1170000000.0,,,,,763000000.0,931000000.0,1.0,2817545492,2796000000,2850000000.0,1.446,22500000000,0,554000000.0,0,8.047,15070000000
25,FB,ARQ,2015-03-31,2015-04-23,2015-03-31,2021-07-29,-447000000,42007000000,,15004000000,27003000000,,13.47,-502000000.0,3419000000,3419000000,654000000.0,512000000.0,8.593,0.12,186000000,73000000,113000000,186000000,55000000,457000000.0,0,0.0,0.0,932000000.0,1389000000.0,0.392,1389000000.0,932000000.0,932000000.0,0.18,0.18,0.18,37501000000,,37501000000,228193749033.0,48.0,36.782,1198000000.0,0.43,1.0,2889000000.0,0.815,21779000000,0.0,15249000000,,0,8994000000,8994000000,0,4506000000,1746000000,2760000000,231426749033.0,-896000000.0,-257000000.0,0.0,-47000000.0,0.0,371000000.0,-2844000000.0,-2108000000.0,1700000000.0,-123000000.0,512000000.0,509000000.0,509000000.0,0.0,0.0,0.144,1956000000.0,933000000.0,318000000,0.0,6.171,82.8,78.486,4619000000,3000000.0,82.41,17.134,16.986,1508000000,6611000000,3543000000.0,3543000000.0,1062000000.0,,,,,694000000.0,894000000.0,1.0,2808236246,2784000000,2836000000.0,1.273,20228000000,0,420000000.0,0,7.266,13258000000
26,FB,ARQ,2014-12-31,2015-01-29,2014-12-31,2021-07-29,-228000000,40184000000,,13670000000,26514000000,,13.074,-517000000.0,4315000000,4315000000,652000000.0,701000000.0,9.6,0.113,233000000,114000000,119000000,233000000,66000000,433000000.0,0,0.0,0.0,1114000000.0,1547000000.0,0.402,1547000000.0,1114000000.0,1114000000.0,0.25,0.24,0.25,36096000000,,36096000000,214240921492.0,44.0,34.819,1066000000.0,0.386,1.0,3199000000.0,0.831,21910000000,0.0,12768000000,,0,6884000000,6884000000,0,4088000000,1424000000,2664000000,218322921492.0,-4684000000.0,-4221000000.0,11000000.0,-44000000.0,0.0,401000000.0,-6616000000.0,-1643000000.0,1583000000.0,-52000000.0,701000000.0,696000000.0,696000000.0,0.0,0.0,0.181,2066000000.0,1133000000.0,378000000,0.0,6.048,74.64,69.643,3967000000,5000000.0,78.0,17.513,16.356,1678000000,6099000000,3851000000.0,3851000000.0,1111000000.0,,,,,840000000.0,955000000.0,1.0,2799011814,2761000000,2808000000.0,1.395,18274000000,0,413000000.0,0,6.619,12246000000
27,FB,ARQ,2014-09-30,2014-10-30,2014-09-30,2021-07-29,-109000000,24188000000,,16115000000,8073000000,,8.21,-482000000.0,8999000000,8999000000,565000000.0,806000000.0,13.059,0.139,278000000,149000000,129000000,278000000,48000000,289000000.0,0,0.0,0.0,1336000000.0,1625000000.0,0.507,1625000000.0,1336000000.0,1336000000.0,0.31,0.3,0.31,21238000000,,21238000000,197886410463.0,40.0,32.888,766000000.0,0.296,1.0,2638000000.0,0.824,3929000000,0.0,10304000000,,0,5251000000,5251000000,0,2950000000,1234000000,1716000000,206607410463.0,4615000000.0,-735000000.0,5000000.0,-49000000.0,0.0,438000000.0,2997000000.0,4326000000.0,1248000000.0,-68000000.0,806000000.0,802000000.0,802000000.0,0.0,0.0,0.25,1241000000.0,1397000000.0,328000000,0.0,9.728,75.157,67.991,3703000000,4000000.0,74.11,18.445,17.117,1363000000,5398000000,3203000000.0,3203000000.0,608000000.0,,,,,350000000.0,633000000.0,1.0,2787847935,2587000000,2644000000.0,1.238,20259000000,0,530000000.0,0,7.831,14881000000
28,FB,ARQ,2014-06-30,2014-07-24,2014-06-30,2021-07-29,-5000000,20769000000,,15557000000,5212000000,,7.166,-469000000.0,4384000000,4384000000,473000000.0,791000000.0,12.815,0.132,326000000,173000000,153000000,326000000,53000000,257000000.0,0,0.0,0.0,1386000000.0,1643000000.0,0.565,1643000000.0,1386000000.0,1386000000.0,0.31,0.3,0.31,18346000000,,18346000000,190893868293.0,44.0,35.266,872000000.0,0.341,1.0,2437000000.0,0.837,1672000000,0.0,13825000000,,0,9572000000,9572000000,0,2423000000,1214000000,1209000000,194951868293.0,1386000000.0,-19000000.0,1000000.0,-66000000.0,0.0,470000000.0,-422000000.0,68000000.0,1341000000.0,-3000000.0,791000000.0,788000000.0,788000000.0,0.0,0.0,0.271,1047000000.0,1390000000.0,322000000,0.0,10.626,82.293,78.926,3334000000,3000000.0,74.98,19.468,19.168,1190000000,4592000000,2910000000.0,2910000000.0,492000000.0,,,,,309000000.0,555000000.0,1.0,2600051591,2560000000,2615000000.0,1.137,19097000000,0,595000000.0,0,7.46,14343000000
29,FB,ARQ,2014-03-31,2014-04-25,2014-03-31,2021-07-29,15000000,19028000000,,14060000000,4968000000,,6.576,-363000000.0,2998000000,2998000000,462000000.0,642000000.0,13.558,0.137,392000000,201000000,191000000,392000000,38000000,264000000.0,0,0.0,0.0,1075000000.0,1339000000.0,0.535,1339000000.0,1075000000.0,1075000000.0,0.25,0.25,0.25,16737000000,,16737000000,145497895758.0,41.0,31.971,922000000.0,0.362,1.0,2040000000.0,0.815,1682000000,0.0,13703000000,,0,9631000000,9631000000,0,2291000000,1037000000,1254000000,148103895758.0,-325000000.0,0.0,1000000.0,-84000000.0,0.0,262000000.0,-1872000000.0,-1508000000.0,1285000000.0,0.0,642000000.0,639000000.0,639000000.0,0.0,0.0,0.255,965000000.0,1075000000.0,273000000,0.0,8.849,77.46,73.987,3074000000,3000000.0,57.71,16.609,16.471,1006000000,3801000000,2502000000.0,2502000000.0,455000000.0,,,,,271000000.0,510000000.0,1.0,2566347180,2545000000,2609000000.0,0.983,17346000000,0,433000000.0,0,6.816,13023000000
30,FB,ARQ,2013-12-31,2014-01-31,2013-12-31,2021-07-29,14000000,17895000000,,13070000000,4825000000,,6.299,-483000000.0,3323000000,3323000000,491000000.0,523000000.0,11.882,0.157,476000000,239000000,237000000,476000000,38000000,274000000.0,0,0.0,0.0,1136000000.0,1410000000.0,0.545,1410000000.0,1136000000.0,1130000000.0,0.22,0.21,0.22,15470000000,,15470000000,156690406183.0,56.0,41.008,748000000.0,0.305,1.0,2095000000.0,0.81,1722000000,6000000.0,12226000000,,0,8126000000,8126000000,0,2425000000,1100000000,1325000000,159537406183.0,223000000.0,-131000000.0,1484000000.0,-100000000.0,0.0,1525000000.0,-2534000000.0,-1905000000.0,1231000000.0,1000000.0,523000000.0,520000000.0,520000000.0,0.0,0.0,0.201,963000000.0,1132000000.0,268000000,0.0,10.313,107.0,100.919,2882000000,3000000.0,62.57,20.266,19.235,1109000000,3159000000,2586000000.0,2586000000.0,409000000.0,,,,,274000000.0,554000000.0,1.0,2549742787,2456000000,2556000000.0,1.053,16173000000,51000000,607000000.0,0,6.585,11970000000
31,FB,ARQ,2013-09-30,2013-11-01,2013-09-30,2021-07-29,13000000,14933000000,,10549000000,4384000000,,5.37,-284000000.0,3100000000,3100000000,507000000.0,425000000.0,10.721,0.144,575000000,288000000,287000000,575000000,36000000,274000000.0,0,0.0,0.0,747000000.0,1021000000.0,0.506,1021000000.0,747000000.0,726000000.0,0.17,0.17,0.17,13048000000,,13048000000,119602699468.0,54.0,37.897,666000000.0,0.274,1.0,1509000000.0,0.749,1609000000,21000000.0,9815000000,,0,6228000000,6228000000,0,1885000000,984000000,901000000,122127699468.0,99000000.0,-16000000.0,10000000.0,-1591000000.0,0.0,-1599000000.0,734000000.0,1034000000.0,950000000.0,14000000.0,425000000.0,422000000.0,422000000.0,0.0,0.0,0.209,773000000.0,736000000.0,207000000,0.0,9.36,120.56,115.698,2685000000,3000000.0,49.75,17.772,17.592,872000000,2636000000,2016000000.0,2016000000.0,369000000.0,,,,,238000000.0,404000000.0,1.0,2454828130,2430000000,2528000000.0,0.83,13324000000,7000000,301000000.0,0,5.483,9565000000
32,FB,ARQ,2013-06-30,2013-07-25,2013-06-30,2021-07-29,-29000000,15724000000,,11421000000,4303000000,,5.13,-268000000.0,3001000000,3001000000,465000000.0,333000000.0,10.575,0.273,2167000000,316000000,1851000000,2167000000,32000000,222000000.0,0,0.0,0.0,559000000.0,781000000.0,0.431,781000000.0,559000000.0,545000000.0,0.14,0.13,0.14,12349000000,,12349000000,82843594135.0,45.0,30.751,1054000000.0,0.438,1.0,1348000000.0,0.744,1631000000,14000000.0,12179000000,,0,7251000000,7251000000,0,3375000000,1080000000,2295000000,83677594135.0,676000000.0,-122000000.0,2000000.0,-91000000.0,0.0,-149000000.0,-498000000.0,-106000000.0,1322000000.0,1000000.0,333000000.0,331000000.0,331000000.0,0.0,0.0,0.183,786000000.0,562000000.0,227000000,0.0,6.776,157.289,143.167,2577000000,2000000.0,34.36,13.677,13.518,775000000,2211000000,1813000000.0,1813000000.0,344000000.0,,,,,220000000.0,442000000.0,1.0,2435319969,2407000000,2502000000.0,0.753,14093000000,7000000,212000000.0,0,5.855,10341000000
33,FB,ARQ,2013-03-31,2013-05-02,2013-03-31,2021-07-29,-15000000,15163000000,,11042000000,4121000000,,4.956,-327000000.0,2325000000,2325000000,413000000.0,219000000.0,10.388,0.282,2258000000,338000000,1920000000,2258000000,30000000,241000000.0,0,0.0,0.0,368000000.0,609000000.0,0.418,609000000.0,368000000.0,353000000.0,0.09,0.09,0.09,11824000000,,11824000000,69979725956.0,135.0,53.955,392000000.0,0.164,1.0,1045000000.0,0.717,1501000000,15000000.0,12532000000,,0,7147000000,7147000000,0,3339000000,1063000000,2276000000,70046725956.0,-59000000.0,-99000000.0,8000000.0,-109000000.0,0.0,-444000000.0,-326000000.0,94000000.0,719000000.0,-8000000.0,219000000.0,217000000.0,217000000.0,0.0,0.0,0.149,672000000.0,373000000.0,265000000,0.0,5.924,1591.971,1448.5,2533000000,2000000.0,28.97,12.761,12.593,659000000,1878000000,1458000000.0,1458000000.0,293000000.0,,,,,167000000.0,379000000.0,1.0,2417905625,2386000000,2499000000.0,0.611,13662000000,426000000,134000000.0,0,5.726,9979000000
34,FB,ARQ,2012-12-31,2013-02-01,2012-12-31,2021-07-29,2000000,15103000000,,11267000000,3836000000,,4.956,-198000000.0,2384000000,2384000000,397000000.0,64000000.0,10.71,0.285,2356000000,365000000,1991000000,2356000000,30000000,224000000.0,0,0.0,0.0,521000000.0,745000000.0,0.47,745000000.0,521000000.0,505000000.0,0.03,0.02,0.03,11755000000,,11755000000,70792846615.0,130.0,59.29,483000000.0,0.204,1.0,1188000000.0,0.75,1388000000,16000000.0,12635000000,,0,7242000000,7242000000,0,3348000000,1052000000,2296000000,70820846615.0,-94000000.0,0.0,8000000.0,1361000000.0,0.0,-1314000000.0,535000000.0,733000000.0,681000000.0,4000000.0,64000000.0,43000000.0,43000000.0,0.0,0.0,0.027,665000000.0,523000000.0,234000000,0.0,6.025,2213.151,1486.5,2391000000,21000000.0,29.73,13.916,11.719,719000000,1659000000,1585000000.0,1585000000.0,297000000.0,,,,,184000000.0,368000000.0,1.0,2382134094,2372000000,2166000000.0,0.668,13715000000,451000000,441000000.0,0,5.782,10215000000
35,FB,ARQ,2012-09-30,2012-10-24,2012-09-30,2021-07-29,-6000000,16038000000,,12285000000,3753000000,,5.857,-171000000.0,2478000000,2478000000,322000000.0,-59000000.0,11.375,0.132,902000000,372000000,530000000,902000000,85000000,176000000.0,0,0.0,0.0,383000000.0,559000000.0,0.443,559000000.0,383000000.0,372000000.0,-0.02,-0.02,-0.02,14174000000,,14174000000,48750106365.0,,,77000000.0,0.032,1.0,940000000.0,0.745,1423000000,11000000.0,11959000000,,0,7974000000,7974000000,0,1864000000,1080000000,784000000,50326106365.0,380000000.0,-336000000.0,-1000000.0,35000000.0,0.0,507000000.0,-389000000.0,117000000.0,248000000.0,14000000.0,-59000000.0,-59000000.0,-59000000.0,0.0,0.0,-0.047,563000000.0,377000000.0,214000000,0.0,3.551,,,2289000000,0.0,23.23,,,635000000,1595000000,1262000000.0,1262000000.0,244000000.0,,,,,179000000.0,319000000.0,1.0,2166427308,2420000000,2420000000.0,0.521,14615000000,567000000,431000000.0,0,6.039,11205000000
36,FB,ARQ,2012-06-30,2012-07-31,2012-06-30,2021-07-29,-29000000,14928000000,,11967000000,2961000000,,7.083,-413000000.0,2098000000,2098000000,367000000.0,-157000000.0,11.574,0.122,706000000,312000000,394000000,706000000,85000000,139000000.0,0,0.0,0.0,-755000000.0,-616000000.0,-0.52,-616000000.0,-755000000.0,-765000000.0,-0.08,-0.08,-0.08,13309000000,,13309000000,45118799988.0,,,-171000000.0,-0.091,1.0,817000000.0,0.69,809000000,10000000.0,11693000000,,0,8090000000,8090000000,0,1619000000,1034000000,585000000,46510799988.0,816000000.0,-550000000.0,6765000000.0,-52000000.0,0.0,7040000000.0,-6450000000.0,-5485000000.0,242000000.0,-16000000.0,-157000000.0,-157000000.0,-157000000.0,0.0,0.0,-0.133,1560000000.0,-743000000.0,196000000,0.0,3.495,,,2105000000,0.0,21.71,,,578000000,1654000000,1184000000.0,1184000000.0,705000000.0,,,,,1106000000.0,855000000.0,1.0,2142367572,1879000000,1879000000.0,0.63,14119000000,567000000,-608000000.0,0,7.514,10933000000
37,FB,ARQ,2012-03-31,2012-05-16,2012-03-31,2021-07-29,-7000000,6859000000,,4694000000,2165000000,,2.466,-453000000.0,1282000000,1282000000,277000000.0,205000000.0,4.518,0.301,706000000,302000000,404000000,706000000,93000000,110000000.0,0,,0.0,395000000.0,505000000.0,0.477,505000000.0,395000000.0,382000000.0,0.1,0.09,0.1,5272000000,,5272000000,,,,-12000000.0,-0.006,1.0,781000000.0,0.738,189000000,13000000.0,5055000000,,0,2628000000,2628000000,0,1587000000,1039000000,548000000,,-230000000.0,-25000000.0,5000000.0,-9000000.0,0.0,50000000.0,-720000000.0,-241000000.0,441000000.0,-1000000.0,205000000.0,137000000.0,137000000.0,0.0,0.0,0.129,400000000.0,381000000.0,307000000,0.0,,,,1855000000,68000000.0,,,,482000000,1811000000,1058000000.0,1058000000.0,153000000.0,,,,,103000000.0,247000000.0,1.0,2138085037,2138085037,,0.495,6670000000,0,177000000.0,0,3.12,3655000000
0,FB,ART,2021-06-30,2021-07-29,2021-06-30,2021-07-29,285000000,170609000000,159971250000.0,80697000000,89912000000,0.655,48.775,-17186000000.0,16186000000,16186000000,19934000000.0,38956000000.0,5.425,0.234,12007000000,1051000000,10956000000,12007000000,391000000,7519000000.0,0,0.0,0.0,45204000000.0,52723000000.0,0.503,52723000000.0,45204000000.0,45204000000.0,13.69,13.49,13.69,138227000000,129476250000.0,138227000000,1048263243333.0,23.0,19.882,32172000000.0,11.352,1.0,84856000000.0,0.81,19733000000,0.0,131823000000,121656500000.0,0,54287000000,47894000000,6393000000,32382000000,14874000000,17508000000,1052442243333.0,-5058000000.0,-275000000.0,-14672000000.0,-625000000.0,0.0,-19852000000.0,-34841000000.0,-17570000000.0,49358000000.0,277000000.0,38956000000.0,38956000000.0,38956000000.0,0.0,0.0,0.372,40296000000.0,44560000000.0,1922000000,0.0,7.614,27.016,27.267,61434000000,0.0,373.28,10.043,10.095,11698000000,85097000000,104790000000.0,104790000000.0,21263000000.0,0.244,0.301,0.372,0.431,7885000000.0,19033000000.0,1.0,2819444501,2834000000,2877000000.0,36.976,150876000000,0,6248000000.0,0,53.238,65823000000
1,FB,ART,2021-03-31,2021-04-29,2021-03-31,2021-07-29,154000000,163523000000,152241750000.0,77322000000,86201000000,0.62,46.947,-15829000000.0,19513000000,19513000000,18364000000.0,33740000000.0,6.08,0.223,11614000000,1040000000,10574000000,11614000000,382000000,7237000000.0,0,0.0,0.0,38822000000.0,46059000000.0,0.488,46059000000.0,38822000000.0,38822000000.0,11.84,11.68,11.84,133657000000,122531250000.0,133657000000,926415017451.0,24.0,20.114,24159000000.0,8.486,1.0,76036000000.0,0.805,19561000000,0.0,123346000000,113196250000.0,0,51048000000,44706000000,6342000000,29866000000,12717000000,17149000000,934314017451.0,-4036000000.0,-355000000.0,-8961000000.0,-601000000.0,0.0,-13455000000.0,-30824000000.0,-14644000000.0,39988000000.0,255000000.0,33740000000.0,33740000000.0,33740000000.0,0.0,0.0,0.357,37880000000.0,38156000000.0,1884000000,0.0,6.99,27.692,27.83,57922000000,0.0,329.51,9.897,9.938,10276000000,82343000000,94400000000.0,94400000000.0,19629000000.0,0.222,0.275,0.343,0.411,7031000000.0,18251000000.0,1.0,2835464834,2847000000,2882000000.0,33.158,143962000000,0,5082000000.0,0,50.566,64605000000
2,FB,ART,2020-12-31,2021-01-28,2020-12-31,2021-07-29,927000000,159316000000,145953750000.0,75670000000,83646000000,0.589,44.998,-15115000000.0,17576000000,17576000000,16692000000.0,29146000000.0,5.051,0.242,10654000000,1023000000,9631000000,10654000000,382000000,6862000000.0,0,0.0,0.0,33180000000.0,40042000000.0,0.466,40042000000.0,33180000000.0,33180000000.0,10.22,10.09,10.22,128290000000,115443000000.0,128290000000,747710537015.0,23.0,18.673,23632000000.0,8.289,1.0,69273000000.0,0.806,19673000000,0.0,117740000000,104954500000.0,0,50612000000,44378000000,6234000000,31026000000,14981000000,16045000000,754632537015.0,-1325000000.0,-388000000.0,-6272000000.0,-580000000.0,0.0,-10292000000.0,-30059000000.0,-14520000000.0,38747000000.0,279000000.0,29146000000.0,29146000000.0,29146000000.0,0.0,0.0,0.339,36602000000.0,32671000000.0,2424000000,0.0,5.882,25.891,25.93,54981000000,0.0,265.0,8.778,8.789,11335000000,77345000000,85965000000.0,85965000000.0,18447000000.0,0.2,0.252,0.316,0.386,6536000000.0,18155000000.0,1.0,2847669951,2851000000,2888000000.0,30.153,139643000000,0,4034000000.0,0,48.98,60689000000
3,FB,ART,2020-09-30,2020-10-30,2020-09-30,2021-07-29,308000000,146437000000,139468750000.0,65799000000,80638000000,0.566,41.309,-14602000000.0,11617000000,11617000000,14973000000.0,25275000000.0,5.509,0.244,10616000000,975000000,9641000000,10616000000,379000000,6467000000.0,0,0.0,0.0,29294000000.0,35761000000.0,0.453,35761000000.0,29294000000.0,29294000000.0,8.87,8.78,8.87,117731000000,108634000000.0,117731000000,748413284667.0,26.0,20.928,19188000000.0,6.733,1.0,64003000000.0,0.81,19775000000,0.0,113717000000,98009250000.0,0,50167000000,44003000000,6164000000,28706000000,11944000000,16762000000,749414284667.0,-4101000000.0,-892000000.0,-5639000000.0,-526000000.0,0.0,-9111000000.0,-28922000000.0,-13482000000.0,33790000000.0,142000000.0,25275000000.0,25275000000.0,25275000000.0,0.0,0.0,0.32,35249000000.0,28754000000.0,1906000000,0.0,6.365,29.65,29.663,51730000000,0.0,263.11,9.489,9.495,8024000000,68513000000,78976000000.0,78976000000.0,17118000000.0,0.181,0.233,0.299,0.371,6026000000.0,18131000000.0,1.0,2848292671,2850000000,2891000000.0,27.711,126662000000,0,4019000000.0,0,44.443,53855000000
4,FB,ART,2020-06-30,2020-07-31,2020-06-30,2021-07-29,-142000000,139691000000,133964000000.0,68130000000,71561000000,0.561,38.753,-14445000000.0,21045000000,21045000000,13934000000.0,23520000000.0,6.025,0.265,10532000000,899000000,9633000000,10532000000,264000000,6185000000.0,0,0.0,0.0,28490000000.0,34675000000.0,0.461,34675000000.0,28490000000.0,28490000000.0,8.25,8.19,8.25,110447000000,102701000000.0,110447000000,712146108552.0,25.0,20.538,18823000000.0,6.605,1.0,61224000000.0,0.815,19888000000,0.0,97982000000,90843000000.0,0,37195000000,37195000000,0,29244000000,11308000000,17936000000,722659108552.0,7571000000.0,-880000000.0,-5062000000.0,-615000000.0,0.0,-8219000000.0,-17373000000.0,-1813000000.0,33268000000.0,-105000000.0,23520000000.0,23520000000.0,23520000000.0,0.0,0.0,0.313,33325000000.0,27899000000.0,1649000000,0.0,6.543,30.725,30.748,48435000000,0.0,253.67,9.615,9.619,7483000000,62784000000,75158000000.0,75158000000.0,15903000000.0,0.176,0.229,0.314,0.379,5553000000.0,17422000000.0,1.0,2848815818,2850000000,2879000000.0,26.371,119803000000,0,4970000000.0,0,42.036,56822000000
5,FB,ART,2020-03-31,2020-04-30,2020-03-31,2021-07-29,-544000000,138371000000,128292750000.0,69349000000,69022000000,0.572,36.936,-14823000000.0,23618000000,23618000000,13412000000.0,20958000000.0,4.602,0.314,10344000000,835000000,9509000000,10344000000,247000000,5983000000.0,0,0.0,0.0,27191000000.0,33174000000.0,0.452,33174000000.0,27191000000.0,27191000000.0,7.35,7.3,7.35,105304000000,97279750000.0,105304000000,569965936543.0,21.0,17.181,23184000000.0,8.132,1.0,59945000000.0,0.817,19649000000,0.0,90379000000,86005500000.0,0,36671000000,36671000000,0,33067000000,15069000000,17998000000,583239936543.0,12730000000.0,-541000000.0,-4839000000.0,-653000000.0,0.0,-7898000000.0,-17205000000.0,-1788000000.0,38007000000.0,-174000000.0,20958000000.0,20958000000.0,20958000000.0,0.0,0.0,0.286,33383000000.0,26562000000.0,1541000000,0.0,5.539,27.829,27.852,46486000000,0.0,204.71,7.951,7.956,7289000000,59160000000,73357000000.0,73357000000.0,14756000000.0,0.163,0.215,0.316,0.371,5161000000.0,18627000000.0,1.0,2849103300,2851000000,2868000000.0,25.73,118722000000,0,6233000000.0,0,41.642,54280000000
6,FB,ART,2019-12-31,2020-01-30,2019-12-31,2021-07-29,-489000000,133376000000,121069250000.0,66225000000,67151000000,0.584,35.408,-15102000000.0,19079000000,19079000000,12770000000.0,18485000000.0,4.399,0.32,10324000000,800000000,9524000000,10324000000,269000000,5741000000.0,0,0.0,0.0,24812000000.0,30553000000.0,0.432,30553000000.0,24812000000.0,24812000000.0,6.48,6.43,6.48,101054000000,92582750000.0,101054000000,588499926580.0,24.0,19.262,21212000000.0,7.432,1.0,57927000000.0,0.819,19609000000,0.0,89959000000,82465750000.0,0,35776000000,35776000000,0,32322000000,15053000000,17269000000,597254926580.0,9155000000.0,-508000000.0,-4202000000.0,-775000000.0,0.0,-7299000000.0,-19864000000.0,-4193000000.0,36314000000.0,4000000.0,18485000000.0,18485000000.0,18485000000.0,0.0,0.0,0.261,33941000000.0,23986000000.0,2249000000,0.0,5.91,32.31,32.335,44783000000,0.0,209.53,8.448,8.459,9518000000,55692000000,70697000000.0,70697000000.0,13600000000.0,0.153,0.2,0.301,0.351,4836000000.0,20341000000.0,1.0,2850450659,2854000000,2876000000.0,24.771,113767000000,0,6327000000.0,0,39.862,51172000000
7,FB,ART,2019-09-30,2019-10-31,2019-09-30,2021-07-29,-849000000,124418000000,112058750000.0,62079000000,62339000000,0.594,32.936,-15303000000.0,15979000000,15979000000,12074000000.0,18018000000.0,4.658,0.324,9132000000,776000000,8356000000,9132000000,225000000,5498000000.0,0,0.0,0.0,23614000000.0,29112000000.0,0.438,29112000000.0,23614000000.0,23614000000.0,6.29,6.25,6.29,93999000000,88351000000.0,93999000000,539690222666.0,23.0,18.538,19546000000.0,6.849,1.0,54455000000.0,0.819,19191000000,0.0,85052000000,75151750000.0,0,36290000000,36290000000,0,30419000000,13328000000,17091000000,546537222666.0,6336000000.0,0.0,-6406000000.0,-171000000.0,0.0,-8814000000.0,-19513000000.0,-4065000000.0,34849000000.0,-186000000.0,18018000000.0,18018000000.0,18018000000.0,0.0,0.0,0.271,31507000000.0,22948000000.0,1450000000,0.0,5.814,30.333,30.469,40687000000,0.0,191.65,8.215,8.222,7673000000,49789000000,66529000000.0,66529000000.0,12578000000.0,0.161,0.204,0.314,0.355,4534000000.0,18929000000.0,1.0,2851746531,2854000000,2874000000.0,23.311,105227000000,0,5596000000.0,0,36.87,48751000000
8,FB,ART,2019-06-30,2019-07-25,2019-06-30,2021-07-29,-483000000,117006000000,104067250000.0,57961000000,59045000000,0.602,31.09,-15113000000.0,13877000000,13877000000,11337000000.0,17064000000.0,4.466,0.318,7810000000,688000000,7122000000,7810000000,198000000,5189000000.0,0,0.0,0.0,22197000000.0,27386000000.0,0.437,27386000000.0,22197000000.0,22197000000.0,5.94,5.89,5.94,88762000000,84936750000.0,88762000000,566548694454.0,26.0,20.688,17927000000.0,6.279,1.0,51267000000.0,0.819,19328000000,0.0,78632000000,68288250000.0,0,34719000000,34719000000,0,28244000000,12979000000,15265000000,572615694454.0,2330000000.0,-72000000.0,-9514000000.0,114000000.0,0.0,-11952000000.0,-18710000000.0,-3387000000.0,33040000000.0,-48000000.0,17064000000.0,17064000000.0,17064000000.0,0.0,0.0,0.273,29723000000.0,21544000000.0,1215000000,0.0,6.451,33.557,33.79,37271000000,0.0,200.71,9.147,9.153,7513000000,44968000000,62604000000.0,62604000000.0,11687000000.0,0.164,0.201,0.325,0.355,4324000000.0,18036000000.0,1.0,2852950498,2855000000,2875000000.0,21.928,97678000000,0,5133000000.0,0,34.213,44982000000
9,FB,ART,2019-03-31,2019-04-25,2019-03-31,2021-07-29,-781000000,109477000000,97388500000.0,53300000000,56177000000,0.605,30.293,-14940000000.0,11076000000,11076000000,10244000000.0,19554000000.0,5.379,0.265,7210000000,645000000,6565000000,7210000000,142000000,4721000000.0,0,0.0,0.0,23233000000.0,27954000000.0,0.474,27954000000.0,23233000000.0,23233000000.0,6.78,6.72,6.78,86516000000,82591750000.0,86516000000,547792493119.0,24.0,19.596,15782000000.0,5.526,1.0,48705000000.0,0.826,19483000000,0.0,76220000000,62188500000.0,0,34167000000,34167000000,0,22961000000,9908000000,13053000000,551658493119.0,-1013000000.0,-88000000.0,-11718000000.0,198000000.0,0.0,-14392000000.0,-17084000000.0,-1982000000.0,30722000000.0,-259000000.0,19554000000.0,19554000000.0,19554000000.0,0.0,0.0,0.332,25924000000.0,22781000000.0,1141000000,0.0,6.376,28.212,28.504,34092000000,0.0,193.26,9.358,9.363,6475000000,43764000000,58949000000.0,58949000000.0,10895000000.0,0.201,0.237,0.374,0.394,4207000000.0,15029000000.0,1.0,2854488736,2856000000,2869000000.0,20.64,89994000000,0,3679000000.0,0,31.511,43392000000
10,FB,ART,2018-12-31,2019-01-31,2018-12-31,2021-07-29,-760000000,97334000000,92255500000.0,50480000000,46854000000,0.605,29.11,-13915000000.0,10019000000,10019000000,9355000000.0,22112000000.0,7.194,0.157,0,0,0,0,147000000,4315000000.0,0,0.0,0.0,25361000000.0,29676000000.0,0.531,29676000000.0,25361000000.0,25361000000.0,7.65,7.57,7.65,84127000000,80367750000.0,84127000000,465712559762.0,18.0,15.693,15359000000.0,5.315,1.0,46483000000.0,0.832,19595000000,0.0,60703000000,56077000000.0,0,31095000000,31095000000,0,13207000000,7017000000,6190000000,475731559762.0,1920000000.0,-137000000.0,-12879000000.0,500000000.0,0.0,-15572000000.0,-11603000000.0,2474000000.0,29274000000.0,-179000000.0,22112000000.0,22111000000.0,22111000000.0,0.0,0.0,0.396,21570000000.0,24913000000.0,1361000000,0.0,5.655,21.516,21.79,24683000000,1000000.0,166.69,8.52,8.627,7587000000,41981000000,55838000000.0,55838000000.0,10273000000.0,0.24,0.275,0.452,0.454,4152000000.0,11297000000.0,1.0,2853989800,2890000000,2921000000.0,19.321,77739000000,0,3249000000.0,0,26.899,43463000000
11,FB,ART,2018-09-30,2018-10-31,2018-09-30,2021-07-29,-777000000,92452000000,89053000000.0,49147000000,43305000000,0.583,27.848,-11877000000.0,9637000000,9637000000,8170000000.0,19500000000.0,8.998,0.151,0,0,0,0,115000000,3943000000.0,0,0.0,0.0,24852000000.0,28795000000.0,0.555,28795000000.0,24852000000.0,24852000000.0,6.73,6.63,6.73,80342000000,77922750000.0,80342000000,426575221625.0,17.0,14.814,17450000000.0,6.049,1.0,43726000000.0,0.843,19755000000,0.0,57598000000,54046250000.0,0,31569000000,31569000000,0,12110000000,5462000000,6648000000,436212221625.0,2418000000.0,-153000000.0,-10337000000.0,0.0,0.0,-13874000000.0,-12911000000.0,-880000000.0,29327000000.0,-124000000.0,19500000000.0,19498000000.0,19498000000.0,0.0,0.0,0.376,19281000000.0,24445000000.0,1092000000,0.0,5.429,22.372,22.554,21112000000,2000000.0,151.79,8.406,8.438,6058000000,38767000000,51896000000.0,51896000000.0,9367000000.0,0.219,0.25,0.46,0.479,3994000000.0,9914000000.0,1.0,2873787612,2885000000,2913000000.0,17.988,72697000000,0,5352000000.0,0,25.198,43685000000
12,FB,ART,2018-06-30,2018-07-26,2018-06-30,2021-07-29,-687000000,90291000000,85689500000.0,49833000000,40458000000,0.566,27.42,-10290000000.0,11552000000,11552000000,7200000000.0,19070000000.0,10.671,0.137,0,0,0,0,91000000,3608000000.0,0,0.0,0.0,24176000000.0,27784000000.0,0.573,27784000000.0,24176000000.0,24176000000.0,6.57,6.46,6.57,79382000000,75639250000.0,79382000000,497349161717.0,21.0,17.901,17666000000.0,6.102,1.0,41297000000.0,0.852,19836000000,0.0,54233000000,51704000000.0,0,30757000000,30757000000,0,10909000000,4670000000,6239000000,508901161717.0,5291000000.0,-179000000.0,-6721000000.0,0.0,0.0,-10248000000.0,-12378000000.0,-1942000000.0,27956000000.0,-39000000.0,19070000000.0,19065000000.0,19065000000.0,0.0,0.0,0.393,17511000000.0,23786000000.0,859000000,0.0,6.411,26.693,26.828,18357000000,5000000.0,176.26,10.493,10.522,5590000000,38237000000,48497000000.0,48497000000.0,8762000000.0,0.222,0.252,0.468,0.499,3965000000.0,8749000000.0,1.0,2887218664,2895000000,2930000000.0,16.752,70455000000,0,5106000000.0,0,24.337,45163000000
13,FB,ART,2018-03-31,2018-04-26,2018-03-31,2021-07-29,-294000000,88945000000,81577500000.0,50412000000,38533000000,0.547,26.71,-8274000000.0,12082000000,12082000000,6223000000.0,17858000000.0,9.912,0.146,0,0,0,0,94000000,3303000000.0,0,0.0,0.0,22796000000.0,26099000000.0,0.585,26099000000.0,22796000000.0,22796000000.0,6.15,6.04,6.15,77620000000,72414000000.0,77620000000,492046368592.0,22.0,18.853,18744000000.0,6.45,1.0,38364000000.0,0.86,20003000000,0.0,51774000000,49136000000.0,0,31874000000,31874000000,0,11325000000,5086000000,6239000000,504128368592.0,4981000000.0,-171000000.0,-3522000000.0,0.0,0.0,-6846000000.0,-15434000000.0,-7044000000.0,27018000000.0,243000000.0,17858000000.0,17849000000.0,17849000000.0,0.0,0.0,0.4,16040000000.0,22324000000.0,989000000,0.0,6.495,28.244,28.319,16211000000,9000000.0,174.16,11.307,11.351,5115000000,36780000000,44587000000.0,44587000000.0,8158000000.0,0.219,0.246,0.464,0.511,3811000000.0,7882000000.0,1.0,2894627748,2906000000,2945000000.0,15.343,68942000000,0,4938000000.0,0,23.724,45326000000
14,FB,ART,2017-12-31,2018-02-01,2017-12-31,2021-07-29,-227000000,84524000000,76519750000.0,48563000000,35961000000,0.531,25.628,-6733000000.0,8079000000,8079000000,5454000000.0,15934000000.0,12.916,0.137,0,0,0,0,98000000,3025000000.0,0,0.0,0.0,20594000000.0,23619000000.0,0.581,23619000000.0,20594000000.0,20594000000.0,5.49,5.39,5.49,74347000000,68556000000.0,74347000000,552847596362.0,27.0,23.407,17483000000.0,6.027,1.0,35199000000.0,0.866,20105000000,0.0,52580000000,45741500000.0,0,33632000000,33632000000,0,10177000000,3760000000,6417000000,560926596362.0,-824000000.0,-122000000.0,-1976000000.0,0.0,0.0,-5235000000.0,-20038000000.0,-13250000000.0,24216000000.0,233000000.0,15934000000.0,15920000000.0,15920000000.0,0.0,0.0,0.392,14996000000.0,20203000000.0,770000000,0.0,7.545,35.234,35.171,13721000000,14000000.0,193.09,13.798,13.779,5832000000,33990000000,40653000000.0,40653000000.0,7754000000.0,0.208,0.232,0.45,0.507,3723000000.0,7242000000.0,1.0,2905000758,2901000000,2956000000.0,14.013,64419000000,0,4660000000.0,0,22.206,44803000000
15,FB,ART,2017-09-30,2017-11-02,2017-09-30,2021-07-29,-200000000,78998000000,71629000000.0,44203000000,34795000000,0.509,24.521,-5739000000.0,7201000000,7201000000,4892000000.0,15938000000.0,13.375,0.109,0,0,0,0,105000000,2786000000.0,0,0.0,0.0,17649000000.0,20435000000.0,0.56,20435000000.0,17649000000.0,17649000000.0,5.51,5.39,5.51,71208000000,64767750000.0,71208000000,512706301192.0,29.0,25.09,17156000000.0,5.908,1.0,31598000000.0,0.866,20263000000,0.0,48229000000,40728000000.0,0,31088000000,31088000000,0,7790000000,3305000000,4485000000,519907301192.0,1163000000.0,-148000000.0,-1018000000.0,0.0,0.0,-4808000000.0,-17020000000.0,-11176000000.0,22895000000.0,96000000.0,15938000000.0,15915000000.0,15915000000.0,0.0,0.0,0.436,14197000000.0,17401000000.0,697000000,0.0,7.301,32.668,32.472,12158000000,23000000.0,178.92,14.248,14.239,4424000000,31209000000,36490000000.0,36490000000.0,7379000000.0,0.222,0.246,0.433,0.484,3756000000.0,6818000000.0,1.0,2905808748,2904000000,2956000000.0,12.565,58735000000,0,1711000000.0,0,20.226,40898000000
16,FB,ART,2017-06-30,2017-07-27,2017-06-30,2021-07-29,-370000000,73843000000,66798000000.0,40804000000,33039000000,0.497,22.924,-5079000000.0,6252000000,6252000000,4431000000.0,13610000000.0,12.309,0.111,0,0,0,0,88000000,2605000000.0,0,0.0,0.0,15582000000.0,18187000000.0,0.548,18187000000.0,15582000000.0,15582000000.0,4.72,4.62,4.72,66481000000,60494500000.0,66481000000,488739265777.0,31.0,26.873,15266000000.0,5.264,1.0,28742000000.0,0.866,20315000000,0.0,43961000000,36234250000.0,0,29200000000,29200000000,0,7362000000,3315000000,4047000000,494991265777.0,1144000000.0,-111000000.0,-378000000.0,0.0,0.0,-2826000000.0,-16423000000.0,-11253000000.0,20345000000.0,48000000.0,13610000000.0,13584000000.0,13584000000.0,0.0,0.0,0.409,13341000000.0,15401000000.0,601000000,0.0,7.446,36.439,36.11,10628000000,26000000.0,170.44,14.922,14.9,3897000000,27560000000,33173000000.0,33173000000.0,6866000000.0,0.203,0.225,0.43,0.47,3565000000.0,6475000000.0,1.0,2904196584,2900000000,2951000000.0,11.439,53528000000,0,1972000000.0,0,18.458,37489000000
17,FB,ART,2017-03-31,2017-05-04,2017-03-31,2021-07-29,-626000000,68714000000,62272000000.0,36930000000,31784000000,0.486,21.511,-4630000000.0,7104000000,7104000000,4110000000.0,11771000000.0,12.613,0.105,0,0,0,0,80000000,2461000000.0,0,0.0,0.0,13860000000.0,16321000000.0,0.539,16321000000.0,13860000000.0,13860000000.0,4.1,4.01,4.1,62188000000,56470000000.0,62188000000,430085992606.0,31.0,26.352,13553000000.0,4.688,1.0,26178000000.0,0.864,20486000000,0.0,38196000000,32118500000.0,0,25202000000,25202000000,0,6526000000,2928000000,3598000000,437189992606.0,648000000.0,-122000000.0,-228000000.0,0.0,0.0,-1486000000.0,-15954000000.0,-11241000000.0,18183000000.0,-95000000.0,11771000000.0,11742000000.0,11742000000.0,0.0,0.0,0.388,12432000000.0,13746000000.0,448000000,0.0,7.03,37.233,36.793,9462000000,29000000.0,150.85,14.434,14.399,3415000000,24175000000,30288000000.0,30288000000.0,6410000000.0,0.189,0.208,0.432,0.458,3338000000.0,6022000000.0,1.0,2898176948,2891000000,2944000000.0,10.477,48228000000,0,2089000000.0,0,16.682,34002000000
18,FB,ART,2016-12-31,2017-02-03,2016-12-31,2021-07-29,-703000000,64961000000,58112250000.0,34401000000,30560000000,0.476,20.676,-4491000000.0,8903000000,8903000000,3789000000.0,10217000000.0,11.966,0.097,0,0,0,0,90000000,2342000000.0,0,0.0,0.0,12518000000.0,14860000000.0,0.538,14860000000.0,12518000000.0,12518000000.0,3.56,3.49,3.56,59194000000,52710500000.0,59194000000,369626755127.0,30.0,24.874,11617000000.0,4.058,1.0,23849000000.0,0.863,20657000000,0.0,32526000000,28248000000.0,0,20546000000,20546000000,0,5767000000,2875000000,2892000000,378529755127.0,3996000000.0,-123000000.0,0.0,-312000000.0,0.0,-310000000.0,-11739000000.0,-7186000000.0,16108000000.0,-63000000.0,10217000000.0,10188000000.0,10188000000.0,0.0,0.0,0.369,11422000000.0,12427000000.0,582000000,0.0,6.395,37.154,36.792,8591000000,29000000.0,130.98,13.696,13.568,3993000000,21670000000,27638000000.0,27638000000.0,5919000000.0,0.175,0.193,0.443,0.453,3218000000.0,5503000000.0,1.0,2889981334,2863000000,2925000000.0,9.654,44304000000,0,2301000000.0,0,15.475,31526000000
19,FB,ART,2016-09-30,2016-11-03,2016-09-30,2021-07-29,-372000000,59674000000,54223750000.0,30328000000,29346000000,0.455,18.849,-3914000000.0,6038000000,6038000000,3565000000.0,7505000000.0,11.687,0.103,0,0,0,0,78000000,2271000000.0,0,0.0,0.0,10557000000.0,12828000000.0,0.52,12828000000.0,10557000000.0,10557000000.0,2.63,2.59,2.63,54115000000,48966500000.0,54115000000,339822097360.0,32.0,26.491,8671000000.0,3.02,1.0,21105000000.0,0.855,20787000000,0.0,30254000000,25470750000.0,0,20102000000,20102000000,0,5559000000,2595000000,2964000000,345860097360.0,1730000000.0,-85000000.0,0.0,-324000000.0,0.0,1660000000.0,-12490000000.0,-8598000000.0,12585000000.0,-25000000.0,7505000000.0,7480000000.0,7480000000.0,0.0,0.0,0.303,10668000000.0,10437000000.0,499000000,0.0,6.391,46.238,45.627,7899000000,25000000.0,120.0,14.019,13.965,3070000000,15731000000,24670000000.0,24670000000.0,5659000000.0,0.138,0.153,0.414,0.428,3117000000.0,5009000000.0,1.0,2882167478,2871000000,2915000000.0,8.593,38887000000,0,3052000000.0,0,13.545,27733000000
20,FB,ART,2016-06-30,2016-07-28,2016-06-30,2021-07-29,-374000000,55739000000,50922500000.0,27010000000,28729000000,0.435,17.641,-3599000000.0,5108000000,5108000000,3298000000.0,6022000000.0,12.216,0.106,0,0,0,0,79000000,2166000000.0,0,0.0,0.0,8820000000.0,10986000000.0,0.496,10986000000.0,8820000000.0,8820000000.0,2.12,2.08,2.12,50383000000,45792750000.0,50383000000,353850032625.0,40.0,32.209,7601000000.0,2.661,1.0,18862000000.0,0.851,20922000000,0.0,27498000000,22665750000.0,0,18185000000,18185000000,0,5356000000,2211000000,3145000000,358958032625.0,-15000000.0,-51000000.0,0.0,-347000000.0,0.0,1524000000.0,-12673000000.0,-9155000000.0,11200000000.0,-66000000.0,6022000000.0,5998000000.0,5998000000.0,0.0,0.0,0.271,10088000000.0,8774000000.0,362000000,0.0,7.125,59.846,58.962,7104000000,24000000.0,125.0,16.198,16.11,2801000000,13352000000,22160000000.0,22160000000.0,5391000000.0,0.118,0.131,0.389,0.398,3055000000.0,4697000000.0,1.0,2871664261,2856000000,2904000000.0,7.759,34817000000,0,2798000000.0,0,12.191,24799000000
21,FB,ART,2016-03-31,2016-04-28,2016-03-31,2021-07-29,-276000000,52075000000,48020250000.0,23812000000,28263000000,0.412,16.585,-3153000000.0,6456000000,6456000000,3050000000.0,4686000000.0,13.163,0.104,0,0,0,0,55000000,2040000000.0,0,0.0,0.0,7327000000.0,9367000000.0,0.474,9367000000.0,7327000000.0,7327000000.0,1.66,1.62,1.66,47150000000,43060000000.0,47150000000,327427346736.0,45.0,34.955,6729000000.0,2.367,1.0,16716000000.0,0.846,21096000000,0.0,22714000000,19702500000.0,0,14165000000,14165000000,0,4925000000,1809000000,3116000000,333883346736.0,3037000000.0,-57000000.0,0.0,-384000000.0,0.0,1395000000.0,-8266000000.0,-5168000000.0,9882000000.0,26000000.0,4686000000.0,4665000000.0,4665000000.0,0.0,0.0,0.236,9415000000.0,7301000000.0,365000000,0.0,7.081,71.572,70.319,6467000000,21000000.0,116.73,16.892,16.79,2348000000,11297000000,19766000000.0,19766000000.0,5098000000.0,0.097,0.108,0.372,0.371,3013000000.0,4317000000.0,1.0,2860304521,2843000000,2888000000.0,6.953,30979000000,0,2641000000.0,0,10.897,22003000000
22,FB,ART,2015-12-31,2016-01-28,2015-12-31,2021-07-29,-455000000,49407000000,45503250000.0,21652000000,27755000000,0.394,15.775,-2523000000.0,4907000000,4907000000,2867000000.0,3688000000.0,11.248,0.117,114000000,7000000,107000000,114000000,56000000,1945000000.0,0,0.0,0.0,6194000000.0,8139000000.0,0.454,8139000000.0,6194000000.0,6194000000.0,1.31,1.29,1.31,44218000000,40647750000.0,44218000000,305764662736.0,49.0,37.568,6076000000.0,2.168,1.0,15061000000.0,0.84,21272000000,0.0,21417000000,17836250000.0,0,13527000000,13527000000,0,5189000000,1925000000,3264000000,310557662736.0,592000000.0,-313000000.0,0.0,-119000000.0,0.0,1582000000.0,-9434000000.0,-6700000000.0,8599000000.0,-155000000.0,3688000000.0,3669000000.0,3669000000.0,0.0,0.0,0.205,8836000000.0,6225000000.0,413000000,0.0,7.023,84.644,83.29,5687000000,19000000.0,109.11,17.322,17.059,2559000000,9787000000,17928000000.0,17928000000.0,4816000000.0,0.081,0.09,0.347,0.345,2960000000.0,4020000000.0,1.0,2846280476,2803000000,2853000000.0,6.396,28135000000,0,2506000000.0,0,10.037,19727000000
23,FB,ART,2015-09-30,2015-11-05,2015-09-30,2021-07-29,-380000000,46469000000,43197500000.0,19139000000,27330000000,0.369,14.751,-2348000000.0,4308000000,4308000000,2694000000.0,2828000000.0,10.68,0.122,126000000,17000000,109000000,126000000,47000000,1835000000.0,0,0.0,0.0,4751000000.0,6586000000.0,0.413,6586000000.0,4751000000.0,4751000000.0,1.01,0.98,1.01,41420000000,38617250000.0,41420000000,303390633204.0,64.0,46.066,5007000000.0,1.783,1.0,13243000000.0,0.831,21461000000,0.0,19034000000,15674000000.0,0,11526000000,11526000000,0,5049000000,1792000000,3257000000,307572633204.0,-4691000000.0,-4530000000.0,11000000.0,-151000000.0,0.0,1429000000.0,-13324000000.0,-6288000000.0,7355000000.0,-151000000.0,2828000000.0,2811000000.0,2811000000.0,0.0,0.0,0.176,8445000000.0,4798000000.0,390000000,0.0,7.426,109.418,107.683,5335000000,17000000.0,108.76,19.299,19.163,2010000000,8226000000,15937000000.0,15937000000.0,4614000000.0,0.065,0.073,0.303,0.298,3054000000.0,3831000000.0,1.0,2827994053,2808000000,2863000000.0,5.676,25008000000,0,1923000000.0,0,8.906,17347000000
24,FB,ART,2015-06-30,2015-07-31,2015-06-30,2021-07-29,-357000000,44130000000,37627250000.0,16951000000,27179000000,0.389,14.11,-2050000000.0,5123000000,5123000000,2539000000.0,2738000000.0,9.012,0.119,149000000,39000000,110000000,149000000,49000000,1638000000.0,0,0.0,0.0,4655000000.0,6293000000.0,0.43,6293000000.0,4655000000.0,4655000000.0,1.0,0.97,1.0,39452000000,33571750000.0,39452000000,259903451703.0,56.0,41.3,4361000000.0,1.56,1.0,12100000000.0,0.827,21630000000,0.0,15645000000,13491500000.0,0,9002000000,9002000000,0,4678000000,1881000000,2797000000,264877451703.0,739000000.0,-5238000000.0,16000000.0,-177000000.0,0.0,1552000000.0,-7027000000.0,564000000.0,6411000000.0,-197000000.0,2738000000.0,2722000000.0,2722000000.0,0.0,0.0,0.186,7364000000.0,4736000000.0,321000000,0.0,6.714,97.31,94.01,4955000000,16000000.0,94.01,18.094,17.956,1815000000,7330000000,14639000000.0,14639000000.0,3951000000.0,0.072,0.081,0.345,0.318,2647000000.0,3413000000.0,1.0,2817545492,2796000000,2850000000.0,5.236,22500000000,0,1917000000.0,0,8.047,15070000000
25,FB,ART,2015-03-31,2015-04-23,2015-03-31,2021-07-29,-447000000,42007000000,31787000000.0,15004000000,27003000000,0.425,13.47,-1970000000.0,3419000000,3419000000,2344000000.0,2810000000.0,8.593,0.12,186000000,73000000,113000000,186000000,55000000,1436000000.0,0,0.0,0.0,4768000000.0,6204000000.0,0.459,6204000000.0,4768000000.0,4768000000.0,1.05,1.02,1.05,37501000000,28295250000.0,37501000000,228193749033.0,48.0,36.782,3902000000.0,1.402,1.0,11163000000.0,0.826,21779000000,0.0,15249000000,13036500000.0,0,8994000000,8994000000,0,4506000000,1746000000,2760000000,231426749033.0,421000000.0,-5232000000.0,17000000.0,-206000000.0,0.0,1680000000.0,-6885000000.0,643000000.0,5872000000.0,-246000000.0,2810000000.0,2795000000.0,2795000000.0,0.0,0.0,0.207,6310000000.0,4853000000.0,318000000,0.0,6.171,82.8,78.486,4619000000,15000000.0,82.41,17.134,16.986,1508000000,6611000000,13507000000.0,13507000000.0,3273000000.0,0.088,0.099,0.366,0.353,2193000000.0,3037000000.0,1.0,2808236246,2784000000,2836000000.0,4.852,20228000000,0,1958000000.0,0,7.266,13258000000
26,FB,ART,2014-12-31,2015-01-29,2014-12-31,2021-07-29,-228000000,40184000000,26042250000.0,13670000000,26514000000,0.479,13.809,-1831000000.0,4315000000,4315000000,2153000000.0,2940000000.0,9.6,0.113,233000000,114000000,119000000,233000000,66000000,1243000000.0,0,0.0,0.0,4910000000.0,6153000000.0,0.494,6153000000.0,4910000000.0,4910000000.0,1.12,1.1,1.12,36096000000,23104250000.0,36096000000,214240921492.0,44.0,34.819,3626000000.0,1.387,1.0,10313000000.0,0.827,21910000000,0.0,12768000000,12650000000.0,0,6884000000,6884000000,0,4088000000,1424000000,2664000000,218322921492.0,992000000.0,-4975000000.0,18000000.0,-243000000.0,0.0,1571000000.0,-5913000000.0,1243000000.0,5457000000.0,-123000000.0,2940000000.0,2925000000.0,2925000000.0,0.0,0.0,0.235,5319000000.0,4994000000.0,378000000,0.0,6.048,74.64,69.643,3967000000,15000000.0,78.0,17.513,16.356,1678000000,6099000000,12466000000.0,12466000000.0,2666000000.0,0.112,0.127,0.388,0.394,1770000000.0,2653000000.0,1.0,2799011814,2614000000,2664000000.0,4.769,18274000000,0,1970000000.0,0,6.991,12246000000
27,FB,ART,2014-09-30,2014-10-30,2014-09-30,2021-07-29,-109000000,24188000000,20470000000.0,16115000000,8073000000,0.547,8.21,-1797000000.0,8999000000,8999000000,1991000000.0,2762000000.0,13.059,0.139,278000000,149000000,129000000,278000000,48000000,1084000000.0,0,0.0,0.0,4933000000.0,6017000000.0,0.537,6017000000.0,4933000000.0,4927000000.0,1.09,1.06,1.09,21238000000,17947750000.0,21238000000,197886410463.0,40.0,32.888,3308000000.0,1.279,1.0,9210000000.0,0.822,3929000000,6000000.0,10304000000,12514500000.0,0,5251000000,5251000000,0,2950000000,1234000000,1716000000,206607410463.0,5899000000.0,-885000000.0,1491000000.0,-299000000.0,0.0,2695000000.0,-1831000000.0,981000000.0,5105000000.0,-70000000.0,2762000000.0,2749000000.0,2749000000.0,0.0,0.0,0.245,4216000000.0,4994000000.0,328000000,0.0,9.728,75.157,67.991,3703000000,13000000.0,74.11,18.445,17.117,1363000000,5398000000,11201000000.0,11201000000.0,1964000000.0,0.134,0.153,0.394,0.44,1204000000.0,2252000000.0,1.0,2787847935,2587000000,2644000000.0,4.33,20259000000,0,2165000000.0,0,7.831,14881000000
28,FB,ART,2014-06-30,2014-07-24,2014-06-30,2021-07-29,-5000000,20769000000,18156250000.0,15557000000,5212000000,0.552,7.166,-1599000000.0,4384000000,4384000000,1933000000.0,2381000000.0,12.815,0.132,326000000,173000000,153000000,326000000,53000000,1069000000.0,0,0.0,0.0,4344000000.0,5413000000.0,0.541,5413000000.0,4344000000.0,4317000000.0,0.95,0.93,0.95,18346000000,15900250000.0,18346000000,190893868293.0,44.0,35.266,3208000000.0,1.253,1.0,8081000000.0,0.807,1672000000,27000000.0,13825000000,12392250000.0,0,9572000000,9572000000,0,2423000000,1214000000,1209000000,194951868293.0,1383000000.0,-166000000.0,1496000000.0,-1841000000.0,0.0,658000000.0,-4094000000.0,-2311000000.0,4807000000.0,12000000.0,2381000000.0,2369000000.0,2369000000.0,0.0,0.0,0.237,3748000000.0,4333000000.0,322000000,0.0,10.626,82.293,78.926,3334000000,12000000.0,74.98,19.468,19.168,1190000000,4592000000,10014000000.0,10014000000.0,1725000000.0,0.13,0.149,0.351,0.434,1092000000.0,2023000000.0,1.0,2600051591,2560000000,2615000000.0,3.912,19097000000,0,1936000000.0,0,7.46,14343000000
29,FB,ART,2014-03-31,2014-04-25,2014-03-31,2021-07-29,15000000,19028000000,16895000000.0,14060000000,4968000000,0.528,6.576,-1398000000.0,2998000000,2998000000,1925000000.0,1923000000.0,13.558,0.137,392000000,201000000,191000000,392000000,38000000,1034000000.0,0,0.0,0.0,3517000000.0,4551000000.0,0.51,4551000000.0,3517000000.0,3476000000.0,0.78,0.76,0.78,16737000000,14401000000.0,16737000000,145497895758.0,41.0,31.971,3390000000.0,1.332,1.0,6992000000.0,0.784,1682000000,41000000.0,13703000000,11980750000.0,0,9631000000,9631000000,0,2291000000,1037000000,1254000000,148103895758.0,673000000.0,-269000000.0,1497000000.0,-1866000000.0,0.0,39000000.0,-4170000000.0,-2485000000.0,4788000000.0,16000000.0,1923000000.0,1912000000.0,1912000000.0,0.0,0.0,0.214,3487000000.0,3505000000.0,273000000,0.0,8.849,77.46,73.987,3074000000,11000000.0,57.71,16.609,16.471,1006000000,3801000000,8917000000.0,8917000000.0,1577000000.0,0.113,0.133,0.294,0.394,1003000000.0,1910000000.0,1.0,2566347180,2545000000,2609000000.0,3.504,17346000000,0,1553000000.0,0,6.816,13023000000
30,FB,ART,2013-12-31,2014-01-31,2013-12-31,2021-07-29,14000000,17895000000,15928750000.0,13070000000,4825000000,0.494,6.393,-1362000000.0,3323000000,3323000000,1875000000.0,1500000000.0,11.882,0.157,476000000,239000000,237000000,476000000,38000000,1011000000.0,0,0.0,0.0,2810000000.0,3821000000.0,0.485,3821000000.0,2810000000.0,2754000000.0,0.62,0.6,0.62,15470000000,13172750000.0,15470000000,156690406183.0,56.0,41.008,2860000000.0,1.182,1.0,5997000000.0,0.762,1722000000,56000000.0,12226000000,11688000000.0,0,8126000000,8126000000,0,2425000000,1100000000,1325000000,159537406183.0,939000000.0,-368000000.0,1504000000.0,-1891000000.0,0.0,-667000000.0,-2624000000.0,-883000000.0,4222000000.0,8000000.0,1500000000.0,1491000000.0,1491000000.0,0.0,0.0,0.189,3193000000.0,2804000000.0,268000000,0.0,10.313,107.0,100.919,2882000000,9000000.0,62.57,20.266,19.235,1109000000,3159000000,7872000000.0,7872000000.0,1415000000.0,0.094,0.113,0.24,0.357,899000000.0,1778000000.0,1.0,2549742787,2420000000,2517000000.0,3.253,16173000000,51000000,1254000000.0,0,6.683,11970000000
31,FB,ART,2013-09-30,2013-11-01,2013-09-30,2021-07-29,13000000,14933000000,15230750000.0,10549000000,4384000000,0.451,5.37,-1077000000.0,3100000000,3100000000,1782000000.0,1041000000.0,10.721,0.144,575000000,288000000,287000000,575000000,36000000,961000000.0,0,0.0,0.0,2195000000.0,3156000000.0,0.459,3156000000.0,2195000000.0,2129000000.0,0.43,0.41,0.43,13048000000,12244000000.0,13048000000,119602699468.0,54.0,37.897,2595000000.0,1.068,1.0,5090000000.0,0.741,1609000000,66000000.0,9815000000,11790250000.0,0,6228000000,6228000000,0,1885000000,984000000,901000000,122127699468.0,622000000.0,-237000000.0,28000000.0,-430000000.0,0.0,-3506000000.0,445000000.0,1755000000.0,3672000000.0,11000000.0,1041000000.0,1013000000.0,1013000000.0,0.0,0.0,0.147,2896000000.0,2194000000.0,207000000,0.0,9.36,120.56,115.698,2685000000,28000000.0,49.75,17.772,17.592,872000000,2636000000,6872000000.0,6872000000.0,1303000000.0,0.067,0.083,0.186,0.319,809000000.0,1593000000.0,1.0,2454828130,2430000000,2528000000.0,2.828,13324000000,7000000,1088000000.0,0,5.483,9565000000
32,FB,ART,2013-06-30,2013-07-25,2013-06-30,2021-07-29,-29000000,15724000000,15507000000.0,11421000000,4303000000,0.395,5.13,-964000000.0,3001000000,3001000000,1597000000.0,557000000.0,10.575,0.273,2167000000,316000000,1851000000,2167000000,32000000,863000000.0,0,0.0,0.0,1831000000.0,2694000000.0,0.44,2694000000.0,1831000000.0,1775000000.0,0.24,0.22,0.24,12349000000,12525500000.0,12349000000,82843594135.0,45.0,30.751,2006000000.0,0.833,1.0,4521000000.0,0.739,1631000000,56000000.0,12179000000,12326250000.0,0,7251000000,7251000000,0,3375000000,1080000000,2295000000,83677594135.0,903000000.0,-557000000.0,17000000.0,1196000000.0,0.0,-1400000000.0,-678000000.0,838000000.0,2970000000.0,11000000.0,557000000.0,532000000.0,532000000.0,0.0,0.0,0.087,2686000000.0,1835000000.0,227000000,0.0,6.776,157.289,143.167,2577000000,25000000.0,34.36,13.677,13.518,775000000,2211000000,6118000000.0,6118000000.0,1178000000.0,0.034,0.042,0.149,0.299,750000000.0,1508000000.0,1.0,2435319969,2407000000,2502000000.0,2.542,14093000000,7000000,1218000000.0,0,5.855,10341000000
33,FB,ART,2013-03-31,2013-05-02,2013-03-31,2021-07-29,-15000000,15163000000,15308000000.0,11042000000,4121000000,0.359,4.956,-1109000000.0,2325000000,2325000000,1499000000.0,67000000.0,10.388,0.282,2258000000,338000000,1920000000,2258000000,30000000,780000000.0,0,0.0,0.0,517000000.0,1297000000.0,0.236,1297000000.0,517000000.0,465000000.0,0.02,0.01,0.02,11824000000,12765500000.0,11824000000,69979725956.0,135.0,53.955,781000000.0,0.327,1.0,3990000000.0,0.727,1501000000,52000000.0,12532000000,12204750000.0,0,7147000000,7147000000,0,3339000000,1063000000,2276000000,70046725956.0,1043000000.0,-985000000.0,6780000000.0,1235000000.0,0.0,5789000000.0,-6630000000.0,-4541000000.0,1890000000.0,-6000000.0,67000000.0,44000000.0,44000000.0,0.0,0.0,0.008,3460000000.0,530000000.0,265000000,0.0,5.924,1591.971,1448.5,2533000000,23000000.0,28.97,12.761,12.593,659000000,1878000000,5489000000.0,5489000000.0,1539000000.0,0.003,0.003,0.042,0.094,1636000000.0,1921000000.0,1.0,2417905625,2386000000,2499000000.0,2.301,13662000000,426000000,398000000.0,0,5.726,9979000000
34,FB,ART,2012-12-31,2013-02-01,2012-12-31,2021-07-29,2000000,15103000000,13232000000.0,11267000000,3836000000,0.385,5.86,-1235000000.0,2384000000,2384000000,1364000000.0,53000000.0,10.71,0.285,2356000000,365000000,1991000000,2356000000,30000000,649000000.0,0,0.0,0.0,545000000.0,1194000000.0,0.235,1194000000.0,545000000.0,494000000.0,0.02,0.01,0.02,11755000000,11127500000.0,11755000000,70792846615.0,130.0,59.29,377000000.0,0.188,1.0,3725000000.0,0.732,1388000000,51000000.0,12635000000,10335500000.0,0,7242000000,7242000000,0,3348000000,1052000000,2296000000,70820846615.0,872000000.0,-911000000.0,6777000000.0,1335000000.0,0.0,6283000000.0,-7024000000.0,-4876000000.0,1612000000.0,1000000.0,53000000.0,32000000.0,32000000.0,0.0,0.0,0.006,3187000000.0,538000000.0,234000000,0.0,6.025,2213.151,1486.5,2391000000,21000000.0,29.73,13.916,11.719,719000000,1659000000,5089000000.0,5089000000.0,1399000000.0,0.002,0.003,0.053,0.107,1572000000.0,1788000000.0,1.0,2382134094,2006000000,2166000000.0,2.537,13715000000,451000000,441000000.0,0,6.837,10215000000
35,FB,ART,2012-09-30,2012-10-24,2012-09-30,2021-07-29,-6000000,16038000000,,12285000000,3753000000,,5.857,,2478000000,2478000000,,,11.375,0.132,902000000,372000000,530000000,902000000,85000000,,0,0.0,0.0,,,,,,,,,,14174000000,,14174000000,48750106365.0,,,,,1.0,,,1423000000,,11959000000,,0,7974000000,7974000000,0,1864000000,1080000000,784000000,50326106365.0,,,,,,,,,,,,,,,,,,,214000000,,3.551,,,2289000000,,23.23,,,635000000,1595000000,,,,,,,,,,1.0,2166427308,2420000000,,,14615000000,567000000,,0,6.039,11205000000
36,FB,ART,2012-06-30,2012-07-31,2012-06-30,2021-07-29,-29000000,14928000000,,11967000000,2961000000,,7.083,,2098000000,2098000000,,,11.574,0.122,706000000,312000000,394000000,706000000,85000000,,0,0.0,0.0,,,,,,,,,,13309000000,,13309000000,45118799988.0,,,,,1.0,,,809000000,,11693000000,,0,8090000000,8090000000,0,1619000000,1034000000,585000000,46510799988.0,,,,,,,,,,,,,,,,,,,196000000,,3.495,,,2105000000,,21.71,,,578000000,1654000000,,,,,,,,,,1.0,2142367572,1879000000,,,14119000000,567000000,,0,7.514,10933000000
37,FB,ART,2012-03-31,2012-05-16,2012-03-31,2021-07-29,-7000000,6859000000,,4694000000,2165000000,,2.466,,1282000000,1282000000,,,4.518,0.301,706000000,302000000,404000000,706000000,93000000,,0,,0.0,,,,,,,,,,5272000000,,5272000000,,,,,,1.0,,,189000000,,5055000000,,0,2628000000,2628000000,0,1587000000,1039000000,548000000,,,,,,,,,,,,,,,,,,,,307000000,,,,,1855000000,,,,,482000000,1811000000,,,,,,,,,,1.0,2138085037,2138085037,,,6670000000,0,,0,3.12,3655000000
