None,ticker,dimension,calendardate,datekey,reportperiod,lastupdated,accoci,assets,assetsavg,assetsc,assetsnc,assetturnover,bvps,capex,cashneq,cashnequsd,cor,consolinc,currentratio,de,debt,debtc,debtnc,debtusd,deferredrev,depamor,deposits,divyield,dps,ebit,ebitda,ebitdamargin,ebitdausd,ebitusd,ebt,eps,epsdil,epsusd,equity,equityavg,equityusd,ev,evebit,evebitda,fcf,fcfps,fxusd,gp,grossmargin,intangibles,intexp,invcap,invcapavg,inventory,investments,investmentsc,investmentsnc,liabilities,liabilitiesc,liabilitiesnc,marketcap,ncf,ncfbus,ncfcommon,ncfdebt,ncfdiv,ncff,ncfi,ncfinv,ncfo,ncfx,netinc,netinccmn,netinccmnusd,netincdis,netincnci,netmargin,opex,opinc,payables,payoutratio,pb,pe,pe1,ppnenet,prefdivis,price,ps,ps1,receivables,retearn,revenue,revenueusd,rnd,roa,roe,roic,ros,sbcomp,sgna,sharefactor,sharesbas,shareswa,shareswadil,sps,tangibles,taxassets,taxexp,taxliabilities,tbvps,workingcapital
0,FB,MRY,2020-12-31,2020-12-31,2020-12-31,2021-07-29,927000000.0,159316000000.0,145953750000.0,75670000000.0,83646000000.0,0.589,44.998,-15115000000.0,17576000000.0,17576000000.0,16692000000.0,29146000000.0,5.051,0.242,10654000000.0,1023000000.0,9631000000.0,10654000000.0,382000000.0,6862000000.0,0.0,0.0,0.0,33180000000.0,40042000000.0,0.466,40042000000.0,33180000000.0,33180000000.0,10.22,10.09,10.22,128290000000.0,115443000000.0,128290000000.0,777038626010.0,23.0,19.406,23632000000.0,8.289,1.0,69273000000.0,0.806,19673000000.0,0.0,117740000000.0,104954500000.0,0.0,50612000000.0,44378000000.0,6234000000.0,31026000000.0,14981000000.0,16045000000.0,778039626010.0,-1325000000.0,-388000000.0,-6272000000.0,-580000000.0,0.0,-10292000000.0,-30059000000.0,-14520000000.0,38747000000.0,279000000.0,29146000000.0,29146000000.0,29146000000.0,0.0,0.0,0.339,36602000000.0,32671000000.0,2424000000.0,0.0,6.065,26.695,26.728,54981000000.0,0.0,273.16,9.051,9.059,11335000000.0,77345000000.0,85965000000.0,85965000000.0,18447000000.0,0.2,0.252,0.316,0.386,6536000000.0,18155000000.0,1.0,2848292671.0,2851000000.0,2888000000.0,30.153,139643000000.0,0.0,4034000000.0,0.0,48.98,60689000000.0
1,FB,MRY,2019-12-31,2019-12-31,2019-12-31,2021-07-29,-489000000.0,133376000000.0,121069250000.0,66225000000.0,67151000000.0,0.584,35.408,-15102000000.0,19079000000.0,19079000000.0,12770000000.0,18485000000.0,4.399,0.32,10324000000.0,800000000.0,9524000000.0,10324000000.0,269000000.0,5741000000.0,0.0,0.0,0.0,24812000000.0,30553000000.0,0.432,30553000000.0,24812000000.0,24812000000.0,6.48,6.43,6.48,101054000000.0,92582750000.0,101054000000.0,578473975488.0,23.0,18.933,21212000000.0,7.432,1.0,57927000000.0,0.819,19609000000.0,0.0,89959000000.0,82465750000.0,0.0,35862000000.0,35776000000.0,86000000.0,32322000000.0,15053000000.0,17269000000.0,585320975488.0,9155000000.0,-508000000.0,-4202000000.0,-775000000.0,0.0,-7299000000.0,-19864000000.0,-4254000000.0,36314000000.0,4000000.0,18485000000.0,18485000000.0,18485000000.0,0.0,0.0,0.261,33941000000.0,23986000000.0,2249000000.0,0.0,5.792,31.665,31.674,44783000000.0,0.0,205.25,8.279,8.286,9518000000.0,55692000000.0,70697000000.0,70697000000.0,13600000000.0,0.153,0.2,0.301,0.351,4836000000.0,20341000000.0,1.0,2851746531.0,2854000000.0,2876000000.0,24.771,113767000000.0,0.0,6327000000.0,0.0,39.862,51172000000.0
2,FB,MRY,2018-12-31,2018-12-31,2018-12-31,2021-07-29,-760000000.0,97334000000.0,92255500000.0,50480000000.0,46854000000.0,0.605,29.11,-13915000000.0,10019000000.0,10019000000.0,9355000000.0,22112000000.0,7.194,0.157,0.0,0.0,0.0,0.0,147000000.0,4315000000.0,0.0,0.0,0.0,25361000000.0,29676000000.0,0.531,29676000000.0,25361000000.0,25361000000.0,7.65,7.57,7.65,84127000000.0,80367750000.0,84127000000.0,367087818057.0,14.0,12.37,15359000000.0,5.315,1.0,46483000000.0,0.832,19595000000.0,0.0,60703000000.0,56077000000.0,0.0,31095000000.0,31095000000.0,0.0,13207000000.0,7017000000.0,6190000000.0,376724818057.0,1920000000.0,-137000000.0,-12879000000.0,500000000.0,0.0,-15572000000.0,-11603000000.0,2449000000.0,29274000000.0,-179000000.0,22112000000.0,22111000000.0,22111000000.0,0.0,0.0,0.396,21570000000.0,24913000000.0,1361000000.0,0.0,4.478,17.038,17.136,24683000000.0,1000000.0,131.09,6.747,6.785,7587000000.0,41981000000.0,55838000000.0,55838000000.0,10273000000.0,0.24,0.275,0.452,0.454,4152000000.0,11297000000.0,1.0,2873787612.0,2890000000.0,2921000000.0,19.321,77739000000.0,0.0,3249000000.0,0.0,26.899,43463000000.0
3,FB,MRY,2017-12-31,2017-12-31,2017-12-31,2021-07-29,-227000000.0,84524000000.0,76519750000.0,48563000000.0,35961000000.0,0.531,25.628,-6733000000.0,8079000000.0,8079000000.0,5454000000.0,15934000000.0,12.916,0.137,0.0,0.0,0.0,0.0,98000000.0,3025000000.0,0.0,0.0,0.0,20594000000.0,23619000000.0,0.581,23619000000.0,20594000000.0,20594000000.0,5.49,5.39,5.49,74347000000.0,68556000000.0,74347000000.0,505558011672.0,25.0,21.405,17483000000.0,6.027,1.0,35199000000.0,0.866,20105000000.0,0.0,52580000000.0,45741500000.0,0.0,33632000000.0,33632000000.0,0.0,10177000000.0,3760000000.0,6417000000.0,512759011672.0,-905000000.0,-122000000.0,-1976000000.0,0.0,0.0,-5235000000.0,-20118000000.0,-13250000000.0,24216000000.0,232000000.0,15934000000.0,15920000000.0,15920000000.0,0.0,0.0,0.392,14996000000.0,20203000000.0,770000000.0,0.0,6.897,32.208,32.142,13721000000.0,14000000.0,176.46,12.613,12.592,5832000000.0,33990000000.0,40653000000.0,40653000000.0,7754000000.0,0.208,0.232,0.45,0.507,3723000000.0,7242000000.0,1.0,2905808748.0,2901000000.0,2956000000.0,14.013,64419000000.0,0.0,4660000000.0,0.0,22.206,44803000000.0
4,FB,MRY,2016-12-31,2016-12-31,2016-12-31,2021-07-29,-703000000.0,64961000000.0,58112250000.0,34401000000.0,30560000000.0,0.476,20.676,-4491000000.0,8903000000.0,8903000000.0,3789000000.0,10217000000.0,11.966,0.097,0.0,0.0,0.0,0.0,90000000.0,2342000000.0,0.0,0.0,0.0,12518000000.0,14860000000.0,0.538,14860000000.0,12518000000.0,12518000000.0,3.56,3.49,3.56,59194000000.0,52710500000.0,59194000000.0,325555368344.0,26.0,21.908,11617000000.0,4.058,1.0,23849000000.0,0.863,20657000000.0,0.0,32526000000.0,28248000000.0,0.0,20546000000.0,20546000000.0,0.0,5767000000.0,2875000000.0,2892000000.0,331593368344.0,3943000000.0,-123000000.0,0.0,-312000000.0,0.0,-310000000.0,-11792000000.0,-7186000000.0,16108000000.0,-63000000.0,10217000000.0,10188000000.0,10188000000.0,0.0,0.0,0.369,11422000000.0,12427000000.0,582000000.0,0.0,5.602,32.547,32.317,8591000000.0,29000000.0,115.05,11.998,11.918,3993000000.0,21670000000.0,27638000000.0,27638000000.0,5919000000.0,0.175,0.193,0.443,0.453,3218000000.0,5503000000.0,1.0,2882167478.0,2863000000.0,2925000000.0,9.654,44304000000.0,0.0,2301000000.0,0.0,15.475,31526000000.0
5,FB,MRY,2015-12-31,2015-12-31,2015-12-31,2021-07-29,-455000000.0,49407000000.0,45503250000.0,21652000000.0,27755000000.0,0.394,15.775,-2523000000.0,4907000000.0,4907000000.0,2867000000.0,3688000000.0,11.248,0.117,114000000.0,7000000.0,107000000.0,114000000.0,56000000.0,1945000000.0,0.0,0.0,0.0,6194000000.0,8139000000.0,0.454,8139000000.0,6194000000.0,6194000000.0,1.31,1.29,1.31,44218000000.0,40647750000.0,44218000000.0,291795857587.0,47.0,35.852,7797000000.0,2.782,1.0,15061000000.0,0.84,21272000000.0,0.0,21417000000.0,17836250000.0,0.0,13527000000.0,13527000000.0,0.0,5189000000.0,1925000000.0,3264000000.0,295977857587.0,592000000.0,-313000000.0,0.0,-119000000.0,0.0,-139000000.0,-9434000000.0,-6700000000.0,10320000000.0,-155000000.0,3688000000.0,3669000000.0,3669000000.0,0.0,0.0,0.205,8836000000.0,6225000000.0,413000000.0,0.0,6.694,80.67,79.893,5687000000.0,19000000.0,104.66,16.509,16.363,2559000000.0,9787000000.0,17928000000.0,17928000000.0,4816000000.0,0.081,0.09,0.347,0.345,4681000000.0,4020000000.0,1.0,2827994053.0,2803000000.0,2853000000.0,6.396,28135000000.0,0.0,2506000000.0,0.0,10.037,19727000000.0
6,FB,MRY,2014-12-31,2014-12-31,2014-12-31,2021-07-29,-228000000.0,39966000000.0,25987750000.0,13390000000.0,26576000000.0,0.48,13.809,-1831000000.0,4315000000.0,4315000000.0,2153000000.0,2940000000.0,9.403,0.107,233000000.0,114000000.0,119000000.0,233000000.0,66000000.0,1243000000.0,0.0,0.0,0.0,4910000000.0,6153000000.0,0.494,6153000000.0,4910000000.0,4910000000.0,1.12,1.1,1.12,36096000000.0,23104250000.0,36096000000.0,208786895889.0,43.0,33.933,5495000000.0,2.102,1.0,10313000000.0,0.827,21910000000.0,0.0,12550000000.0,12595500000.0,0.0,6884000000.0,6884000000.0,0.0,3870000000.0,1424000000.0,2446000000.0,217507895889.0,992000000.0,-4975000000.0,0.0,-243000000.0,0.0,-298000000.0,-5913000000.0,1243000000.0,7326000000.0,-123000000.0,2940000000.0,2925000000.0,2925000000.0,0.0,0.0,0.235,5319000000.0,4994000000.0,378000000.0,0.0,6.026,74.362,69.661,3967000000.0,15000000.0,78.02,17.448,16.36,1678000000.0,6099000000.0,12466000000.0,12466000000.0,2666000000.0,0.113,0.127,0.39,0.394,3639000000.0,2653000000.0,1.0,2787847935.0,2614000000.0,2664000000.0,4.769,18056000000.0,0.0,1970000000.0,0.0,6.907,11966000000.0
7,FB,MRY,2013-12-31,2013-12-31,2013-12-31,2021-07-29,14000000.0,17895000000.0,15928750000.0,13070000000.0,4825000000.0,0.494,6.393,-1362000000.0,3323000000.0,3323000000.0,1875000000.0,1500000000.0,11.882,0.157,476000000.0,239000000.0,237000000.0,476000000.0,38000000.0,1011000000.0,0.0,0.0,0.0,2754000000.0,3765000000.0,0.478,3765000000.0,2754000000.0,2754000000.0,0.62,0.6,0.62,15470000000.0,13172750000.0,15470000000.0,131631357304.0,48.0,34.962,2860000000.0,1.182,1.0,5997000000.0,0.762,1722000000.0,0.0,12226000000.0,11688000000.0,0.0,8126000000.0,8126000000.0,0.0,2425000000.0,1100000000.0,1325000000.0,134156357304.0,939000000.0,-368000000.0,1504000000.0,-1891000000.0,0.0,-667000000.0,-2624000000.0,-882000000.0,4222000000.0,8000000.0,1500000000.0,1491000000.0,1491000000.0,0.0,0.0,0.189,3193000000.0,2804000000.0,268000000.0,0.0,8.672,89.977,88.145,2882000000.0,9000000.0,54.65,17.042,16.8,1109000000.0,3159000000.0,7872000000.0,7872000000.0,1415000000.0,0.094,0.113,0.236,0.35,899000000.0,1778000000.0,1.0,2454828130.0,2420000000.0,2517000000.0,3.253,16173000000.0,0.0,1254000000.0,0.0,6.683,11970000000.0
8,FB,MRY,2012-12-31,2012-12-31,2012-12-31,2021-07-29,2000000.0,15103000000.0,13232000000.0,11267000000.0,3836000000.0,0.385,5.86,-1235000000.0,2384000000.0,2384000000.0,1364000000.0,53000000.0,10.71,0.285,2356000000.0,365000000.0,1991000000.0,2356000000.0,30000000.0,649000000.0,0.0,0.0,0.0,494000000.0,1143000000.0,0.225,1143000000.0,494000000.0,494000000.0,0.02,0.01,0.02,11755000000.0,11127500000.0,11755000000.0,56094294939.0,114.0,49.076,377000000.0,0.188,1.0,3725000000.0,0.732,1388000000.0,0.0,12635000000.0,10335500000.0,0.0,7242000000.0,7242000000.0,0.0,3348000000.0,1052000000.0,2296000000.0,57670294939.0,872000000.0,-911000000.0,6777000000.0,1335000000.0,0.0,6283000000.0,-7024000000.0,-4874000000.0,1612000000.0,1000000.0,53000000.0,32000000.0,32000000.0,0.0,0.0,0.006,3187000000.0,538000000.0,234000000.0,0.0,4.906,1802.197,1331.0,2391000000.0,21000000.0,26.62,11.332,10.493,719000000.0,1659000000.0,5089000000.0,5089000000.0,1399000000.0,0.002,0.003,0.048,0.097,1572000000.0,1788000000.0,1.0,2166427308.0,2006000000.0,2166000000.0,2.537,13715000000.0,451000000.0,441000000.0,0.0,6.837,10215000000.0
9,FB,MRY,2011-12-31,2011-12-31,2011-12-31,2021-07-29,-6000000.0,6331000000.0,4660500000.0,4604000000.0,1727000000.0,0.796,3.786,-606000000.0,1512000000.0,1512000000.0,860000000.0,1000000000.0,5.121,0.292,677000000.0,279000000.0,398000000.0,677000000.0,90000000.0,323000000.0,0.0,,0.0,1737000000.0,2060000000.0,0.555,2060000000.0,1737000000.0,1695000000.0,0.52,0.46,0.52,4899000000.0,3530500000.0,4899000000.0,,,,943000000.0,0.729,1.0,2851000000.0,0.768,162000000.0,42000000.0,4435000000.0,2814000000.0,0.0,2396000000.0,2396000000.0,0.0,1432000000.0,899000000.0,533000000.0,,-273000000.0,-24000000.0,1026000000.0,-261000000.0,0.0,1198000000.0,-3023000000.0,-2399000000.0,1549000000.0,3000000.0,1000000000.0,668000000.0,668000000.0,0.0,0.0,0.18,1095000000.0,1756000000.0,234000000.0,0.0,,,,1475000000.0,332000000.0,,,,547000000.0,1606000000.0,3711000000.0,3711000000.0,388000000.0,0.143,0.189,0.617,0.468,217000000.0,707000000.0,1.0,,1294000000.0,1508000000.0,2.868,6169000000.0,0.0,695000000.0,0.0,4.767,3705000000.0
10,FB,MRY,2010-12-31,2010-12-31,2010-12-31,2021-07-29,-6000000.0,2990000000.0,,2246000000.0,744000000.0,,1.953,-293000000.0,1785000000.0,1785000000.0,493000000.0,606000000.0,5.774,0.383,473000000.0,106000000.0,367000000.0,473000000.0,42000000.0,139000000.0,0.0,,0.0,1030000000.0,1169000000.0,0.592,1169000000.0,1030000000.0,1008000000.0,0.34,0.28,0.34,2162000000.0,,2162000000.0,,,,405000000.0,0.366,1.0,1481000000.0,0.75,96000000.0,22000000.0,1193000000.0,,0.0,0.0,0.0,0.0,828000000.0,389000000.0,439000000.0,,1152000000.0,-22000000.0,506000000.0,160000000.0,0.0,781000000.0,-324000000.0,0.0,698000000.0,-3000000.0,606000000.0,372000000.0,372000000.0,0.0,0.0,0.188,449000000.0,1032000000.0,104000000.0,0.0,,,,574000000.0,234000000.0,,,,373000000.0,606000000.0,1974000000.0,1974000000.0,144000000.0,,,,0.522,20000000.0,305000000.0,1.0,,1107000000.0,1414000000.0,1.783,2894000000.0,0.0,402000000.0,0.0,2.614,1857000000.0
11,FB,MRY,2009-12-31,2009-12-31,2009-12-31,2021-07-29,,,,,,,,-33000000.0,,,223000000.0,229000000.0,,,,,,,,78000000.0,,,0.0,264000000.0,342000000.0,0.44,342000000.0,264000000.0,254000000.0,0.12,0.1,0.12,,,,,,,122000000.0,,1.0,554000000.0,0.713,,10000000.0,,,,,,,,,,,336000000.0,3000000.0,9000000.0,-17000000.0,0.0,243000000.0,-62000000.0,0.0,155000000.0,0.0,229000000.0,122000000.0,122000000.0,0.0,0.0,0.157,292000000.0,262000000.0,,0.0,,,,,107000000.0,,,,,,777000000.0,777000000.0,87000000.0,,,,0.34,26000000.0,205000000.0,1.0,,,,,,,25000000.0,,,
0,FB,MRQ,2021-06-30,2021-06-30,2021-06-30,2021-07-29,285000000.0,170609000000.0,,80697000000.0,89912000000.0,,48.775,-4612000000.0,16186000000.0,16186000000.0,5399000000.0,10394000000.0,5.425,0.234,12007000000.0,1051000000.0,10956000000.0,12007000000.0,391000000.0,1986000000.0,0.0,0.0,0.0,12513000000.0,14499000000.0,0.499,14499000000.0,12513000000.0,12513000000.0,3.67,3.61,3.67,138227000000.0,,138227000000.0,978020477430.0,22.0,18.55,8635000000.0,3.047,1.0,23678000000.0,0.814,19733000000.0,0.0,131823000000.0,,0.0,54287000000.0,47894000000.0,6393000000.0,32382000000.0,14874000000.0,17508000000.0,985919477430.0,-3380000000.0,-259000000.0,-7079000000.0,-70000000.0,0.0,-8549000000.0,-8195000000.0,-3264000000.0,13247000000.0,117000000.0,10394000000.0,10394000000.0,10394000000.0,0.0,0.0,0.357,11311000000.0,12367000000.0,1922000000.0,0.0,7.133,25.309,25.399,61434000000.0,0.0,347.71,9.409,9.404,11698000000.0,85097000000.0,29077000000.0,29077000000.0,6096000000.0,,,,,2549000000.0,5215000000.0,1.0,2835464834.0,2834000000.0,2877000000.0,10.26,150876000000.0,0.0,2119000000.0,0.0,53.238,65823000000.0
1,FB,MRQ,2021-03-31,2021-03-31,2021-03-31,2021-07-29,154000000.0,163523000000.0,,77322000000.0,86201000000.0,,46.947,-4272000000.0,19513000000.0,19513000000.0,5131000000.0,9497000000.0,6.08,0.223,11614000000.0,1040000000.0,10574000000.0,11614000000.0,382000000.0,1972000000.0,0.0,0.0,0.0,11503000000.0,13475000000.0,0.515,13475000000.0,11503000000.0,11503000000.0,3.34,3.3,3.34,133657000000.0,,133657000000.0,831802230668.0,21.0,18.059,7970000000.0,2.799,1.0,21040000000.0,0.804,19561000000.0,0.0,123346000000.0,,0.0,51048000000.0,44706000000.0,6342000000.0,29866000000.0,12717000000.0,17149000000.0,838724230668.0,1937000000.0,0.0,-3939000000.0,-201000000.0,0.0,-5185000000.0,-4874000000.0,-600000000.0,12242000000.0,-246000000.0,9497000000.0,9497000000.0,9497000000.0,0.0,0.0,0.363,9662000000.0,11378000000.0,1884000000.0,0.0,6.275,24.858,24.876,57922000000.0,0.0,294.53,8.885,8.883,10276000000.0,82343000000.0,26171000000.0,26171000000.0,5197000000.0,,,,,1830000000.0,4465000000.0,1.0,2847669951.0,2847000000.0,2882000000.0,9.192,143962000000.0,0.0,2006000000.0,0.0,50.566,64605000000.0
2,FB,MRQ,2020-12-31,2020-12-31,2020-12-31,2021-07-29,927000000.0,159316000000.0,,75670000000.0,83646000000.0,,44.951,-4613000000.0,17576000000.0,17576000000.0,5210000000.0,11219000000.0,5.051,0.242,10654000000.0,1023000000.0,9631000000.0,10654000000.0,382000000.0,1863000000.0,0.0,0.0,0.0,13055000000.0,14918000000.0,0.531,14918000000.0,13055000000.0,13055000000.0,3.93,3.87,3.93,128290000000.0,,128290000000.0,777038626010.0,23.0,19.406,9427000000.0,3.303,1.0,22862000000.0,0.814,19673000000.0,0.0,117740000000.0,,0.0,50612000000.0,44378000000.0,6234000000.0,31026000000.0,14981000000.0,16045000000.0,778039626010.0,5975000000.0,-4000000.0,-1929000000.0,-158000000.0,0.0,-3207000000.0,-5173000000.0,-529000000.0,14040000000.0,315000000.0,11219000000.0,11219000000.0,11219000000.0,0.0,0.0,0.4,10087000000.0,12775000000.0,2424000000.0,0.0,6.065,26.695,26.728,54981000000.0,0.0,273.16,9.051,9.059,11335000000.0,77345000000.0,28072000000.0,28072000000.0,5207000000.0,,,,,1784000000.0,4880000000.0,1.0,2848292671.0,2854000000.0,2903000000.0,9.836,139643000000.0,0.0,1836000000.0,0.0,48.929,60689000000.0
3,FB,MRQ,2020-09-30,2020-09-30,2020-09-30,2021-07-29,308000000.0,146437000000.0,,65799000000.0,80638000000.0,,41.309,-3689000000.0,11617000000.0,11617000000.0,4194000000.0,7846000000.0,5.509,0.244,10616000000.0,975000000.0,9641000000.0,10616000000.0,379000000.0,1698000000.0,0.0,0.0,0.0,8133000000.0,9831000000.0,0.458,9831000000.0,8133000000.0,8133000000.0,2.75,2.71,2.75,117731000000.0,,117731000000.0,735591862734.0,25.0,20.57,6140000000.0,2.154,1.0,17276000000.0,0.805,19775000000.0,0.0,113717000000.0,,0.0,50167000000.0,44003000000.0,6164000000.0,28706000000.0,11944000000.0,16762000000.0,746104862734.0,-9590000000.0,-12000000.0,-1725000000.0,-196000000.0,0.0,-2911000000.0,-16599000000.0,-13177000000.0,9829000000.0,91000000.0,7846000000.0,7846000000.0,7846000000.0,0.0,0.0,0.365,9236000000.0,8040000000.0,1906000000.0,0.0,6.337,29.519,29.526,51730000000.0,0.0,261.9,9.447,9.451,8024000000.0,68513000000.0,21470000000.0,21470000000.0,4763000000.0,,,,,1722000000.0,4473000000.0,1.0,2848815818.0,2850000000.0,2891000000.0,7.533,126662000000.0,0.0,287000000.0,0.0,44.443,53855000000.0
4,FB,MRQ,2020-06-30,2020-06-30,2020-06-30,2021-07-29,-142000000.0,139691000000.0,,68130000000.0,71561000000.0,,38.753,-3255000000.0,21045000000.0,21045000000.0,3829000000.0,5178000000.0,6.025,0.265,10532000000.0,899000000.0,9633000000.0,10532000000.0,264000000.0,1704000000.0,0.0,0.0,0.0,6131000000.0,7835000000.0,0.419,7835000000.0,6131000000.0,6131000000.0,1.82,1.8,1.82,110447000000.0,,110447000000.0,633671886331.0,22.0,18.275,622000000.0,0.218,1.0,14858000000.0,0.795,19888000000.0,0.0,97982000000.0,,0.0,37195000000.0,37195000000.0,0.0,29244000000.0,11308000000.0,17936000000.0,646945886331.0,-2358000000.0,-372000000.0,-1368000000.0,-46000000.0,0.0,-2152000000.0,-4178000000.0,-338000000.0,3877000000.0,95000000.0,5178000000.0,5178000000.0,5178000000.0,0.0,0.0,0.277,8895000000.0,5963000000.0,1649000000.0,0.0,5.858,27.506,27.524,48435000000.0,0.0,227.07,8.608,8.611,7483000000.0,62784000000.0,18687000000.0,18687000000.0,4462000000.0,,,,,1695000000.0,4433000000.0,1.0,2849103300.0,2850000000.0,2879000000.0,6.557,119803000000.0,0.0,953000000.0,0.0,42.036,56822000000.0
5,FB,MRQ,2020-03-31,2020-03-31,2020-03-31,2021-07-29,-544000000.0,138371000000.0,,69349000000.0,69022000000.0,,36.936,-3558000000.0,23618000000.0,23618000000.0,3459000000.0,4902000000.0,4.602,0.314,10344000000.0,835000000.0,9509000000.0,10344000000.0,247000000.0,1597000000.0,0.0,0.0,0.0,5861000000.0,7458000000.0,0.42,7458000000.0,5861000000.0,5861000000.0,1.72,1.71,1.72,105304000000.0,,105304000000.0,466700169921.0,17.0,14.068,7443000000.0,2.611,1.0,14278000000.0,0.805,19649000000.0,0.0,90379000000.0,,0.0,36671000000.0,36671000000.0,0.0,33067000000.0,15069000000.0,17998000000.0,475455169921.0,4648000000.0,0.0,-1250000000.0,-180000000.0,0.0,-2022000000.0,-4109000000.0,-476000000.0,11001000000.0,-222000000.0,4902000000.0,4902000000.0,4902000000.0,0.0,0.0,0.276,8385000000.0,5893000000.0,1541000000.0,0.0,4.515,22.686,22.694,46486000000.0,0.0,166.8,6.481,6.483,7289000000.0,59160000000.0,17737000000.0,17737000000.0,4015000000.0,,,,,1335000000.0,4370000000.0,1.0,2850450659.0,2851000000.0,2868000000.0,6.221,118722000000.0,0.0,959000000.0,0.0,41.642,54280000000.0
6,FB,MRQ,2019-12-31,2019-12-31,2019-12-31,2021-07-29,-489000000.0,133376000000.0,,66225000000.0,67151000000.0,,35.445,-4100000000.0,19079000000.0,19079000000.0,3491000000.0,7349000000.0,4.399,0.32,10324000000.0,800000000.0,9524000000.0,10324000000.0,269000000.0,1468000000.0,0.0,0.0,0.0,9169000000.0,10637000000.0,0.505,10637000000.0,9169000000.0,9169000000.0,2.58,2.56,2.58,101054000000.0,,101054000000.0,578473975488.0,23.0,18.933,4983000000.0,1.748,1.0,17591000000.0,0.834,19609000000.0,0.0,89959000000.0,,0.0,35862000000.0,35776000000.0,86000000.0,32322000000.0,15053000000.0,17269000000.0,585320975488.0,3199000000.0,-445000000.0,-1296000000.0,-104000000.0,0.0,-2026000000.0,-4036000000.0,509000000.0,9083000000.0,178000000.0,7349000000.0,7349000000.0,7349000000.0,0.0,0.0,0.349,8733000000.0,8858000000.0,2249000000.0,0.0,5.792,31.665,31.674,44783000000.0,0.0,205.25,8.279,8.286,9518000000.0,55692000000.0,21082000000.0,21082000000.0,3878000000.0,,,,,1274000000.0,4855000000.0,1.0,2851746531.0,2851000000.0,2879000000.0,7.395,113767000000.0,0.0,1820000000.0,0.0,39.904,51172000000.0
7,FB,MRQ,2019-09-30,2019-09-30,2019-09-30,2021-07-29,-849000000.0,124418000000.0,,62079000000.0,62339000000.0,,32.936,-3532000000.0,15979000000.0,15979000000.0,3155000000.0,6091000000.0,4.658,0.324,9132000000.0,776000000.0,8356000000.0,9132000000.0,225000000.0,1416000000.0,0.0,0.0,0.0,7329000000.0,8745000000.0,0.495,8745000000.0,7329000000.0,7329000000.0,2.13,2.12,2.13,93999000000.0,,93999000000.0,501986424684.0,21.0,17.243,5775000000.0,2.023,1.0,14497000000.0,0.821,19191000000.0,0.0,85052000000.0,,0.0,36290000000.0,36290000000.0,0.0,30419000000.0,13328000000.0,17091000000.0,508053424684.0,2082000000.0,-10000000.0,-1148000000.0,-285000000.0,0.0,-2019000000.0,-5050000000.0,-1569000000.0,9307000000.0,-156000000.0,6091000000.0,6091000000.0,6091000000.0,0.0,0.0,0.345,7312000000.0,7185000000.0,1450000000.0,0.0,5.405,28.197,28.312,40687000000.0,0.0,178.08,7.637,7.639,7673000000.0,49789000000.0,17652000000.0,17652000000.0,3548000000.0,,,,,1249000000.0,3764000000.0,1.0,2852950498.0,2854000000.0,2874000000.0,6.185,105227000000.0,0.0,1238000000.0,0.0,36.87,48751000000.0
8,FB,MRQ,2019-06-30,2019-06-30,2019-06-30,2021-07-29,-483000000.0,117006000000.0,,57961000000.0,59045000000.0,,31.09,-3633000000.0,13877000000.0,13877000000.0,3307000000.0,2616000000.0,4.466,0.318,7810000000.0,688000000.0,7122000000.0,7810000000.0,198000000.0,1502000000.0,0.0,0.0,0.0,4832000000.0,6334000000.0,0.375,6334000000.0,4832000000.0,4832000000.0,0.92,0.91,0.92,88762000000.0,,88762000000.0,547050326048.0,25.0,19.976,4983000000.0,1.745,1.0,13579000000.0,0.804,19328000000.0,0.0,78632000000.0,,0.0,34719000000.0,34719000000.0,0.0,28244000000.0,12979000000.0,15265000000.0,550916326048.0,2801000000.0,-3000000.0,-1145000000.0,-84000000.0,0.0,-1831000000.0,-4010000000.0,-313000000.0,8616000000.0,26000000.0,2616000000.0,2616000000.0,2616000000.0,0.0,0.0,0.155,8953000000.0,4626000000.0,1215000000.0,0.0,6.207,32.285,32.492,37271000000.0,0.0,193.0,8.8,8.802,7513000000.0,44968000000.0,16886000000.0,16886000000.0,3315000000.0,,,,,1303000000.0,5638000000.0,1.0,2854488736.0,2855000000.0,2875000000.0,5.915,97678000000.0,0.0,2216000000.0,0.0,34.213,44982000000.0
9,FB,MRQ,2019-03-31,2019-03-31,2019-03-31,2021-07-29,-781000000.0,109477000000.0,,53300000000.0,56177000000.0,,30.293,-3837000000.0,11076000000.0,11076000000.0,2816000000.0,2429000000.0,5.379,0.265,7210000000.0,645000000.0,6565000000.0,7210000000.0,142000000.0,1355000000.0,0.0,0.0,0.0,3482000000.0,4837000000.0,0.321,4837000000.0,3482000000.0,3482000000.0,0.85,0.85,0.85,86516000000.0,,86516000000.0,465712559762.0,20.0,16.66,5471000000.0,1.916,1.0,12261000000.0,0.813,19483000000.0,0.0,76220000000.0,,0.0,34167000000.0,34167000000.0,0.0,22961000000.0,9908000000.0,13053000000.0,475731559762.0,1073000000.0,-50000000.0,-613000000.0,-302000000.0,0.0,-1423000000.0,-6768000000.0,-2881000000.0,9308000000.0,-44000000.0,2429000000.0,2429000000.0,2429000000.0,0.0,0.0,0.161,8944000000.0,3317000000.0,1141000000.0,0.0,5.499,24.329,24.586,34092000000.0,0.0,166.69,8.07,8.076,6475000000.0,43764000000.0,15077000000.0,15077000000.0,2860000000.0,,,,,1010000000.0,6084000000.0,1.0,2853989800.0,2856000000.0,2869000000.0,5.279,89994000000.0,0.0,1053000000.0,0.0,31.511,43392000000.0
10,FB,MRQ,2018-12-31,2018-12-31,2018-12-31,2021-07-29,-760000000.0,97334000000.0,,50480000000.0,46854000000.0,,29.262,-4301000000.0,10019000000.0,10019000000.0,2796000000.0,6882000000.0,7.194,0.157,0.0,0.0,0.0,0.0,147000000.0,1225000000.0,0.0,0.0,0.0,7971000000.0,9196000000.0,0.544,9196000000.0,7971000000.0,7971000000.0,2.39,2.37,2.39,84127000000.0,,84127000000.0,367087818057.0,14.0,12.37,3317000000.0,1.154,1.0,14118000000.0,0.835,19595000000.0,0.0,60703000000.0,,0.0,31095000000.0,31095000000.0,0.0,13207000000.0,7017000000.0,6190000000.0,376724818057.0,380000000.0,-137000000.0,-3500000000.0,500000000.0,0.0,-3541000000.0,-3685000000.0,612000000.0,7618000000.0,-12000000.0,6882000000.0,6882000000.0,6882000000.0,0.0,0.0,0.407,6298000000.0,7820000000.0,1361000000.0,0.0,4.478,17.038,17.136,24683000000.0,0.0,131.09,6.747,6.785,7587000000.0,41981000000.0,16914000000.0,16914000000.0,2855000000.0,,,,,972000000.0,3443000000.0,1.0,2873787612.0,2875000000.0,2891000000.0,5.883,77739000000.0,0.0,1089000000.0,0.0,27.04,43463000000.0
11,FB,MRQ,2018-09-30,2018-09-30,2018-09-30,2021-07-29,-777000000.0,92452000000.0,,49147000000.0,43305000000.0,,27.848,-3342000000.0,9637000000.0,9637000000.0,2418000000.0,5137000000.0,8.998,0.151,0.0,0.0,0.0,0.0,115000000.0,1107000000.0,0.0,0.0,0.0,5912000000.0,7019000000.0,0.511,7019000000.0,5912000000.0,5912000000.0,1.78,1.76,1.78,80342000000.0,,80342000000.0,463279981481.0,19.0,16.089,4156000000.0,1.441,1.0,11309000000.0,0.824,19755000000.0,0.0,57598000000.0,,0.0,31569000000.0,31569000000.0,0.0,12110000000.0,5462000000.0,6648000000.0,474831981481.0,-1924000000.0,0.0,-4256000000.0,0.0,0.0,-5157000000.0,-4247000000.0,-830000000.0,7498000000.0,-18000000.0,5137000000.0,5137000000.0,5137000000.0,0.0,0.0,0.374,5528000000.0,5781000000.0,1092000000.0,0.0,5.91,24.353,24.437,21112000000.0,0.0,164.46,9.15,9.143,6058000000.0,38767000000.0,13727000000.0,13727000000.0,2657000000.0,,,,,1039000000.0,2871000000.0,1.0,2887218664.0,2885000000.0,2913000000.0,4.758,72697000000.0,0.0,775000000.0,0.0,25.198,43685000000.0
12,FB,MRQ,2018-06-30,2018-06-30,2018-06-30,2021-07-29,-687000000.0,90291000000.0,,49833000000.0,40458000000.0,,27.42,-3460000000.0,11552000000.0,11552000000.0,2214000000.0,5106000000.0,10.671,0.137,0.0,0.0,0.0,0.0,91000000.0,1034000000.0,0.0,0.0,0.0,5868000000.0,6902000000.0,0.522,6902000000.0,5868000000.0,5868000000.0,1.76,1.74,1.76,79382000000.0,,79382000000.0,550402063991.0,23.0,19.81,2838000000.0,0.98,1.0,11017000000.0,0.833,19836000000.0,0.0,54233000000.0,,0.0,30757000000.0,30757000000.0,0.0,10909000000.0,4670000000.0,6239000000.0,562484063991.0,-542000000.0,0.0,-3349000000.0,0.0,0.0,-4271000000.0,-2384000000.0,1092000000.0,6298000000.0,-185000000.0,5106000000.0,5106000000.0,5106000000.0,0.0,0.0,0.386,5154000000.0,5863000000.0,859000000.0,0.0,7.086,29.503,29.577,18357000000.0,0.0,194.32,11.598,11.6,5590000000.0,38237000000.0,13231000000.0,13231000000.0,2523000000.0,,,,,1186000000.0,2631000000.0,1.0,2894627748.0,2895000000.0,2930000000.0,4.57,70455000000.0,0.0,762000000.0,0.0,24.337,45163000000.0
13,FB,MRQ,2018-03-31,2018-03-31,2018-03-31,2021-07-29,-294000000.0,88945000000.0,,50412000000.0,38533000000.0,,26.71,-2812000000.0,12082000000.0,12082000000.0,1927000000.0,4988000000.0,9.912,0.146,0.0,0.0,0.0,0.0,94000000.0,949000000.0,0.0,0.0,0.0,5610000000.0,6559000000.0,0.548,6559000000.0,5610000000.0,5610000000.0,1.72,1.69,1.72,77620000000.0,,77620000000.0,456111071121.0,20.0,17.476,5048000000.0,1.737,1.0,10039000000.0,0.839,20003000000.0,0.0,51774000000.0,,0.0,31874000000.0,31874000000.0,0.0,11325000000.0,5086000000.0,6239000000.0,464190071121.0,4006000000.0,0.0,-1774000000.0,0.0,0.0,-2603000000.0,-1287000000.0,1575000000.0,7860000000.0,36000000.0,4988000000.0,4987000000.0,4987000000.0,0.0,0.0,0.417,4590000000.0,5449000000.0,989000000.0,0.0,5.98,26.007,25.982,16211000000.0,1000000.0,159.79,10.411,10.414,5115000000.0,36780000000.0,11966000000.0,11966000000.0,2238000000.0,,,,,955000000.0,2352000000.0,1.0,2905000758.0,2906000000.0,2945000000.0,4.118,68942000000.0,0.0,622000000.0,0.0,23.724,45326000000.0
14,FB,MRQ,2017-12-31,2017-12-31,2017-12-31,2021-07-29,-227000000.0,84524000000.0,,48563000000.0,35961000000.0,,25.549,-2263000000.0,8079000000.0,8079000000.0,1611000000.0,4269000000.0,12.916,0.137,0.0,0.0,0.0,0.0,98000000.0,853000000.0,0.0,0.0,0.0,7462000000.0,8315000000.0,0.641,8315000000.0,7462000000.0,7462000000.0,1.47,1.44,1.47,74347000000.0,,74347000000.0,505558011672.0,25.0,21.405,5408000000.0,1.858,1.0,11361000000.0,0.876,20105000000.0,0.0,52580000000.0,,0.0,33632000000.0,33632000000.0,0.0,10177000000.0,3760000000.0,6417000000.0,512759011672.0,865000000.0,-16000000.0,-958000000.0,0.0,0.0,-1843000000.0,-5003000000.0,-2717000000.0,7671000000.0,40000000.0,4269000000.0,4268000000.0,4268000000.0,0.0,0.0,0.329,4009000000.0,7352000000.0,770000000.0,0.0,6.897,32.208,32.142,13721000000.0,1000000.0,176.46,12.613,12.592,5832000000.0,33990000000.0,12972000000.0,12972000000.0,1949000000.0,,,,,814000000.0,2060000000.0,1.0,2905808748.0,2910000000.0,2962000000.0,4.458,64419000000.0,0.0,3193000000.0,0.0,22.137,44803000000.0
15,FB,MRQ,2017-09-30,2017-09-30,2017-09-30,2021-07-29,-200000000.0,78998000000.0,,44203000000.0,34795000000.0,,24.521,-1755000000.0,7201000000.0,7201000000.0,1448000000.0,4707000000.0,13.375,0.109,0.0,0.0,0.0,0.0,105000000.0,772000000.0,0.0,0.0,0.0,5236000000.0,6008000000.0,0.582,6008000000.0,5236000000.0,5236000000.0,1.62,1.59,1.62,71208000000.0,,71208000000.0,489988070308.0,28.0,23.959,4372000000.0,1.506,1.0,8880000000.0,0.86,20263000000.0,0.0,48229000000.0,,0.0,31088000000.0,31088000000.0,0.0,7790000000.0,3305000000.0,4485000000.0,496240070308.0,937000000.0,-98000000.0,-640000000.0,0.0,0.0,-1531000000.0,-3729000000.0,-1892000000.0,6127000000.0,70000000.0,4707000000.0,4704000000.0,4704000000.0,0.0,0.0,0.455,3758000000.0,5122000000.0,697000000.0,0.0,6.969,32.619,32.485,12158000000.0,3000000.0,170.87,13.599,13.598,4424000000.0,31209000000.0,10328000000.0,10328000000.0,2052000000.0,,,,,1010000000.0,1706000000.0,1.0,2904196584.0,2904000000.0,2956000000.0,3.556,58735000000.0,0.0,529000000.0,0.0,20.226,40898000000.0
16,FB,MRQ,2017-06-30,2017-06-30,2017-06-30,2021-07-29,-370000000.0,73843000000.0,,40804000000.0,33039000000.0,,22.924,-1444000000.0,6252000000.0,6252000000.0,1237000000.0,3894000000.0,12.309,0.111,0.0,0.0,0.0,0.0,88000000.0,729000000.0,0.0,0.0,0.0,4488000000.0,5217000000.0,0.56,5217000000.0,4488000000.0,4488000000.0,1.34,1.32,1.34,66481000000.0,,66481000000.0,430462755609.0,28.0,23.654,3916000000.0,1.35,1.0,8084000000.0,0.867,20315000000.0,0.0,43961000000.0,,0.0,29200000000.0,29200000000.0,0.0,7362000000.0,3315000000.0,4047000000.0,437566755609.0,-881000000.0,-8000000.0,-150000000.0,0.0,0.0,-869000000.0,-5466000000.0,-4010000000.0,5360000000.0,94000000.0,3894000000.0,3890000000.0,3890000000.0,0.0,0.0,0.417,3683000000.0,4401000000.0,601000000.0,0.0,6.582,33.328,33.182,10628000000.0,4000000.0,150.98,13.19,13.199,3897000000.0,27560000000.0,9321000000.0,9321000000.0,1919000000.0,,,,,1032000000.0,1764000000.0,1.0,2898176948.0,2900000000.0,2951000000.0,3.214,53528000000.0,0.0,594000000.0,0.0,18.458,37489000000.0
17,FB,MRQ,2017-03-31,2017-03-31,2017-03-31,2021-07-29,-626000000.0,68714000000.0,,36930000000.0,31784000000.0,,21.511,-1271000000.0,7104000000.0,7104000000.0,1159000000.0,3064000000.0,12.613,0.105,0.0,0.0,0.0,0.0,80000000.0,671000000.0,0.0,0.0,0.0,3408000000.0,4079000000.0,0.508,4079000000.0,3408000000.0,3408000000.0,1.06,1.04,1.06,62188000000.0,,62188000000.0,401618848495.0,29.0,24.609,3787000000.0,1.31,1.0,6873000000.0,0.856,20486000000.0,0.0,38196000000.0,,0.0,25202000000.0,25202000000.0,0.0,6526000000.0,2928000000.0,3598000000.0,410521848495.0,-1826000000.0,0.0,-228000000.0,0.0,0.0,-992000000.0,-5920000000.0,-4631000000.0,5058000000.0,28000000.0,3064000000.0,3059000000.0,3059000000.0,0.0,0.0,0.381,3546000000.0,3327000000.0,448000000.0,0.0,6.601,35.651,35.424,9462000000.0,5000000.0,142.05,13.554,13.559,3415000000.0,24175000000.0,8032000000.0,8032000000.0,1834000000.0,,,,,867000000.0,1712000000.0,1.0,2889981334.0,2891000000.0,2944000000.0,2.778,48228000000.0,0.0,344000000.0,0.0,16.682,34002000000.0
18,FB,MRQ,2016-12-31,2016-12-31,2016-12-31,2021-07-29,-703000000.0,64961000000.0,,34401000000.0,30560000000.0,,20.546,-1269000000.0,8903000000.0,8903000000.0,1047000000.0,3569000000.0,11.966,0.097,0.0,0.0,0.0,0.0,90000000.0,614000000.0,0.0,0.0,0.0,4533000000.0,5147000000.0,0.584,5147000000.0,4533000000.0,4533000000.0,1.24,1.21,1.24,59194000000.0,,59194000000.0,325555368344.0,26.0,21.908,3661000000.0,1.271,1.0,7762000000.0,0.881,20657000000.0,0.0,32526000000.0,,0.0,20546000000.0,20546000000.0,0.0,5767000000.0,2875000000.0,2892000000.0,331593368344.0,2812000000.0,-42000000.0,0.0,0.0,0.0,4000000.0,-2028000000.0,-643000000.0,4930000000.0,-94000000.0,3569000000.0,3560000000.0,3560000000.0,0.0,0.0,0.404,3195000000.0,4567000000.0,582000000.0,0.0,5.602,32.547,32.317,8591000000.0,9000000.0,115.05,11.998,11.918,3993000000.0,21670000000.0,8809000000.0,8809000000.0,1563000000.0,,,,,831000000.0,1632000000.0,1.0,2882167478.0,2881000000.0,2946000000.0,3.058,44304000000.0,0.0,964000000.0,0.0,15.378,31526000000.0
19,FB,MRQ,2016-09-30,2016-09-30,2016-09-30,2021-07-29,-372000000.0,59674000000.0,,30328000000.0,29346000000.0,,18.849,-1095000000.0,6038000000.0,6038000000.0,987000000.0,2627000000.0,11.687,0.103,0.0,0.0,0.0,0.0,78000000.0,591000000.0,0.0,0.0,0.0,3164000000.0,3755000000.0,0.536,3755000000.0,3164000000.0,3164000000.0,0.91,0.9,0.91,54115000000.0,,54115000000.0,363240374758.0,34.0,28.352,2941000000.0,1.024,1.0,6024000000.0,0.859,20787000000.0,0.0,30254000000.0,,0.0,20102000000.0,20102000000.0,0.0,5559000000.0,2595000000.0,2964000000.0,368348374758.0,930000000.0,-61000000.0,0.0,0.0,0.0,-8000000.0,-3117000000.0,-1969000000.0,4036000000.0,19000000.0,2627000000.0,2620000000.0,2620000000.0,0.0,0.0,0.374,2907000000.0,3117000000.0,499000000.0,0.0,6.807,45.019,44.693,7899000000.0,7000000.0,128.27,14.931,14.928,3070000000.0,15731000000.0,7011000000.0,7011000000.0,1542000000.0,,,,,824000000.0,1365000000.0,1.0,2871664261.0,2871000000.0,2931000000.0,2.442,38887000000.0,0.0,537000000.0,0.0,13.545,27733000000.0
20,FB,MRQ,2016-06-30,2016-06-30,2016-06-30,2021-07-29,-374000000.0,55739000000.0,,27010000000.0,28729000000.0,,17.641,-995000000.0,5108000000.0,5108000000.0,917000000.0,2283000000.0,12.216,0.106,0.0,0.0,0.0,0.0,79000000.0,585000000.0,0.0,0.0,0.0,2754000000.0,3339000000.0,0.519,3339000000.0,2754000000.0,2754000000.0,0.8,0.78,0.8,50383000000.0,,50383000000.0,320419600660.0,36.0,29.195,2670000000.0,0.935,1.0,5519000000.0,0.858,20922000000.0,0.0,27498000000.0,,0.0,18185000000.0,18185000000.0,0.0,5356000000.0,2211000000.0,3145000000.0,326875600660.0,-1348000000.0,-19000000.0,0.0,0.0,0.0,4000000.0,-4971000000.0,-3998000000.0,3665000000.0,-46000000.0,2283000000.0,2276000000.0,2276000000.0,0.0,0.0,0.354,2785000000.0,2734000000.0,362000000.0,0.0,6.488,50.655,50.123,7104000000.0,7000000.0,114.28,14.751,14.729,2801000000.0,13352000000.0,6436000000.0,6436000000.0,1471000000.0,,,,,817000000.0,1314000000.0,1.0,2860304521.0,2856000000.0,2921000000.0,2.254,34817000000.0,0.0,471000000.0,0.0,12.191,24799000000.0
21,FB,MRQ,2016-03-31,2016-03-31,2016-03-31,2021-07-29,-276000000.0,52075000000.0,,23812000000.0,28263000000.0,,16.585,-1132000000.0,6456000000.0,6456000000.0,838000000.0,1738000000.0,13.163,0.104,0.0,0.0,0.0,0.0,55000000.0,552000000.0,0.0,0.0,0.0,2066000000.0,2618000000.0,0.486,2618000000.0,2066000000.0,2066000000.0,0.61,0.6,0.61,47150000000.0,,47150000000.0,319967602312.0,44.0,34.155,2345000000.0,0.825,1.0,4544000000.0,0.844,21096000000.0,0.0,22714000000.0,,0.0,14165000000.0,14165000000.0,0.0,4925000000.0,1809000000.0,3116000000.0,324760602312.0,1549000000.0,-1000000.0,0.0,-312000000.0,0.0,-310000000.0,-1676000000.0,-576000000.0,3477000000.0,58000000.0,1738000000.0,1732000000.0,1732000000.0,0.0,0.0,0.322,2534000000.0,2010000000.0,365000000.0,0.0,6.888,66.386,65.575,6467000000.0,6000000.0,114.1,16.43,16.411,2348000000.0,11297000000.0,5382000000.0,5382000000.0,1343000000.0,,,,,746000000.0,1191000000.0,1.0,2846280476.0,2843000000.0,2905000000.0,1.893,30979000000.0,0.0,328000000.0,0.0,10.897,22003000000.0
22,FB,MRQ,2015-12-31,2015-12-31,2015-12-31,2021-07-29,-455000000.0,49407000000.0,,21652000000.0,27755000000.0,,15.658,-692000000.0,4907000000.0,4907000000.0,824000000.0,1561000000.0,11.248,0.117,114000000.0,7000000.0,107000000.0,114000000.0,56000000.0,543000000.0,0.0,0.0,0.0,2557000000.0,3100000000.0,0.531,3100000000.0,2557000000.0,2557000000.0,0.55,0.54,0.55,44218000000.0,,44218000000.0,291795857587.0,47.0,35.852,3856000000.0,1.365,1.0,5017000000.0,0.859,21272000000.0,0.0,21417000000.0,,0.0,13527000000.0,13527000000.0,0.0,5189000000.0,1925000000.0,3264000000.0,295977857587.0,599000000.0,-4000000.0,0.0,-12000000.0,0.0,-1167000000.0,-2726000000.0,-2055000000.0,4548000000.0,-56000000.0,1561000000.0,1554000000.0,1554000000.0,0.0,0.0,0.266,2457000000.0,2560000000.0,413000000.0,0.0,6.694,80.67,79.893,5687000000.0,7000000.0,104.66,16.509,16.363,2559000000.0,9787000000.0,5841000000.0,5841000000.0,1314000000.0,,,,,2467000000.0,1143000000.0,1.0,2827994053.0,2824000000.0,2868000000.0,2.068,28135000000.0,0.0,996000000.0,0.0,9.963,19727000000.0
23,FB,MRQ,2015-09-30,2015-09-30,2015-09-30,2021-07-29,-380000000.0,46469000000.0,,19139000000.0,27330000000.0,,14.751,-780000000.0,4308000000.0,4308000000.0,720000000.0,896000000.0,10.68,0.122,126000000.0,17000000.0,109000000.0,126000000.0,47000000.0,486000000.0,0.0,0.0,0.0,1432000000.0,1918000000.0,0.426,1918000000.0,1432000000.0,1432000000.0,0.32,0.31,0.32,41420000000.0,,41420000000.0,248323339731.0,52.0,37.705,1412000000.0,0.503,1.0,3781000000.0,0.84,21461000000.0,0.0,19034000000.0,,0.0,11526000000.0,11526000000.0,0.0,5049000000.0,1792000000.0,3257000000.0,253297339731.0,-815000000.0,-27000000.0,0.0,-23000000.0,0.0,315000000.0,-3300000000.0,-2526000000.0,2192000000.0,-22000000.0,896000000.0,891000000.0,891000000.0,0.0,0.0,0.198,2322000000.0,1459000000.0,390000000.0,0.0,6.115,90.109,89.01,5335000000.0,5000000.0,89.9,15.894,15.84,2010000000.0,8226000000.0,4501000000.0,4501000000.0,1271000000.0,,,,,757000000.0,1051000000.0,1.0,2817545492.0,2808000000.0,2863000000.0,1.603,25008000000.0,0.0,536000000.0,0.0,8.906,17347000000.0
24,FB,MRQ,2015-06-30,2015-06-30,2015-06-30,2021-07-29,-357000000.0,44130000000.0,,16951000000.0,27179000000.0,,14.11,-549000000.0,5123000000.0,5123000000.0,668000000.0,719000000.0,9.012,0.119,149000000.0,39000000.0,110000000.0,149000000.0,49000000.0,459000000.0,0.0,0.0,0.0,1273000000.0,1732000000.0,0.429,1732000000.0,1273000000.0,1273000000.0,0.26,0.25,0.26,39452000000.0,,39452000000.0,237629422819.0,51.0,37.761,1331000000.0,0.476,1.0,3374000000.0,0.835,21630000000.0,0.0,15645000000.0,,0.0,9002000000.0,9002000000.0,0.0,4678000000.0,1881000000.0,2797000000.0,240862422819.0,1704000000.0,-25000000.0,0.0,-37000000.0,0.0,342000000.0,-564000000.0,-11000000.0,1880000000.0,46000000.0,719000000.0,715000000.0,715000000.0,0.0,0.0,0.177,2101000000.0,1273000000.0,321000000.0,0.0,6.105,88.487,85.77,4955000000.0,4000000.0,85.77,16.453,16.382,1815000000.0,7330000000.0,4042000000.0,4042000000.0,1170000000.0,,,,,763000000.0,931000000.0,1.0,2808236246.0,2796000000.0,2850000000.0,1.446,22500000000.0,0.0,554000000.0,0.0,8.047,15070000000.0
25,FB,MRQ,2015-03-31,2015-03-31,2015-03-31,2021-07-29,-447000000.0,42007000000.0,,15004000000.0,27003000000.0,,13.47,-502000000.0,3419000000.0,3419000000.0,654000000.0,512000000.0,8.593,0.12,186000000.0,73000000.0,113000000.0,186000000.0,55000000.0,457000000.0,0.0,0.0,0.0,932000000.0,1389000000.0,0.392,1389000000.0,932000000.0,932000000.0,0.18,0.18,0.18,37501000000.0,,37501000000.0,226052751347.0,47.0,36.437,1198000000.0,0.43,1.0,2889000000.0,0.815,21779000000.0,0.0,15249000000.0,,0.0,8994000000.0,8994000000.0,0.0,4506000000.0,1746000000.0,2760000000.0,230134751347.0,-896000000.0,-257000000.0,0.0,-47000000.0,0.0,371000000.0,-2844000000.0,-2108000000.0,1700000000.0,-123000000.0,512000000.0,509000000.0,509000000.0,0.0,0.0,0.144,1956000000.0,933000000.0,318000000.0,0.0,6.137,82.338,78.305,4619000000.0,3000000.0,82.22,17.038,16.947,1508000000.0,6611000000.0,3543000000.0,3543000000.0,1062000000.0,,,,,694000000.0,894000000.0,1.0,2799011814.0,2784000000.0,2836000000.0,1.273,20228000000.0,0.0,420000000.0,0.0,7.266,13258000000.0
26,FB,MRQ,2014-12-31,2014-12-31,2014-12-31,2021-07-29,-228000000.0,39966000000.0,,13390000000.0,26576000000.0,,13.074,-517000000.0,4315000000.0,4315000000.0,652000000.0,701000000.0,9.403,0.107,233000000.0,114000000.0,119000000.0,233000000.0,66000000.0,433000000.0,0.0,0.0,0.0,1114000000.0,1547000000.0,0.402,1547000000.0,1114000000.0,1114000000.0,0.25,0.24,0.25,36096000000.0,,36096000000.0,208786895889.0,43.0,33.933,2935000000.0,1.063,1.0,3199000000.0,0.831,21910000000.0,0.0,12550000000.0,,0.0,6884000000.0,6884000000.0,0.0,3870000000.0,1424000000.0,2446000000.0,217507895889.0,-4684000000.0,-4221000000.0,-7000000.0,-44000000.0,0.0,-1468000000.0,-6616000000.0,-1643000000.0,3452000000.0,-52000000.0,701000000.0,696000000.0,696000000.0,0.0,0.0,0.181,2066000000.0,1133000000.0,378000000.0,0.0,6.026,74.362,69.661,3967000000.0,5000000.0,78.02,17.448,16.36,1678000000.0,6099000000.0,3851000000.0,3851000000.0,1111000000.0,,,,,2709000000.0,955000000.0,1.0,2787847935.0,2761000000.0,2808000000.0,1.395,18056000000.0,0.0,413000000.0,0.0,6.54,11966000000.0
27,FB,MRQ,2014-09-30,2014-09-30,2014-09-30,2021-07-29,-109000000.0,24188000000.0,,16115000000.0,8073000000.0,,8.21,-482000000.0,8999000000.0,8999000000.0,565000000.0,806000000.0,13.059,0.139,278000000.0,149000000.0,129000000.0,278000000.0,48000000.0,289000000.0,0.0,0.0,0.0,1336000000.0,1625000000.0,0.507,1625000000.0,1336000000.0,1336000000.0,0.31,0.3,0.31,21238000000.0,,21238000000.0,201450077753.0,41.0,33.514,766000000.0,0.296,1.0,2638000000.0,0.824,3929000000.0,0.0,10304000000.0,,0.0,5251000000.0,5251000000.0,0.0,2950000000.0,1234000000.0,1716000000.0,205508077753.0,4615000000.0,-735000000.0,5000000.0,-49000000.0,0.0,438000000.0,2997000000.0,4326000000.0,1248000000.0,-68000000.0,806000000.0,802000000.0,802000000.0,0.0,0.0,0.25,1241000000.0,1397000000.0,328000000.0,0.0,9.676,74.757,72.514,3703000000.0,4000000.0,79.04,18.347,18.255,1363000000.0,5398000000.0,3203000000.0,3203000000.0,608000000.0,,,,,350000000.0,633000000.0,1.0,2600051591.0,2587000000.0,2644000000.0,1.238,20259000000.0,0.0,530000000.0,0.0,7.831,14881000000.0
28,FB,MRQ,2014-06-30,2014-06-30,2014-06-30,2021-07-29,-5000000.0,20769000000.0,,15557000000.0,5212000000.0,,7.166,-469000000.0,4384000000.0,4384000000.0,473000000.0,791000000.0,12.815,0.132,326000000.0,173000000.0,153000000.0,326000000.0,53000000.0,257000000.0,0.0,0.0,0.0,1386000000.0,1643000000.0,0.565,1643000000.0,1386000000.0,1386000000.0,0.31,0.3,0.31,18346000000.0,,18346000000.0,170083501742.0,39.0,31.579,872000000.0,0.341,1.0,2437000000.0,0.837,1672000000.0,0.0,13825000000.0,,0.0,9572000000.0,9572000000.0,0.0,2423000000.0,1214000000.0,1209000000.0,172689501742.0,1386000000.0,-19000000.0,1000000.0,-66000000.0,0.0,470000000.0,-422000000.0,68000000.0,1341000000.0,-3000000.0,791000000.0,788000000.0,788000000.0,0.0,0.0,0.271,1047000000.0,1390000000.0,322000000.0,0.0,9.413,72.896,70.832,3334000000.0,3000000.0,67.29,17.245,17.202,1190000000.0,4592000000.0,2910000000.0,2910000000.0,492000000.0,,,,,309000000.0,555000000.0,1.0,2566347180.0,2560000000.0,2615000000.0,1.137,19097000000.0,0.0,595000000.0,0.0,7.46,14343000000.0
29,FB,MRQ,2014-03-31,2014-03-31,2014-03-31,2021-07-29,15000000.0,19028000000.0,,14060000000.0,4968000000.0,,6.576,-363000000.0,2998000000.0,2998000000.0,462000000.0,642000000.0,13.558,0.137,392000000.0,201000000.0,191000000.0,392000000.0,38000000.0,264000000.0,0.0,0.0,0.0,1075000000.0,1339000000.0,0.535,1339000000.0,1075000000.0,1075000000.0,0.25,0.25,0.25,16737000000.0,,16737000000.0,150749505489.0,43.0,33.366,922000000.0,0.362,1.0,2040000000.0,0.815,1682000000.0,0.0,13703000000.0,,0.0,9631000000.0,9631000000.0,0.0,2291000000.0,1037000000.0,1254000000.0,153596505489.0,-325000000.0,0.0,1000000.0,-84000000.0,0.0,262000000.0,-1872000000.0,-1508000000.0,1285000000.0,0.0,642000000.0,639000000.0,639000000.0,0.0,0.0,0.255,965000000.0,1075000000.0,273000000.0,0.0,9.177,80.333,77.231,3074000000.0,3000000.0,60.24,17.225,17.193,1006000000.0,3801000000.0,2502000000.0,2502000000.0,455000000.0,,,,,271000000.0,510000000.0,1.0,2549742787.0,2545000000.0,2609000000.0,0.983,17346000000.0,0.0,433000000.0,0.0,6.816,13023000000.0
30,FB,MRQ,2013-12-31,2013-12-31,2013-12-31,2021-07-29,14000000.0,17895000000.0,,13070000000.0,4825000000.0,,6.299,-483000000.0,3323000000.0,3323000000.0,491000000.0,523000000.0,11.882,0.157,476000000.0,239000000.0,237000000.0,476000000.0,38000000.0,274000000.0,0.0,0.0,0.0,1130000000.0,1404000000.0,0.543,1404000000.0,1130000000.0,1130000000.0,0.22,0.21,0.22,15470000000.0,,15470000000.0,131631357304.0,48.0,34.962,748000000.0,0.305,1.0,2095000000.0,0.81,1722000000.0,0.0,12226000000.0,,0.0,8126000000.0,8126000000.0,0.0,2425000000.0,1100000000.0,1325000000.0,134156357304.0,223000000.0,-131000000.0,1484000000.0,-100000000.0,0.0,1525000000.0,-2534000000.0,-1905000000.0,1231000000.0,1000000.0,523000000.0,520000000.0,520000000.0,0.0,0.0,0.201,963000000.0,1132000000.0,268000000.0,0.0,8.672,89.977,88.145,2882000000.0,3000000.0,54.65,17.042,16.8,1109000000.0,3159000000.0,2586000000.0,2586000000.0,409000000.0,,,,,274000000.0,554000000.0,1.0,2454828130.0,2456000000.0,2556000000.0,1.053,16173000000.0,0.0,607000000.0,0.0,6.585,11970000000.0
31,FB,MRQ,2013-09-30,2013-09-30,2013-09-30,2021-07-29,13000000.0,14933000000.0,,10549000000.0,4384000000.0,,5.37,-284000000.0,3100000000.0,3100000000.0,507000000.0,425000000.0,10.721,0.144,575000000.0,288000000.0,287000000.0,575000000.0,36000000.0,274000000.0,0.0,0.0,0.0,726000000.0,1000000000.0,0.496,1000000000.0,726000000.0,726000000.0,0.17,0.17,0.17,13048000000.0,,13048000000.0,121492122043.0,58.0,39.768,666000000.0,0.274,1.0,1509000000.0,0.749,1609000000.0,0.0,9815000000.0,,0.0,6228000000.0,6228000000.0,0.0,1885000000.0,984000000.0,901000000.0,122326122043.0,99000000.0,-16000000.0,10000000.0,-1591000000.0,0.0,-1599000000.0,734000000.0,1034000000.0,950000000.0,14000000.0,425000000.0,422000000.0,422000000.0,0.0,0.0,0.209,773000000.0,736000000.0,207000000.0,0.0,9.375,120.756,116.814,2685000000.0,3000000.0,50.23,17.801,17.762,872000000.0,2636000000.0,2016000000.0,2016000000.0,369000000.0,,,,,238000000.0,404000000.0,1.0,2435319969.0,2430000000.0,2528000000.0,0.83,13324000000.0,7000000.0,301000000.0,0.0,5.483,9565000000.0
32,FB,MRQ,2013-06-30,2013-06-30,2013-06-30,2021-07-29,-29000000.0,15724000000.0,,11421000000.0,4303000000.0,,5.13,-268000000.0,3001000000.0,3001000000.0,465000000.0,333000000.0,10.575,0.273,2167000000.0,316000000.0,1851000000.0,2167000000.0,32000000.0,230000000.0,0.0,0.0,0.0,545000000.0,775000000.0,0.427,775000000.0,545000000.0,545000000.0,0.14,0.13,0.14,12349000000.0,,12349000000.0,60090491950.0,34.0,22.988,1054000000.0,0.438,1.0,1348000000.0,0.744,1631000000.0,0.0,12179000000.0,,0.0,7251000000.0,7251000000.0,0.0,3375000000.0,1080000000.0,2295000000.0,60157491950.0,676000000.0,-122000000.0,2000000.0,-91000000.0,0.0,-149000000.0,-498000000.0,-105000000.0,1322000000.0,1000000.0,333000000.0,331000000.0,331000000.0,0.0,0.0,0.183,786000000.0,562000000.0,227000000.0,0.0,4.871,113.078,103.667,2577000000.0,2000000.0,24.88,9.833,9.789,775000000.0,2211000000.0,1813000000.0,1813000000.0,344000000.0,,,,,220000000.0,442000000.0,1.0,2417905625.0,2407000000.0,2502000000.0,0.753,14093000000.0,7000000.0,212000000.0,0.0,5.855,10341000000.0
33,FB,MRQ,2013-03-31,2013-03-31,2013-03-31,2021-07-29,-15000000.0,15163000000.0,,11042000000.0,4121000000.0,,4.956,-327000000.0,2325000000.0,2325000000.0,413000000.0,219000000.0,10.388,0.282,2258000000.0,338000000.0,1920000000.0,2258000000.0,30000000.0,233000000.0,0.0,0.0,0.0,353000000.0,586000000.0,0.402,586000000.0,353000000.0,353000000.0,0.09,0.09,0.09,11824000000.0,,11824000000.0,60906990125.0,135.0,49.801,392000000.0,0.164,1.0,1045000000.0,0.717,1501000000.0,0.0,12532000000.0,,0.0,7147000000.0,7147000000.0,0.0,3339000000.0,1063000000.0,2276000000.0,60934990125.0,-59000000.0,-99000000.0,8000000.0,-109000000.0,0.0,-444000000.0,-326000000.0,94000000.0,719000000.0,-8000000.0,219000000.0,217000000.0,217000000.0,0.0,0.0,0.149,672000000.0,373000000.0,265000000.0,0.0,5.154,1384.886,1279.0,2533000000.0,2000000.0,25.58,11.101,11.119,659000000.0,1878000000.0,1458000000.0,1458000000.0,293000000.0,,,,,167000000.0,379000000.0,1.0,2382134094.0,2386000000.0,2499000000.0,0.611,13662000000.0,426000000.0,134000000.0,0.0,5.726,9979000000.0
34,FB,MRQ,2012-12-31,2012-12-31,2012-12-31,2021-07-29,2000000.0,15103000000.0,,11267000000.0,3836000000.0,,4.956,-198000000.0,2384000000.0,2384000000.0,397000000.0,64000000.0,10.71,0.285,2356000000.0,365000000.0,1991000000.0,2356000000.0,30000000.0,224000000.0,0.0,0.0,0.0,470000000.0,694000000.0,0.438,694000000.0,470000000.0,505000000.0,0.03,0.02,0.03,11755000000.0,,11755000000.0,56094294939.0,114.0,49.076,483000000.0,0.204,1.0,1188000000.0,0.75,1388000000.0,-35000000.0,12635000000.0,,0.0,7242000000.0,7242000000.0,0.0,3348000000.0,1052000000.0,2296000000.0,57670294939.0,-94000000.0,0.0,8000000.0,1361000000.0,0.0,-1314000000.0,535000000.0,735000000.0,681000000.0,4000000.0,64000000.0,43000000.0,43000000.0,0.0,0.0,0.027,665000000.0,523000000.0,234000000.0,0.0,4.906,1802.197,1331.0,2391000000.0,21000000.0,26.62,11.332,10.493,719000000.0,1659000000.0,1585000000.0,1585000000.0,297000000.0,,,,,184000000.0,368000000.0,1.0,2166427308.0,2372000000.0,2166000000.0,0.668,13715000000.0,451000000.0,441000000.0,0.0,5.782,10215000000.0
35,FB,MRQ,2012-09-30,2012-09-30,2012-09-30,2021-07-29,-6000000.0,16038000000.0,,12285000000.0,3753000000.0,,5.857,-171000000.0,2478000000.0,2478000000.0,322000000.0,-59000000.0,11.375,0.132,902000000.0,372000000.0,530000000.0,902000000.0,85000000.0,176000000.0,0.0,0.0,0.0,383000000.0,559000000.0,0.443,559000000.0,383000000.0,372000000.0,-0.02,-0.02,-0.02,14174000000.0,,14174000000.0,45011681610.0,81.0,41.447,79000000.0,0.033,1.0,940000000.0,0.745,1423000000.0,11000000.0,11959000000.0,,0.0,7974000000.0,7974000000.0,0.0,1864000000.0,1080000000.0,784000000.0,46403681610.0,380000000.0,-336000000.0,-1000000.0,35000000.0,0.0,507000000.0,-389000000.0,117000000.0,250000000.0,12000000.0,-59000000.0,-59000000.0,-59000000.0,0.0,0.0,-0.047,563000000.0,377000000.0,214000000.0,0.0,3.274,368.283,135.375,2289000000.0,0.0,21.66,10.012,11.309,635000000.0,1595000000.0,1262000000.0,1262000000.0,244000000.0,,,,,179000000.0,319000000.0,1.0,2142367572.0,2420000000.0,2420000000.0,0.521,14615000000.0,567000000.0,431000000.0,0.0,6.039,11205000000.0
36,FB,MRQ,2012-06-30,2012-06-30,2012-06-30,2021-07-29,-29000000.0,14928000000.0,,11967000000.0,2961000000.0,,7.083,-413000000.0,2098000000.0,2098000000.0,367000000.0,-157000000.0,11.574,0.122,706000000.0,312000000.0,394000000.0,706000000.0,85000000.0,139000000.0,0.0,0.0,0.0,-755000000.0,-616000000.0,-0.52,-616000000.0,-755000000.0,-765000000.0,-0.08,-0.08,-0.08,13309000000.0,,13309000000.0,65918444651.0,117.0,65.073,-173000000.0,-0.092,1.0,817000000.0,0.69,809000000.0,10000000.0,11693000000.0,,0.0,8090000000.0,8090000000.0,0.0,1619000000.0,1034000000.0,585000000.0,66494444651.0,816000000.0,-550000000.0,6765000000.0,-52000000.0,0.0,7040000000.0,-6450000000.0,-5485000000.0,240000000.0,-14000000.0,-157000000.0,-157000000.0,-157000000.0,0.0,0.0,-0.133,1560000000.0,-743000000.0,196000000.0,0.0,4.996,198.491,107.241,2105000000.0,0.0,31.1,15.367,13.505,578000000.0,1654000000.0,1184000000.0,1184000000.0,705000000.0,,,,,1106000000.0,855000000.0,1.0,2138085037.0,1879000000.0,1879000000.0,0.63,14119000000.0,567000000.0,-608000000.0,0.0,7.514,10933000000.0
37,FB,MRQ,2012-03-31,2012-03-31,2012-03-31,2021-07-29,-7000000.0,6859000000.0,,4694000000.0,2165000000.0,,3.914,-453000000.0,1282000000.0,1282000000.0,277000000.0,205000000.0,4.518,0.301,706000000.0,302000000.0,404000000.0,706000000.0,93000000.0,110000000.0,0.0,,0.0,395000000.0,505000000.0,0.477,505000000.0,395000000.0,382000000.0,0.1,0.09,0.1,5272000000.0,,5272000000.0,,,,-12000000.0,-0.009,1.0,781000000.0,0.738,189000000.0,13000000.0,5055000000.0,,0.0,2628000000.0,2628000000.0,0.0,1587000000.0,1039000000.0,548000000.0,,-230000000.0,-25000000.0,5000000.0,-9000000.0,0.0,50000000.0,-720000000.0,-241000000.0,441000000.0,-1000000.0,205000000.0,137000000.0,137000000.0,0.0,0.0,0.129,400000000.0,381000000.0,307000000.0,0.0,,,,1855000000.0,68000000.0,,,,482000000.0,1811000000.0,1058000000.0,1058000000.0,153000000.0,,,,,103000000.0,247000000.0,1.0,2138085037.0,1347000000.0,1527000000.0,0.785,6670000000.0,0.0,177000000.0,0.0,4.952,3655000000.0
38,FB,MRQ,2011-12-31,2011-12-31,2011-12-31,2021-07-29,-6000000.0,6331000000.0,,4604000000.0,1727000000.0,,3.692,-185000000.0,1512000000.0,1512000000.0,247000000.0,302000000.0,5.121,0.292,677000000.0,279000000.0,398000000.0,677000000.0,90000000.0,103000000.0,0.0,,0.0,535000000.0,638000000.0,0.564,638000000.0,535000000.0,519000000.0,0.16,0.14,0.16,4899000000.0,,4899000000.0,,,,325000000.0,0.245,1.0,884000000.0,0.782,162000000.0,16000000.0,4435000000.0,,0.0,2396000000.0,2396000000.0,0.0,1432000000.0,899000000.0,533000000.0,,606000000.0,-19000000.0,1000000.0,102000000.0,0.0,131000000.0,-43000000.0,160000000.0,510000000.0,8000000.0,302000000.0,205000000.0,205000000.0,0.0,0.0,0.181,337000000.0,547000000.0,234000000.0,0.0,,,,1475000000.0,97000000.0,,,,547000000.0,1606000000.0,1131000000.0,1131000000.0,124000000.0,,,,,76000000.0,213000000.0,1.0,,1327000000.0,1511000000.0,0.852,6169000000.0,0.0,217000000.0,0.0,4.649,3705000000.0
39,FB,MRQ,2011-09-30,2011-09-30,2011-09-30,2021-07-29,,,,,,,,-136000000.0,,,236000000.0,227000000.0,,,,,,,,97000000.0,,,0.0,389000000.0,486000000.0,0.509,486000000.0,389000000.0,379000000.0,0.11,0.1,0.11,,,,,,,429000000.0,0.326,1.0,718000000.0,0.753,,10000000.0,,,,,,,,,,,-225000000.0,-1000000.0,3000000.0,-39000000.0,0.0,14000000.0,-795000000.0,-666000000.0,565000000.0,-9000000.0,227000000.0,150000000.0,150000000.0,0.0,0.0,0.157,304000000.0,414000000.0,,0.0,,,,,77000000.0,,,,,,954000000.0,954000000.0,108000000.0,,,,,70000000.0,196000000.0,1.0,,1316000000.0,1520000000.0,0.725,,,152000000.0,,,
40,FB,MRQ,2011-06-30,2011-06-30,2011-06-30,2021-07-29,,,,,,,,-132000000.0,,,210000000.0,240000000.0,,,,,,,,72000000.0,,,0.0,408000000.0,480000000.0,0.536,480000000.0,408000000.0,399000000.0,0.12,0.11,0.12,,,,,,,-3000000.0,-0.002,1.0,685000000.0,0.765,,9000000.0,,,,,,,,,,,-1645000000.0,-3000000.0,15000000.0,-46000000.0,0.0,255000000.0,-2032000000.0,-1893000000.0,129000000.0,3000000.0,240000000.0,159000000.0,159000000.0,0.0,0.0,0.178,278000000.0,407000000.0,,0.0,,,,,81000000.0,,,,,,895000000.0,895000000.0,99000000.0,,,,,64000000.0,179000000.0,1.0,,1292000000.0,1510000000.0,0.693,,,159000000.0,,,
41,FB,MRQ,2011-03-31,2011-03-31,2011-03-31,2021-07-29,,,,,,,,-153000000.0,,,167000000.0,233000000.0,,,,,,,,51000000.0,,,0.0,405000000.0,456000000.0,0.624,456000000.0,405000000.0,398000000.0,0.12,0.11,0.12,,,,,,,192000000.0,,1.0,564000000.0,0.772,,7000000.0,,,,,,,,,,,991000000.0,-1000000.0,1007000000.0,-278000000.0,0.0,798000000.0,-153000000.0,0.0,345000000.0,1000000.0,233000000.0,153000000.0,153000000.0,0.0,0.0,0.209,176000000.0,388000000.0,,0.0,,,,,80000000.0,,,,,,731000000.0,731000000.0,57000000.0,,,,,7000000.0,119000000.0,1.0,,,,,,,165000000.0,,,
42,FB,MRQ,2010-12-31,2010-12-31,2010-12-31,2021-07-29,-6000000.0,2990000000.0,,2246000000.0,744000000.0,,1.953,,1785000000.0,1785000000.0,,,5.774,0.383,473000000.0,106000000.0,367000000.0,473000000.0,42000000.0,,0.0,,0.0,,,,,,,,,,2162000000.0,,2162000000.0,,,,,,1.0,,,96000000.0,,1193000000.0,,0.0,0.0,0.0,0.0,828000000.0,389000000.0,439000000.0,,,,,,,,,,,,,,,,,,,,104000000.0,,,,,574000000.0,,,,,373000000.0,606000000.0,,,,,,,,,,1.0,,1107000000.0,,,2894000000.0,0.0,,0.0,2.614,1857000000.0
0,FB,MRT,2021-06-30,2021-06-30,2021-06-30,2021-07-29,285000000.0,170609000000.0,159971250000.0,80697000000.0,89912000000.0,0.655,48.775,-17186000000.0,16186000000.0,16186000000.0,19934000000.0,38956000000.0,5.425,0.234,12007000000.0,1051000000.0,10956000000.0,12007000000.0,391000000.0,7519000000.0,0.0,0.0,0.0,45204000000.0,52723000000.0,0.503,52723000000.0,45204000000.0,45204000000.0,13.69,13.49,13.69,138227000000.0,129476250000.0,138227000000.0,978020477430.0,22.0,18.55,32172000000.0,11.352,1.0,84856000000.0,0.81,19733000000.0,0.0,131823000000.0,121656500000.0,0.0,54287000000.0,47894000000.0,6393000000.0,32382000000.0,14874000000.0,17508000000.0,985919477430.0,-5058000000.0,-275000000.0,-14672000000.0,-625000000.0,0.0,-19852000000.0,-34841000000.0,-17570000000.0,49358000000.0,277000000.0,38956000000.0,38956000000.0,38956000000.0,0.0,0.0,0.372,40296000000.0,44560000000.0,1922000000.0,0.0,7.133,25.309,25.399,61434000000.0,0.0,347.71,9.409,9.404,11698000000.0,85097000000.0,104790000000.0,104790000000.0,21263000000.0,0.244,0.301,0.372,0.431,7885000000.0,19033000000.0,1.0,2835464834.0,2834000000.0,2877000000.0,36.976,150876000000.0,0.0,6248000000.0,0.0,53.238,65823000000.0
1,FB,MRT,2021-03-31,2021-03-31,2021-03-31,2021-07-29,154000000.0,163523000000.0,152241750000.0,77322000000.0,86201000000.0,0.62,46.947,-15829000000.0,19513000000.0,19513000000.0,18364000000.0,33740000000.0,6.08,0.223,11614000000.0,1040000000.0,10574000000.0,11614000000.0,382000000.0,7237000000.0,0.0,0.0,0.0,38822000000.0,46059000000.0,0.488,46059000000.0,38822000000.0,38822000000.0,11.84,11.68,11.84,133657000000.0,122531250000.0,133657000000.0,831802230668.0,21.0,18.059,24159000000.0,8.486,1.0,76036000000.0,0.805,19561000000.0,0.0,123346000000.0,113196250000.0,0.0,51048000000.0,44706000000.0,6342000000.0,29866000000.0,12717000000.0,17149000000.0,838724230668.0,-4036000000.0,-388000000.0,-8961000000.0,-601000000.0,0.0,-13455000000.0,-30824000000.0,-14644000000.0,39988000000.0,255000000.0,33740000000.0,33740000000.0,33740000000.0,0.0,0.0,0.357,37880000000.0,38156000000.0,1884000000.0,0.0,6.275,24.858,24.876,57922000000.0,0.0,294.53,8.885,8.883,10276000000.0,82343000000.0,94400000000.0,94400000000.0,19629000000.0,0.222,0.275,0.343,0.411,7031000000.0,18251000000.0,1.0,2847669951.0,2847000000.0,2882000000.0,33.158,143962000000.0,0.0,5082000000.0,0.0,50.566,64605000000.0
2,FB,MRT,2020-12-31,2020-12-31,2020-12-31,2021-07-29,927000000.0,159316000000.0,145953750000.0,75670000000.0,83646000000.0,0.589,44.998,-15115000000.0,17576000000.0,17576000000.0,16692000000.0,29146000000.0,5.051,0.242,10654000000.0,1023000000.0,9631000000.0,10654000000.0,382000000.0,6862000000.0,0.0,0.0,0.0,33180000000.0,40042000000.0,0.466,40042000000.0,33180000000.0,33180000000.0,10.22,10.09,10.22,128290000000.0,115443000000.0,128290000000.0,777038626010.0,23.0,19.406,23632000000.0,8.289,1.0,69273000000.0,0.806,19673000000.0,0.0,117740000000.0,104954500000.0,0.0,50612000000.0,44378000000.0,6234000000.0,31026000000.0,14981000000.0,16045000000.0,778039626010.0,-1325000000.0,-388000000.0,-6272000000.0,-580000000.0,0.0,-10292000000.0,-30059000000.0,-14520000000.0,38747000000.0,279000000.0,29146000000.0,29146000000.0,29146000000.0,0.0,0.0,0.339,36602000000.0,32671000000.0,2424000000.0,0.0,6.065,26.695,26.728,54981000000.0,0.0,273.16,9.051,9.059,11335000000.0,77345000000.0,85965000000.0,85965000000.0,18447000000.0,0.2,0.252,0.316,0.386,6536000000.0,18155000000.0,1.0,2848292671.0,2851000000.0,2888000000.0,30.153,139643000000.0,0.0,4034000000.0,0.0,48.98,60689000000.0
3,FB,MRT,2020-09-30,2020-09-30,2020-09-30,2021-07-29,308000000.0,146437000000.0,139468750000.0,65799000000.0,80638000000.0,0.566,41.309,-14602000000.0,11617000000.0,11617000000.0,14973000000.0,25275000000.0,5.509,0.244,10616000000.0,975000000.0,9641000000.0,10616000000.0,379000000.0,6467000000.0,0.0,0.0,0.0,29294000000.0,35761000000.0,0.453,35761000000.0,29294000000.0,29294000000.0,8.87,8.78,8.87,117731000000.0,108634000000.0,117731000000.0,735591862734.0,25.0,20.57,19188000000.0,6.733,1.0,64003000000.0,0.81,19775000000.0,0.0,113717000000.0,98009250000.0,0.0,50167000000.0,44003000000.0,6164000000.0,28706000000.0,11944000000.0,16762000000.0,746104862734.0,-4101000000.0,-829000000.0,-5639000000.0,-526000000.0,0.0,-9111000000.0,-28922000000.0,-13482000000.0,33790000000.0,142000000.0,25275000000.0,25275000000.0,25275000000.0,0.0,0.0,0.32,35249000000.0,28754000000.0,1906000000.0,0.0,6.337,29.519,29.526,51730000000.0,0.0,261.9,9.447,9.451,8024000000.0,68513000000.0,78976000000.0,78976000000.0,17118000000.0,0.181,0.233,0.299,0.371,6026000000.0,18131000000.0,1.0,2848815818.0,2850000000.0,2891000000.0,27.711,126662000000.0,0.0,4019000000.0,0.0,44.443,53855000000.0
4,FB,MRT,2020-06-30,2020-06-30,2020-06-30,2021-07-29,-142000000.0,139691000000.0,133964000000.0,68130000000.0,71561000000.0,0.561,38.753,-14445000000.0,21045000000.0,21045000000.0,13934000000.0,23520000000.0,6.025,0.265,10532000000.0,899000000.0,9633000000.0,10532000000.0,264000000.0,6185000000.0,0.0,0.0,0.0,28490000000.0,34675000000.0,0.461,34675000000.0,28490000000.0,28490000000.0,8.25,8.19,8.25,110447000000.0,102701000000.0,110447000000.0,633671886331.0,22.0,18.275,18823000000.0,6.605,1.0,61224000000.0,0.815,19888000000.0,0.0,97982000000.0,90843000000.0,0.0,37195000000.0,37195000000.0,0.0,29244000000.0,11308000000.0,17936000000.0,646945886331.0,7571000000.0,-827000000.0,-5062000000.0,-615000000.0,0.0,-8219000000.0,-17373000000.0,-1874000000.0,33268000000.0,-105000000.0,23520000000.0,23520000000.0,23520000000.0,0.0,0.0,0.313,33325000000.0,27899000000.0,1649000000.0,0.0,5.858,27.506,27.524,48435000000.0,0.0,227.07,8.608,8.611,7483000000.0,62784000000.0,75158000000.0,75158000000.0,15903000000.0,0.176,0.229,0.314,0.379,5553000000.0,17422000000.0,1.0,2849103300.0,2850000000.0,2879000000.0,26.371,119803000000.0,0.0,4970000000.0,0.0,42.036,56822000000.0
5,FB,MRT,2020-03-31,2020-03-31,2020-03-31,2021-07-29,-544000000.0,138371000000.0,128292750000.0,69349000000.0,69022000000.0,0.572,36.936,-14823000000.0,23618000000.0,23618000000.0,13412000000.0,20958000000.0,4.602,0.314,10344000000.0,835000000.0,9509000000.0,10344000000.0,247000000.0,5983000000.0,0.0,0.0,0.0,27191000000.0,33174000000.0,0.452,33174000000.0,27191000000.0,27191000000.0,7.35,7.3,7.35,105304000000.0,97279750000.0,105304000000.0,466700169921.0,17.0,14.068,23184000000.0,8.132,1.0,59945000000.0,0.817,19649000000.0,0.0,90379000000.0,86005500000.0,0.0,36671000000.0,36671000000.0,0.0,33067000000.0,15069000000.0,17998000000.0,475455169921.0,12730000000.0,-458000000.0,-4839000000.0,-653000000.0,0.0,-7898000000.0,-17205000000.0,-1849000000.0,38007000000.0,-174000000.0,20958000000.0,20958000000.0,20958000000.0,0.0,0.0,0.286,33383000000.0,26562000000.0,1541000000.0,0.0,4.515,22.686,22.694,46486000000.0,0.0,166.8,6.481,6.483,7289000000.0,59160000000.0,73357000000.0,73357000000.0,14756000000.0,0.163,0.215,0.316,0.371,5161000000.0,18627000000.0,1.0,2850450659.0,2851000000.0,2868000000.0,25.73,118722000000.0,0.0,6233000000.0,0.0,41.642,54280000000.0
6,FB,MRT,2019-12-31,2019-12-31,2019-12-31,2021-07-29,-489000000.0,133376000000.0,121069250000.0,66225000000.0,67151000000.0,0.584,35.408,-15102000000.0,19079000000.0,19079000000.0,12770000000.0,18485000000.0,4.399,0.32,10324000000.0,800000000.0,9524000000.0,10324000000.0,269000000.0,5741000000.0,0.0,0.0,0.0,24812000000.0,30553000000.0,0.432,30553000000.0,24812000000.0,24812000000.0,6.48,6.43,6.48,101054000000.0,92582750000.0,101054000000.0,578473975488.0,23.0,18.933,21212000000.0,7.432,1.0,57927000000.0,0.819,19609000000.0,0.0,89959000000.0,82465750000.0,0.0,35862000000.0,35776000000.0,86000000.0,32322000000.0,15053000000.0,17269000000.0,585320975488.0,9155000000.0,-508000000.0,-4202000000.0,-775000000.0,0.0,-7299000000.0,-19864000000.0,-4254000000.0,36314000000.0,4000000.0,18485000000.0,18485000000.0,18485000000.0,0.0,0.0,0.261,33941000000.0,23986000000.0,2249000000.0,0.0,5.792,31.665,31.674,44783000000.0,0.0,205.25,8.279,8.286,9518000000.0,55692000000.0,70697000000.0,70697000000.0,13600000000.0,0.153,0.2,0.301,0.351,4836000000.0,20341000000.0,1.0,2851746531.0,2854000000.0,2876000000.0,24.771,113767000000.0,0.0,6327000000.0,0.0,39.862,51172000000.0
7,FB,MRT,2019-09-30,2019-09-30,2019-09-30,2021-07-29,-849000000.0,124418000000.0,112058750000.0,62079000000.0,62339000000.0,0.594,32.936,-15303000000.0,15979000000.0,15979000000.0,12074000000.0,18018000000.0,4.658,0.324,9132000000.0,776000000.0,8356000000.0,9132000000.0,225000000.0,5498000000.0,0.0,0.0,0.0,23614000000.0,29112000000.0,0.438,29112000000.0,23614000000.0,23614000000.0,6.29,6.25,6.29,93999000000.0,88351000000.0,93999000000.0,501986424684.0,21.0,17.243,19546000000.0,6.849,1.0,54455000000.0,0.819,19191000000.0,0.0,85052000000.0,75151750000.0,0.0,36290000000.0,36290000000.0,0.0,30419000000.0,13328000000.0,17091000000.0,508053424684.0,6336000000.0,-200000000.0,-6406000000.0,-171000000.0,0.0,-8814000000.0,-19513000000.0,-4151000000.0,34849000000.0,-186000000.0,18018000000.0,18018000000.0,18018000000.0,0.0,0.0,0.271,31507000000.0,22948000000.0,1450000000.0,0.0,5.405,28.197,28.312,40687000000.0,0.0,178.08,7.637,7.639,7673000000.0,49789000000.0,66529000000.0,66529000000.0,12578000000.0,0.161,0.204,0.314,0.355,4534000000.0,18929000000.0,1.0,2852950498.0,2854000000.0,2874000000.0,23.311,105227000000.0,0.0,5596000000.0,0.0,36.87,48751000000.0
8,FB,MRT,2019-06-30,2019-06-30,2019-06-30,2021-07-29,-483000000.0,117006000000.0,104067250000.0,57961000000.0,59045000000.0,0.602,31.09,-15113000000.0,13877000000.0,13877000000.0,11337000000.0,17064000000.0,4.466,0.318,7810000000.0,688000000.0,7122000000.0,7810000000.0,198000000.0,5189000000.0,0.0,0.0,0.0,22197000000.0,27386000000.0,0.437,27386000000.0,22197000000.0,22197000000.0,5.94,5.89,5.94,88762000000.0,84936750000.0,88762000000.0,547050326048.0,25.0,19.976,17927000000.0,6.279,1.0,51267000000.0,0.819,19328000000.0,0.0,78632000000.0,68288250000.0,0.0,34719000000.0,34719000000.0,0.0,28244000000.0,12979000000.0,15265000000.0,550916326048.0,2330000000.0,-190000000.0,-9514000000.0,114000000.0,0.0,-11952000000.0,-18710000000.0,-3412000000.0,33040000000.0,-48000000.0,17064000000.0,17064000000.0,17064000000.0,0.0,0.0,0.273,29723000000.0,21544000000.0,1215000000.0,0.0,6.207,32.285,32.492,37271000000.0,0.0,193.0,8.8,8.802,7513000000.0,44968000000.0,62604000000.0,62604000000.0,11687000000.0,0.164,0.201,0.325,0.355,4324000000.0,18036000000.0,1.0,2854488736.0,2855000000.0,2875000000.0,21.928,97678000000.0,0.0,5133000000.0,0.0,34.213,44982000000.0
9,FB,MRT,2019-03-31,2019-03-31,2019-03-31,2021-07-29,-781000000.0,109477000000.0,97388500000.0,53300000000.0,56177000000.0,0.605,30.293,-14940000000.0,11076000000.0,11076000000.0,10244000000.0,19554000000.0,5.379,0.265,7210000000.0,645000000.0,6565000000.0,7210000000.0,142000000.0,4721000000.0,0.0,0.0,0.0,23233000000.0,27954000000.0,0.474,27954000000.0,23233000000.0,23233000000.0,6.78,6.72,6.78,86516000000.0,82591750000.0,86516000000.0,465712559762.0,20.0,16.66,15782000000.0,5.526,1.0,48705000000.0,0.826,19483000000.0,0.0,76220000000.0,62188500000.0,0.0,34167000000.0,34167000000.0,0.0,22961000000.0,9908000000.0,13053000000.0,475731559762.0,-1013000000.0,-187000000.0,-11718000000.0,198000000.0,0.0,-14392000000.0,-17084000000.0,-2007000000.0,30722000000.0,-259000000.0,19554000000.0,19554000000.0,19554000000.0,0.0,0.0,0.332,25924000000.0,22781000000.0,1141000000.0,0.0,5.499,24.329,24.586,34092000000.0,0.0,166.69,8.07,8.076,6475000000.0,43764000000.0,58949000000.0,58949000000.0,10895000000.0,0.201,0.237,0.374,0.394,4207000000.0,15029000000.0,1.0,2853989800.0,2856000000.0,2869000000.0,20.64,89994000000.0,0.0,3679000000.0,0.0,31.511,43392000000.0
10,FB,MRT,2018-12-31,2018-12-31,2018-12-31,2021-07-29,-760000000.0,97334000000.0,92255500000.0,50480000000.0,46854000000.0,0.605,29.11,-13915000000.0,10019000000.0,10019000000.0,9355000000.0,22112000000.0,7.194,0.157,0.0,0.0,0.0,0.0,147000000.0,4315000000.0,0.0,0.0,0.0,25361000000.0,29676000000.0,0.531,29676000000.0,25361000000.0,25361000000.0,7.65,7.57,7.65,84127000000.0,80367750000.0,84127000000.0,367087818057.0,14.0,12.37,15359000000.0,5.315,1.0,46483000000.0,0.832,19595000000.0,0.0,60703000000.0,56077000000.0,0.0,31095000000.0,31095000000.0,0.0,13207000000.0,7017000000.0,6190000000.0,376724818057.0,1920000000.0,-137000000.0,-12879000000.0,500000000.0,0.0,-15572000000.0,-11603000000.0,2449000000.0,29274000000.0,-179000000.0,22112000000.0,22111000000.0,22111000000.0,0.0,0.0,0.396,21570000000.0,24913000000.0,1361000000.0,0.0,4.478,17.038,17.136,24683000000.0,1000000.0,131.09,6.747,6.785,7587000000.0,41981000000.0,55838000000.0,55838000000.0,10273000000.0,0.24,0.275,0.452,0.454,4152000000.0,11297000000.0,1.0,2873787612.0,2890000000.0,2921000000.0,19.321,77739000000.0,0.0,3249000000.0,0.0,26.899,43463000000.0
11,FB,MRT,2018-09-30,2018-09-30,2018-09-30,2021-07-29,-777000000.0,92452000000.0,89053000000.0,49147000000.0,43305000000.0,0.583,27.848,-11877000000.0,9637000000.0,9637000000.0,8170000000.0,19500000000.0,8.998,0.151,0.0,0.0,0.0,0.0,115000000.0,3943000000.0,0.0,0.0,0.0,24852000000.0,28795000000.0,0.555,28795000000.0,24852000000.0,24852000000.0,6.73,6.63,6.73,80342000000.0,77922750000.0,80342000000.0,463279981481.0,19.0,16.089,17450000000.0,6.049,1.0,43726000000.0,0.843,19755000000.0,0.0,57598000000.0,54046250000.0,0.0,31569000000.0,31569000000.0,0.0,12110000000.0,5462000000.0,6648000000.0,474831981481.0,2405000000.0,-16000000.0,-10337000000.0,0.0,0.0,-13874000000.0,-12921000000.0,-880000000.0,29327000000.0,-127000000.0,19500000000.0,19498000000.0,19498000000.0,0.0,0.0,0.376,19281000000.0,24445000000.0,1092000000.0,0.0,5.91,24.353,24.437,21112000000.0,2000000.0,164.46,9.15,9.143,6058000000.0,38767000000.0,51896000000.0,51896000000.0,9367000000.0,0.219,0.25,0.46,0.479,3994000000.0,9914000000.0,1.0,2887218664.0,2885000000.0,2913000000.0,17.988,72697000000.0,0.0,5352000000.0,0.0,25.198,43685000000.0
12,FB,MRT,2018-06-30,2018-06-30,2018-06-30,2021-07-29,-687000000.0,90291000000.0,85689500000.0,49833000000.0,40458000000.0,0.566,27.42,-10290000000.0,11552000000.0,11552000000.0,7200000000.0,19070000000.0,10.671,0.137,0.0,0.0,0.0,0.0,91000000.0,3608000000.0,0.0,0.0,0.0,24176000000.0,27784000000.0,0.573,27784000000.0,24176000000.0,24176000000.0,6.57,6.46,6.57,79382000000.0,75639250000.0,79382000000.0,550402063991.0,23.0,19.81,17666000000.0,6.102,1.0,41297000000.0,0.852,19836000000.0,0.0,54233000000.0,51704000000.0,0.0,30757000000.0,30757000000.0,0.0,10909000000.0,4670000000.0,6239000000.0,562484063991.0,5266000000.0,-114000000.0,-6721000000.0,0.0,0.0,-10248000000.0,-12403000000.0,-1942000000.0,27956000000.0,-39000000.0,19070000000.0,19065000000.0,19065000000.0,0.0,0.0,0.393,17511000000.0,23786000000.0,859000000.0,0.0,7.086,29.503,29.577,18357000000.0,5000000.0,194.32,11.598,11.6,5590000000.0,38237000000.0,48497000000.0,48497000000.0,8762000000.0,0.222,0.252,0.468,0.499,3965000000.0,8749000000.0,1.0,2894627748.0,2895000000.0,2930000000.0,16.752,70455000000.0,0.0,5106000000.0,0.0,24.337,45163000000.0
13,FB,MRT,2018-03-31,2018-03-31,2018-03-31,2021-07-29,-294000000.0,88945000000.0,81577500000.0,50412000000.0,38533000000.0,0.547,26.71,-8274000000.0,12082000000.0,12082000000.0,6223000000.0,17858000000.0,9.912,0.146,0.0,0.0,0.0,0.0,94000000.0,3303000000.0,0.0,0.0,0.0,22796000000.0,26099000000.0,0.585,26099000000.0,22796000000.0,22796000000.0,6.15,6.04,6.15,77620000000.0,72414000000.0,77620000000.0,456111071121.0,20.0,17.476,18744000000.0,6.45,1.0,38364000000.0,0.86,20003000000.0,0.0,51774000000.0,49136000000.0,0.0,31874000000.0,31874000000.0,0.0,11325000000.0,5086000000.0,6239000000.0,464190071121.0,4927000000.0,-122000000.0,-3522000000.0,0.0,0.0,-6846000000.0,-15485000000.0,-7044000000.0,27018000000.0,240000000.0,17858000000.0,17849000000.0,17849000000.0,0.0,0.0,0.4,16040000000.0,22324000000.0,989000000.0,0.0,5.98,26.007,25.982,16211000000.0,9000000.0,159.79,10.411,10.414,5115000000.0,36780000000.0,44587000000.0,44587000000.0,8158000000.0,0.219,0.246,0.464,0.511,3811000000.0,7882000000.0,1.0,2905000758.0,2906000000.0,2945000000.0,15.343,68942000000.0,0.0,4938000000.0,0.0,23.724,45326000000.0
14,FB,MRT,2017-12-31,2017-12-31,2017-12-31,2021-07-29,-227000000.0,84524000000.0,76519750000.0,48563000000.0,35961000000.0,0.531,25.628,-6733000000.0,8079000000.0,8079000000.0,5454000000.0,15934000000.0,12.916,0.137,0.0,0.0,0.0,0.0,98000000.0,3025000000.0,0.0,0.0,0.0,20594000000.0,23619000000.0,0.581,23619000000.0,20594000000.0,20594000000.0,5.49,5.39,5.49,74347000000.0,68556000000.0,74347000000.0,505558011672.0,25.0,21.405,17483000000.0,6.027,1.0,35199000000.0,0.866,20105000000.0,0.0,52580000000.0,45741500000.0,0.0,33632000000.0,33632000000.0,0.0,10177000000.0,3760000000.0,6417000000.0,512759011672.0,-905000000.0,-122000000.0,-1976000000.0,0.0,0.0,-5235000000.0,-20118000000.0,-13250000000.0,24216000000.0,232000000.0,15934000000.0,15920000000.0,15920000000.0,0.0,0.0,0.392,14996000000.0,20203000000.0,770000000.0,0.0,6.897,32.208,32.142,13721000000.0,14000000.0,176.46,12.613,12.592,5832000000.0,33990000000.0,40653000000.0,40653000000.0,7754000000.0,0.208,0.232,0.45,0.507,3723000000.0,7242000000.0,1.0,2905808748.0,2901000000.0,2956000000.0,14.013,64419000000.0,0.0,4660000000.0,0.0,22.206,44803000000.0
15,FB,MRT,2017-09-30,2017-09-30,2017-09-30,2021-07-29,-200000000.0,78998000000.0,71629000000.0,44203000000.0,34795000000.0,0.509,24.521,-5739000000.0,7201000000.0,7201000000.0,4891000000.0,15234000000.0,13.375,0.109,0.0,0.0,0.0,0.0,105000000.0,2786000000.0,0.0,0.0,0.0,17665000000.0,20451000000.0,0.56,20451000000.0,17665000000.0,17665000000.0,5.26,5.16,5.26,71208000000.0,64767750000.0,71208000000.0,489988070308.0,28.0,23.959,15736000000.0,5.419,1.0,31599000000.0,0.866,20263000000.0,0.0,48229000000.0,40728000000.0,0.0,31088000000.0,31088000000.0,0.0,7790000000.0,3305000000.0,4485000000.0,496240070308.0,1042000000.0,-148000000.0,-1018000000.0,0.0,0.0,-3388000000.0,-17143000000.0,-11176000000.0,21475000000.0,98000000.0,15234000000.0,15213000000.0,15213000000.0,0.0,0.0,0.417,14182000000.0,17417000000.0,697000000.0,0.0,6.969,32.619,32.485,12158000000.0,21000000.0,170.87,13.599,13.598,4424000000.0,31209000000.0,36490000000.0,36490000000.0,7368000000.0,0.212,0.235,0.434,0.484,3740000000.0,6814000000.0,1.0,2904196584.0,2904000000.0,2956000000.0,12.565,58735000000.0,0.0,2431000000.0,0.0,20.226,40898000000.0
16,FB,MRT,2017-06-30,2017-06-30,2017-06-30,2021-07-29,-370000000.0,73843000000.0,66798000000.0,40804000000.0,33039000000.0,0.497,22.924,-5079000000.0,6252000000.0,6252000000.0,4430000000.0,13154000000.0,12.309,0.111,0.0,0.0,0.0,0.0,88000000.0,2605000000.0,0.0,0.0,0.0,15593000000.0,18198000000.0,0.549,18198000000.0,15593000000.0,15593000000.0,4.55,4.47,4.55,66481000000.0,60494500000.0,66481000000.0,430462755609.0,28.0,23.654,14305000000.0,4.933,1.0,28743000000.0,0.866,20315000000.0,0.0,43961000000.0,36234250000.0,0.0,29200000000.0,29200000000.0,0.0,7362000000.0,3315000000.0,4047000000.0,437566755609.0,1035000000.0,-111000000.0,-378000000.0,0.0,0.0,-1865000000.0,-16531000000.0,-11253000000.0,19384000000.0,47000000.0,13154000000.0,13129000000.0,13129000000.0,0.0,0.0,0.396,13331000000.0,15412000000.0,601000000.0,0.0,6.582,33.328,33.182,10628000000.0,25000000.0,150.98,13.19,13.199,3897000000.0,27560000000.0,33173000000.0,33173000000.0,6858000000.0,0.197,0.217,0.43,0.47,3554000000.0,6473000000.0,1.0,2898176948.0,2900000000.0,2951000000.0,11.439,53528000000.0,0.0,2439000000.0,0.0,18.458,37489000000.0
17,FB,MRT,2017-03-31,2017-03-31,2017-03-31,2021-07-29,-626000000.0,68714000000.0,62272000000.0,36930000000.0,31784000000.0,0.486,21.511,-4630000000.0,7104000000.0,7104000000.0,4110000000.0,11543000000.0,12.613,0.105,0.0,0.0,0.0,0.0,80000000.0,2461000000.0,0.0,0.0,0.0,13859000000.0,16320000000.0,0.539,16320000000.0,13859000000.0,13859000000.0,4.01,3.93,4.01,62188000000.0,56470000000.0,62188000000.0,401618848495.0,29.0,24.609,13059000000.0,4.517,1.0,26178000000.0,0.864,20486000000.0,0.0,38196000000.0,32118500000.0,0.0,25202000000.0,25202000000.0,0.0,6526000000.0,2928000000.0,3598000000.0,410521848495.0,568000000.0,-122000000.0,-228000000.0,0.0,0.0,-992000000.0,-16036000000.0,-11241000000.0,17689000000.0,-93000000.0,11543000000.0,11515000000.0,11515000000.0,0.0,0.0,0.38,12433000000.0,13745000000.0,448000000.0,0.0,6.601,35.651,35.424,9462000000.0,28000000.0,142.05,13.554,13.559,3415000000.0,24175000000.0,30288000000.0,30288000000.0,6410000000.0,0.185,0.204,0.431,0.458,3339000000.0,6023000000.0,1.0,2889981334.0,2891000000.0,2944000000.0,10.477,48228000000.0,0.0,2316000000.0,0.0,16.682,34002000000.0
18,FB,MRT,2016-12-31,2016-12-31,2016-12-31,2021-07-29,-703000000.0,64961000000.0,58112250000.0,34401000000.0,30560000000.0,0.476,20.676,-4491000000.0,8903000000.0,8903000000.0,3789000000.0,10217000000.0,11.966,0.097,0.0,0.0,0.0,0.0,90000000.0,2342000000.0,0.0,0.0,0.0,12518000000.0,14860000000.0,0.538,14860000000.0,12518000000.0,12518000000.0,3.56,3.49,3.56,59194000000.0,52710500000.0,59194000000.0,325555368344.0,26.0,21.908,11617000000.0,4.058,1.0,23849000000.0,0.863,20657000000.0,0.0,32526000000.0,28248000000.0,0.0,20546000000.0,20546000000.0,0.0,5767000000.0,2875000000.0,2892000000.0,331593368344.0,3943000000.0,-123000000.0,0.0,-312000000.0,0.0,-310000000.0,-11792000000.0,-7186000000.0,16108000000.0,-63000000.0,10217000000.0,10188000000.0,10188000000.0,0.0,0.0,0.369,11422000000.0,12427000000.0,582000000.0,0.0,5.602,32.547,32.317,8591000000.0,29000000.0,115.05,11.998,11.918,3993000000.0,21670000000.0,27638000000.0,27638000000.0,5919000000.0,0.175,0.193,0.443,0.453,3218000000.0,5503000000.0,1.0,2882167478.0,2863000000.0,2925000000.0,9.654,44304000000.0,0.0,2301000000.0,0.0,15.475,31526000000.0
19,FB,MRT,2016-09-30,2016-09-30,2016-09-30,2021-07-29,-372000000.0,59674000000.0,54223750000.0,30328000000.0,29346000000.0,0.455,18.849,-3914000000.0,6038000000.0,6038000000.0,3566000000.0,8209000000.0,11.687,0.103,0.0,0.0,0.0,0.0,78000000.0,2271000000.0,0.0,0.0,0.0,10541000000.0,12812000000.0,0.519,12812000000.0,10541000000.0,10541000000.0,2.87,2.82,2.87,54115000000.0,48966500000.0,54115000000.0,363240374758.0,34.0,28.352,11812000000.0,4.114,1.0,21104000000.0,0.855,20787000000.0,0.0,30254000000.0,25470750000.0,0.0,20102000000.0,20102000000.0,0.0,5559000000.0,2595000000.0,2964000000.0,368348374758.0,1730000000.0,-85000000.0,0.0,-324000000.0,0.0,-1481000000.0,-12490000000.0,-8598000000.0,15726000000.0,-25000000.0,8209000000.0,8182000000.0,8182000000.0,0.0,0.0,0.332,10683000000.0,10421000000.0,499000000.0,0.0,6.807,45.019,44.693,7899000000.0,27000000.0,128.27,14.931,14.928,3070000000.0,15731000000.0,24670000000.0,24670000000.0,5670000000.0,0.151,0.167,0.414,0.427,4854000000.0,5013000000.0,1.0,2871664261.0,2871000000.0,2931000000.0,8.593,38887000000.0,0.0,2332000000.0,0.0,13.545,27733000000.0
20,FB,MRT,2016-06-30,2016-06-30,2016-06-30,2021-07-29,-374000000.0,55739000000.0,50922500000.0,27010000000.0,28729000000.0,0.435,17.641,-3599000000.0,5108000000.0,5108000000.0,3299000000.0,6478000000.0,12.216,0.106,0.0,0.0,0.0,0.0,79000000.0,2166000000.0,0.0,0.0,0.0,8809000000.0,10975000000.0,0.495,10975000000.0,8809000000.0,8809000000.0,2.28,2.23,2.28,50383000000.0,45792750000.0,50383000000.0,320419600660.0,36.0,29.195,10283000000.0,3.6,1.0,18861000000.0,0.851,20922000000.0,0.0,27498000000.0,22665750000.0,0.0,18185000000.0,18185000000.0,0.0,5356000000.0,2211000000.0,3145000000.0,326875600660.0,-15000000.0,-51000000.0,0.0,-347000000.0,0.0,-1158000000.0,-12673000000.0,-9155000000.0,13882000000.0,-66000000.0,6478000000.0,6453000000.0,6453000000.0,0.0,0.0,0.291,10098000000.0,8763000000.0,362000000.0,0.0,6.488,50.655,50.123,7104000000.0,25000000.0,114.28,14.751,14.729,2801000000.0,13352000000.0,22160000000.0,22160000000.0,5399000000.0,0.127,0.141,0.389,0.398,4787000000.0,4699000000.0,1.0,2860304521.0,2856000000.0,2921000000.0,7.759,34817000000.0,0.0,2331000000.0,0.0,12.191,24799000000.0
21,FB,MRT,2016-03-31,2016-03-31,2016-03-31,2021-07-29,-276000000.0,52075000000.0,48020250000.0,23812000000.0,28263000000.0,0.412,16.585,-3153000000.0,6456000000.0,6456000000.0,3050000000.0,4914000000.0,13.163,0.104,0.0,0.0,0.0,0.0,55000000.0,2040000000.0,0.0,0.0,0.0,7328000000.0,9368000000.0,0.474,9368000000.0,7328000000.0,7328000000.0,1.74,1.7,1.74,47150000000.0,43060000000.0,47150000000.0,319967602312.0,44.0,34.155,8944000000.0,3.146,1.0,16716000000.0,0.846,21096000000.0,0.0,22714000000.0,19702500000.0,0.0,14165000000.0,14165000000.0,0.0,4925000000.0,1809000000.0,3116000000.0,324760602312.0,3037000000.0,-57000000.0,0.0,-384000000.0,0.0,-820000000.0,-8266000000.0,-5168000000.0,12097000000.0,26000000.0,4914000000.0,4892000000.0,4892000000.0,0.0,0.0,0.247,9414000000.0,7302000000.0,365000000.0,0.0,6.888,66.386,65.575,6467000000.0,22000000.0,114.1,16.43,16.411,2348000000.0,11297000000.0,19766000000.0,19766000000.0,5098000000.0,0.102,0.114,0.372,0.371,4733000000.0,4316000000.0,1.0,2846280476.0,2843000000.0,2905000000.0,6.953,30979000000.0,0.0,2414000000.0,0.0,10.897,22003000000.0
22,FB,MRT,2015-12-31,2015-12-31,2015-12-31,2021-07-29,-455000000.0,49407000000.0,45503250000.0,21652000000.0,27755000000.0,0.394,15.775,-2523000000.0,4907000000.0,4907000000.0,2867000000.0,3688000000.0,11.248,0.117,114000000.0,7000000.0,107000000.0,114000000.0,56000000.0,1945000000.0,0.0,0.0,0.0,6194000000.0,8139000000.0,0.454,8139000000.0,6194000000.0,6194000000.0,1.31,1.29,1.31,44218000000.0,40647750000.0,44218000000.0,291795857587.0,47.0,35.852,7797000000.0,2.782,1.0,15061000000.0,0.84,21272000000.0,0.0,21417000000.0,17836250000.0,0.0,13527000000.0,13527000000.0,0.0,5189000000.0,1925000000.0,3264000000.0,295977857587.0,592000000.0,-313000000.0,0.0,-119000000.0,0.0,-139000000.0,-9434000000.0,-6700000000.0,10320000000.0,-155000000.0,3688000000.0,3669000000.0,3669000000.0,0.0,0.0,0.205,8836000000.0,6225000000.0,413000000.0,0.0,6.694,80.67,79.893,5687000000.0,19000000.0,104.66,16.509,16.363,2559000000.0,9787000000.0,17928000000.0,17928000000.0,4816000000.0,0.081,0.09,0.347,0.345,4681000000.0,4020000000.0,1.0,2827994053.0,2803000000.0,2853000000.0,6.396,28135000000.0,0.0,2506000000.0,0.0,10.037,19727000000.0
23,FB,MRT,2015-09-30,2015-09-30,2015-09-30,2021-07-29,-380000000.0,46469000000.0,43143000000.0,19139000000.0,27330000000.0,0.369,14.751,-2348000000.0,4308000000.0,4308000000.0,2694000000.0,2828000000.0,10.68,0.122,126000000.0,17000000.0,109000000.0,126000000.0,47000000.0,1835000000.0,0.0,0.0,0.0,4751000000.0,6586000000.0,0.413,6586000000.0,4751000000.0,4751000000.0,1.01,0.98,1.01,41420000000.0,38617250000.0,41420000000.0,248323339731.0,52.0,37.705,6876000000.0,2.449,1.0,13243000000.0,0.831,21461000000.0,0.0,19034000000.0,15619500000.0,0.0,11526000000.0,11526000000.0,0.0,5049000000.0,1792000000.0,3257000000.0,253297339731.0,-4691000000.0,-4530000000.0,-7000000.0,-151000000.0,0.0,-440000000.0,-13324000000.0,-6288000000.0,9224000000.0,-151000000.0,2828000000.0,2811000000.0,2811000000.0,0.0,0.0,0.176,8445000000.0,4798000000.0,390000000.0,0.0,6.115,90.109,89.01,5335000000.0,17000000.0,89.9,15.894,15.84,2010000000.0,8226000000.0,15937000000.0,15937000000.0,4614000000.0,0.065,0.073,0.304,0.298,4923000000.0,3831000000.0,1.0,2817545492.0,2808000000.0,2863000000.0,5.676,25008000000.0,0.0,1923000000.0,0.0,8.906,17347000000.0
24,FB,MRT,2015-06-30,2015-06-30,2015-06-30,2021-07-29,-357000000.0,44130000000.0,37572750000.0,16951000000.0,27179000000.0,0.39,14.11,-2050000000.0,5123000000.0,5123000000.0,2539000000.0,2738000000.0,9.012,0.119,149000000.0,39000000.0,110000000.0,149000000.0,49000000.0,1638000000.0,0.0,0.0,0.0,4655000000.0,6293000000.0,0.43,6293000000.0,4655000000.0,4655000000.0,1.0,0.97,1.0,39452000000.0,33571750000.0,39452000000.0,237629422819.0,51.0,37.761,6230000000.0,2.228,1.0,12100000000.0,0.827,21630000000.0,0.0,15645000000.0,13437000000.0,0.0,9002000000.0,9002000000.0,0.0,4678000000.0,1881000000.0,2797000000.0,240862422819.0,739000000.0,-5238000000.0,-2000000.0,-177000000.0,0.0,-317000000.0,-7027000000.0,564000000.0,8280000000.0,-197000000.0,2738000000.0,2722000000.0,2722000000.0,0.0,0.0,0.186,7364000000.0,4736000000.0,321000000.0,0.0,6.105,88.487,85.77,4955000000.0,16000000.0,85.77,16.453,16.382,1815000000.0,7330000000.0,14639000000.0,14639000000.0,3951000000.0,0.072,0.081,0.346,0.318,4516000000.0,3413000000.0,1.0,2808236246.0,2796000000.0,2850000000.0,5.236,22500000000.0,0.0,1917000000.0,0.0,8.047,15070000000.0
25,FB,MRT,2015-03-31,2015-03-31,2015-03-31,2021-07-29,-447000000.0,42007000000.0,31732500000.0,15004000000.0,27003000000.0,0.426,13.47,-1970000000.0,3419000000.0,3419000000.0,2344000000.0,2810000000.0,8.593,0.12,186000000.0,73000000.0,113000000.0,186000000.0,55000000.0,1436000000.0,0.0,0.0,0.0,4768000000.0,6204000000.0,0.459,6204000000.0,4768000000.0,4768000000.0,1.05,1.02,1.05,37501000000.0,28295250000.0,37501000000.0,226052751347.0,47.0,36.437,5771000000.0,2.073,1.0,11163000000.0,0.826,21779000000.0,0.0,15249000000.0,12982000000.0,0.0,8994000000.0,8994000000.0,0.0,4506000000.0,1746000000.0,2760000000.0,230134751347.0,421000000.0,-5232000000.0,-1000000.0,-206000000.0,0.0,-189000000.0,-6885000000.0,643000000.0,7741000000.0,-246000000.0,2810000000.0,2795000000.0,2795000000.0,0.0,0.0,0.207,6310000000.0,4853000000.0,318000000.0,0.0,6.137,82.338,78.305,4619000000.0,15000000.0,82.22,17.038,16.947,1508000000.0,6611000000.0,13507000000.0,13507000000.0,3273000000.0,0.088,0.099,0.367,0.353,4062000000.0,3037000000.0,1.0,2799011814.0,2784000000.0,2836000000.0,4.852,20228000000.0,0.0,1958000000.0,0.0,7.266,13258000000.0
26,FB,MRT,2014-12-31,2014-12-31,2014-12-31,2021-07-29,-228000000.0,39966000000.0,25987750000.0,13390000000.0,26576000000.0,0.48,13.809,-1831000000.0,4315000000.0,4315000000.0,2153000000.0,2940000000.0,9.403,0.107,233000000.0,114000000.0,119000000.0,233000000.0,66000000.0,1243000000.0,0.0,0.0,0.0,4910000000.0,6153000000.0,0.494,6153000000.0,4910000000.0,4910000000.0,1.12,1.1,1.12,36096000000.0,23104250000.0,36096000000.0,208786895889.0,43.0,33.933,5495000000.0,2.102,1.0,10313000000.0,0.827,21910000000.0,0.0,12550000000.0,12595500000.0,0.0,6884000000.0,6884000000.0,0.0,3870000000.0,1424000000.0,2446000000.0,217507895889.0,992000000.0,-4975000000.0,0.0,-243000000.0,0.0,-298000000.0,-5913000000.0,1243000000.0,7326000000.0,-123000000.0,2940000000.0,2925000000.0,2925000000.0,0.0,0.0,0.235,5319000000.0,4994000000.0,378000000.0,0.0,6.026,74.362,69.661,3967000000.0,15000000.0,78.02,17.448,16.36,1678000000.0,6099000000.0,12466000000.0,12466000000.0,2666000000.0,0.113,0.127,0.39,0.394,3639000000.0,2653000000.0,1.0,2787847935.0,2614000000.0,2664000000.0,4.769,18056000000.0,0.0,1970000000.0,0.0,6.907,11966000000.0
27,FB,MRT,2014-09-30,2014-09-30,2014-09-30,2021-07-29,-109000000.0,24188000000.0,20470000000.0,16115000000.0,8073000000.0,0.547,8.21,-1797000000.0,8999000000.0,8999000000.0,1991000000.0,2762000000.0,13.059,0.139,278000000.0,149000000.0,129000000.0,278000000.0,48000000.0,1084000000.0,0.0,0.0,0.0,4927000000.0,6011000000.0,0.537,6011000000.0,4927000000.0,4927000000.0,1.09,1.06,1.09,21238000000.0,17947750000.0,21238000000.0,201450077753.0,41.0,33.514,3308000000.0,1.279,1.0,9210000000.0,0.822,3929000000.0,0.0,10304000000.0,12514500000.0,0.0,5251000000.0,5251000000.0,0.0,2950000000.0,1234000000.0,1716000000.0,205508077753.0,5899000000.0,-885000000.0,1491000000.0,-299000000.0,0.0,2695000000.0,-1831000000.0,981000000.0,5105000000.0,-70000000.0,2762000000.0,2749000000.0,2749000000.0,0.0,0.0,0.245,4216000000.0,4994000000.0,328000000.0,0.0,9.676,74.757,72.514,3703000000.0,13000000.0,79.04,18.347,18.255,1363000000.0,5398000000.0,11201000000.0,11201000000.0,1964000000.0,0.134,0.153,0.394,0.44,1204000000.0,2252000000.0,1.0,2600051591.0,2587000000.0,2644000000.0,4.33,20259000000.0,0.0,2165000000.0,0.0,7.831,14881000000.0
28,FB,MRT,2014-06-30,2014-06-30,2014-06-30,2021-07-29,-5000000.0,20769000000.0,18156250000.0,15557000000.0,5212000000.0,0.552,7.166,-1599000000.0,4384000000.0,4384000000.0,1933000000.0,2381000000.0,12.815,0.132,326000000.0,173000000.0,153000000.0,326000000.0,53000000.0,1069000000.0,0.0,0.0,0.0,4317000000.0,5386000000.0,0.538,5386000000.0,4317000000.0,4317000000.0,0.95,0.93,0.95,18346000000.0,15900250000.0,18346000000.0,170083501742.0,39.0,31.579,3208000000.0,1.253,1.0,8081000000.0,0.807,1672000000.0,0.0,13825000000.0,12392250000.0,0.0,9572000000.0,9572000000.0,0.0,2423000000.0,1214000000.0,1209000000.0,172689501742.0,1383000000.0,-166000000.0,1496000000.0,-1841000000.0,0.0,658000000.0,-4094000000.0,-2311000000.0,4807000000.0,12000000.0,2381000000.0,2369000000.0,2369000000.0,0.0,0.0,0.237,3748000000.0,4333000000.0,322000000.0,0.0,9.413,72.896,70.832,3334000000.0,12000000.0,67.29,17.245,17.202,1190000000.0,4592000000.0,10014000000.0,10014000000.0,1725000000.0,0.13,0.149,0.348,0.431,1092000000.0,2023000000.0,1.0,2566347180.0,2560000000.0,2615000000.0,3.912,19097000000.0,0.0,1936000000.0,0.0,7.46,14343000000.0
29,FB,MRT,2014-03-31,2014-03-31,2014-03-31,2021-07-29,15000000.0,19028000000.0,16895000000.0,14060000000.0,4968000000.0,0.528,6.576,-1398000000.0,2998000000.0,2998000000.0,1925000000.0,1923000000.0,13.558,0.137,392000000.0,201000000.0,191000000.0,392000000.0,38000000.0,1042000000.0,0.0,0.0,0.0,3476000000.0,4518000000.0,0.507,4518000000.0,3476000000.0,3476000000.0,0.78,0.76,0.78,16737000000.0,14401000000.0,16737000000.0,150749505489.0,43.0,33.366,3390000000.0,1.332,1.0,6992000000.0,0.784,1682000000.0,0.0,13703000000.0,11980750000.0,0.0,9631000000.0,9631000000.0,0.0,2291000000.0,1037000000.0,1254000000.0,153596505489.0,673000000.0,-269000000.0,1497000000.0,-1866000000.0,0.0,39000000.0,-4170000000.0,-2484000000.0,4788000000.0,16000000.0,1923000000.0,1912000000.0,1912000000.0,0.0,0.0,0.214,3487000000.0,3505000000.0,273000000.0,0.0,9.177,80.333,77.231,3074000000.0,11000000.0,60.24,17.225,17.193,1006000000.0,3801000000.0,8917000000.0,8917000000.0,1577000000.0,0.113,0.133,0.29,0.39,1003000000.0,1910000000.0,1.0,2549742787.0,2545000000.0,2609000000.0,3.504,17346000000.0,0.0,1553000000.0,0.0,6.816,13023000000.0
30,FB,MRT,2013-12-31,2013-12-31,2013-12-31,2021-07-29,14000000.0,17895000000.0,15928750000.0,13070000000.0,4825000000.0,0.494,6.393,-1362000000.0,3323000000.0,3323000000.0,1875000000.0,1500000000.0,11.882,0.157,476000000.0,239000000.0,237000000.0,476000000.0,38000000.0,1011000000.0,0.0,0.0,0.0,2754000000.0,3765000000.0,0.478,3765000000.0,2754000000.0,2754000000.0,0.62,0.6,0.62,15470000000.0,13172750000.0,15470000000.0,131631357304.0,48.0,34.962,2860000000.0,1.182,1.0,5997000000.0,0.762,1722000000.0,0.0,12226000000.0,11688000000.0,0.0,8126000000.0,8126000000.0,0.0,2425000000.0,1100000000.0,1325000000.0,134156357304.0,939000000.0,-368000000.0,1504000000.0,-1891000000.0,0.0,-667000000.0,-2624000000.0,-882000000.0,4222000000.0,8000000.0,1500000000.0,1491000000.0,1491000000.0,0.0,0.0,0.189,3193000000.0,2804000000.0,268000000.0,0.0,8.672,89.977,88.145,2882000000.0,9000000.0,54.65,17.042,16.8,1109000000.0,3159000000.0,7872000000.0,7872000000.0,1415000000.0,0.094,0.113,0.236,0.35,899000000.0,1778000000.0,1.0,2454828130.0,2420000000.0,2517000000.0,3.253,16173000000.0,0.0,1254000000.0,0.0,6.683,11970000000.0
31,FB,MRT,2013-09-30,2013-09-30,2013-09-30,2021-07-29,13000000.0,14933000000.0,15230750000.0,10549000000.0,4384000000.0,0.451,5.37,-1077000000.0,3100000000.0,3100000000.0,1782000000.0,1041000000.0,10.721,0.144,575000000.0,288000000.0,287000000.0,575000000.0,36000000.0,961000000.0,0.0,0.0,0.0,2094000000.0,3055000000.0,0.445,3055000000.0,2094000000.0,2129000000.0,0.43,0.41,0.43,13048000000.0,12244000000.0,13048000000.0,121492122043.0,58.0,39.768,2595000000.0,1.068,1.0,5090000000.0,0.741,1609000000.0,-35000000.0,9815000000.0,11790250000.0,0.0,6228000000.0,6228000000.0,0.0,1885000000.0,984000000.0,901000000.0,122326122043.0,622000000.0,-237000000.0,28000000.0,-430000000.0,0.0,-3506000000.0,445000000.0,1758000000.0,3672000000.0,11000000.0,1041000000.0,1013000000.0,1013000000.0,0.0,0.0,0.147,2896000000.0,2194000000.0,207000000.0,0.0,9.375,120.756,116.814,2685000000.0,28000000.0,50.23,17.801,17.762,872000000.0,2636000000.0,6872000000.0,6872000000.0,1303000000.0,0.067,0.083,0.178,0.305,809000000.0,1593000000.0,1.0,2435319969.0,2430000000.0,2528000000.0,2.828,13324000000.0,7000000.0,1088000000.0,0.0,5.483,9565000000.0
32,FB,MRT,2013-06-30,2013-06-30,2013-06-30,2021-07-29,-29000000.0,15724000000.0,15507000000.0,11421000000.0,4303000000.0,0.395,5.13,-964000000.0,3001000000.0,3001000000.0,1597000000.0,557000000.0,10.575,0.273,2167000000.0,316000000.0,1851000000.0,2167000000.0,32000000.0,863000000.0,0.0,0.0,0.0,1751000000.0,2614000000.0,0.427,2614000000.0,1751000000.0,1775000000.0,0.24,0.22,0.24,12349000000.0,12525500000.0,12349000000.0,60090491950.0,34.0,22.988,2008000000.0,0.834,1.0,4521000000.0,0.739,1631000000.0,-24000000.0,12179000000.0,12326250000.0,0.0,7251000000.0,7251000000.0,0.0,3375000000.0,1080000000.0,2295000000.0,60157491950.0,903000000.0,-557000000.0,17000000.0,1196000000.0,0.0,-1400000000.0,-678000000.0,841000000.0,2972000000.0,9000000.0,557000000.0,532000000.0,532000000.0,0.0,0.0,0.087,2686000000.0,1835000000.0,227000000.0,0.0,4.871,113.078,103.667,2577000000.0,25000000.0,24.88,9.833,9.789,775000000.0,2211000000.0,6118000000.0,6118000000.0,1178000000.0,0.034,0.042,0.142,0.286,750000000.0,1508000000.0,1.0,2417905625.0,2407000000.0,2502000000.0,2.542,14093000000.0,7000000.0,1218000000.0,0.0,5.855,10341000000.0
33,FB,MRT,2013-03-31,2013-03-31,2013-03-31,2021-07-29,-15000000.0,15163000000.0,15308000000.0,11042000000.0,4121000000.0,0.359,4.956,-1109000000.0,2325000000.0,2325000000.0,1499000000.0,67000000.0,10.388,0.282,2258000000.0,338000000.0,1920000000.0,2258000000.0,30000000.0,772000000.0,0.0,0.0,0.0,451000000.0,1223000000.0,0.223,1223000000.0,451000000.0,465000000.0,0.02,0.01,0.02,11824000000.0,12765500000.0,11824000000.0,60906990125.0,135.0,49.801,781000000.0,0.327,1.0,3990000000.0,0.727,1501000000.0,-14000000.0,12532000000.0,12204750000.0,0.0,7147000000.0,7147000000.0,0.0,3339000000.0,1063000000.0,2276000000.0,60934990125.0,1043000000.0,-985000000.0,6780000000.0,1235000000.0,0.0,5789000000.0,-6630000000.0,-4539000000.0,1890000000.0,-6000000.0,67000000.0,44000000.0,44000000.0,0.0,0.0,0.008,3460000000.0,530000000.0,265000000.0,0.0,5.154,1384.886,1279.0,2533000000.0,23000000.0,25.58,11.101,11.119,659000000.0,1878000000.0,5489000000.0,5489000000.0,1539000000.0,0.003,0.003,0.037,0.082,1636000000.0,1921000000.0,1.0,2382134094.0,2386000000.0,2499000000.0,2.301,13662000000.0,426000000.0,398000000.0,0.0,5.726,9979000000.0
34,FB,MRT,2012-12-31,2012-12-31,2012-12-31,2021-07-29,2000000.0,15103000000.0,13232000000.0,11267000000.0,3836000000.0,0.385,5.86,-1235000000.0,2384000000.0,2384000000.0,1364000000.0,53000000.0,10.71,0.285,2356000000.0,365000000.0,1991000000.0,2356000000.0,30000000.0,649000000.0,0.0,0.0,0.0,494000000.0,1143000000.0,0.225,1143000000.0,494000000.0,494000000.0,0.02,0.01,0.02,11755000000.0,11127500000.0,11755000000.0,56094294939.0,114.0,49.076,377000000.0,0.188,1.0,3725000000.0,0.732,1388000000.0,0.0,12635000000.0,10335500000.0,0.0,7242000000.0,7242000000.0,0.0,3348000000.0,1052000000.0,2296000000.0,57670294939.0,872000000.0,-911000000.0,6777000000.0,1335000000.0,0.0,6283000000.0,-7024000000.0,-4874000000.0,1612000000.0,1000000.0,53000000.0,32000000.0,32000000.0,0.0,0.0,0.006,3187000000.0,538000000.0,234000000.0,0.0,4.906,1802.197,1331.0,2391000000.0,21000000.0,26.62,11.332,10.493,719000000.0,1659000000.0,5089000000.0,5089000000.0,1399000000.0,0.002,0.003,0.048,0.097,1572000000.0,1788000000.0,1.0,2166427308.0,2006000000.0,2166000000.0,2.537,13715000000.0,451000000.0,441000000.0,0.0,6.837,10215000000.0
35,FB,MRT,2012-09-30,2012-09-30,2012-09-30,2021-07-29,-6000000.0,16038000000.0,11039000000.0,12285000000.0,3753000000.0,0.42,5.857,-1222000000.0,2478000000.0,2478000000.0,1213000000.0,291000000.0,11.375,0.132,902000000.0,372000000.0,530000000.0,902000000.0,85000000.0,528000000.0,0.0,0.0,0.0,558000000.0,1086000000.0,0.234,1086000000.0,558000000.0,508000000.0,0.16,0.13,0.16,14174000000.0,9413500000.0,14174000000.0,45011681610.0,81.0,41.447,219000000.0,0.09,1.0,3422000000.0,0.738,1423000000.0,50000000.0,11959000000.0,8285500000.0,0.0,7974000000.0,7974000000.0,0.0,1864000000.0,1080000000.0,784000000.0,46403681610.0,1572000000.0,-930000000.0,6770000000.0,76000000.0,0.0,7728000000.0,-7602000000.0,-5449000000.0,1441000000.0,5000000.0,291000000.0,126000000.0,126000000.0,0.0,0.0,0.027,2860000000.0,562000000.0,214000000.0,0.0,3.274,368.283,135.375,2289000000.0,165000000.0,21.66,10.012,11.309,635000000.0,1595000000.0,4635000000.0,4635000000.0,1226000000.0,0.011,0.013,0.067,0.12,1464000000.0,1634000000.0,1.0,2142367572.0,2420000000.0,2420000000.0,1.915,14615000000.0,567000000.0,217000000.0,0.0,6.039,11205000000.0
36,FB,MRT,2012-06-30,2012-06-30,2012-06-30,2021-07-29,-29000000.0,14928000000.0,,11967000000.0,2961000000.0,,7.083,-1187000000.0,2098000000.0,2098000000.0,1127000000.0,577000000.0,11.574,0.122,706000000.0,312000000.0,394000000.0,706000000.0,85000000.0,449000000.0,0.0,0.0,0.0,564000000.0,1013000000.0,0.234,1013000000.0,564000000.0,515000000.0,0.29,0.25,0.29,13309000000.0,,13309000000.0,65918444651.0,117.0,65.073,569000000.0,0.303,1.0,3200000000.0,0.74,809000000.0,49000000.0,11693000000.0,,0.0,8090000000.0,8090000000.0,0.0,1619000000.0,1034000000.0,585000000.0,66494444651.0,967000000.0,-595000000.0,6774000000.0,2000000.0,0.0,7235000000.0,-8008000000.0,-6232000000.0,1756000000.0,-16000000.0,577000000.0,335000000.0,335000000.0,0.0,0.0,0.077,2601000000.0,599000000.0,196000000.0,0.0,4.996,198.491,107.241,2105000000.0,242000000.0,31.1,15.367,13.505,578000000.0,1654000000.0,4327000000.0,4327000000.0,1090000000.0,,,,0.13,1355000000.0,1511000000.0,1.0,2138085037.0,1879000000.0,1879000000.0,2.303,14119000000.0,567000000.0,-62000000.0,0.0,7.514,10933000000.0
37,FB,MRT,2012-03-31,2012-03-31,2012-03-31,2021-07-29,-7000000.0,6859000000.0,,4694000000.0,2165000000.0,,3.914,-906000000.0,1282000000.0,1282000000.0,970000000.0,974000000.0,4.518,0.301,706000000.0,302000000.0,404000000.0,706000000.0,93000000.0,382000000.0,0.0,,0.0,1727000000.0,2109000000.0,0.522,2109000000.0,1727000000.0,1679000000.0,0.49,0.44,0.49,5272000000.0,,5272000000.0,,,,739000000.0,0.549,1.0,3068000000.0,0.76,189000000.0,48000000.0,5055000000.0,,0.0,2628000000.0,2628000000.0,0.0,1587000000.0,1039000000.0,548000000.0,,-1494000000.0,-48000000.0,24000000.0,8000000.0,0.0,450000000.0,-3590000000.0,-2640000000.0,1645000000.0,1000000.0,974000000.0,651000000.0,651000000.0,0.0,0.0,0.161,1319000000.0,1749000000.0,307000000.0,0.0,,,,1855000000.0,323000000.0,,,,482000000.0,1811000000.0,4038000000.0,4038000000.0,484000000.0,,,,0.428,313000000.0,835000000.0,1.0,2138085037.0,1347000000.0,1527000000.0,2.998,6670000000.0,0.0,705000000.0,0.0,4.952,3655000000.0
38,FB,MRT,2011-12-31,2011-12-31,2011-12-31,2021-07-29,-6000000.0,6331000000.0,4660500000.0,4604000000.0,1727000000.0,0.796,3.786,-606000000.0,1512000000.0,1512000000.0,860000000.0,1000000000.0,5.121,0.292,677000000.0,279000000.0,398000000.0,677000000.0,90000000.0,323000000.0,0.0,,0.0,1737000000.0,2060000000.0,0.555,2060000000.0,1737000000.0,1695000000.0,0.52,0.46,0.52,4899000000.0,3530500000.0,4899000000.0,,,,943000000.0,0.729,1.0,2851000000.0,0.768,162000000.0,42000000.0,4435000000.0,2814000000.0,0.0,2396000000.0,2396000000.0,0.0,1432000000.0,899000000.0,533000000.0,,-273000000.0,-24000000.0,1026000000.0,-261000000.0,0.0,1198000000.0,-3023000000.0,-2399000000.0,1549000000.0,3000000.0,1000000000.0,668000000.0,668000000.0,0.0,0.0,0.18,1095000000.0,1756000000.0,234000000.0,0.0,,,,1475000000.0,332000000.0,,,,547000000.0,1606000000.0,3711000000.0,3711000000.0,388000000.0,0.143,0.189,0.617,0.468,217000000.0,707000000.0,1.0,,1294000000.0,1508000000.0,2.868,6169000000.0,0.0,695000000.0,0.0,4.767,3705000000.0
39,FB,MRT,2011-09-30,2011-09-30,2011-09-30,2021-07-29,,,,,,,,,,,,,,,,,,,,,,,0.0,,,,,,,,,,,,,,,,,,1.0,,,,,,,,,,,,,,,,,,,,,,,,,,,,,,,,,,,,,,,,,,,,,,,,,,,,,,1.0,,1316000000.0,,,,,,,,
40,FB,MRT,2011-06-30,2011-06-30,2011-06-30,2021-07-29,,,,,,,,,,,,,,,,,,,,,,,0.0,,,,,,,,,,,,,,,,,,1.0,,,,,,,,,,,,,,,,,,,,,,,,,,,,,,,,,,,,,,,,,,,,,,,,,,,,,,1.0,,1292000000.0,,,,,,,,
41,FB,MRT,2011-03-31,2011-03-31,2011-03-31,2021-07-29,,,,,,,,,,,,,,,,,,,,,,,0.0,,,,,,,,,,,,,,,,,,1.0,,,,,,,,,,,,,,,,,,,,,,,,,,,,,,,,,,,,,,,,,,,,,,,,,,,,,,1.0,,,,,,,,,,
42,FB,MRT,2010-12-31,2010-12-31,2010-12-31,2021-07-29,-6000000.0,2990000000.0,,2246000000.0,744000000.0,,1.953,-293000000.0,1785000000.0,1785000000.0,493000000.0,606000000.0,5.774,0.383,473000000.0,106000000.0,367000000.0,473000000.0,42000000.0,139000000.0,0.0,,0.0,1030000000.0,1169000000.0,0.592,1169000000.0,1030000000.0,1008000000.0,0.34,0.28,0.34,2162000000.0,,2162000000.0,,,,405000000.0,0.366,1.0,1481000000.0,0.75,96000000.0,22000000.0,1193000000.0,,0.0,0.0,0.0,0.0,828000000.0,389000000.0,439000000.0,,1152000000.0,-22000000.0,506000000.0,160000000.0,0.0,781000000.0,-324000000.0,0.0,698000000.0,-3000000.0,606000000.0,372000000.0,372000000.0,0.0,0.0,0.188,449000000.0,1032000000.0,104000000.0,0.0,,,,574000000.0,234000000.0,,,,373000000.0,606000000.0,1974000000.0,1974000000.0,144000000.0,,,,0.522,20000000.0,305000000.0,1.0,,1107000000.0,1414000000.0,1.783,2894000000.0,0.0,402000000.0,0.0,2.614,1857000000.0
43,FB,MRT,2009-12-31,2009-12-31,2009-12-31,2021-07-29,,,,,,,,-33000000.0,,,223000000.0,229000000.0,,,,,,,,78000000.0,,,0.0,264000000.0,342000000.0,0.44,342000000.0,264000000.0,254000000.0,0.12,0.1,0.12,,,,,,,122000000.0,,1.0,554000000.0,0.713,,10000000.0,,,,,,,,,,,336000000.0,3000000.0,9000000.0,-17000000.0,0.0,243000000.0,-62000000.0,0.0,155000000.0,0.0,229000000.0,122000000.0,122000000.0,0.0,0.0,0.157,292000000.0,262000000.0,,0.0,,,,,107000000.0,,,,,,777000000.0,777000000.0,87000000.0,,,,0.34,26000000.0,205000000.0,1.0,,,,,,,25000000.0,,,
