None,ticker,dimension,calendardate,datekey,reportperiod,lastupdated,accoci,assets,assetsavg,assetsc,assetsnc,assetturnover,bvps,capex,cashneq,cashnequsd,cor,consolinc,currentratio,de,debt,debtc,debtnc,debtusd,deferredrev,depamor,deposits,divyield,dps,ebit,ebitda,ebitdamargin,ebitdausd,ebitusd,ebt,eps,epsdil,epsusd,equity,equityavg,equityusd,ev,evebit,evebitda,fcf,fcfps,fxusd,gp,grossmargin,intangibles,intexp,invcap,invcapavg,inventory,investments,investmentsc,investmentsnc,liabilities,liabilitiesc,liabilitiesnc,marketcap,ncf,ncfbus,ncfcommon,ncfdebt,ncfdiv,ncff,ncfi,ncfinv,ncfo,ncfx,netinc,netinccmn,netinccmnusd,netincdis,netincnci,netmargin,opex,opinc,payables,payoutratio,pb,pe,pe1,ppnenet,prefdivis,price,ps,ps1,receivables,retearn,revenue,revenueusd,rnd,roa,roe,roic,ros,sbcomp,sgna,sharefactor,sharesbas,shareswa,shareswadil,sps,tangibles,taxassets,taxexp,taxliabilities,tbvps,workingcapital
0,ORLY,MRY,2020-12-31,2020-12-31,2020-12-31,2021-08-07,-2155000.0,11596642000.0,11734497500.0,4499787000.0,7096855000.0,0.989,1.9,-449809000.0,465640000.0,465640000.0,5518801000.0,1752302000.0,0.855,81.681,6164686000.0,322778000.0,5841908000.0,6164686000.0,0.0,314635000.0,0.0,0.0,0.0,2427531000.0,2742166000.0,0.236,2742166000.0,2427531000.0,2266405000.0,23.74,23.53,23.74,140258000.0,386856750.0,140258000.0,37742268987.0,16.0,13.764,2386794000.0,32.334,1.0,6085692000.0,0.524,881030000.0,161126000.0,11152241000.0,11215883250.0,3653195000.0,0.0,0.0,0.0,11456384000.0,5262417000.0,6193967000.0,32787980987.0,425234000.0,-975000.0,-2024910000.0,228586000.0,0.0,-1796577000.0,-614895000.0,-164111000.0,2836603000.0,103000.0,1752302000.0,1752302000.0,1752302000.0,0.0,0.0,0.151,3666356000.0,2419336000.0,4184662000.0,0.0,233.769,18.711,19.064,6090045000.0,0.0,452.57,2.825,2.879,330294000.0,-1139139000.0,11604493000.0,11604493000.0,0.0,0.149,4.53,0.216,0.209,22747000.0,3666356000.0,1.0,72448419.0,73817000,74462000.0,157.206,10715612000.0,0.0,514103000.0,172685000.0,145.165,-762630000.0
1,ORLY,MRY,2019-12-31,2019-12-31,2019-12-31,2021-08-07,4890000.0,10717160000.0,10338347250.0,3833662000.0,6883498000.0,0.982,5.161,-620939000.0,40406000.0,40406000.0,4755294000.0,1391042000.0,0.858,25.972,5861885000.0,316061000.0,5545824000.0,5861885000.0,0.0,270875000.0,0.0,0.0,0.0,1930304000.0,2201179000.0,0.217,2201179000.0,1930304000.0,1790329000.0,18.07,17.88,18.07,397340000.0,270151500.0,397340000.0,38769996199.0,20.0,17.613,1087540000.0,14.127,1.0,5394691000.0,0.531,936814000.0,139975000.0,11132398000.0,10670303000.0,3454092000.0,0.0,0.0,0.0,10319820000.0,4469427000.0,5850393000.0,33158268199.0,9091000.0,-142026000.0,-1372585000.0,469965000.0,0.0,-902811000.0,-796746000.0,-33781000.0,1708479000.0,169000.0,1391042000.0,1391042000.0,1391042000.0,0.0,0.0,0.137,3473965000.0,1920726000.0,3604722000.0,0.0,83.451,23.837,24.253,5876572000.0,0.0,438.26,3.267,3.324,294407000.0,-889066000.0,10149985000.0,10149985000.0,0.0,0.135,5.149,0.181,0.19,21921000.0,3473965000.0,1.0,75658897.0,76985000,77788000.0,131.844,9780346000.0,0.0,399287000.0,133280000.0,127.042,-635765000.0
2,ORLY,MRY,2018-12-31,2018-12-31,2018-12-31,2021-08-07,0.0,7980789000.0,7827225000.0,3543102000.0,4437687000.0,1.218,4.344,-499484000.0,31315000.0,31315000.0,4496462000.0,1324487000.0,0.91,21.566,3417122000.0,0.0,3417122000.0,3417122000.0,0.0,258937000.0,0.0,0.0,0.0,1816216000.0,2075153000.0,0.218,2075153000.0,1816216000.0,1694087000.0,16.27,16.1,16.27,353667000.0,415216000.0,353667000.0,30716638147.0,17.0,14.802,1228071000.0,15.086,1.0,5039966000.0,0.528,807260000.0,122129000.0,6665316000.0,6414845000.0,3193344000.0,0.0,0.0,0.0,7627122000.0,3894020000.0,3733102000.0,27582330147.0,-15033000.0,-34818000.0,-1641867000.0,435737000.0,0.0,-1208286000.0,-534302000.0,0.0,1727555000.0,0.0,1324487000.0,1324487000.0,1324487000.0,0.0,0.0,0.139,3224782000.0,1815184000.0,3376403000.0,0.0,77.99,20.825,21.163,3587002000.0,0.0,344.33,2.892,2.939,270181000.0,-909186000.0,9536428000.0,9536428000.0,0.0,0.169,3.19,0.283,0.19,20176000.0,3224782000.0,1.0,80104348.0,81406000,82280000.0,117.147,7173529000.0,0.0,369600000.0,116579000.0,88.12,-350918000.0
3,ORLY,MRY,2017-12-31,2017-12-31,2017-12-31,2021-08-07,0.0,7571885000.0,7400158750.0,3397672000.0,4174213000.0,1.213,7.385,-461476000.0,46348000.0,46348000.0,4257043000.0,1133804000.0,0.932,10.595,2978390000.0,0.0,2978390000.0,2978390000.0,0.0,233845000.0,0.0,0.0,0.0,1729153000.0,1962998000.0,0.219,1962998000.0,1729153000.0,1637804000.0,12.82,12.67,12.82,653046000.0,889783250.0,653046000.0,23316091236.0,13.0,11.878,942211000.0,10.655,1.0,4720683000.0,0.526,789058000.0,91349000.0,6067503000.0,5606801000.0,3009800000.0,0.0,0.0,0.0,6918839000.0,3647366000.0,3271473000.0,20452562236.0,-100250000.0,-2747000.0,-2126768000.0,1087210000.0,0.0,-1039714000.0,-464223000.0,0.0,1403687000.0,0.0,1133804000.0,1133804000.0,1133804000.0,0.0,0.0,0.126,2995283000.0,1725400000.0,3190029000.0,0.0,31.319,18.039,18.763,3343806000.0,0.0,240.54,2.278,2.369,292487000.0,-612840000.0,8977726000.0,8977726000.0,0.0,0.153,1.274,0.308,0.193,19401000.0,2995283000.0,1.0,85027697.0,88426000,89502000.0,101.528,6782827000.0,0.0,504000000.0,85406000.0,76.706,-249694000.0
4,ORLY,MRY,2016-12-31,2016-12-31,2016-12-31,2021-08-07,0.0,7204189000.0,7339235500.0,3257975000.0,3946214000.0,1.171,17.048,-471225000.0,146598000.0,146598000.0,4084085000.0,1037691000.0,0.958,3.428,1887019000.0,0.0,1887019000.0,1887019000.0,0.0,217866000.0,0.0,0.0,0.0,1708122000.0,1925988000.0,0.224,1925988000.0,1708122000.0,1637191000.0,10.87,10.73,10.87,1627136000.0,1789437500.0,1627136000.0,27625122578.0,16.0,14.343,1039488000.0,10.891,1.0,4509011000.0,0.525,785399000.0,70931000.0,4758562000.0,4619034750.0,2778976000.0,0.0,0.0,0.0,5577053000.0,3400649000.0,2176404000.0,26298941578.0,30297000.0,0.0,-1445803000.0,495035000.0,0.0,-951320000.0,-529096000.0,1047000.0,1510713000.0,0.0,1037691000.0,1037691000.0,1037691000.0,0.0,0.0,0.121,2809805000.0,1699206000.0,2936656000.0,0.0,16.163,25.344,25.613,3123431000.0,0.0,278.41,3.06,3.092,279379000.0,289500000.0,8593096000.0,8593096000.0,0.0,0.141,0.58,0.37,0.199,18859000.0,2809805000.0,1.0,94461196.0,95447000,96720000.0,90.03,6418790000.0,0.0,599500000.0,90166000.0,67.25,-142674000.0
5,ORLY,MRY,2015-12-31,2015-12-31,2015-12-31,2021-08-07,0.0,6676684000.0,6726451750.0,3010026000.0,3666658000.0,1.184,19.62,-411262000.0,116301000.0,116301000.0,3804031000.0,931216000.0,0.988,2.404,1390018000.0,0.0,1390018000.0,1390018000.0,0.0,210256000.0,0.0,0.0,0.0,1517495000.0,1727751000.0,0.217,1727751000.0,1517495000.0,1460366000.0,9.32,9.17,9.32,1961314000.0,2019221250.0,1961314000.0,26117413102.0,17.0,15.116,934226000.0,9.346,1.0,4162643000.0,0.523,757142000.0,57129000.0,4146861000.0,4055624750.0,2631015000.0,13219000.0,0.0,13219000.0,4715370000.0,3046398000.0,1668972000.0,24997334102.0,-134259000.0,0.0,-1071600000.0,-25000.0,0.0,-1072559000.0,-407188000.0,4074000.0,1345488000.0,0.0,931216000.0,931216000.0,931216000.0,0.0,0.0,0.117,2648622000.0,1514021000.0,2608231000.0,0.0,12.745,26.844,27.191,2861556000.0,0.0,253.42,3.138,3.18,233687000.0,678840000.0,7966674000.0,7966674000.0,0.0,0.138,0.461,0.374,0.19,21899000.0,2648622000.0,1.0,98639942.0,99965000,101514000.0,79.695,5919542000.0,0.0,529150000.0,81216000.0,59.216,-36372000.0
6,ORLY,MRY,2014-12-31,2014-12-31,2014-12-31,2021-08-07,0.0,6532083000.0,6486227000.0,3065380000.0,3466703000.0,1.113,19.359,-427107000.0,250560000.0,250560000.0,3507180000.0,778182000.0,1.09,2.236,1388422000.0,25000.0,1388397000.0,1388422000.0,0.0,194205000.0,0.0,0.0,0.0,1275472000.0,1469677000.0,0.204,1469677000.0,1275472000.0,1222182000.0,7.46,7.34,7.46,2018418000.0,2068907250.0,2018418000.0,20638542331.0,16.0,14.043,763323000.0,7.321,1.0,3708901000.0,0.514,756384000.0,53290000.0,4100263000.0,3999749250.0,2554789000.0,13349000.0,0.0,13349000.0,4513665000.0,2813298000.0,1700367000.0,19540293331.0,19242000.0,0.0,-796864000.0,-72000.0,0.0,-747786000.0,-423402000.0,3705000.0,1190430000.0,0.0,778182000.0,778182000.0,778182000.0,0.0,0.0,0.108,2438527000.0,1270374000.0,2417167000.0,0.0,9.681,25.11,25.82,2658560000.0,0.0,192.62,2.708,2.783,213211000.0,822473000.0,7216081000.0,7216081000.0,0.0,0.12,0.376,0.319,0.177,-26055000.0,2438527000.0,1.0,101444779.0,104262000,106041000.0,69.211,5775699000.0,0.0,444000000.0,102422000.0,55.396,252082000.0
7,ORLY,MRY,2013-12-31,2013-12-31,2013-12-31,2021-08-07,0.0,6067208000.0,6036892750.0,2835201000.0,3232007000.0,1.101,17.999,-394150000.0,231318000.0,231318000.0,3280236000.0,670292000.0,1.17,2.086,1396208000.0,67000.0,1396141000.0,1396208000.0,0.0,183180000.0,0.0,0.0,0.0,1108016000.0,1291196000.0,0.194,1291196000.0,1108016000.0,1058942000.0,6.14,6.03,6.14,1966321000.0,2020219000.0,1966321000.0,14846702546.0,13.0,11.498,513876000.0,4.704,1.0,3369001000.0,0.507,756225000.0,49074000.0,4052863000.0,3898222250.0,2375047000.0,13066000.0,0.0,13066000.0,4100887000.0,2423010000.0,1677877000.0,13813611546.0,-16810000.0,0.0,-863678000.0,296785000.0,0.0,-536082000.0,-388754000.0,5396000.0,908026000.0,0.0,670292000.0,670292000.0,670292000.0,0.0,0.0,0.101,2265516000.0,1103485000.0,2056521000.0,0.0,7.025,20.608,20.963,2425103000.0,0.0,128.71,2.077,2.115,198123000.0,846333000.0,6649237000.0,6649237000.0,0.0,0.111,0.332,0.284,0.167,-9089000.0,2265516000.0,1.0,107323530.0,109244000,111101000.0,60.866,5310983000.0,0.0,388650000.0,100935000.0,48.616,412191000.0
8,ORLY,MRY,2012-12-31,2012-12-31,2012-12-31,2021-08-07,0.0,5749187000.0,5765690000.0,2732948000.0,3016239000.0,1.072,17.398,-297675000.0,248128000.0,248128000.0,3084766000.0,585746000.0,1.202,1.727,1095956000.0,222000.0,1095734000.0,1095956000.0,0.0,177106000.0,0.0,0.0,0.0,981721000.0,1158827000.0,0.187,1158827000.0,981721000.0,941521000.0,4.83,4.75,4.83,2108307000.0,2462832250.0,2108307000.0,10922793487.0,11.0,9.426,953880000.0,7.871,1.0,3097418000.0,0.501,758410000.0,40200000.0,3565740000.0,3490584000.0,2276331000.0,5347000.0,0.0,5347000.0,3640880000.0,2272865000.0,1368015000.0,10249473487.0,-113424000.0,0.0,-1381773000.0,295570000.0,0.0,-1047572000.0,-317407000.0,4157000.0,1251555000.0,0.0,585746000.0,585746000.0,585746000.0,0.0,0.0,0.095,2120025000.0,977393000.0,1929112000.0,0.0,4.861,17.498,18.513,2211590000.0,0.0,89.42,1.658,1.753,181174000.0,1023267000.0,6182184000.0,6182184000.0,0.0,0.102,0.238,0.281,0.159,-16605000.0,2120025000.0,1.0,114621712.0,121182000,123314000.0,51.016,4990777000.0,0.0,355775000.0,104948000.0,41.184,460083000.0
9,ORLY,MRY,2011-12-31,2011-12-31,2011-12-31,2021-08-07,0.0,5500501000.0,5377818000.0,2607610000.0,2892891000.0,1.076,21.125,-325604000.0,361552000.0,361552000.0,2951467000.0,507673000.0,1.65,0.933,797574000.0,662000.0,796912000.0,797574000.0,0.0,165880000.0,0.0,0.0,0.0,843938000.0,1009818000.0,0.174,1009818000.0,843938000.0,815773000.0,3.77,3.71,3.77,2844851000.0,3004158500.0,2844851000.0,10780895146.0,13.0,10.676,793387000.0,5.891,1.0,2837349000.0,0.49,743907000.0,28165000.0,3612606000.0,3532214250.0,1985748000.0,10889000.0,0.0,10889000.0,2655650000.0,1580010000.0,1075640000.0,10259846146.0,331831000.0,0.0,-919070000.0,428578000.0,0.0,-467507000.0,-319653000.0,5435000.0,1118991000.0,0.0,507673000.0,507673000.0,507673000.0,0.0,0.0,0.088,1970583000.0,866766000.0,1279294000.0,0.0,3.606,20.21,21.207,2093767000.0,0.0,79.95,1.772,1.86,203753000.0,1733474000.0,5788816000.0,5788816000.0,0.0,0.094,0.169,0.239,0.146,-2406000.0,1973381000.0,1.0,128328282.0,134667000,136983000.0,42.986,4756594000.0,0.0,308100000.0,90854000.0,35.321,1027600000.0
10,ORLY,MRY,2010-12-31,2010-12-31,2010-12-31,2021-08-07,-2970000.0,5047827000.0,4956407500.0,2301252000.0,2746575000.0,1.089,23.149,-363295000.0,29721000.0,29721000.0,2776533000.0,419373000.0,1.873,0.573,358704000.0,1431000.0,357273000.0,358704000.0,0.0,161442000.0,0.0,0.0,0.0,728646000.0,890088000.0,0.165,890088000.0,728646000.0,689373000.0,3.02,2.95,3.02,3209685000.0,3003681500.0,3209685000.0,8824914154.0,12.0,9.915,340392000.0,2.455,1.0,2620992000.0,0.486,743975000.0,39273000.0,3403877000.0,3404111000.0,2023488000.0,18047000.0,0.0,18047000.0,1838142000.0,1228958000.0,609184000.0,8436855154.0,2786000.0,0.0,63116000.0,-431327000.0,0.0,-349624000.0,-351277000.0,17364000.0,703687000.0,0.0,419373000.0,419373000.0,419373000.0,0.0,0.0,0.078,1908216000.0,712776000.0,895736000.0,0.0,2.629,20.118,20.007,1930095000.0,0.0,60.42,1.563,1.552,183652000.0,2069496000.0,5397525000.0,5397525000.0,0.0,0.085,0.14,0.214,0.135,-1614000.0,1887316000.0,1.0,139636795.0,138654000,141992000.0,38.928,4303852000.0,33877000.0,270000000.0,73563000.0,31.04,1072294000.0
11,ORLY,MRY,2009-12-31,2009-12-31,2009-12-31,2021-08-07,-7962000.0,4781471000.0,4601964500.0,2226719000.0,2554752000.0,1.053,19.716,-410491000.0,26935000.0,26935000.0,2520534000.0,307498000.0,1.826,0.78,790748000.0,106708000.0,684040000.0,790748000.0,0.0,148179000.0,0.0,0.0,0.0,542074000.0,690253000.0,0.142,690253000.0,542074000.0,496898000.0,2.26,2.23,2.26,2685865000.0,2532007000.0,2685865000.0,5903871385.0,11.0,8.553,-125291000.0,-0.92,1.0,2326528000.0,0.48,744313000.0,45176000.0,3581828000.0,3428884500.0,1913218000.0,12481000.0,0.0,12481000.0,2095606000.0,1219143000.0,876463000.0,5229733385.0,-4366000.0,0.0,59508000.0,50952000.0,0.0,121095000.0,-410661000.0,5819000.0,285200000.0,0.0,307498000.0,307498000.0,307498000.0,0.0,0.0,0.063,1788909000.0,537619000.0,818153000.0,0.0,1.947,17.007,16.867,1726379000.0,0.0,38.12,1.079,1.071,170997000.0,1650123000.0,4847062000.0,4847062000.0,0.0,0.067,0.121,0.158,0.112,11198000.0,1788909000.0,1.0,137191327.0,136230000,137882000.0,35.58,4037158000.0,85934000.0,189400000.0,26389000.0,29.635,1007576000.0
12,ORLY,MRY,2008-12-31,2008-12-31,2008-12-31,2021-08-07,-11513000.0,4193317000.0,3269741750.0,1875433000.0,2317884000.0,1.094,18.327,-340433000.0,31301000.0,31301000.0,1948627000.0,186232000.0,1.78,0.837,732695000.0,8131000.0,724564000.0,732695000.0,0.0,112998000.0,0.0,0.0,0.0,328670000.0,441668000.0,0.123,441668000.0,328670000.0,302532000.0,1.5,1.48,1.5,2282218000.0,1960240750.0,2282218000.0,4774137524.0,15.0,10.809,-41891000.0,-0.336,1.0,1627926000.0,0.455,720508000.0,26138000.0,3120702000.0,2402119500.0,1570144000.0,21548000.0,0.0,21548000.0,1911099000.0,1053501000.0,857598000.0,4135159524.0,-16254000.0,-33767000.0,22995000.0,28860000.0,0.0,52801000.0,-367597000.0,5342000.0,298542000.0,0.0,186232000.0,186232000.0,186232000.0,0.0,0.0,0.052,1292309000.0,335617000.0,736986000.0,0.0,1.812,22.204,20.493,1449893000.0,0.0,30.74,1.156,1.07,165811000.0,1342625000.0,3576553000.0,3576553000.0,0.0,0.057,0.095,0.137,0.092,11370000.0,1292309000.0,1.0,134520479.0,124526000,125413000.0,28.721,3472809000.0,92795000.0,116300000.0,9951000.0,27.888,821932000.0
13,ORLY,MRY,2007-12-31,2007-12-31,2007-12-31,2021-08-07,-6800000.0,2279737000.0,2204654750.0,1102304000.0,1177433000.0,1.144,13.888,-280328000.0,47555000.0,47555000.0,1401859000.0,193988000.0,2.084,0.432,100469000.0,25320000.0,75149000.0,100469000.0,0.0,78943000.0,0.0,0.0,0.0,311211000.0,390154000.0,0.155,390154000.0,311211000.0,307488000.0,1.69,1.67,1.69,1592477000.0,1514674000.0,1592477000.0,3722389891.0,12.0,9.541,19090000.0,0.166,1.0,1120460000.0,0.444,50447000.0,3723000.0,1753228000.0,1652367750.0,881761000.0,25437000.0,0.0,25437000.0,687260000.0,528976000.0,158284000.0,3731625891.0,17652000.0,0.0,21727000.0,-10010000.0,0.0,18552000.0,-300318000.0,-16522000.0,299418000.0,0.0,193988000.0,193988000.0,193988000.0,0.0,0.0,0.077,815309000.0,305151000.0,380683000.0,0.0,2.343,19.236,19.189,1090160000.0,0.0,32.43,1.479,1.474,132505000.0,1156393000.0,2522319000.0,2522319000.0,0.0,0.088,0.128,0.188,0.123,12777000.0,815309000.0,1.0,115067095.0,114667000,116080000.0,21.997,2229290000.0,0.0,113500000.0,33476000.0,19.441,573328000.0
14,ORLY,MRY,2006-12-31,2006-12-31,2006-12-31,2021-08-07,0.0,1977496000.0,1910671000.0,1000676000.0,976820000.0,1.195,12.045,-227996000.0,29903000.0,29903000.0,1276511000.0,178085000.0,2.307,0.45,110479000.0,309000.0,110170000.0,110479000.0,0.0,64938000.0,0.0,0.0,0.0,286587000.0,351525000.0,0.154,351525000.0,286587000.0,282265000.0,1.57,1.55,1.57,1364096000.0,1287087250.0,1364096000.0,3703370186.0,13.0,10.535,-42068000.0,-0.371,1.0,1006711000.0,0.441,49065000.0,4322000.0,1575223000.0,1484966250.0,812938000.0,30288000.0,0.0,30288000.0,613400000.0,433784000.0,179616000.0,3643338186.0,-1481000.0,0.0,20493000.0,8761000.0,0.0,37792000.0,-225201000.0,5174000.0,185928000.0,0.0,178085000.0,178085000.0,178085000.0,0.0,0.0,0.078,724396000.0,282315000.0,318404000.0,0.0,2.671,20.458,20.42,883095000.0,0.0,32.06,1.596,1.59,128838000.0,962405000.0,2283222000.0,2283222000.0,0.0,0.093,0.138,0.193,0.126,11029000.0,724396000.0,1.0,113641241.0,113253000,115119000.0,20.16,1928431000.0,0.0,104180000.0,43950000.0,17.028,566892000.0
15,ORLY,MRY,2005-12-31,2005-12-31,2005-12-31,2021-08-07,0.0,1718896000.0,1623520500.0,910641000.0,808255000.0,1.26,10.266,-203224000.0,31384000.0,31384000.0,1152815000.0,164266000.0,1.875,0.5,100774000.0,75313000.0,25461000.0,100774000.0,0.0,57228000.0,0.0,0.0,0.0,256131000.0,313359000.0,0.153,313359000.0,256131000.0,251069000.0,1.47,1.45,1.47,1145769000.0,1069012250.0,1145769000.0,3636980801.0,14.0,11.606,3461000.0,0.031,1.0,892503000.0,0.436,0.0,5062000.0,1302619000.0,1214398000.0,725339000.0,29062000.0,0.0,29062000.0,573127000.0,485667000.0,87460000.0,3587659801.0,-37644000.0,-63145000.0,18709000.0,-602000.0,0.0,18107000.0,-262436000.0,3934000.0,206685000.0,0.0,164266000.0,164266000.0,164266000.0,0.0,0.0,0.08,639979000.0,252524000.0,292667000.0,0.0,3.131,21.841,21.776,718366000.0,0.0,32.01,1.754,1.747,131073000.0,784320000.0,2045318000.0,2045318000.0,0.0,0.101,0.154,0.211,0.125,14977000.0,639979000.0,1.0,112079344.0,111613000,113385000.0,18.325,1718896000.0,0.0,86803000.0,44967000.0,15.4,424974000.0
16,ORLY,MRY,2004-12-31,2004-12-31,2004-12-31,2021-08-07,0.0,1432357000.0,1360844250.0,813477000.0,618880000.0,1.265,8.615,-171833000.0,69028000.0,69028000.0,978076000.0,139566000.0,2.437,0.511,100914000.0,592000.0,100322000.0,100914000.0,0.0,54325000.0,0.0,0.0,0.0,214329000.0,268654000.0,0.156,268654000.0,214329000.0,209629000.0,1.27,1.25,1.27,947817000.0,878859250.0,947817000.0,2504584610.0,12.0,9.323,54703000.0,0.497,1.0,743165000.0,0.432,0.0,4700000.0,1130428000.0,1053920000.0,625320000.0,21690000.0,0.0,21690000.0,484540000.0,333815000.0,150725000.0,2487142610.0,47934000.0,0.0,14373000.0,-20989000.0,0.0,-6616000.0,-171986000.0,2634000.0,226536000.0,0.0,139566000.0,139566000.0,139566000.0,0.0,0.0,0.081,552707000.0,190458000.0,240548000.0,0.0,2.624,17.821,17.736,567493000.0,0.0,22.525,1.445,1.44,113904000.0,620613000.0,1721241000.0,1721241000.0,0.0,0.103,0.159,0.203,0.125,9593000.0,552707000.0,1.0,110416986.0,110020000,111423000.0,15.645,1432357000.0,0.0,70063000.0,55374000.0,13.019,479662000.0
17,ORLY,MRY,2003-12-31,2003-12-31,2003-12-31,2021-08-07,0.0,1157033000.0,1105028750.0,656926000.0,500107000.0,1.368,7.274,-135224000.0,21094000.0,21094000.0,873481000.0,100087000.0,3.051,0.475,121902000.0,925000.0,120977000.0,121902000.0,0.0,42374000.0,0.0,0.0,0.0,166906000.0,209280000.0,0.138,209280000.0,166906000.0,160042000.0,0.93,0.92,0.93,784285000.0,729131250.0,784285000.0,2170595404.0,13.0,10.372,33612000.0,0.312,1.0,638335000.0,0.422,0.0,6864000.0,1042532000.0,996263500.0,523750000.0,24313000.0,0.0,24313000.0,372748000.0,215309000.0,157439000.0,2093017404.0,-8239000.0,0.0,24162000.0,-70677000.0,0.0,-46515000.0,-130560000.0,871000.0,168836000.0,0.0,100087000.0,100087000.0,100087000.0,0.0,0.0,0.066,473060000.0,165275000.0,145954000.0,0.0,2.669,20.912,20.731,449058000.0,0.0,19.28,1.384,1.375,102930000.0,481047000.0,1511816000.0,1511816000.0,0.0,0.091,0.137,0.168,0.11,9512000.0,473060000.0,1.0,108558994.0,107816000,109060000.0,14.022,1157033000.0,4753000.0,59955000.0,36320000.0,10.732,441617000.0
18,ORLY,MRY,2002-12-31,2002-12-31,2002-12-31,2021-08-07,0.0,1009419000.0,955902500.0,631045000.0,378374000.0,1.373,6.124,-99979000.0,29333000.0,29333000.0,759090000.0,81992000.0,4.281,0.552,191152000.0,682000.0,190470000.0,191152000.0,0.0,36907000.0,0.0,0.0,0.0,140230000.0,177137000.0,0.135,177137000.0,140230000.0,130982000.0,0.77,0.765,0.77,650524000.0,614618250.0,650524000.0,1477335897.0,11.0,8.34,4554000.0,0.043,1.0,553400000.0,0.422,0.0,9248000.0,1023816000.0,953322750.0,504098000.0,1880000.0,0.0,1880000.0,358895000.0,147422000.0,211473000.0,1347849897.0,14292000.0,0.0,7265000.0,7879000.0,0.0,15144000.0,-105385000.0,862000.0,104533000.0,0.0,81992000.0,81992000.0,81992000.0,0.0,0.0,0.062,415099000.0,138301000.0,85370000.0,0.0,2.072,16.439,16.422,353601000.0,0.0,12.645,1.027,1.023,88339000.0,380960000.0,1312490000.0,1312490000.0,0.0,0.086,0.133,0.147,0.107,1464000.0,415099000.0,1.0,106591530.0,106228000,107384000.0,12.355,1009419000.0,5040000.0,48990000.0,25737000.0,9.502,483623000.0
19,ORLY,MRY,2001-12-31,2001-12-31,2001-12-31,2021-08-07,0.0,856859000.0,783716750.0,550663000.0,306196000.0,1.394,5.337,-59987000.0,15041000.0,15041000.0,624294000.0,66352000.0,4.546,0.54,182461000.0,16843000.0,165618000.0,182461000.0,0.0,30544000.0,0.0,0.0,0.0,115819000.0,146363000.0,0.134,146363000.0,115819000.0,106727000.0,0.635,0.63,0.635,556291000.0,518452750.0,556291000.0,2002872090.0,17.0,13.684,-9958000.0,-0.096,1.0,467818000.0,0.428,0.0,9092000.0,903143000.0,779518500.0,447793000.0,2557000.0,0.0,2557000.0,300568000.0,121136000.0,179432000.0,1916601090.0,5837000.0,-20536000.0,17102000.0,16552000.0,0.0,33654000.0,-77846000.0,721000.0,50029000.0,0.0,66352000.0,66352000.0,66352000.0,0.0,0.0,0.061,353987000.0,113831000.0,61875000.0,0.0,3.445,28.885,28.717,289004000.0,0.0,18.235,1.755,1.741,79926000.0,298968000.0,1092112000.0,1092112000.0,0.0,0.085,0.128,0.149,0.106,6415000.0,353987000.0,1.0,105105626.0,104242000,105572000.0,10.477,856859000.0,4076000.0,40375000.0,9141000.0,8.22,429527000.0
20,ORLY,MRY,2000-12-31,2000-12-31,2000-12-31,2021-08-07,0.0,715995000.0,687131250.0,449204000.0,266791000.0,1.296,4.531,-29126000.0,9204000.0,9204000.0,507720000.0,51708000.0,2.937,0.544,139584000.0,49121000.0,90463000.0,139584000.0,0.0,24812000.0,0.0,0.0,0.0,91521000.0,116333000.0,0.131,116333000.0,91521000.0,83159000.0,0.505,0.5,0.505,463731000.0,441777500.0,463731000.0,1518605279.0,17.0,13.054,-23294000.0,-0.228,1.0,382701000.0,0.43,0.0,8362000.0,693443000.0,685380000.0,372069000.0,3336000.0,500000.0,2836000.0,252264000.0,152932000.0,99332000.0,1374714279.0,-587000.0,0.0,5354000.0,28744000.0,0.0,34098000.0,-40517000.0,604000.0,5832000.0,0.0,51708000.0,51708000.0,51708000.0,0.0,0.0,0.058,292672000.0,90029000.0,68947000.0,0.0,2.964,26.586,26.485,246854000.0,0.0,13.375,1.544,1.537,61848000.0,232616000.0,890421000.0,890421000.0,0.0,0.075,0.117,0.134,0.103,977000.0,292672000.0,1.0,102782376.0,102336000,103456000.0,8.701,715995000.0,1494000.0,31451000.0,5097000.0,6.997,296272000.0
21,ORLY,MRY,1999-12-31,1999-12-31,1999-12-31,2021-08-07,0.0,610442000.0,565662750.0,364353000.0,246089000.0,1.333,4.14,-78963000.0,9791000.0,9791000.0,428832000.0,45639000.0,3.168,0.515,110062000.0,19358000.0,90704000.0,110062000.0,0.0,17902000.0,0.0,0.0,0.0,78367000.0,96269000.0,0.128,96269000.0,78367000.0,73024000.0,0.47,0.46,0.47,403044000.0,377636000.0,403044000.0,1156269952.0,15.0,12.011,-47317000.0,-0.486,1.0,325290000.0,0.431,0.0,5343000.0,595711000.0,513175500.0,293924000.0,4001000.0,500000.0,3501000.0,207398000.0,115002000.0,92396000.0,1090757952.0,8063000.0,0.0,132587000.0,-76471000.0,0.0,56116000.0,-79699000.0,1195000.0,31646000.0,0.0,45639000.0,45639000.0,45639000.0,0.0,0.0,0.061,248370000.0,76920000.0,64885000.0,0.0,2.706,23.9,22.872,236517000.0,0.0,10.75,1.446,1.388,52446000.0,180908000.0,754122000.0,754122000.0,0.0,0.081,0.121,0.153,0.104,4085000.0,248370000.0,1.0,101465856.0,97348000,99430000.0,7.747,610442000.0,4109000.0,27385000.0,1215000.0,6.271,249351000.0
22,ORLY,MRY,1998-12-31,1998-12-31,1998-12-31,2021-08-07,0.0,493288000.0,443280000.0,310882000.0,182406000.0,1.39,2.571,-51694000.0,1728000.0,1728000.0,358439000.0,30772000.0,3.032,1.259,183857000.0,13691000.0,170166000.0,183857000.0,0.0,12164000.0,0.0,0.0,0.0,58069000.0,70233000.0,0.114,70233000.0,58069000.0,49943000.0,0.36,0.355,0.36,218394000.0,203090750.0,218394000.0,1171793269.0,20.0,16.684,-70807000.0,-0.833,1.0,257863000.0,0.418,0.0,8126000.0,572898000.0,507677250.0,246012000.0,4637000.0,500000.0,4137000.0,274894000.0,102519000.0,172375000.0,1005805269.0,-557000.0,-49296000.0,3115000.0,116209000.0,0.0,119324000.0,-100768000.0,222000.0,-19113000.0,0.0,30772000.0,30772000.0,30772000.0,0.0,0.0,0.05,200962000.0,56901000.0,66737000.0,0.0,4.605,32.686,32.812,170951000.0,0.0,11.812,1.632,1.628,54240000.0,135523000.0,616302000.0,616302000.0,0.0,0.069,0.152,0.114,0.094,839000.0,200962000.0,1.0,85147536.0,84952000,86408000.0,7.255,493288000.0,9042000.0,19171000.0,0.0,5.807,208363000.0
23,ORLY,MRY,1997-12-31,1997-12-31,1997-12-31,2021-08-07,0.0,247617000.0,215620000.0,134140000.0,113477000.0,1.467,2.163,-36887000.0,2285000.0,2285000.0,181789000.0,23143000.0,3.322,0.36,22771000.0,130000.0,22641000.0,22771000.0,0.0,8276000.0,0.0,0.0,0.0,37695000.0,45971000.0,0.145,45971000.0,37695000.0,37556000.0,0.275,0.27,0.275,182039000.0,168910500.0,182039000.0,,,,-19014000.0,-0.226,1.0,134610000.0,0.425,0.0,139000.0,227726000.0,193892000.0,111848000.0,3280000.0,1000000.0,2280000.0,65578000.0,40377000.0,25201000.0,555172511.0,1078000.0,0.0,1482000.0,19380000.0,0.0,20862000.0,-37657000.0,-770000.0,17873000.0,0.0,23143000.0,23143000.0,23143000.0,0.0,0.0,0.073,97526000.0,37084000.0,29713000.0,0.0,3.05,23.989,23.864,108440000.0,0.0,6.562,1.755,1.746,17438000.0,104751000.0,316399000.0,316399000.0,0.0,0.107,0.137,0.194,0.119,301000.0,97526000.0,1.0,84597716.0,84172000,85108000.0,3.759,247617000.0,1424000.0,14413000.0,4646000.0,2.942,93763000.0
24,ORLY,MRY,1996-12-31,1996-12-31,1996-12-31,2021-08-07,0.0,183623000.0,,100152000.0,83471000.0,,1.867,-33658000.0,1207000.0,1207000.0,150772000.0,18971000.0,3.89,0.179,3391000.0,3154000.0,237000.0,3391000.0,0.0,6105000.0,0.0,0.0,0.0,30070000.0,36175000.0,0.14,36175000.0,30070000.0,30033000.0,0.228,0.225,0.228,155782000.0,,155782000.0,,,,-28781000.0,-0.345,1.0,108471000.0,0.418,0.0,37000.0,160058000.0,,83909000.0,2510000.0,1000000.0,1510000.0,27841000.0,25749000.0,2092000.0,,-1626000.0,0.0,1913000.0,2802000.0,0.0,4715000.0,-11218000.0,22440000.0,4877000.0,0.0,18971000.0,18971000.0,18971000.0,0.0,0.0,0.073,79620000.0,28851000.0,17288000.0,0.0,,,17.544,79785000.0,0.0,4.0,,1.288,11296000.0,81713000.0,259243000.0,259243000.0,0.0,,,,0.116,0.0,79620000.0,1.0,,83456000,84128000.0,3.106,183623000.0,172000.0,11062000.0,1763000.0,2.2,74403000.0
25,ORLY,MRY,1995-12-31,1995-12-31,1995-12-31,2021-08-07,,,,,,,,-28433000.0,,,116768000.0,14091000.0,,,,,,,,4038000.0,,0.0,0.0,22572000.0,26610000.0,0.132,26610000.0,22572000.0,22273000.0,0.198,0.198,0.198,,,,,,,-27553000.0,-0.387,1.0,84724000.0,0.42,,299000.0,,,,,,,,,,,-531000.0,0.0,48688000.0,-183000.0,0.0,48505000.0,-49916000.0,-21483000.0,880000.0,0.0,14091000.0,14091000.0,14091000.0,0.0,0.0,0.07,62687000.0,22037000.0,,0.0,,,18.308,,0.0,3.625,,1.282,,,201492000.0,201492000.0,0.0,,,,0.112,0.0,62687000.0,1.0,,71280000,71608000.0,2.827,,,8182000.0,,,
0,ORLY,MRQ,2021-06-30,2021-06-30,2021-06-30,2021-08-07,-2591000.0,11949333000.0,,4738347000.0,7210986000.0,,3.127,-125259000.0,631618000.0,631618000.0,1639223000.0,585451000.0,0.821,53.891,5906068000.0,333624000.0,5572444000.0,5906068000.0,0.0,79160000.0,0.0,0.0,0.0,798991000.0,878151000.0,0.253,878151000.0,798991000.0,761334000.0,8.41,8.33,8.41,217694000.0,,217694000.0,45104101244.0,16.0,14.643,696901000.0,10.01,1.0,1826378000.0,0.527,881207000.0,37657000.0,10570964000.0,,3647413000.0,0.0,0.0,0.0,11731639000.0,5771612000.0,5960027000.0,39499747244.0,20738000.0,0.0,-371277000.0,-303299000.0,0.0,-674576000.0,-127135000.0,-1762000.0,822160000.0,289000.0,585451000.0,585451000.0,585451000.0,0.0,0.0,0.169,1030795000.0,795583000.0,4583570000.0,0.0,181.446,19.678,20.128,6192483000.0,0.0,566.21,3.137,3.13,386322000.0,-1075769000.0,3465601000.0,3465601000.0,0.0,,,,,6283000.0,1030795000.0,1.0,69761656.0,69618000,70264000.0,49.78,11068126000.0,0.0,175883000.0,206894000.0,158.984,-1033265000.0
1,ORLY,MRQ,2021-03-31,2021-03-31,2021-03-31,2021-08-07,-6298000.0,11850887000.0,,4687639000.0,7163248000.0,,-0.099,-92782000.0,610880000.0,610880000.0,1450104000.0,501609000.0,0.794,-1699.565,6215234000.0,629214000.0,5586020000.0,6215234000.0,0.0,79757000.0,0.0,0.0,0.0,693333000.0,773090000.0,0.25,773090000.0,693333000.0,655827000.0,7.13,7.06,7.13,-6977000.0,,-6977000.0,41311378850.0,15.0,13.669,797890000.0,11.336,1.0,1640795000.0,0.531,879466000.0,37506000.0,10672697000.0,,3622201000.0,0.0,0.0,0.0,11857864000.0,5903078000.0,5954786000.0,35612332850.0,145240000.0,0.0,-650991000.0,0.0,0.0,-651304000.0,-93757000.0,-6000.0,890672000.0,-371000.0,501609000.0,501609000.0,501609000.0,0.0,0.0,0.162,949690000.0,691105000.0,4318462000.0,0.0,-5104.247,18.23,18.871,6153993000.0,0.0,507.25,2.915,2.922,380611000.0,-1275409000.0,3090899000.0,3090899000.0,0.0,,,,,6292000.0,949690000.0,1.0,70206669.0,70383000,71015000.0,43.915,10971421000.0,0.0,154218000.0,320887000.0,155.882,-1215439000.0
2,ORLY,MRQ,2020-12-31,2020-12-31,2020-12-31,2021-08-07,-2155000.0,11596642000.0,,4499787000.0,7096855000.0,,1.944,-98074000.0,465640000.0,465640000.0,1356635000.0,392945000.0,0.855,81.681,6164686000.0,322778000.0,5841908000.0,6164686000.0,0.0,83125000.0,0.0,0.0,0.0,538278000.0,621403000.0,0.22,621403000.0,538278000.0,499929000.0,5.46,5.41,5.46,140258000.0,,140258000.0,37742268987.0,16.0,13.764,389400000.0,5.398,1.0,1472138000.0,0.52,881030000.0,38349000.0,11152241000.0,,3653195000.0,0.0,0.0,0.0,11456384000.0,5262417000.0,6193967000.0,32787980987.0,-1161458000.0,-975000.0,-982084000.0,-500150000.0,0.0,-1482234000.0,-167556000.0,-68819000.0,487474000.0,858000.0,392945000.0,392945000.0,392945000.0,0.0,0.0,0.139,937866000.0,534272000.0,4184662000.0,0.0,233.769,18.711,19.064,6090045000.0,0.0,452.57,2.825,2.879,330294000.0,-1139139000.0,2828773000.0,2828773000.0,0.0,,,,,5685000.0,937866000.0,1.0,72448419.0,72137000,72770000.0,39.214,10715612000.0,0.0,106984000.0,172685000.0,148.545,-762630000.0
3,ORLY,MRQ,2020-09-30,2020-09-30,2020-09-30,2021-08-07,-17035000.0,12503951000.0,,5533441000.0,6970510000.0,,9.595,-112110000.0,1627098000.0,1627098000.0,1527170000.0,527252000.0,0.976,16.63,6581386000.0,818316000.0,5763070000.0,6581386000.0,0.0,79637000.0,0.0,0.0,0.0,728074000.0,807711000.0,0.252,807711000.0,728074000.0,686406000.0,7.13,7.07,7.13,709225000.0,,709225000.0,39375646379.0,17.0,14.938,677941000.0,9.172,1.0,1680468000.0,0.524,873717000.0,41668000.0,10915138000.0,,3527495000.0,0.0,0.0,0.0,11794726000.0,5669384000.0,6125342000.0,34149787379.0,754675000.0,0.0,-417392000.0,493781000.0,0.0,76389000.0,-112111000.0,0.0,790051000.0,346000.0,527252000.0,527252000.0,527252000.0,0.0,0.0,0.164,955455000.0,725013000.0,4083805000.0,0.0,48.151,20.276,20.411,5986794000.0,0.0,461.08,3.033,3.027,333533000.0,-578172000.0,3207638000.0,3207638000.0,0.0,,,,,5582000.0,955455000.0,1.0,74064777.0,73916000,74586000.0,43.396,11630234000.0,0.0,159154000.0,178730000.0,157.344,-135943000.0
4,ORLY,MRQ,2020-06-30,2020-06-30,2020-06-30,2021-08-07,-22111000.0,11728535000.0,,4784485000.0,6944050000.0,,7.939,-108242000.0,872423000.0,872423000.0,1454415000.0,531667000.0,0.953,18.909,6098282000.0,318601000.0,5779681000.0,6098282000.0,0.0,77910000.0,0.0,0.0,0.0,742133000.0,820043000.0,0.265,820043000.0,742133000.0,700410000.0,7.16,7.1,7.16,589100000.0,,589100000.0,37461831305.0,17.0,15.391,991743000.0,13.365,1.0,1637180000.0,0.53,872997000.0,41723000.0,11059261000.0,,3528683000.0,0.0,0.0,0.0,11139435000.0,5022136000.0,6117299000.0,31298727305.0,585356000.0,0.0,-61182000.0,-344850000.0,0.0,-406032000.0,-108586000.0,-33000.0,1099985000.0,-11000.0,531667000.0,531667000.0,531667000.0,0.0,0.0,0.172,900690000.0,736490000.0,3936400000.0,0.0,53.13,20.215,20.469,5964753000.0,0.0,421.67,2.92,2.92,330173000.0,-679506000.0,3091595000.0,3091595000.0,0.0,,,,,5605000.0,900690000.0,1.0,74225644.0,74205000,74833000.0,41.663,10855538000.0,0.0,168743000.0,247327000.0,146.291,-237651000.0
5,ORLY,MRQ,2020-03-31,2020-03-31,2020-03-31,2021-08-07,-25756000.0,11108862000.0,,4201800000.0,6907062000.0,,1.451,-131383000.0,287067000.0,287067000.0,1180581000.0,300438000.0,0.909,101.062,6450171000.0,316932000.0,6133239000.0,6450171000.0,0.0,73963000.0,0.0,0.0,0.0,419046000.0,493009000.0,0.199,493009000.0,419046000.0,379660000.0,4.0,3.97,4.0,108844000.0,,108844000.0,28369244934.0,15.0,13.003,327710000.0,4.368,1.0,1295906000.0,0.523,910141000.0,39386000.0,11736893000.0,,3556723000.0,0.0,0.0,0.0,11000018000.0,4624932000.0,6375086000.0,22547765934.0,246661000.0,0.0,-564252000.0,579805000.0,0.0,15300000.0,-226642000.0,-95259000.0,459093000.0,-1090000.0,300438000.0,300438000.0,300438000.0,0.0,0.0,0.121,872345000.0,423561000.0,3758199000.0,0.0,207.157,16.454,16.725,5943939000.0,0.0,301.05,2.207,2.211,304613000.0,-1137392000.0,2476487000.0,2476487000.0,0.0,,,,,5875000.0,872345000.0,1.0,74897080.0,75022000,75663000.0,33.01,10198721000.0,0.0,79222000.0,86096000.0,135.943,-423132000.0
6,ORLY,MRQ,2019-12-31,2019-12-31,2019-12-31,2021-08-07,4890000.0,10717160000.0,,3833662000.0,6883498000.0,,5.249,-145211000.0,40406000.0,40406000.0,1158391000.0,324916000.0,0.858,25.972,5861885000.0,316061000.0,5545824000.0,5861885000.0,0.0,70493000.0,0.0,0.0,0.0,444601000.0,515094000.0,0.207,515094000.0,444601000.0,409313000.0,4.3,4.25,4.3,397340000.0,,397340000.0,38769996199.0,20.0,17.613,73592000.0,0.972,1.0,1324584000.0,0.533,936814000.0,35288000.0,11132398000.0,,3454092000.0,0.0,0.0,0.0,10319820000.0,4469427000.0,5850393000.0,33158268199.0,-2398000.0,-142026000.0,-103679000.0,186001000.0,0.0,82321000.0,-303691000.0,-15793000.0,218803000.0,169000.0,324916000.0,324916000.0,324916000.0,0.0,0.0,0.131,883081000.0,441503000.0,3604722000.0,0.0,83.451,23.837,24.253,5876572000.0,0.0,438.26,3.267,3.324,294407000.0,-889066000.0,2482975000.0,2482975000.0,0.0,,,,,5343000.0,883081000.0,1.0,75658897.0,75695000,76492000.0,32.802,9780346000.0,0.0,84397000.0,133280000.0,129.207,-635765000.0
7,ORLY,MRQ,2019-09-30,2019-09-30,2019-09-30,2021-08-07,0.0,10372724000.0,,3724489000.0,6648235000.0,,2.182,-183258000.0,42804000.0,42804000.0,1243998000.0,391293000.0,0.813,61.404,5654532000.0,308726000.0,5345806000.0,5654532000.0,0.0,68107000.0,0.0,0.0,0.0,537751000.0,605858000.0,0.227,605858000.0,537751000.0,501893000.0,5.14,5.08,5.14,166219000.0,,166219000.0,36154800718.0,19.0,16.613,459414000.0,6.031,1.0,1422530000.0,0.533,808259000.0,35858000.0,10595339000.0,,3348631000.0,0.0,0.0,0.0,10206505000.0,4580854000.0,5625651000.0,30491118718.0,-13005000.0,0.0,-374967000.0,-81003000.0,0.0,-455970000.0,-199707000.0,-16271000.0,642672000.0,0.0,391293000.0,391293000.0,391293000.0,0.0,0.0,0.147,886167000.0,536363000.0,3606571000.0,0.0,183.439,22.314,22.694,5779638000.0,0.0,398.51,3.055,3.041,300140000.0,-1094082000.0,2666528000.0,2666528000.0,0.0,,,,,5563000.0,886167000.0,1.0,76512807.0,76172000,76969000.0,35.007,9564465000.0,0.0,110600000.0,218023000.0,125.564,-856365000.0
8,ORLY,MRQ,2019-06-30,2019-06-30,2019-06-30,2021-08-07,0.0,10201943000.0,,3700573000.0,6501370000.0,,1.864,-141367000.0,55809000.0,55809000.0,1221587000.0,353681000.0,0.849,69.513,5719491000.0,304034000.0,5415457000.0,5719491000.0,0.0,68311000.0,0.0,0.0,0.0,499509000.0,567820000.0,0.219,567820000.0,499509000.0,464971000.0,4.56,4.51,4.56,144682000.0,,144682000.0,34239280446.0,18.0,16.149,265015000.0,3.415,1.0,1368287000.0,0.528,808391000.0,34538000.0,10696842000.0,,3262426000.0,0.0,0.0,0.0,10057261000.0,4360392000.0,5696869000.0,28909160446.0,-908000.0,0.0,-587307000.0,321967000.0,0.0,-265340000.0,-141950000.0,-1717000.0,406382000.0,0.0,353681000.0,353681000.0,353681000.0,0.0,0.0,0.137,870213000.0,498074000.0,3516150000.0,0.0,199.812,21.552,21.776,5649450000.0,0.0,369.32,2.95,2.925,339977000.0,-1115015000.0,2589874000.0,2589874000.0,0.0,,,,,5591000.0,870213000.0,1.0,78276726.0,77613000,78412000.0,33.369,9393552000.0,0.0,111290000.0,123040000.0,121.031,-659819000.0
9,ORLY,MRQ,2019-03-31,2019-03-31,2019-03-31,2021-08-07,0.0,10061562000.0,,3649646000.0,6411916000.0,,4.744,-151103000.0,56717000.0,56717000.0,1131318000.0,321152000.0,0.844,26.021,5386837000.0,296605000.0,5090232000.0,5386837000.0,0.0,63964000.0,0.0,0.0,0.0,448443000.0,512407000.0,0.213,512407000.0,448443000.0,414152000.0,4.09,4.05,4.09,372365000.0,,372365000.0,33819056363.0,18.0,16.15,289519000.0,3.689,1.0,1279290000.0,0.531,808717000.0,34291000.0,10256633000.0,,3228901000.0,0.0,0.0,0.0,9689197000.0,4326332000.0,5362865000.0,30433249363.0,25402000.0,0.0,-306632000.0,43000000.0,0.0,-263822000.0,-151398000.0,0.0,440622000.0,0.0,321152000.0,321152000.0,321152000.0,0.0,0.0,0.133,834504000.0,444786000.0,3438679000.0,0.0,81.73,22.699,23.224,5563074000.0,0.0,388.3,3.149,3.153,317132000.0,-896450000.0,2410608000.0,2410608000.0,0.0,,,,,5424000.0,834504000.0,1.0,78375610.0,78484000,79297000.0,30.715,9252845000.0,0.0,93000000.0,202296000.0,117.895,-676686000.0
10,ORLY,MRQ,2018-12-31,2018-12-31,2018-12-31,2021-08-07,0.0,7980789000.0,,3543102000.0,4437687000.0,,4.432,-152376000.0,31315000.0,31315000.0,1080642000.0,300357000.0,0.91,21.566,3417122000.0,0.0,3417122000.0,3417122000.0,0.0,65619000.0,0.0,0.0,0.0,424625000.0,490244000.0,0.212,490244000.0,424625000.0,393157000.0,3.77,3.74,3.77,353667000.0,,353667000.0,30716638147.0,17.0,14.802,233160000.0,2.922,1.0,1234315000.0,0.533,807260000.0,31468000.0,6665316000.0,,3193344000.0,0.0,0.0,0.0,7627122000.0,3894020000.0,3733102000.0,27582330147.0,-8704000.0,-34818000.0,-449762000.0,242000000.0,0.0,-207762000.0,-186478000.0,0.0,385536000.0,0.0,300357000.0,300357000.0,300357000.0,0.0,0.0,0.13,806275000.0,428040000.0,3376403000.0,0.0,77.99,20.825,21.163,3587002000.0,0.0,344.33,2.892,2.939,270181000.0,-909186000.0,2314957000.0,2314957000.0,0.0,,,,,5032000.0,806275000.0,1.0,80104348.0,79807000,80597000.0,29.007,7173529000.0,0.0,92800000.0,116579000.0,89.886,-350918000.0
11,ORLY,MRQ,2018-09-30,2018-09-30,2018-09-30,2021-08-07,0.0,7894714000.0,,3560031000.0,4334683000.0,,6.184,-125927000.0,40019000.0,40019000.0,1166962000.0,366151000.0,0.912,14.841,3174327000.0,0.0,3174327000.0,3174327000.0,0.0,62526000.0,0.0,0.0,0.0,487233000.0,549759000.0,0.221,549759000.0,487233000.0,455651000.0,4.54,4.5,4.54,498379000.0,,498379000.0,31197814286.0,17.0,15.228,340859000.0,4.229,1.0,1315755000.0,0.53,789178000.0,31582000.0,6334763000.0,,3139621000.0,0.0,0.0,0.0,7396335000.0,3905081000.0,3491254000.0,27981144286.0,3151000.0,0.0,-257416000.0,-80000000.0,0.0,-337416000.0,-126219000.0,0.0,466786000.0,0.0,366151000.0,366151000.0,366151000.0,0.0,0.0,0.147,830607000.0,485148000.0,3384098000.0,0.0,56.144,21.095,21.64,3501933000.0,0.0,347.32,2.973,2.974,325929000.0,-768251000.0,2482717000.0,2482717000.0,0.0,,,,,4992000.0,830607000.0,1.0,80563009.0,80593000,81410000.0,30.806,7105536000.0,0.0,89500000.0,102640000.0,88.166,-345050000.0
12,ORLY,MRQ,2018-06-30,2018-06-30,2018-06-30,2021-08-07,0.0,7766740000.0,,3500717000.0,4266023000.0,,4.71,-107090000.0,36868000.0,36868000.0,1167435000.0,353073000.0,0.917,19.174,3253538000.0,0.0,3253538000.0,3253538000.0,0.0,60872000.0,0.0,0.0,0.0,480735000.0,541607000.0,0.221,541607000.0,480735000.0,449873000.0,4.32,4.28,4.32,384990000.0,,384990000.0,25563136533.0,14.0,12.646,335866000.0,4.109,1.0,1288638000.0,0.525,789104000.0,30862000.0,6375388000.0,,3091719000.0,0.0,0.0,0.0,7381750000.0,3818918000.0,3562832000.0,22408595533.0,-1657000.0,0.0,-397211000.0,59737000.0,0.0,-337474000.0,-107139000.0,0.0,442956000.0,0.0,353073000.0,353073000.0,353073000.0,0.0,0.0,0.144,809488000.0,479150000.0,3314671000.0,0.0,58.206,18.013,18.522,3434884000.0,0.0,273.57,2.417,2.412,320092000.0,-863657000.0,2456073000.0,2456073000.0,0.0,,,,,4976000.0,809488000.0,1.0,81911743.0,81733000,82536000.0,30.05,6977636000.0,0.0,96800000.0,108106000.0,85.371,-318201000.0
13,ORLY,MRQ,2018-03-31,2018-03-31,2018-03-31,2021-08-07,0.0,7666657000.0,,3446411000.0,4220246000.0,,5.074,-114091000.0,38525000.0,38525000.0,1081423000.0,304906000.0,0.919,17.089,3193066000.0,0.0,3193066000.0,3193066000.0,0.0,69920000.0,0.0,0.0,0.0,423623000.0,493543000.0,0.216,493543000.0,423623000.0,395406000.0,3.65,3.61,3.65,423828000.0,,423828000.0,23630549242.0,14.0,11.845,318186000.0,3.809,1.0,1201258000.0,0.526,789104000.0,28217000.0,6283913000.0,,3052748000.0,0.0,0.0,0.0,7242829000.0,3748181000.0,3494648000.0,20698507242.0,-7823000.0,0.0,-537478000.0,214000000.0,0.0,-325634000.0,-114466000.0,0.0,432277000.0,0.0,304906000.0,304906000.0,304906000.0,0.0,0.0,0.134,778412000.0,422846000.0,3222785000.0,0.0,48.837,17.634,18.203,3389763000.0,0.0,247.38,2.274,2.27,302618000.0,-824361000.0,2282681000.0,2282681000.0,0.0,,,,,5176000.0,778412000.0,1.0,83670900.0,83530000,84523000.0,27.328,6877553000.0,0.0,90500000.0,156394000.0,82.336,-301770000.0
14,ORLY,MRQ,2017-12-31,2017-12-31,2017-12-31,2021-08-07,0.0,7571885000.0,,3397672000.0,4174213000.0,,7.703,-115626000.0,46348000.0,46348000.0,1031628000.0,302315000.0,0.932,10.595,2978390000.0,0.0,2978390000.0,2978390000.0,0.0,60345000.0,0.0,0.0,0.0,403518000.0,463863000.0,0.212,463863000.0,403518000.0,376724000.0,3.54,3.52,3.54,653046000.0,,653046000.0,23316091236.0,13.0,11.878,200642000.0,2.367,1.0,1159180000.0,0.529,789058000.0,26794000.0,6067503000.0,,3009800000.0,0.0,0.0,0.0,6918839000.0,3647366000.0,3271473000.0,20452562236.0,9061000.0,-2747000.0,-267806000.0,76900000.0,0.0,-190906000.0,-116301000.0,0.0,316268000.0,0.0,302315000.0,302315000.0,302315000.0,0.0,0.0,0.138,756345000.0,402835000.0,3190029000.0,0.0,31.319,18.039,18.763,3343806000.0,0.0,240.54,2.278,2.369,292487000.0,-612840000.0,2190808000.0,2190808000.0,0.0,,,,,4566000.0,756345000.0,1.0,85027697.0,84781000,85401000.0,25.841,6782827000.0,0.0,74409000.0,85406000.0,80.004,-249694000.0
15,ORLY,MRQ,2017-09-30,2017-09-30,2017-09-30,2021-08-07,0.0,7479328000.0,,3358481000.0,4120847000.0,,7.064,-119096000.0,37287000.0,37287000.0,1109536000.0,283734000.0,0.926,11.178,2900816000.0,0.0,2900816000.0,2900816000.0,0.0,58541000.0,0.0,0.0,0.0,463854000.0,522395000.0,0.223,522395000.0,463854000.0,439530000.0,3.26,3.22,3.26,614179000.0,,614179000.0,21533687233.0,12.0,10.958,257816000.0,2.965,1.0,1230294000.0,0.526,787210000.0,24324000.0,5927147000.0,,2987592000.0,0.0,0.0,0.0,6865149000.0,3628500000.0,3236649000.0,18956153233.0,10759000.0,0.0,-543089000.0,296137000.0,0.0,-246952000.0,-119201000.0,0.0,376912000.0,0.0,283734000.0,283734000.0,283734000.0,0.0,0.0,0.121,768331000.0,461963000.0,3154250000.0,0.0,30.864,17.592,18.098,3292681000.0,0.0,215.37,2.133,2.107,299122000.0,-654484000.0,2339830000.0,2339830000.0,0.0,,,,,4482000.0,768331000.0,1.0,88016684.0,86947000,88025000.0,26.911,6692118000.0,0.0,155796000.0,138022000.0,76.968,-270019000.0
16,ORLY,MRQ,2017-06-30,2017-06-30,2017-06-30,2021-08-07,0.0,7345698000.0,,3289589000.0,4056109000.0,,9.656,-116367000.0,26528000.0,26528000.0,1090767000.0,282821000.0,0.922,7.45,2604062000.0,0.0,2604062000.0,2604062000.0,0.0,57951000.0,0.0,0.0,0.0,457153000.0,515104000.0,0.225,515104000.0,457153000.0,436326000.0,3.14,3.1,3.14,869312000.0,,869312000.0,21856439606.0,13.0,11.218,217440000.0,2.415,1.0,1200062000.0,0.524,786938000.0,20827000.0,5570161000.0,,2959315000.0,0.0,0.0,0.0,6476386000.0,3566133000.0,2910253000.0,19906439606.0,-1011000.0,0.0,-841293000.0,624173000.0,0.0,-217120000.0,-117698000.0,0.0,333807000.0,0.0,282821000.0,282821000.0,282821000.0,0.0,0.0,0.123,742617000.0,457445000.0,3091888000.0,0.0,22.899,18.565,18.906,3229398000.0,0.0,218.74,2.271,2.246,265549000.0,-428242000.0,2290829000.0,2290829000.0,0.0,,,,,4925000.0,742617000.0,1.0,91005027.0,90030000,91299000.0,25.445,6558760000.0,0.0,153505000.0,129851000.0,72.851,-276544000.0
17,ORLY,MRQ,2017-03-31,2017-03-31,2017-03-31,2021-08-07,0.0,7203724000.0,,3205533000.0,3998191000.0,,15.463,-110387000.0,27539000.0,27539000.0,1025112000.0,264934000.0,0.914,4.064,1977539000.0,0.0,1977539000.0,1977539000.0,0.0,57008000.0,0.0,0.0,0.0,404628000.0,461636000.0,0.214,461636000.0,404628000.0,385224000.0,2.88,2.83,2.88,1422596000.0,,1422596000.0,26468475759.0,16.0,13.826,266313000.0,2.895,1.0,1131147000.0,0.525,785568000.0,19404000.0,4862393000.0,,2872646000.0,0.0,0.0,0.0,5781128000.0,3505763000.0,2275365000.0,24728054759.0,-119059000.0,0.0,-474580000.0,90000000.0,0.0,-384736000.0,-111023000.0,0.0,376700000.0,0.0,264934000.0,264934000.0,264934000.0,0.0,0.0,0.123,727990000.0,403157000.0,2987996000.0,0.0,17.382,23.612,24.266,3174650000.0,0.0,269.84,2.858,2.869,266808000.0,90267000.0,2156259000.0,2156259000.0,0.0,,,,,5428000.0,727990000.0,1.0,91639693.0,92001000,93495000.0,23.437,6418156000.0,0.0,120290000.0,182250000.0,69.762,-300230000.0
18,ORLY,MRQ,2016-12-31,2016-12-31,2016-12-31,2021-08-07,0.0,7204189000.0,,3257975000.0,3946214000.0,,17.346,-117480000.0,146598000.0,146598000.0,985075000.0,246030000.0,0.958,3.428,1887019000.0,0.0,1887019000.0,1887019000.0,0.0,56419000.0,0.0,0.0,0.0,409633000.0,466052000.0,0.222,466052000.0,409633000.0,390930000.0,2.62,2.59,2.62,1627136000.0,,1627136000.0,27625122578.0,16.0,14.343,178974000.0,1.908,1.0,1114227000.0,0.531,785399000.0,18703000.0,4758562000.0,,2778976000.0,0.0,0.0,0.0,5577053000.0,3400649000.0,2176404000.0,26298941578.0,-413722000.0,0.0,-533433000.0,0.0,0.0,-533778000.0,-176398000.0,0.0,296454000.0,0.0,246030000.0,246030000.0,246030000.0,0.0,0.0,0.117,706517000.0,407710000.0,2936656000.0,0.0,16.163,25.344,25.613,3123431000.0,0.0,278.41,3.06,3.092,279379000.0,289500000.0,2099302000.0,2099302000.0,0.0,,,,,4488000.0,706517000.0,1.0,94461196.0,93806000,94953000.0,22.379,6418790000.0,0.0,144900000.0,90166000.0,68.426,-142674000.0
19,ORLY,MRQ,2016-09-30,2016-09-30,2016-09-30,2021-08-07,0.0,7522340000.0,,3669764000.0,3852576000.0,,20.031,-135300000.0,560320000.0,560320000.0,1050929000.0,278493000.0,1.059,2.958,1886501000.0,0.0,1886501000.0,1886501000.0,0.0,55017000.0,0.0,0.0,0.0,450599000.0,505616000.0,0.228,505616000.0,450599000.0,431893000.0,2.93,2.9,2.93,1900763000.0,,1900763000.0,28078271730.0,17.0,14.968,250225000.0,2.637,1.0,1170026000.0,0.527,757251000.0,18706000.0,4625842000.0,,2789892000.0,0.0,0.0,0.0,5621577000.0,3465428000.0,2156149000.0,26590206730.0,162061000.0,0.0,-87821000.0,-341000.0,0.0,-88164000.0,-135300000.0,0.0,385525000.0,0.0,278493000.0,278493000.0,278493000.0,0.0,0.0,0.125,722217000.0,447809000.0,2999080000.0,0.0,13.989,26.321,26.728,3058684000.0,0.0,280.11,3.149,3.148,287523000.0,560304000.0,2220955000.0,2220955000.0,0.0,,,,,4518000.0,722217000.0,1.0,94927731.0,94891000,96120000.0,23.405,6765089000.0,0.0,153400000.0,84211000.0,71.293,204336000.0
20,ORLY,MRQ,2016-06-30,2016-06-30,2016-06-30,2021-08-07,0.0,7210640000.0,,3438133000.0,3772507000.0,,17.61,-115335000.0,398259000.0,398259000.0,1049510000.0,257794000.0,1.021,3.267,1886324000.0,0.0,1886324000.0,1886324000.0,0.0,53652000.0,0.0,0.0,0.0,427495000.0,481147000.0,0.221,481147000.0,427495000.0,408794000.0,2.69,2.65,2.69,1690010000.0,,1690010000.0,27319052375.0,17.0,14.868,210278000.0,2.191,1.0,1127179000.0,0.518,757130000.0,18701000.0,4574900000.0,,2741030000.0,0.0,0.0,0.0,5520630000.0,3366675000.0,2153955000.0,26149183375.0,-317749000.0,0.0,-527967000.0,-59000.0,0.0,-528027000.0,-115335000.0,0.0,325613000.0,0.0,257794000.0,257794000.0,257794000.0,0.0,0.0,0.118,702118000.0,425061000.0,2914641000.0,0.0,15.473,26.201,26.5,2979240000.0,0.0,271.1,3.15,3.134,265016000.0,379620000.0,2176689000.0,2176689000.0,0.0,,,,,4675000.0,702118000.0,1.0,96455859.0,95967000,97282000.0,22.682,6453510000.0,0.0,151000000.0,72961000.0,67.247,71458000.0
21,ORLY,MRQ,2016-03-31,2016-03-31,2016-03-31,2021-08-07,0.0,7419773000.0,,3701463000.0,3718310000.0,,19.97,-103110000.0,716008000.0,716008000.0,998571000.0,255374000.0,1.116,2.825,1885877000.0,0.0,1885877000.0,1885877000.0,0.0,52778000.0,0.0,0.0,0.0,420395000.0,473173000.0,0.226,473173000.0,420395000.0,405574000.0,2.63,2.59,2.63,1939841000.0,,1939841000.0,27870572856.0,18.0,15.536,400011000.0,4.118,1.0,1097579000.0,0.524,757130000.0,14821000.0,4516835000.0,,2701760000.0,12172000.0,0.0,12172000.0,5479932000.0,3315677000.0,2164255000.0,26596855856.0,599707000.0,0.0,-296582000.0,495435000.0,0.0,198649000.0,-102063000.0,1047000.0,503121000.0,0.0,255374000.0,255374000.0,255374000.0,0.0,0.0,0.122,678953000.0,418626000.0,2782609000.0,0.0,13.711,27.315,27.755,2913927000.0,0.0,273.66,3.259,3.257,246768000.0,637817000.0,2096150000.0,2096150000.0,0.0,,,,,5178000.0,678953000.0,1.0,97189417.0,97140000,98537000.0,21.579,6662643000.0,0.0,150200000.0,190771000.0,68.588,385786000.0
22,ORLY,MRQ,2015-12-31,2015-12-31,2015-12-31,2021-08-07,0.0,6676684000.0,,3010026000.0,3666658000.0,,19.921,-116985000.0,116301000.0,116301000.0,921413000.0,218576000.0,0.988,2.404,1390018000.0,0.0,1390018000.0,1390018000.0,0.0,52191000.0,0.0,0.0,0.0,363738000.0,415929000.0,0.213,415929000.0,363738000.0,349626000.0,2.23,2.19,2.23,1961314000.0,,1961314000.0,26117413102.0,17.0,15.116,165781000.0,1.684,1.0,1027639000.0,0.527,757142000.0,14112000.0,4146861000.0,,2631015000.0,13219000.0,0.0,13219000.0,4715370000.0,3046398000.0,1668972000.0,24997334102.0,-160615000.0,0.0,-275749000.0,0.0,0.0,-327442000.0,-115939000.0,1046000.0,282766000.0,0.0,218576000.0,218576000.0,218576000.0,0.0,0.0,0.112,665019000.0,362620000.0,2608231000.0,0.0,12.745,26.844,27.191,2861556000.0,0.0,253.42,3.138,3.18,233687000.0,678840000.0,1949052000.0,1949052000.0,0.0,,,,,56002000.0,665019000.0,1.0,98639942.0,98456000,99933000.0,19.796,5919542000.0,0.0,131050000.0,81216000.0,60.124,-36372000.0
23,ORLY,MRQ,2015-09-30,2015-09-30,2015-09-30,2021-08-07,0.0,6775266000.0,,3157564000.0,3617702000.0,,20.168,-109354000.0,276916000.0,276916000.0,990947000.0,266268000.0,1.017,2.384,1396995000.0,0.0,1396995000.0,1396995000.0,0.0,52058000.0,0.0,0.0,0.0,415164000.0,467222000.0,0.225,467222000.0,415164000.0,400868000.0,2.68,2.64,2.68,2002086000.0,,2002086000.0,25960784139.0,18.0,15.576,254915000.0,2.568,1.0,1089254000.0,0.524,757093000.0,14296000.0,4034340000.0,,2606813000.0,14265000.0,0.0,14265000.0,4773180000.0,3103912000.0,1669268000.0,24823958139.0,16874000.0,0.0,-256900000.0,0.0,0.0,-239088000.0,-108307000.0,1047000.0,364269000.0,0.0,266268000.0,266268000.0,266268000.0,0.0,0.0,0.128,673994000.0,415260000.0,2626126000.0,0.0,12.399,27.757,28.123,2805150000.0,0.0,249.73,3.19,3.186,240750000.0,732742000.0,2080201000.0,2080201000.0,0.0,,,,,-12460000.0,673994000.0,1.0,99403188.0,99270000,100770000.0,20.955,6018173000.0,0.0,134600000.0,97216000.0,60.624,53652000.0
24,ORLY,MRQ,2015-06-30,2015-06-30,2015-06-30,2021-08-07,0.0,6668147000.0,,3109033000.0,3559114000.0,,19.593,-94441000.0,260042000.0,260042000.0,976727000.0,233508000.0,1.034,2.385,1396868000.0,0.0,1396868000.0,1396868000.0,0.0,51057000.0,0.0,0.0,0.0,386527000.0,437584000.0,0.215,437584000.0,386527000.0,372208000.0,2.32,2.29,2.32,1969985000.0,,1969985000.0,23744813291.0,17.0,14.903,197987000.0,1.969,1.0,1058791000.0,0.52,756852000.0,14319000.0,4041252000.0,,2560975000.0,15311000.0,0.0,15311000.0,4698162000.0,3006869000.0,1691293000.0,22821712291.0,-213604000.0,0.0,-424390000.0,-6000.0,0.0,-412637000.0,-93395000.0,1046000.0,292428000.0,0.0,233508000.0,233508000.0,233508000.0,0.0,0.0,0.115,673023000.0,385768000.0,2535971000.0,0.0,11.585,27.006,27.227,2743816000.0,0.0,225.98,3.011,2.998,250306000.0,726179000.0,2035518000.0,2035518000.0,0.0,,,,,-6345000.0,673023000.0,1.0,100989965.0,100547000,102109000.0,20.244,5911295000.0,0.0,138700000.0,116226000.0,58.791,102164000.0
25,ORLY,MRQ,2015-03-31,2015-03-31,2015-03-31,2021-08-07,0.0,6785710000.0,,3274121000.0,3511589000.0,,21.095,-90482000.0,473646000.0,473646000.0,914944000.0,212864000.0,1.109,2.166,1396747000.0,6000.0,1396741000.0,1396747000.0,0.0,54950000.0,0.0,0.0,0.0,352066000.0,407016000.0,0.214,407016000.0,352066000.0,337664000.0,2.09,2.06,2.09,2143500000.0,,2143500000.0,23777003506.0,18.0,15.431,315543000.0,3.105,1.0,986959000.0,0.519,756384000.0,14402000.0,4000046000.0,,2527982000.0,12414000.0,0.0,12414000.0,4642210000.0,2952381000.0,1689829000.0,22630923506.0,223086000.0,0.0,-114561000.0,-19000.0,0.0,-93392000.0,-89547000.0,935000.0,406025000.0,0.0,212864000.0,212864000.0,212864000.0,0.0,0.0,0.112,636586000.0,350373000.0,2470749000.0,0.0,10.558,27.694,27.303,2698848000.0,0.0,216.24,3.062,2.973,231565000.0,908354000.0,1901903000.0,1901903000.0,0.0,,,,,-15298000.0,636586000.0,1.0,104656509.0,101612000,103257000.0,18.717,6029326000.0,0.0,124800000.0,176920000.0,59.337,321740000.0
26,ORLY,MRQ,2014-12-31,2014-12-31,2014-12-31,2021-08-07,0.0,6532083000.0,,3065380000.0,3466703000.0,,19.864,-112254000.0,250560000.0,250560000.0,852071000.0,181678000.0,1.09,2.236,1388422000.0,25000.0,1388397000.0,1388422000.0,0.0,50690000.0,0.0,0.0,0.0,304185000.0,354875000.0,0.201,354875000.0,304185000.0,290106000.0,1.79,1.76,1.79,2018418000.0,,2018418000.0,20638542331.0,16.0,14.043,95222000.0,0.937,1.0,912107000.0,0.517,756384000.0,14079000.0,4100263000.0,,2554789000.0,13349000.0,0.0,13349000.0,4513665000.0,2813298000.0,1700367000.0,19540293331.0,-47723000.0,0.0,-160716000.0,-18000.0,0.0,-143880000.0,-111319000.0,935000.0,207476000.0,0.0,181678000.0,181678000.0,181678000.0,0.0,0.0,0.103,609095000.0,303012000.0,2417167000.0,0.0,9.681,25.11,25.82,2658560000.0,0.0,192.62,2.708,2.783,213211000.0,822473000.0,1764178000.0,1764178000.0,0.0,,,,,-11183000.0,609095000.0,1.0,101444779.0,101610000,103329000.0,17.362,5775699000.0,0.0,108428000.0,102422000.0,56.842,252082000.0
27,ORLY,MRQ,2014-09-30,2014-09-30,2014-09-30,2021-08-07,0.0,6475176000.0,,3070751000.0,3404425000.0,,19.096,-120713000.0,298283000.0,298283000.0,908671000.0,216997000.0,1.079,2.276,1396532000.0,44000.0,1396488000.0,1396532000.0,0.0,48511000.0,0.0,0.0,0.0,345301000.0,393812000.0,0.21,393812000.0,345301000.0,332318000.0,2.1,2.06,2.1,1976406000.0,,1976406000.0,16545417765.0,13.0,11.662,206716000.0,1.997,1.0,968201000.0,0.516,756335000.0,12983000.0,3971148000.0,,2517927000.0,14283000.0,0.0,14283000.0,4498770000.0,2845942000.0,1652828000.0,15602424765.0,-155148000.0,0.0,-371228000.0,-18000.0,0.0,-362799000.0,-119778000.0,935000.0,327429000.0,0.0,216997000.0,216997000.0,216997000.0,0.0,0.0,0.116,624433000.0,343768000.0,2409054000.0,0.0,7.894,20.835,21.148,2601112000.0,0.0,150.36,2.206,2.2,219852000.0,806641000.0,1876872000.0,1876872000.0,0.0,,,,,-3160000.0,624433000.0,1.0,103767124.0,103498000,105222000.0,18.134,5718841000.0,0.0,115321000.0,101473000.0,55.256,224809000.0
28,ORLY,MRQ,2014-06-30,2014-06-30,2014-06-30,2021-08-07,0.0,6507876000.0,,3171967000.0,3335909000.0,,20.02,-111342000.0,453431000.0,453431000.0,896211000.0,205647000.0,1.163,2.073,1396424000.0,62000.0,1396362000.0,1396424000.0,0.0,47527000.0,0.0,0.0,0.0,337617000.0,385144000.0,0.209,385144000.0,337617000.0,324798000.0,1.94,1.91,1.94,2117581000.0,,2117581000.0,16859909961.0,14.0,12.281,198634000.0,1.878,1.0,950877000.0,0.515,756349000.0,12819000.0,3967403000.0,,2462781000.0,15218000.0,0.0,15218000.0,4390295000.0,2727117000.0,1663178000.0,15975424961.0,-58400000.0,0.0,-263950000.0,-18000.0,0.0,-257969000.0,-110407000.0,935000.0,309976000.0,0.0,205647000.0,205647000.0,205647000.0,0.0,0.0,0.111,614403000.0,336474000.0,2302282000.0,0.0,7.544,22.239,22.377,2528936000.0,0.0,150.6,2.307,2.3,217220000.0,948518000.0,1847088000.0,1847088000.0,0.0,,,,,1042000.0,614403000.0,1.0,106078519.0,105772000,107556000.0,17.463,5751527000.0,0.0,119151000.0,103709000.0,54.377,444850000.0
29,ORLY,MRQ,2014-03-31,2014-03-31,2014-03-31,2021-08-07,0.0,6429773000.0,,3161273000.0,3268500000.0,,20.371,-82798000.0,511831000.0,511831000.0,850227000.0,173860000.0,1.217,1.972,1396316000.0,74000.0,1396242000.0,1396316000.0,0.0,47477000.0,0.0,0.0,0.0,288369000.0,335846000.0,0.194,335846000.0,288369000.0,274960000.0,1.64,1.61,1.64,2163224000.0,,2163224000.0,17322598542.0,15.0,13.016,262751000.0,2.474,1.0,877716000.0,0.508,756225000.0,13409000.0,3960183000.0,,2397042000.0,12165000.0,0.0,12165000.0,4266549000.0,2597850000.0,1668699000.0,16157708542.0,280513000.0,0.0,-970000.0,-18000.0,0.0,16862000.0,-81898000.0,900000.0,345549000.0,0.0,173860000.0,173860000.0,173860000.0,0.0,0.0,0.101,590596000.0,287120000.0,2160897000.0,0.0,7.469,23.423,23.186,2463099000.0,0.0,148.39,2.379,2.32,211737000.0,999748000.0,1727943000.0,1727943000.0,0.0,,,,,-12754000.0,590596000.0,1.0,108886775.0,106191000,108070000.0,16.272,5673548000.0,0.0,101100000.0,149110000.0,53.428,563423000.0
30,ORLY,MRQ,2013-12-31,2013-12-31,2013-12-31,2021-08-07,0.0,6067208000.0,,2835201000.0,3232007000.0,,18.398,-95740000.0,231318000.0,231318000.0,801934000.0,152347000.0,1.17,2.086,1396208000.0,67000.0,1396141000.0,1396208000.0,0.0,47109000.0,0.0,0.0,0.0,256809000.0,303918000.0,0.187,303918000.0,256809000.0,243897000.0,1.43,1.4,1.43,1966321000.0,,1966321000.0,14846702546.0,13.0,11.498,92438000.0,0.865,1.0,819300000.0,0.505,756225000.0,12912000.0,4052863000.0,,2375047000.0,13066000.0,0.0,13066000.0,4100887000.0,2423010000.0,1677877000.0,13813611546.0,-131690000.0,0.0,-231218000.0,-17000.0,0.0,-225619000.0,-94249000.0,1491000.0,188178000.0,0.0,152347000.0,152347000.0,152347000.0,0.0,0.0,0.094,563540000.0,255760000.0,2056521000.0,0.0,7.025,20.608,20.963,2425103000.0,0.0,128.71,2.077,2.115,198123000.0,846333000.0,1621234000.0,1621234000.0,0.0,,,,,-379000.0,563540000.0,1.0,107323530.0,106874000,108749000.0,15.17,5310983000.0,0.0,91550000.0,100935000.0,49.694,412191000.0
31,ORLY,MRQ,2013-09-30,2013-09-30,2013-09-30,2021-08-07,0.0,6167176000.0,,2975773000.0,3191403000.0,,18.797,-122511000.0,363008000.0,363008000.0,848862000.0,186489000.0,1.22,2.029,1396099000.0,68000.0,1396031000.0,1396099000.0,0.0,46389000.0,0.0,0.0,0.0,301584000.0,347973000.0,0.201,347973000.0,301584000.0,288289000.0,1.72,1.69,1.72,2035887000.0,,2035887000.0,14880555683.0,14.0,11.847,157925000.0,1.458,1.0,879163000.0,0.509,758523000.0,13295000.0,4002688000.0,,2364538000.0,14556000.0,0.0,14556000.0,4131289000.0,2439056000.0,1692233000.0,13850494683.0,-2922000.0,0.0,-167994000.0,-1106000.0,0.0,-162586000.0,-120772000.0,1739000.0,280436000.0,0.0,186489000.0,186489000.0,186489000.0,0.0,0.0,0.108,578783000.0,300380000.0,2075525000.0,0.0,6.803,21.284,21.736,2378398000.0,0.0,127.59,2.125,2.121,214294000.0,919100000.0,1728025000.0,1728025000.0,0.0,,,,,-1203000.0,578783000.0,1.0,108554704.0,108307000,110193000.0,15.955,5408653000.0,0.0,101800000.0,107517000.0,49.938,536717000.0
32,ORLY,MRQ,2013-06-30,2013-06-30,2013-06-30,2021-08-07,0.0,6123646000.0,,3005157000.0,3118489000.0,,18.192,-102770000.0,365930000.0,365930000.0,843094000.0,177127000.0,1.237,2.052,1395991000.0,69000.0,1395922000.0,1395991000.0,0.0,45503000.0,0.0,0.0,0.0,297594000.0,343097000.0,0.2,343097000.0,297594000.0,286127000.0,1.61,1.58,1.61,2006143000.0,,2006143000.0,13331603806.0,13.0,10.957,110298000.0,1.0,1.0,871875000.0,0.508,758537000.0,11467000.0,3964872000.0,,2345377000.0,16295000.0,0.0,16295000.0,4117503000.0,2430298000.0,1687205000.0,12441078806.0,160520000.0,0.0,-256861000.0,298053000.0,0.0,49085000.0,-101633000.0,1137000.0,213068000.0,0.0,177127000.0,177127000.0,177127000.0,0.0,0.0,0.103,575614000.0,296261000.0,2058859000.0,0.0,6.201,19.951,20.514,2302271000.0,0.0,112.62,1.947,1.944,258112000.0,902154000.0,1714969000.0,1714969000.0,0.0,,,,,-2316000.0,575614000.0,1.0,110469533.0,110278000,112079000.0,15.551,5365109000.0,0.0,109000000.0,110011000.0,48.651,574859000.0
33,ORLY,MRQ,2013-03-31,2013-03-31,2013-03-31,2021-08-07,0.0,5789541000.0,,2741188000.0,3048353000.0,,18.578,-73129000.0,205410000.0,205410000.0,786346000.0,154329000.0,1.167,1.793,1095935000.0,83000.0,1095852000.0,1095935000.0,0.0,44179000.0,0.0,0.0,0.0,252029000.0,296208000.0,0.187,296208000.0,252029000.0,240629000.0,1.38,1.36,1.38,2072525000.0,,2072525000.0,13346851697.0,14.0,11.483,153215000.0,1.373,1.0,798663000.0,0.504,758578000.0,11400000.0,3572466000.0,,2295846000.0,4318000.0,0.0,4318000.0,3717016000.0,2349022000.0,1367994000.0,12499023697.0,-42718000.0,0.0,-207605000.0,-145000.0,0.0,-196962000.0,-72100000.0,1029000.0,226344000.0,0.0,154329000.0,154329000.0,154329000.0,0.0,0.0,0.097,547579000.0,251084000.0,1967000000.0,0.0,6.031,21.092,20.285,2244074000.0,0.0,102.439,2.004,1.832,204884000.0,973487000.0,1585009000.0,1585009000.0,0.0,,,,,-5191000.0,547579000.0,1.0,122014308.0,111557000,113396000.0,14.208,5030963000.0,0.0,86300000.0,152330000.0,45.098,392166000.0
34,ORLY,MRQ,2012-12-31,2012-12-31,2012-12-31,2021-08-07,0.0,5749187000.0,,2732948000.0,3016239000.0,,18.432,-82934000.0,248128000.0,248128000.0,738001000.0,132802000.0,1.202,1.727,1095956000.0,222000.0,1095734000.0,1095956000.0,0.0,44610000.0,0.0,0.0,0.0,224155000.0,268765000.0,0.181,268765000.0,224155000.0,212677000.0,1.16,1.15,1.16,2108307000.0,,2108307000.0,10922793487.0,11.0,9.426,135495000.0,1.185,1.0,750384000.0,0.504,758410000.0,11478000.0,3565740000.0,,2276331000.0,5347000.0,0.0,5347000.0,3640880000.0,2272865000.0,1368015000.0,10249473487.0,-174577000.0,0.0,-295378000.0,-340000.0,0.0,-287225000.0,-105781000.0,1042000.0,218429000.0,0.0,132802000.0,132802000.0,132802000.0,0.0,0.0,0.089,527413000.0,222971000.0,1929112000.0,0.0,4.861,17.498,18.513,2211590000.0,0.0,89.42,1.658,1.753,181174000.0,1023267000.0,1488385000.0,1488385000.0,0.0,,,,,-3043000.0,527413000.0,1.0,114621712.0,114384000,116246000.0,13.012,4990777000.0,0.0,79875000.0,104948000.0,43.632,460083000.0
35,ORLY,MRQ,2012-09-30,2012-09-30,2012-09-30,2021-08-07,0.0,5849356000.0,,2882850000.0,2966506000.0,,19.052,-65485000.0,422705000.0,422705000.0,796065000.0,159332000.0,1.313,1.59,1096025000.0,353000.0,1095672000.0,1096025000.0,0.0,44266000.0,0.0,0.0,0.0,264433000.0,308699000.0,0.193,308699000.0,264433000.0,253982000.0,1.34,1.32,1.34,2258523000.0,,2258523000.0,10371227318.0,11.0,9.096,276183000.0,2.33,1.0,805493000.0,0.503,744153000.0,10451000.0,3583114000.0,,2207454000.0,6390000.0,0.0,6390000.0,3590833000.0,2195409000.0,1395424000.0,9941538318.0,54988000.0,0.0,-524933000.0,296277000.0,0.0,-222210000.0,-64470000.0,1015000.0,341668000.0,0.0,159332000.0,159332000.0,159332000.0,0.0,0.0,0.099,542175000.0,263318000.0,1863353000.0,0.0,4.402,17.262,18.06,2174084000.0,0.0,83.62,1.634,1.629,222746000.0,1168560000.0,1601558000.0,1601558000.0,0.0,,,,,-761000.0,542175000.0,1.0,118889480.0,118546000,120539000.0,13.51,5105203000.0,0.0,94650000.0,120968000.0,43.065,687441000.0
36,ORLY,MRQ,2012-06-30,2012-06-30,2012-06-30,2021-08-07,0.0,5710092000.0,,2763992000.0,2946100000.0,,20.923,-74286000.0,367717000.0,367717000.0,782988000.0,146120000.0,1.373,1.186,797406000.0,522000.0,796884000.0,797406000.0,0.0,44397000.0,0.0,0.0,0.0,244210000.0,288607000.0,0.185,288607000.0,244210000.0,235070000.0,1.17,1.15,1.17,2612652000.0,,2612652000.0,10784899384.0,11.0,9.66,202644000.0,1.623,1.0,779861000.0,0.499,744131000.0,9140000.0,3382752000.0,,2145339000.0,7404000.0,0.0,7404000.0,3097440000.0,2012898000.0,1084542000.0,10562607384.0,-207479000.0,0.0,-423878000.0,-182000.0,0.0,-411152000.0,-73257000.0,1029000.0,276930000.0,0.0,146120000.0,146120000.0,146120000.0,0.0,0.0,0.093,536258000.0,243603000.0,1699817000.0,0.0,4.043,18.694,18.995,2152785000.0,0.0,83.77,1.755,1.738,213645000.0,1489418000.0,1562849000.0,1562849000.0,0.0,,,,,-7241000.0,536258000.0,1.0,126090574.0,124870000,127188000.0,12.516,4965961000.0,0.0,88950000.0,95229000.0,39.769,751094000.0
37,ORLY,MRQ,2012-03-31,2012-03-31,2012-03-31,2021-08-07,0.0,5754125000.0,,2830382000.0,2923743000.0,,22.618,-74970000.0,575196000.0,575196000.0,767712000.0,147492000.0,1.571,1.004,797488000.0,625000.0,796863000.0,797488000.0,0.0,43833000.0,0.0,0.0,0.0,248923000.0,292756000.0,0.191,292756000.0,248923000.0,239792000.0,1.16,1.14,1.16,2871847000.0,,2871847000.0,12066273833.0,13.0,11.046,339558000.0,2.674,1.0,761680000.0,0.498,744031000.0,9131000.0,3430730000.0,,2004917000.0,9817000.0,0.0,9817000.0,2882278000.0,1801656000.0,1080622000.0,11630251833.0,213644000.0,0.0,-137584000.0,-185000.0,0.0,-126985000.0,-73899000.0,1071000.0,414528000.0,0.0,147492000.0,147492000.0,147492000.0,0.0,0.0,0.096,514179000.0,247501000.0,1469310000.0,0.0,4.05,21.043,21.698,2126599000.0,0.0,91.35,1.959,1.954,213198000.0,1742640000.0,1529392000.0,1529392000.0,0.0,,,,,-5560000.0,514179000.0,1.0,127315291.0,126970000,129327000.0,12.045,5010094000.0,0.0,92300000.0,133133000.0,39.459,1028726000.0
38,ORLY,MRQ,2011-12-31,2011-12-31,2011-12-31,2021-08-07,0.0,5500501000.0,,2607610000.0,2892891000.0,,22.228,-83043000.0,361552000.0,361552000.0,696610000.0,122988000.0,1.65,0.933,797574000.0,662000.0,796912000.0,797574000.0,0.0,43139000.0,0.0,0.0,0.0,207047000.0,250186000.0,0.18,250186000.0,207047000.0,197588000.0,0.96,0.95,0.96,2844851000.0,,2844851000.0,10780895146.0,13.0,10.676,195799000.0,1.53,1.0,694697000.0,0.499,743907000.0,9459000.0,3612606000.0,,1985748000.0,10889000.0,0.0,10889000.0,2655650000.0,1580010000.0,1075640000.0,10259846146.0,84835000.0,0.0,-120311000.0,-295000.0,0.0,-112326000.0,-81681000.0,1072000.0,278842000.0,0.0,122988000.0,122988000.0,122988000.0,0.0,0.0,0.088,487786000.0,206911000.0,1279294000.0,0.0,3.606,20.21,21.207,2093767000.0,0.0,79.95,1.772,1.86,203753000.0,1733474000.0,1391307000.0,1391307000.0,0.0,,,,,-3586000.0,490584000.0,1.0,128328282.0,127983000,130383000.0,10.871,4756594000.0,0.0,74600000.0,90854000.0,37.166,1027600000.0
39,ORLY,MRQ,2011-09-30,2011-09-30,2011-09-30,2021-08-07,0.0,5396783000.0,,2536514000.0,2860269000.0,,21.318,-92533000.0,276717000.0,276717000.0,781243000.0,148439000.0,1.684,0.907,797766000.0,804000.0,796962000.0,797766000.0,0.0,42627000.0,0.0,0.0,0.0,242241000.0,284868000.0,0.186,284868000.0,242241000.0,235029000.0,1.12,1.1,1.12,2830548000.0,,2830548000.0,9287694395.0,11.0,9.505,186148000.0,1.402,1.0,754210000.0,0.491,743943000.0,7212000.0,3667842000.0,,2009407000.0,11961000.0,0.0,11961000.0,2566235000.0,1506047000.0,1060188000.0,9057934395.0,7925000.0,0.0,-483455000.0,296567000.0,0.0,-179564000.0,-91192000.0,1341000.0,278681000.0,0.0,148439000.0,148439000.0,148439000.0,0.0,0.0,0.097,513160000.0,241050000.0,1190842000.0,0.0,3.2,18.469,18.664,2057875000.0,0.0,66.63,1.587,1.55,201555000.0,1731247000.0,1535453000.0,1535453000.0,0.0,,,,,-1972000.0,513160000.0,1.0,135943785.0,132777000,135033000.0,11.564,4652840000.0,20823000.0,86590000.0,89045000.0,35.043,1030467000.0
40,ORLY,MRQ,2011-06-30,2011-06-30,2011-06-30,2021-08-07,0.0,5365902000.0,,2554184000.0,2811718000.0,,22.951,-55876000.0,268792000.0,268792000.0,760657000.0,133772000.0,1.752,0.702,498552000.0,1005000.0,497547000.0,498552000.0,0.0,41323000.0,0.0,0.0,0.0,223239000.0,264562000.0,0.179,264562000.0,223239000.0,216982000.0,0.97,0.96,0.97,3153385000.0,,3153385000.0,9300681864.0,12.0,9.969,211479000.0,1.539,1.0,718661000.0,0.486,744028000.0,6257000.0,3393391000.0,,2035282000.0,13292000.0,0.0,13292000.0,2212517000.0,1458243000.0,754274000.0,9031880864.0,38744000.0,0.0,-178925000.0,-385000.0,0.0,-174077000.0,-54534000.0,1343000.0,267355000.0,0.0,133772000.0,133772000.0,133772000.0,0.0,0.0,0.09,496293000.0,222368000.0,1115252000.0,0.0,2.864,19.697,19.912,2008594000.0,0.0,65.51,1.613,1.608,203991000.0,2016290000.0,1479318000.0,1479318000.0,0.0,,,,,164000.0,496293000.0,1.0,137870262.0,137399000,139716000.0,10.767,4621874000.0,16238000.0,83210000.0,99133000.0,33.638,1095941000.0
41,ORLY,MRQ,2011-03-31,2011-03-31,2011-03-31,2021-08-07,0.0,5248086000.0,,2467411000.0,2780675000.0,,22.677,-94152000.0,230048000.0,230048000.0,712957000.0,102474000.0,1.872,0.646,498849000.0,1208000.0,497641000.0,498849000.0,0.0,38791000.0,0.0,0.0,0.0,171411000.0,210202000.0,0.152,210202000.0,171411000.0,166174000.0,0.73,0.72,0.73,3187850000.0,,3187850000.0,8438248962.0,12.0,9.471,199961000.0,1.422,1.0,669781000.0,0.484,743895000.0,5237000.0,3455018000.0,,2001314000.0,16379000.0,0.0,16379000.0,2060236000.0,1317974000.0,742262000.0,8109265962.0,200327000.0,0.0,-136379000.0,132691000.0,0.0,-1540000.0,-92246000.0,1679000.0,294113000.0,0.0,102474000.0,102474000.0,102474000.0,0.0,0.0,0.074,473344000.0,196437000.0,977627000.0,0.0,2.544,19.109,18.901,1972420000.0,0.0,57.46,1.474,1.469,196865000.0,2048214000.0,1382738000.0,1382738000.0,0.0,,,,,2988000.0,473344000.0,1.0,141128889.0,140579000,142866000.0,9.836,4504191000.0,10018000.0,63700000.0,93953000.0,32.04,1149437000.0
42,ORLY,MRQ,2010-12-31,2010-12-31,2010-12-31,2021-08-07,-2970000.0,5047827000.0,,2301252000.0,2746575000.0,,22.933,-88698000.0,29721000.0,29721000.0,673733000.0,105760000.0,1.873,0.573,358704000.0,1431000.0,357273000.0,358704000.0,0.0,40711000.0,0.0,0.0,0.0,176752000.0,217463000.0,0.166,217463000.0,176752000.0,169260000.0,0.75,0.72,0.75,3209685000.0,,3209685000.0,8824914154.0,12.0,9.915,22426000.0,0.16,1.0,636597000.0,0.486,743975000.0,7492000.0,3403877000.0,,2023488000.0,18047000.0,0.0,18047000.0,1838142000.0,1228958000.0,609184000.0,8436855154.0,-13472000.0,0.0,17527000.0,-72393000.0,0.0,-48034000.0,-76562000.0,12754000.0,111124000.0,0.0,105760000.0,105760000.0,105760000.0,0.0,0.0,0.081,472461000.0,164136000.0,895736000.0,0.0,2.629,20.118,20.007,1930095000.0,0.0,60.42,1.563,1.552,183652000.0,2069496000.0,1310330000.0,1310330000.0,0.0,,,,,-2651000.0,472461000.0,1.0,139636795.0,139959000,145346000.0,9.362,4303852000.0,33877000.0,63500000.0,73563000.0,30.751,1072294000.0
43,ORLY,MRQ,2010-09-30,2010-09-30,2010-09-30,2021-08-07,-4095000.0,5023419000.0,,2309596000.0,2713823000.0,,22.144,-94031000.0,43193000.0,43193000.0,732472000.0,116542000.0,1.67,0.634,431252000.0,104698000.0,326554000.0,431252000.0,0.0,40794000.0,0.0,0.0,0.0,199948000.0,240742000.0,0.169,240742000.0,199948000.0,190192000.0,0.84,0.82,0.84,3074271000.0,,3074271000.0,7934863956.0,12.0,9.483,142789000.0,1.029,1.0,693415000.0,0.486,743921000.0,9756000.0,3284295000.0,,1997718000.0,19151000.0,0.0,19151000.0,1949148000.0,1383262000.0,565886000.0,7382091956.0,11582000.0,0.0,17832000.0,-152941000.0,0.0,-131117000.0,-94121000.0,1934000.0,236820000.0,0.0,116542000.0,116542000.0,116542000.0,0.0,0.0,0.082,494384000.0,199031000.0,943147000.0,0.0,2.401,19.148,19.0,1891560000.0,0.0,53.2,1.403,1.404,194159000.0,1963736000.0,1425887000.0,1425887000.0,0.0,,,,,362000.0,488484000.0,1.0,138761127.0,138831000,141706000.0,10.271,4279498000.0,41996000.0,73650000.0,57446000.0,30.825,926334000.0
44,ORLY,MRQ,2010-06-30,2010-06-30,2010-06-30,2021-08-07,-5466000.0,4916519000.0,,2257497000.0,2659022000.0,,21.2,-90223000.0,31611000.0,31611000.0,708608000.0,99595000.0,1.724,0.678,584383000.0,105150000.0,479233000.0,584383000.0,0.0,40002000.0,0.0,0.0,0.0,182591000.0,222593000.0,0.161,222593000.0,182591000.0,171445000.0,0.72,0.71,0.72,2930452000.0,,2930452000.0,7241676077.0,12.0,9.244,94874000.0,0.686,1.0,672633000.0,0.487,743780000.0,11146000.0,3416407000.0,,1932479000.0,21084000.0,0.0,21084000.0,1986067000.0,1309104000.0,676963000.0,6569048077.0,1739000.0,0.0,18921000.0,-117930000.0,0.0,-93021000.0,-90337000.0,1404000.0,185097000.0,0.0,99595000.0,99595000.0,99595000.0,0.0,0.0,0.072,491469000.0,181164000.0,854659000.0,0.0,2.242,18.441,18.292,1830745000.0,0.0,47.56,1.29,1.291,196592000.0,1847194000.0,1381241000.0,1381241000.0,0.0,,,,,-1664000.0,476469000.0,1.0,138121280.0,138230000,141117000.0,9.992,4172739000.0,62588000.0,71850000.0,50217000.0,30.187,948393000.0
45,ORLY,MRQ,2010-03-31,2010-03-31,2010-03-31,2021-08-07,-7067000.0,4837865000.0,,2231558000.0,2606307000.0,,20.354,-90343000.0,29872000.0,29872000.0,661720000.0,97476000.0,1.778,0.728,702500000.0,105790000.0,596710000.0,702500000.0,0.0,39935000.0,0.0,0.0,0.0,169355000.0,209290000.0,0.163,209290000.0,169355000.0,158476000.0,0.71,0.7,0.71,2800318000.0,,2800318000.0,6501720224.0,11.0,8.677,80303000.0,0.584,1.0,618347000.0,0.483,743824000.0,10879000.0,3511865000.0,,1903108000.0,11208000.0,0.0,11208000.0,2037547000.0,1254804000.0,782743000.0,5737907224.0,2937000.0,0.0,8836000.0,-88063000.0,0.0,-77452000.0,-90257000.0,1272000.0,170646000.0,0.0,97476000.0,97476000.0,97476000.0,0.0,0.0,0.076,449902000.0,168445000.0,794676000.0,0.0,2.049,16.771,16.618,1784301000.0,0.0,41.71,1.156,1.156,187191000.0,1747599000.0,1280067000.0,1280067000.0,0.0,,,,,2339000.0,449902000.0,1.0,137566704.0,137583000,139612000.0,9.304,4094041000.0,74056000.0,61000000.0,58786000.0,29.757,976754000.0
46,ORLY,MRQ,2009-12-31,2009-12-31,2009-12-31,2021-08-07,-7962000.0,4781471000.0,,2226719000.0,2554752000.0,,19.56,-95882000.0,26935000.0,26935000.0,604163000.0,71923000.0,1.826,0.78,790748000.0,106708000.0,684040000.0,790748000.0,0.0,37054000.0,0.0,0.0,0.0,127042000.0,164096000.0,0.14,164096000.0,127042000.0,115973000.0,0.53,0.52,0.53,2685865000.0,,2685865000.0,5903871385.0,11.0,8.553,-99662000.0,-0.726,1.0,569534000.0,0.485,744313000.0,11069000.0,3581828000.0,,1913218000.0,12481000.0,0.0,12481000.0,2095606000.0,1219143000.0,876463000.0,5229733385.0,-2600000.0,0.0,8504000.0,87264000.0,0.0,97010000.0,-95830000.0,1575000.0,-3780000.0,0.0,71923000.0,71923000.0,71923000.0,0.0,0.0,0.061,444122000.0,125412000.0,818153000.0,0.0,1.947,17.007,16.867,1726379000.0,0.0,38.12,1.079,1.071,170997000.0,1650123000.0,1173697000.0,1173697000.0,0.0,,,,,-6517000.0,444122000.0,1.0,137191327.0,137313000,139202000.0,8.548,4037158000.0,85934000.0,44050000.0,26389000.0,29.401,1007576000.0
47,ORLY,MRQ,2009-09-30,2009-09-30,2009-09-30,2021-08-07,-9339000.0,4681111000.0,,2174660000.0,2506451000.0,,19.004,-84802000.0,29535000.0,29535000.0,647684000.0,87225000.0,1.786,0.801,703673000.0,10157000.0,693516000.0,703673000.0,0.0,37036000.0,0.0,0.0,0.0,150361000.0,187397000.0,0.149,187397000.0,150361000.0,139275000.0,0.64,0.63,0.64,2599247000.0,,2599247000.0,5697404103.0,11.0,7.904,51415000.0,0.376,1.0,610555000.0,0.485,744375000.0,11086000.0,3393563000.0,,1856049000.0,13282000.0,0.0,13282000.0,2081864000.0,1217311000.0,864553000.0,4941808103.0,-11489000.0,0.0,24587000.0,-92757000.0,0.0,-64075000.0,-83631000.0,2321000.0,136217000.0,0.0,87225000.0,87225000.0,87225000.0,0.0,0.0,0.069,461359000.0,149196000.0,889030000.0,0.0,1.901,17.758,17.544,1672236000.0,0.0,36.14,1.032,1.032,178650000.0,1578200000.0,1258239000.0,1258239000.0,0.0,,,,,6092000.0,461359000.0,1.0,136740678.0,136774000,138704000.0,9.199,3936736000.0,76344000.0,52050000.0,4928000.0,28.783,957349000.0
48,ORLY,MRQ,2009-06-30,2009-06-30,2009-06-30,2021-08-07,-9685000.0,4567482000.0,,2085770000.0,2481712000.0,,18.247,-79710000.0,41024000.0,41024000.0,647608000.0,85515000.0,1.813,0.844,796620000.0,10752000.0,785868000.0,796620000.0,0.0,38057000.0,0.0,0.0,0.0,150426000.0,188483000.0,0.151,188483000.0,150426000.0,139465000.0,0.63,0.62,0.63,2477440000.0,,2477440000.0,5919384197.0,14.0,9.618,-13497000.0,-0.099,1.0,603769000.0,0.482,744749000.0,10961000.0,3427944000.0,,1736140000.0,16082000.0,0.0,16082000.0,2090042000.0,1150385000.0,939657000.0,5165820197.0,3620000.0,0.0,16061000.0,-1319000.0,0.0,18015000.0,-80608000.0,591000.0,66213000.0,0.0,85515000.0,85515000.0,85515000.0,0.0,0.0,0.068,454094000.0,149675000.0,818873000.0,0.0,2.085,22.222,22.012,1624094000.0,0.0,38.08,1.113,1.114,183266000.0,1490975000.0,1251377000.0,1251377000.0,0.0,,,,,5857000.0,454094000.0,1.0,135657043.0,135773000,137548000.0,9.217,3822733000.0,107748000.0,53950000.0,6901000.0,28.155,935385000.0
49,ORLY,MRQ,2009-03-31,2009-03-31,2009-03-31,2021-08-07,-11432000.0,4377794000.0,,1956569000.0,2421225000.0,,17.516,-150097000.0,37404000.0,37404000.0,621079000.0,62835000.0,1.784,0.851,790968000.0,8310000.0,782658000.0,790968000.0,0.0,36032000.0,0.0,0.0,0.0,114245000.0,150277000.0,0.129,150277000.0,114245000.0,102185000.0,0.47,0.46,0.47,2365476000.0,,2365476000.0,5426087117.0,15.0,10.498,-63547000.0,-0.471,1.0,542670000.0,0.466,722306000.0,12060000.0,3312203000.0,,1626199000.0,14192000.0,0.0,14192000.0,2012318000.0,1096849000.0,915469000.0,4724693117.0,6103000.0,0.0,10356000.0,57764000.0,0.0,70145000.0,-150592000.0,1332000.0,86550000.0,0.0,62835000.0,62835000.0,62835000.0,0.0,0.0,0.054,429334000.0,113336000.0,760613000.0,0.0,1.997,23.305,22.158,1572588000.0,0.0,35.01,1.154,1.155,162435000.0,1405460000.0,1163749000.0,1163749000.0,0.0,,,,,5766000.0,429334000.0,1.0,134952674.0,135043000,136234000.0,8.618,3655488000.0,96848000.0,39350000.0,26579000.0,27.069,859720000.0
50,ORLY,MRQ,2008-12-31,2008-12-31,2008-12-31,2021-08-07,-11513000.0,4193317000.0,,1875433000.0,2317884000.0,,16.942,-81884000.0,31301000.0,31301000.0,599502000.0,42714000.0,1.78,0.837,732695000.0,8131000.0,724564000.0,732695000.0,0.0,112998000.0,0.0,0.0,0.0,81684000.0,194682000.0,0.175,194682000.0,81684000.0,68614000.0,0.32,0.3,0.32,2282218000.0,,2282218000.0,4774137524.0,15.0,10.809,-72639000.0,-0.539,1.0,515129000.0,0.462,720508000.0,13070000.0,3120702000.0,,1570144000.0,21548000.0,0.0,21548000.0,1911099000.0,1053501000.0,857598000.0,4135159524.0,4891000.0,-1238000.0,6554000.0,67270000.0,0.0,74481000.0,-78835000.0,1476000.0,9245000.0,0.0,42714000.0,42714000.0,42714000.0,0.0,0.0,0.038,434527000.0,80602000.0,736986000.0,0.0,1.812,22.204,20.493,1449893000.0,0.0,30.74,1.156,1.07,165811000.0,1342625000.0,1114631000.0,1114631000.0,0.0,,,,,11370000.0,434527000.0,1.0,134520479.0,134705000,135433000.0,8.275,3472809000.0,92795000.0,25900000.0,9951000.0,25.781,821932000.0
51,ORLY,MRQ,2008-09-30,2008-09-30,2008-09-30,2021-08-07,-984000.0,4025147000.0,,1802349000.0,2222798000.0,,16.57,-134762000.0,26410000.0,26410000.0,604066000.0,41399000.0,1.711,0.838,665388000.0,8257000.0,657131000.0,665388000.0,0.0,0.0,0.0,0.0,0.0,82009000.0,82009000.0,0.074,82009000.0,82009000.0,71149000.0,0.31,0.31,0.31,2190493000.0,,2190493000.0,3544523906.0,11.0,9.052,-60933000.0,-0.461,1.0,507206000.0,0.456,655886000.0,10860000.0,2955036000.0,,1517744000.0,22877000.0,0.0,22877000.0,1834654000.0,1053203000.0,781451000.0,3586426906.0,-90804000.0,-32529000.0,11750000.0,-13251000.0,0.0,-1784000.0,-162849000.0,1422000.0,73829000.0,0.0,41399000.0,41399000.0,41399000.0,0.0,0.0,0.037,414735000.0,92471000.0,757080000.0,0.0,1.637,19.479,17.383,1404737000.0,0.0,26.77,1.17,1.154,165596000.0,1299911000.0,1111272000.0,1111272000.0,0.0,,,,,0.0,414735000.0,1.0,133971868.0,132196000,133081000.0,8.406,3369261000.0,81484000.0,29750000.0,0.0,25.487,749146000.0
52,ORLY,MRQ,2008-06-30,2008-06-30,2008-06-30,2021-08-07,528000.0,2462767000.0,,1181305000.0,1281462000.0,,14.843,-65968000.0,117214000.0,117214000.0,387333000.0,55788000.0,2.027,0.434,75311000.0,311000.0,75000000.0,75311000.0,0.0,0.0,0.0,0.0,0.0,89900000.0,89900000.0,0.128,89900000.0,89900000.0,89063000.0,0.48,0.48,0.48,1717239000.0,,1717239000.0,2568117894.0,8.0,6.516,30646000.0,0.265,1.0,317097000.0,0.45,51145000.0,837000.0,1786809000.0,,904152000.0,24100000.0,0.0,24100000.0,745528000.0,582910000.0,162618000.0,2581013894.0,3927000.0,0.0,1705000.0,-25080000.0,0.0,-23352000.0,-69335000.0,1251000.0,96614000.0,0.0,55788000.0,55788000.0,55788000.0,0.0,0.0,0.079,228709000.0,88388000.0,446013000.0,0.0,1.503,13.182,13.225,1171777000.0,0.0,22.35,0.986,0.988,139757000.0,1258512000.0,704430000.0,704430000.0,0.0,,,,,0.0,228709000.0,1.0,115481606.0,115696000,116509000.0,6.089,2411622000.0,0.0,33275000.0,38357000.0,20.844,598395000.0
53,ORLY,MRQ,2008-03-31,2008-03-31,2008-03-31,2021-08-07,-1039000.0,2397736000.0,,1166617000.0,1231119000.0,,14.309,-57819000.0,113287000.0,113287000.0,357726000.0,46331000.0,1.983,0.452,100391000.0,25323000.0,75068000.0,100391000.0,0.0,0.0,0.0,0.0,0.0,75077000.0,75077000.0,0.116,75077000.0,75077000.0,73706000.0,0.4,0.4,0.4,1651013000.0,,1651013000.0,3343837542.0,11.0,8.65,61035000.0,0.529,1.0,288494000.0,0.446,50583000.0,1371000.0,1745931000.0,,892583000.0,24253000.0,0.0,24253000.0,746723000.0,588326000.0,158397000.0,3290923542.0,65732000.0,0.0,2986000.0,-79000.0,0.0,3456000.0,-56578000.0,1193000.0,118854000.0,0.0,46331000.0,46331000.0,46331000.0,0.0,0.0,0.072,214338000.0,74156000.0,417128000.0,0.0,1.993,17.148,17.181,1125963000.0,0.0,28.52,1.288,1.288,140416000.0,1202724000.0,646220000.0,646220000.0,0.0,,,,,0.0,214338000.0,1.0,115390026.0,115386000,116291000.0,5.601,2347153000.0,0.0,27375000.0,37015000.0,20.342,578291000.0
54,ORLY,MRQ,2007-12-31,2007-12-31,2007-12-31,2021-08-07,-6800000.0,2279737000.0,,1102304000.0,1177433000.0,,13.83,-62532000.0,47555000.0,47555000.0,333995000.0,40595000.0,2.084,0.432,100469000.0,25320000.0,75149000.0,100469000.0,0.0,78943000.0,0.0,0.0,0.0,65649000.0,144592000.0,0.239,144592000.0,65649000.0,64495000.0,0.35,0.35,0.35,1592477000.0,,1592477000.0,3722389891.0,12.0,9.541,-45022000.0,-0.391,1.0,270293000.0,0.447,50447000.0,1154000.0,1753228000.0,,881761000.0,25437000.0,0.0,25437000.0,687260000.0,528976000.0,158284000.0,3731625891.0,-62228000.0,0.0,3518000.0,-78000.0,0.0,4105000.0,-83843000.0,-20379000.0,17510000.0,0.0,40595000.0,40595000.0,40595000.0,0.0,0.0,0.067,206608000.0,63685000.0,380683000.0,0.0,2.343,19.236,19.189,1090160000.0,0.0,32.43,1.479,1.474,132505000.0,1156393000.0,604288000.0,604288000.0,0.0,,,,,12777000.0,206608000.0,1.0,115067095.0,115144000,116353000.0,5.248,2229290000.0,0.0,23900000.0,33476000.0,19.361,573328000.0
55,ORLY,MRQ,2007-09-30,2007-09-30,2007-09-30,2021-08-07,0.0,2260550000.0,,1125835000.0,1134715000.0,,13.512,-78627000.0,109783000.0,109783000.0,368077000.0,53087000.0,2.032,0.455,100547000.0,25317000.0,75230000.0,100547000.0,0.0,0.0,0.0,0.0,0.0,84553000.0,84553000.0,0.128,84553000.0,84553000.0,83472000.0,0.46,0.46,0.46,1553171000.0,,1553171000.0,3844815967.0,12.0,10.19,11351000.0,0.099,1.0,293701000.0,0.444,49857000.0,1081000.0,1647505000.0,,856586000.0,26765000.0,0.0,26765000.0,707379000.0,553952000.0,153427000.0,3836673967.0,17299000.0,0.0,4380000.0,-79000.0,0.0,5092000.0,-77771000.0,1297000.0,89978000.0,0.0,53087000.0,53087000.0,53087000.0,0.0,0.0,0.08,210985000.0,82716000.0,401308000.0,0.0,2.47,19.803,19.887,1045943000.0,0.0,33.41,1.549,1.551,136988000.0,1115798000.0,661778000.0,661778000.0,0.0,,,,,0.0,210985000.0,1.0,114836096.0,114946000,116306000.0,5.757,2210693000.0,0.0,30385000.0,35195000.0,19.232,571883000.0
56,ORLY,MRQ,2007-06-30,2007-06-30,2007-06-30,2021-08-07,0.0,2184704000.0,,1106623000.0,1078081000.0,,13.032,-75303000.0,92484000.0,92484000.0,355923000.0,51899000.0,2.045,0.464,100626000.0,25315000.0,75311000.0,100626000.0,0.0,0.0,0.0,0.0,0.0,82339000.0,82339000.0,0.128,82339000.0,82339000.0,82339000.0,0.45,0.45,0.45,1492563000.0,,1492563000.0,4181807076.0,14.0,11.359,-12004000.0,-0.105,1.0,287185000.0,0.447,49499000.0,0.0,1602140000.0,,853127000.0,28047000.0,0.0,28047000.0,692141000.0,541207000.0,150934000.0,4171322076.0,2267000.0,0.0,9652000.0,-77000.0,0.0,13536000.0,-74568000.0,1428000.0,63299000.0,0.0,51899000.0,51899000.0,51899000.0,0.0,0.0,0.081,205627000.0,81558000.0,393916000.0,0.0,2.795,22.127,22.287,987941000.0,0.0,36.55,1.73,1.736,141041000.0,1062711000.0,643108000.0,643108000.0,0.0,,,,,0.0,205627000.0,1.0,114126459.0,114533000,116111000.0,5.615,2135205000.0,0.0,30440000.0,30446000.0,18.643,565416000.0
57,ORLY,MRQ,2007-03-31,2007-03-31,2007-03-31,2021-08-07,0.0,2093628000.0,,1070689000.0,1022939000.0,,12.467,-63866000.0,90217000.0,90217000.0,343864000.0,48407000.0,2.152,0.474,100702000.0,312000.0,100390000.0,100702000.0,0.0,0.0,0.0,0.0,0.0,77182000.0,77182000.0,0.126,77182000.0,77182000.0,77182000.0,0.42,0.42,0.42,1420485000.0,,1420485000.0,3853377784.0,13.0,10.581,64765000.0,0.568,1.0,269281000.0,0.439,0.0,0.0,1606598000.0,,825206000.0,29151000.0,0.0,29151000.0,673143000.0,497515000.0,175628000.0,3772801784.0,60314000.0,0.0,4177000.0,-9776000.0,0.0,-4181000.0,-64136000.0,1132000.0,128631000.0,0.0,48407000.0,48407000.0,48407000.0,0.0,0.0,0.079,192089000.0,77192000.0,372061000.0,0.0,2.656,20.292,20.307,931091000.0,0.0,33.1,1.599,1.598,134137000.0,1010812000.0,613145000.0,613145000.0,0.0,,,,,0.0,192089000.0,1.0,113981927.0,113936000,115537000.0,5.381,2093628000.0,0.0,28775000.0,42408000.0,18.375,573174000.0
58,ORLY,MRQ,2006-12-31,2006-12-31,2006-12-31,2021-08-07,0.0,1977496000.0,,1000676000.0,976820000.0,,11.991,-53738000.0,29903000.0,29903000.0,309303000.0,40352000.0,2.307,0.45,110479000.0,309000.0,110170000.0,110479000.0,0.0,64938000.0,0.0,0.0,0.0,68319000.0,133257000.0,0.239,133257000.0,68319000.0,63997000.0,0.35,0.35,0.35,1364096000.0,,1364096000.0,3703370186.0,13.0,10.535,-27605000.0,-0.243,1.0,249029000.0,0.446,49065000.0,4322000.0,1575223000.0,,812938000.0,30288000.0,0.0,30288000.0,613400000.0,433784000.0,179616000.0,3643338186.0,-10920000.0,0.0,4436000.0,9624000.0,0.0,15582000.0,-52635000.0,1309000.0,26133000.0,0.0,40352000.0,40352000.0,40352000.0,0.0,0.0,0.072,185000000.0,64029000.0,318404000.0,0.0,2.671,20.458,20.42,883095000.0,0.0,32.06,1.596,1.59,128838000.0,962405000.0,558332000.0,558332000.0,0.0,,,,,11029000.0,185000000.0,1.0,113641241.0,113760000,115629000.0,4.908,1928431000.0,0.0,23645000.0,43950000.0,16.952,566892000.0
59,ORLY,MRQ,2006-09-30,2006-09-30,2006-09-30,2021-08-07,0.0,1945868000.0,,1006204000.0,939664000.0,,11.599,-55287000.0,40823000.0,40823000.0,333818000.0,47856000.0,2.206,0.479,100855000.0,307000.0,100548000.0,100855000.0,0.0,0.0,0.0,0.0,0.0,75356000.0,75356000.0,0.126,75356000.0,75356000.0,75356000.0,0.42,0.42,0.42,1316079000.0,,1316079000.0,3811513762.0,13.0,11.1,-19292000.0,-0.17,1.0,263326000.0,0.441,0.0,0.0,1549711000.0,,816661000.0,31033000.0,0.0,31033000.0,629789000.0,456189000.0,173600000.0,3765817762.0,-14424000.0,0.0,3807000.0,-88000.0,0.0,4709000.0,-55128000.0,1524000.0,35995000.0,0.0,47856000.0,47856000.0,47856000.0,0.0,0.0,0.08,188242000.0,75084000.0,341375000.0,0.0,2.861,21.247,21.153,846664000.0,0.0,33.21,1.681,1.682,130629000.0,922053000.0,597144000.0,597144000.0,0.0,,,,,0.0,188242000.0,1.0,113394091.0,113464000,115026000.0,5.263,1945868000.0,838000.0,27500000.0,41699000.0,17.15,550015000.0
60,ORLY,MRQ,2006-06-30,2006-06-30,2006-06-30,2021-08-07,0.0,1916326000.0,,1015863000.0,900463000.0,,11.141,-71707000.0,55247000.0,55247000.0,330271000.0,49313000.0,2.087,0.519,100943000.0,265000.0,100678000.0,100943000.0,0.0,0.0,0.0,0.0,0.0,78398000.0,78398000.0,0.133,78398000.0,78398000.0,78398000.0,0.44,0.43,0.44,1261702000.0,,1261702000.0,3575987851.0,13.0,10.673,-4839000.0,-0.043,1.0,260928000.0,0.441,0.0,0.0,1475204000.0,,800459000.0,32532000.0,0.0,32532000.0,654624000.0,486818000.0,167806000.0,3530687851.0,-43000.0,0.0,3526000.0,-590000.0,0.0,3821000.0,-70732000.0,1286000.0,66868000.0,0.0,49313000.0,49313000.0,49313000.0,0.0,0.0,0.083,182692000.0,78236000.0,358090000.0,0.0,2.798,19.835,19.741,807850000.0,0.0,31.19,1.615,1.616,144946000.0,874197000.0,591199000.0,591199000.0,0.0,,,,,0.0,182692000.0,1.0,113199354.0,113253000,115196000.0,5.22,1916326000.0,0.0,29085000.0,57288000.0,16.921,529045000.0
61,ORLY,MRQ,2006-03-31,2006-03-31,2006-03-31,2021-08-07,0.0,1802994000.0,,963002000.0,839992000.0,,10.722,-47264000.0,55290000.0,55290000.0,303119000.0,40564000.0,1.894,0.494,100590000.0,75154000.0,25436000.0,100590000.0,0.0,0.0,0.0,0.0,0.0,64514000.0,64514000.0,0.12,64514000.0,64514000.0,64514000.0,0.36,0.35,0.36,1206472000.0,,1206472000.0,4179666682.0,16.0,12.862,9668000.0,0.086,1.0,233428000.0,0.435,0.0,0.0,1339727000.0,,755026000.0,27898000.0,0.0,27898000.0,596522000.0,508567000.0,87955000.0,4110276682.0,23906000.0,0.0,8724000.0,-185000.0,0.0,13680000.0,-46706000.0,1055000.0,56932000.0,0.0,40564000.0,40564000.0,40564000.0,0.0,0.0,0.076,168462000.0,64966000.0,312509000.0,0.0,3.407,23.95,23.895,750645000.0,0.0,36.56,1.943,1.945,134947000.0,824884000.0,536547000.0,536547000.0,0.0,,,,,0.0,168462000.0,1.0,112425511.0,112523000,114615000.0,4.768,1802994000.0,0.0,23950000.0,53750000.0,16.023,454435000.0
62,ORLY,MRQ,2005-12-31,2005-12-31,2005-12-31,2021-08-07,0.0,1718896000.0,,910641000.0,808255000.0,,10.213,-54416000.0,31384000.0,31384000.0,283516000.0,39507000.0,1.875,0.5,100774000.0,75313000.0,25461000.0,100774000.0,0.0,57228000.0,0.0,0.0,0.0,67872000.0,125100000.0,0.243,125100000.0,67872000.0,62810000.0,0.35,0.35,0.35,1145769000.0,,1145769000.0,3636980801.0,14.0,11.606,-24202000.0,-0.216,1.0,231448000.0,0.449,0.0,5062000.0,1302619000.0,,725339000.0,29062000.0,0.0,29062000.0,573127000.0,485667000.0,87460000.0,3587659801.0,-20207000.0,-236000.0,4288000.0,-151000.0,0.0,4137000.0,-54558000.0,1140000.0,30214000.0,0.0,39507000.0,39507000.0,39507000.0,0.0,0.0,0.077,168217000.0,63231000.0,292667000.0,0.0,3.131,21.841,21.776,718366000.0,0.0,32.01,1.754,1.747,131073000.0,784320000.0,514964000.0,514964000.0,0.0,,,,,14977000.0,168217000.0,1.0,112079344.0,112183000,114048000.0,4.59,1718896000.0,0.0,23303000.0,44967000.0,15.322,424974000.0
63,ORLY,MRQ,2005-09-30,2005-09-30,2005-09-30,2021-08-07,0.0,1662010000.0,,895413000.0,766597000.0,,9.808,-46979000.0,51591000.0,51591000.0,306990000.0,48623000.0,1.845,0.514,100912000.0,75444000.0,25468000.0,100912000.0,0.0,0.0,0.0,0.0,0.0,67024000.0,67024000.0,0.123,67024000.0,67024000.0,67024000.0,0.43,0.42,0.43,1097678000.0,,1097678000.0,3215605847.0,14.0,11.391,10740000.0,0.096,1.0,235916000.0,0.435,0.0,0.0,1225927000.0,,715257000.0,30197000.0,0.0,30197000.0,564332000.0,485404000.0,78928000.0,3150999847.0,15139000.0,0.0,3806000.0,-145000.0,0.0,3661000.0,-46241000.0,1081000.0,57719000.0,0.0,48623000.0,48623000.0,48623000.0,0.0,0.0,0.09,168331000.0,67585000.0,287851000.0,0.0,2.871,21.47,21.348,679032000.0,0.0,28.18,1.609,1.611,111249000.0,744813000.0,542906000.0,542906000.0,0.0,,,,,0.0,168331000.0,1.0,111816886.0,111911000,113830000.0,4.851,1662010000.0,4783000.0,18401000.0,42307000.0,14.851,410009000.0
64,ORLY,MRQ,2005-06-30,2005-06-30,2005-06-30,2021-08-07,0.0,1608109000.0,,868172000.0,739937000.0,,9.364,-56609000.0,36452000.0,36452000.0,292239000.0,42923000.0,1.755,0.541,101058000.0,75587000.0,25471000.0,101058000.0,0.0,0.0,0.0,0.0,0.0,68322000.0,68322000.0,0.131,68322000.0,68322000.0,68322000.0,0.39,0.38,0.39,1043586000.0,,1043586000.0,3328765699.0,15.0,12.301,-2216000.0,-0.02,1.0,228970000.0,0.439,0.0,0.0,1178014000.0,,695842000.0,31290000.0,0.0,31290000.0,564523000.0,494701000.0,69822000.0,3317271699.0,-52818000.0,-62909000.0,5204000.0,-157000.0,0.0,5047000.0,-112258000.0,7404000.0,54393000.0,0.0,42923000.0,42923000.0,42923000.0,0.0,0.0,0.082,160843000.0,68127000.0,272100000.0,0.0,3.179,24.974,24.858,646921000.0,0.0,29.83,1.774,1.778,122785000.0,696190000.0,521209000.0,521209000.0,0.0,,,,,0.0,160843000.0,1.0,111205890.0,111448000,113138000.0,4.677,1608109000.0,0.0,25399000.0,65941000.0,14.429,373471000.0
65,ORLY,MRQ,2005-03-31,2005-03-31,2005-03-31,2021-08-07,0.0,1505067000.0,,850141000.0,654926000.0,,8.918,-45220000.0,89270000.0,89270000.0,270070000.0,33213000.0,2.326,0.522,100764000.0,591000.0,100173000.0,100764000.0,0.0,0.0,0.0,0.0,0.0,52913000.0,52913000.0,0.113,52913000.0,52913000.0,52913000.0,0.3,0.3,0.3,989016000.0,,989016000.0,2776908140.0,14.0,10.843,19139000.0,0.173,1.0,196169000.0,0.421,0.0,0.0,1151032000.0,,649297000.0,27375000.0,0.0,27375000.0,516051000.0,365529000.0,150522000.0,2745022140.0,20242000.0,0.0,5411000.0,-149000.0,0.0,5262000.0,-49379000.0,-5691000.0,64359000.0,0.0,33213000.0,33213000.0,33213000.0,0.0,0.0,0.071,142588000.0,53581000.0,258470000.0,0.0,2.776,22.209,22.112,599898000.0,0.0,24.765,1.539,1.539,105811000.0,653826000.0,466239000.0,466239000.0,0.0,,,,,0.0,142588000.0,1.0,110842808.0,110896000,112510000.0,4.204,1505067000.0,0.0,19700000.0,65634000.0,13.572,484612000.0
66,ORLY,MRQ,2004-12-31,2004-12-31,2004-12-31,2021-08-07,0.0,1432357000.0,,813477000.0,618880000.0,,8.575,-46861000.0,69028000.0,69028000.0,241650000.0,22007000.0,2.437,0.511,100914000.0,592000.0,100322000.0,100914000.0,0.0,54325000.0,0.0,0.0,0.0,39713000.0,94038000.0,0.22,94038000.0,39713000.0,35013000.0,0.2,0.19,0.2,947817000.0,,947817000.0,2504584610.0,12.0,9.323,-17926000.0,-0.162,1.0,185968000.0,0.435,0.0,4700000.0,1130428000.0,,625320000.0,21690000.0,0.0,21690000.0,484540000.0,333815000.0,150725000.0,2487142610.0,-14591000.0,0.0,4037000.0,-148000.0,0.0,3889000.0,-47415000.0,403000.0,28935000.0,0.0,22007000.0,22007000.0,22007000.0,0.0,0.0,0.051,149909000.0,36059000.0,240548000.0,0.0,2.624,17.821,17.736,567493000.0,0.0,22.525,1.445,1.44,113904000.0,620613000.0,427618000.0,427618000.0,0.0,,,,,9593000.0,149909000.0,1.0,110416986.0,110539000,111930000.0,3.868,1432357000.0,0.0,13006000.0,55374000.0,12.958,479662000.0
67,ORLY,MRQ,2004-09-30,2004-09-30,2004-09-30,2021-08-07,0.0,1405328000.0,,814084000.0,591244000.0,,8.113,-44304000.0,83619000.0,83619000.0,256993000.0,34687000.0,2.235,0.571,101061000.0,592000.0,100469000.0,101061000.0,0.0,0.0,0.0,0.0,0.0,55339000.0,55339000.0,0.122,55339000.0,55339000.0,55339000.0,0.31,0.31,0.31,894670000.0,,894670000.0,2123362311.0,10.0,8.103,-6238000.0,-0.057,1.0,198169000.0,0.435,0.0,0.0,1058471000.0,,612699000.0,22082000.0,0.0,22082000.0,510658000.0,364299000.0,146359000.0,2110087311.0,-4498000.0,0.0,2414000.0,-331000.0,0.0,2083000.0,-44647000.0,375000.0,38066000.0,0.0,34687000.0,34687000.0,34687000.0,0.0,0.0,0.076,142039000.0,56130000.0,268153000.0,0.0,2.359,14.916,14.841,539669000.0,0.0,19.145,1.271,1.271,105769000.0,574068000.0,455162000.0,455162000.0,0.0,,,,,0.0,142039000.0,1.0,110216104.0,110280000,111556000.0,4.127,1405328000.0,5854000.0,20652000.0,55248000.0,12.743,449785000.0
68,ORLY,MRQ,2004-06-30,2004-06-30,2004-06-30,2021-08-07,0.0,1352715000.0,,792763000.0,559952000.0,,7.811,-41257000.0,88117000.0,88117000.0,245732000.0,33695000.0,2.259,0.576,101392000.0,776000.0,100616000.0,101392000.0,0.0,0.0,0.0,0.0,0.0,53804000.0,53804000.0,0.124,53804000.0,53804000.0,53804000.0,0.31,0.3,0.31,858145000.0,,858145000.0,2532585948.0,12.0,9.975,37749000.0,0.344,1.0,189435000.0,0.435,0.0,0.0,1015127000.0,,582993000.0,22456000.0,0.0,22456000.0,494570000.0,350863000.0,143707000.0,2476266948.0,42780000.0,0.0,5542000.0,-264000.0,0.0,5278000.0,-41504000.0,920000.0,79006000.0,0.0,33695000.0,33695000.0,33695000.0,0.0,0.0,0.077,135193000.0,54242000.0,258987000.0,0.0,2.886,18.167,18.008,507533000.0,0.0,22.6,1.531,1.535,112176000.0,540825000.0,435167000.0,435167000.0,0.0,,,,,0.0,135193000.0,1.0,109569334.0,109868000,111441000.0,3.961,1352715000.0,2393000.0,20109000.0,52780000.0,12.312,441900000.0
69,ORLY,MRQ,2004-03-31,2004-03-31,2004-03-31,2021-08-07,0.0,1252977000.0,,722638000.0,530339000.0,,7.449,-39411000.0,45337000.0,45337000.0,233701000.0,49177000.0,2.428,0.538,101656000.0,833000.0,100823000.0,101656000.0,0.0,0.0,0.0,0.0,0.0,65473000.0,65473000.0,0.162,65473000.0,65473000.0,65473000.0,0.45,0.445,0.45,814805000.0,,814805000.0,2289974299.0,11.0,9.417,41118000.0,0.376,1.0,169593000.0,0.421,0.0,0.0,1011654000.0,,561914000.0,23377000.0,0.0,23377000.0,438172000.0,297642000.0,140530000.0,2189166299.0,24243000.0,0.0,2380000.0,-20246000.0,0.0,-17866000.0,-38420000.0,936000.0,80529000.0,0.0,49177000.0,49177000.0,49177000.0,0.0,0.0,0.122,125566000.0,44027000.0,216536000.0,0.0,2.687,16.9,16.753,477744000.0,0.0,20.02,1.389,1.39,105741000.0,508173000.0,403294000.0,403294000.0,0.0,,,,,0.0,125566000.0,1.0,109348966.0,109388000,110762000.0,3.687,1252977000.0,427000.0,16296000.0,46792000.0,11.454,424996000.0
70,ORLY,MRQ,2003-12-31,2003-12-31,2003-12-31,2021-08-07,0.0,1157033000.0,,656926000.0,500107000.0,,7.195,-36276000.0,21094000.0,21094000.0,211024000.0,23902000.0,3.051,0.475,121902000.0,925000.0,120977000.0,121902000.0,0.0,42374000.0,0.0,0.0,0.0,45071000.0,87445000.0,0.238,87445000.0,45071000.0,38207000.0,0.22,0.22,0.22,784285000.0,,784285000.0,2170595404.0,13.0,10.372,-34909000.0,-0.32,1.0,156023000.0,0.425,0.0,6864000.0,1042532000.0,,523750000.0,24313000.0,0.0,24313000.0,372748000.0,215309000.0,157439000.0,2093017404.0,-11951000.0,0.0,8166000.0,9853000.0,0.0,18019000.0,-31337000.0,558000.0,1367000.0,0.0,23902000.0,23902000.0,23902000.0,0.0,0.0,0.065,117177000.0,38846000.0,145954000.0,0.0,2.669,20.912,20.731,449058000.0,0.0,19.28,1.384,1.375,102930000.0,481047000.0,367047000.0,367047000.0,0.0,,,,,9512000.0,117177000.0,1.0,108558994.0,108998000,110548000.0,3.367,1157033000.0,4753000.0,14305000.0,36320000.0,10.615,441617000.0
71,ORLY,MRQ,2003-09-30,2003-09-30,2003-09-30,2021-08-07,0.0,1140617000.0,,689326000.0,451291000.0,,6.924,-31820000.0,33045000.0,33045000.0,236529000.0,29533000.0,2.768,0.523,110623000.0,407000.0,110216000.0,110623000.0,0.0,0.0,0.0,0.0,0.0,47183000.0,47183000.0,0.114,47183000.0,47183000.0,47183000.0,0.275,0.27,0.275,748998000.0,,748998000.0,2094325398.0,13.0,10.62,22694000.0,0.21,1.0,175653000.0,0.426,0.0,0.0,969162000.0,,538463000.0,1793000.0,0.0,1793000.0,391619000.0,249033000.0,142586000.0,1984763398.0,6815000.0,0.0,7456000.0,-25169000.0,0.0,-17713000.0,-29986000.0,26000.0,54514000.0,0.0,29533000.0,29533000.0,29533000.0,0.0,0.0,0.072,127291000.0,48362000.0,154767000.0,0.0,2.65,20.916,20.791,422238000.0,0.0,18.4,1.36,1.364,107585000.0,457145000.0,412182000.0,412182000.0,0.0,,,,,0.0,127291000.0,1.0,107867576.0,108180000,109728000.0,3.81,1140617000.0,5514000.0,17650000.0,49187000.0,10.544,440293000.0
72,ORLY,MRQ,2003-06-30,2003-06-30,2003-06-30,2021-08-07,0.0,1093802000.0,,666473000.0,427329000.0,,6.62,-35010000.0,26230000.0,26230000.0,227399000.0,26924000.0,3.04,0.54,135792000.0,475000.0,135317000.0,135792000.0,0.0,0.0,0.0,0.0,0.0,43074000.0,43074000.0,0.11,43074000.0,43074000.0,43074000.0,0.25,0.25,0.25,710132000.0,,710132000.0,1926675856.0,13.0,10.206,20601000.0,0.192,1.0,165713000.0,0.422,0.0,0.0,984139000.0,,528006000.0,1820000.0,0.0,1820000.0,383670000.0,219225000.0,164445000.0,1790470856.0,6486000.0,0.0,6350000.0,-20157000.0,0.0,-13807000.0,-35318000.0,114000.0,55611000.0,0.0,26924000.0,26924000.0,26924000.0,0.0,0.0,0.068,120987000.0,44726000.0,142750000.0,0.0,2.521,20.015,20.042,400808000.0,0.0,16.735,1.273,1.276,103536000.0,427612000.0,393112000.0,393112000.0,0.0,,,,,0.0,120987000.0,1.0,106989594.0,107268000,108444000.0,3.665,1093802000.0,3681000.0,16150000.0,40158000.0,10.197,447248000.0
73,ORLY,MRQ,2003-03-31,2003-03-31,2003-03-31,2021-08-07,0.0,1028663000.0,,626592000.0,402071000.0,,6.302,-32118000.0,19744000.0,19744000.0,198529000.0,19728000.0,3.567,0.528,155949000.0,578000.0,155371000.0,155949000.0,0.0,0.0,0.0,0.0,0.0,31578000.0,31578000.0,0.093,31578000.0,31578000.0,31578000.0,0.185,0.185,0.185,673110000.0,,673110000.0,1600304832.0,11.0,8.795,25226000.0,0.236,1.0,140946000.0,0.415,0.0,0.0,989221000.0,,502506000.0,1861000.0,0.0,1861000.0,355553000.0,175647000.0,179906000.0,1438485832.0,-9589000.0,0.0,2190000.0,-35204000.0,0.0,-33014000.0,-33919000.0,173000.0,57344000.0,0.0,19728000.0,19728000.0,19728000.0,0.0,0.0,0.058,107605000.0,33341000.0,112552000.0,0.0,2.137,16.908,17.025,375652000.0,0.0,13.535,1.06,1.066,99328000.0,400688000.0,339475000.0,339475000.0,0.0,,,,,0.0,107605000.0,1.0,106278968.0,106804000,107506000.0,3.178,1028663000.0,0.0,11850000.0,28900000.0,9.631,450945000.0
74,ORLY,MRQ,2002-12-31,2002-12-31,2002-12-31,2021-08-07,0.0,1009419000.0,,631045000.0,378374000.0,,6.1,-28815000.0,29333000.0,29333000.0,183251000.0,18707000.0,4.281,0.552,191152000.0,682000.0,190470000.0,191152000.0,0.0,36907000.0,0.0,0.0,0.0,38470000.0,75377000.0,0.24,75377000.0,38470000.0,29222000.0,0.175,0.175,0.175,650524000.0,,650524000.0,1477335897.0,11.0,8.34,-29406000.0,-0.276,1.0,130990000.0,0.417,0.0,9248000.0,1023816000.0,,504098000.0,1880000.0,0.0,1880000.0,358895000.0,147422000.0,211473000.0,1347849897.0,-2548000.0,0.0,1220000.0,29785000.0,0.0,31005000.0,-32962000.0,277000.0,-591000.0,0.0,18707000.0,18707000.0,18707000.0,0.0,0.0,0.06,99819000.0,31171000.0,85370000.0,0.0,2.072,16.439,16.422,353601000.0,0.0,12.645,1.027,1.023,88339000.0,380960000.0,314241000.0,314241000.0,0.0,,,,,1464000.0,99819000.0,1.0,106591530.0,106648000,107486000.0,2.947,1009419000.0,5040000.0,10515000.0,25737000.0,9.465,483623000.0
75,ORLY,MRQ,2002-09-30,2002-09-30,2002-09-30,2021-08-07,0.0,974963000.0,,619818000.0,355145000.0,,5.924,-27115000.0,31881000.0,31881000.0,207383000.0,24096000.0,3.727,0.547,161367000.0,748000.0,160619000.0,161367000.0,0.0,0.0,0.0,0.0,0.0,38751000.0,38751000.0,0.108,38751000.0,38751000.0,38751000.0,0.225,0.225,0.225,630139000.0,,630139000.0,1668575032.0,12.0,10.0,17189000.0,0.162,1.0,152196000.0,0.423,0.0,0.0,938145000.0,,490402000.0,2516000.0,500000.0,2016000.0,344824000.0,166304000.0,178520000.0,1520852032.0,4529000.0,0.0,2540000.0,-13708000.0,0.0,-11168000.0,-28607000.0,234000.0,44304000.0,0.0,24096000.0,24096000.0,24096000.0,0.0,0.0,0.067,111473000.0,40723000.0,92643000.0,0.0,2.414,19.204,19.338,334374000.0,0.0,14.31,1.191,1.192,90965000.0,362253000.0,359579000.0,359579000.0,0.0,,,,,0.0,111473000.0,1.0,106278968.0,106374000,107430000.0,3.38,974963000.0,2588000.0,14655000.0,23469000.0,9.165,453514000.0
76,ORLY,MRQ,2002-06-30,2002-06-30,2002-06-30,2021-08-07,0.0,944445000.0,,608220000.0,336225000.0,,5.68,-22786000.0,27352000.0,27352000.0,198995000.0,22547000.0,3.898,0.567,175075000.0,4515000.0,170560000.0,175075000.0,0.0,0.0,0.0,0.0,0.0,36242000.0,36242000.0,0.106,36242000.0,36242000.0,36242000.0,0.21,0.21,0.21,602786000.0,,602786000.0,1617616683.0,12.0,10.08,10073000.0,0.095,1.0,144186000.0,0.42,0.0,0.0,936151000.0,,479546000.0,2565000.0,500000.0,2065000.0,341659000.0,156017000.0,185642000.0,1458793683.0,6961000.0,0.0,2158000.0,-4950000.0,0.0,-2792000.0,-23106000.0,179000.0,32859000.0,0.0,22547000.0,22547000.0,22547000.0,0.0,0.0,0.066,106417000.0,37769000.0,84305000.0,0.0,2.42,19.389,19.546,316877000.0,0.0,13.78,1.205,1.207,95767000.0,338157000.0,343181000.0,343181000.0,0.0,,,,,0.0,106417000.0,1.0,105863112.0,106116000,107396000.0,3.234,944445000.0,1310000.0,13695000.0,21259000.0,8.9,452203000.0
77,ORLY,MRQ,2002-03-31,2002-03-31,2002-03-31,2021-08-07,0.0,894783000.0,,573531000.0,321252000.0,,5.437,-21263000.0,20391000.0,20391000.0,169461000.0,16642000.0,4.143,0.556,179214000.0,11069000.0,168145000.0,179214000.0,0.0,0.0,0.0,0.0,0.0,26767000.0,26767000.0,0.091,26767000.0,26767000.0,26767000.0,0.155,0.155,0.155,575024000.0,,575024000.0,1836131149.0,15.0,11.982,6698000.0,0.063,1.0,126028000.0,0.427,0.0,0.0,915179000.0,,462061000.0,2727000.0,500000.0,2227000.0,319759000.0,138427000.0,181332000.0,1668711149.0,5350000.0,0.0,1347000.0,-3248000.0,0.0,-1901000.0,-20710000.0,172000.0,27961000.0,0.0,16642000.0,16642000.0,16642000.0,0.0,0.0,0.056,97390000.0,28638000.0,72351000.0,0.0,2.902,23.61,23.56,302023000.0,0.0,15.785,1.453,1.454,86150000.0,315610000.0,295489000.0,295489000.0,0.0,,,,,0.0,97390000.0,1.0,105714992.0,105768000,107214000.0,2.794,894783000.0,7000.0,10125000.0,14428000.0,8.46,435104000.0
78,ORLY,MRQ,2001-12-31,2001-12-31,2001-12-31,2021-08-07,0.0,856859000.0,,550663000.0,306196000.0,,5.282,-20277000.0,15041000.0,15041000.0,156061000.0,15908000.0,4.546,0.54,182461000.0,16843000.0,165618000.0,182461000.0,0.0,30544000.0,0.0,0.0,0.0,34549000.0,65093000.0,0.234,65093000.0,34549000.0,25457000.0,0.15,0.15,0.15,556291000.0,,556291000.0,2002872090.0,17.0,13.684,-42526000.0,-0.404,1.0,122316000.0,0.439,0.0,9092000.0,903143000.0,,447793000.0,2557000.0,0.0,2557000.0,300568000.0,121136000.0,179432000.0,1916601090.0,-18238000.0,-20536000.0,4619000.0,37030000.0,0.0,41649000.0,-37638000.0,242000.0,-22249000.0,0.0,15908000.0,15908000.0,15908000.0,0.0,0.0,0.057,95117000.0,27199000.0,61875000.0,0.0,3.445,28.885,28.717,289004000.0,0.0,18.235,1.755,1.741,79926000.0,298968000.0,278377000.0,278377000.0,0.0,,,,,6415000.0,95117000.0,1.0,105105626.0,105316000,106910000.0,2.643,856859000.0,4076000.0,9549000.0,9141000.0,8.136,429527000.0
79,ORLY,MRQ,2001-09-30,2001-09-30,2001-09-30,2021-08-07,0.0,789990000.0,,504863000.0,285127000.0,,5.092,-12059000.0,33279000.0,33279000.0,168709000.0,20140000.0,3.595,0.48,119550000.0,15241000.0,104309000.0,119550000.0,0.0,0.0,0.0,0.0,0.0,32378000.0,32378000.0,0.11,32378000.0,32378000.0,32378000.0,0.19,0.19,0.19,533665000.0,,533665000.0,1605817927.0,15.0,12.436,18493000.0,0.176,1.0,125287000.0,0.426,0.0,0.0,735817000.0,,395694000.0,2811000.0,500000.0,2311000.0,256325000.0,140444000.0,115881000.0,1495513927.0,16478000.0,0.0,5178000.0,-7555000.0,0.0,-2377000.0,-11697000.0,159000.0,30552000.0,0.0,20140000.0,20140000.0,20140000.0,0.0,0.0,0.069,91145000.0,34142000.0,67566000.0,0.0,2.802,25.067,24.913,268681000.0,0.0,14.325,1.451,1.457,73875000.0,283060000.0,293996000.0,293996000.0,0.0,,,,,0.0,91145000.0,1.0,104398878.0,104808000,106410000.0,2.805,789990000.0,214000.0,12238000.0,23084000.0,7.537,364419000.0
80,ORLY,MRQ,2001-06-30,2001-06-30,2001-06-30,2021-08-07,0.0,758003000.0,,476628000.0,281375000.0,,4.88,-15832000.0,16801000.0,16801000.0,162887000.0,17987000.0,3.681,0.499,127105000.0,14908000.0,112197000.0,127105000.0,0.0,0.0,0.0,0.0,0.0,29002000.0,29002000.0,0.103,29002000.0,29002000.0,29002000.0,0.175,0.17,0.175,505770000.0,,505770000.0,1615361411.0,16.0,13.082,17332000.0,0.167,1.0,117789000.0,0.42,0.0,0.0,738833000.0,,397709000.0,2985000.0,500000.0,2485000.0,252233000.0,129474000.0,122759000.0,1482695411.0,5262000.0,0.0,6268000.0,-17543000.0,0.0,-11774000.0,-16128000.0,164000.0,33164000.0,0.0,17987000.0,17987000.0,17987000.0,0.0,0.0,0.064,87031000.0,30758000.0,72056000.0,0.0,2.932,26.433,26.33,264815000.0,0.0,14.35,1.501,1.505,57952000.0,262919000.0,280676000.0,280676000.0,0.0,,,,,0.0,87031000.0,1.0,103323722.0,103646000,104854000.0,2.708,758003000.0,14000.0,11015000.0,13057000.0,7.313,347154000.0
81,ORLY,MRQ,2001-03-31,2001-03-31,2001-03-31,2021-08-07,0.0,730015000.0,,457929000.0,272086000.0,,4.633,-11819000.0,11539000.0,11539000.0,136637000.0,12317000.0,3.741,0.527,144205000.0,24421000.0,119784000.0,144205000.0,0.0,0.0,0.0,0.0,0.0,19890000.0,19890000.0,0.083,19890000.0,19890000.0,19890000.0,0.12,0.12,0.12,478085000.0,,478085000.0,1159661584.0,12.0,9.858,-3257000.0,-0.032,1.0,102426000.0,0.428,0.0,0.0,740281000.0,,383136000.0,3164000.0,500000.0,2664000.0,251930000.0,122400000.0,129530000.0,1029281584.0,2335000.0,0.0,1037000.0,4620000.0,0.0,6156000.0,-12383000.0,156000.0,8562000.0,0.0,12317000.0,12317000.0,12317000.0,0.0,0.0,0.052,80694000.0,21732000.0,62612000.0,0.0,2.153,19.619,19.549,252124000.0,0.0,9.97,1.057,1.056,58808000.0,244933000.0,239063000.0,239063000.0,0.0,,,,,0.0,80694000.0,1.0,103237872.0,103182000,104094000.0,2.317,730015000.0,92000.0,7573000.0,9940000.0,7.075,335529000.0
82,ORLY,MRQ,2000-12-31,2000-12-31,2000-12-31,2021-08-07,0.0,715995000.0,,449204000.0,266791000.0,,4.51,34337000.0,9204000.0,9204000.0,122020000.0,9216000.0,2.937,0.544,139584000.0,49121000.0,90463000.0,139584000.0,0.0,24812000.0,0.0,0.0,0.0,23043000.0,47855000.0,0.221,47855000.0,23043000.0,14681000.0,0.09,0.09,0.09,463731000.0,,463731000.0,1518605279.0,17.0,13.054,21482000.0,0.209,1.0,94871000.0,0.437,0.0,8362000.0,693443000.0,,372069000.0,3336000.0,500000.0,2836000.0,252264000.0,152932000.0,99332000.0,1374714279.0,-3065000.0,0.0,2225000.0,-16616000.0,0.0,-14391000.0,24181000.0,162000.0,-12855000.0,0.0,9216000.0,9216000.0,9216000.0,0.0,0.0,0.042,77850000.0,17021000.0,68947000.0,0.0,2.964,26.586,26.485,246854000.0,0.0,13.375,1.544,1.537,61848000.0,232616000.0,216891000.0,216891000.0,0.0,,,,,977000.0,77850000.0,1.0,102782376.0,102834000,107314000.0,2.109,715995000.0,1494000.0,5465000.0,5097000.0,6.963,296272000.0
83,ORLY,MRQ,2000-09-30,2000-09-30,2000-09-30,2021-08-07,0.0,722007000.0,,429161000.0,292846000.0,,4.407,-20951000.0,12269000.0,12269000.0,145550000.0,16572000.0,3.322,0.597,156160000.0,19177000.0,136983000.0,156160000.0,0.0,0.0,0.0,0.0,0.0,26729000.0,26729000.0,0.106,26729000.0,26729000.0,26729000.0,0.16,0.16,0.16,452180000.0,,452180000.0,875550579.0,9.0,7.955,-18149000.0,-0.177,1.0,105863000.0,0.421,0.0,0.0,736724000.0,,347922000.0,500000.0,500000.0,0.0,269827000.0,129174000.0,140653000.0,748941579.0,1284000.0,0.0,1290000.0,18185000.0,0.0,19475000.0,-20993000.0,167000.0,2802000.0,0.0,16572000.0,16572000.0,16572000.0,0.0,0.0,0.066,77058000.0,28805000.0,72471000.0,0.0,1.656,13.779,13.673,282622000.0,0.0,7.315,0.835,0.837,63740000.0,223400000.0,251413000.0,251413000.0,0.0,,,,,0.0,77058000.0,1.0,102384358.0,102602000,102602000.0,2.45,722007000.0,1234000.0,10157000.0,6489000.0,7.037,299987000.0
84,ORLY,MRQ,2000-06-30,2000-06-30,2000-06-30,2021-08-07,0.0,676988000.0,,398351000.0,278637000.0,,4.245,-20913000.0,10985000.0,10985000.0,129098000.0,14359000.0,3.259,0.56,137594000.0,19358000.0,118236000.0,137594000.0,0.0,0.0,0.0,0.0,0.0,23159000.0,23159000.0,0.087,23159000.0,23159000.0,23159000.0,0.14,0.14,0.14,433925000.0,,433925000.0,818218091.0,9.0,7.792,-16257000.0,-0.159,1.0,137261000.0,0.515,0.0,0.0,681353000.0,,328143000.0,500000.0,500000.0,0.0,243063000.0,122244000.0,120819000.0,707824091.0,1553000.0,0.0,1688000.0,17768000.0,0.0,19456000.0,-22559000.0,111000.0,4656000.0,0.0,14359000.0,14359000.0,14359000.0,0.0,0.0,0.054,72468000.0,64793000.0,67126000.0,0.0,1.631,13.827,13.743,267915000.0,0.0,6.94,0.829,0.831,53177000.0,206828000.0,266359000.0,266359000.0,0.0,,,,,0.0,72468000.0,1.0,101991944.0,102222000,103096000.0,2.606,676988000.0,1644000.0,8800000.0,6644000.0,6.623,276107000.0
85,ORLY,MRQ,2000-03-31,2000-03-31,2000-03-31,2021-08-07,0.0,633535000.0,,371805000.0,261730000.0,,4.105,-21599000.0,9432000.0,9432000.0,111046000.0,11567000.0,3.263,0.518,119826000.0,19523000.0,100303000.0,119826000.0,0.0,0.0,0.0,0.0,0.0,18596000.0,18596000.0,0.095,18596000.0,18596000.0,18596000.0,0.115,0.115,0.115,417274000.0,,417274000.0,821662731.0,10.0,8.142,-10370000.0,-0.102,1.0,84712000.0,0.433,0.0,0.0,630000000.0,,307947000.0,500000.0,500000.0,0.0,216261000.0,113929000.0,102332000.0,721391731.0,-359000.0,0.0,151000.0,9407000.0,0.0,9558000.0,-21146000.0,164000.0,11229000.0,0.0,11567000.0,11567000.0,11567000.0,0.0,0.0,0.059,65226000.0,19486000.0,61651000.0,0.0,1.729,14.843,14.781,252599000.0,0.0,7.095,0.921,0.921,50474000.0,192475000.0,195758000.0,195758000.0,0.0,,,,,0.0,65226000.0,1.0,101676072.0,101656000,102472000.0,1.926,633535000.0,1433000.0,7029000.0,5598000.0,6.232,257876000.0
86,ORLY,MRQ,1999-12-31,1999-12-31,1999-12-31,2021-08-07,0.0,610442000.0,,364353000.0,246089000.0,,3.969,-31600000.0,9791000.0,9791000.0,98702000.0,11854000.0,3.168,0.515,110062000.0,19358000.0,90704000.0,110062000.0,0.0,17902000.0,0.0,0.0,0.0,23681000.0,41583000.0,0.227,41583000.0,23681000.0,18338000.0,0.12,0.115,0.12,403044000.0,,403044000.0,1156269952.0,15.0,12.011,-33437000.0,-0.329,1.0,84508000.0,0.461,0.0,5343000.0,595711000.0,,293924000.0,4001000.0,500000.0,3501000.0,207398000.0,115002000.0,92396000.0,1090757952.0,7062000.0,0.0,734000.0,41492000.0,0.0,42226000.0,-33327000.0,204000.0,-1837000.0,0.0,11854000.0,11854000.0,11854000.0,0.0,0.0,0.065,65691000.0,18817000.0,64885000.0,0.0,2.706,23.9,22.872,236517000.0,0.0,10.75,1.446,1.388,52446000.0,180908000.0,183210000.0,183210000.0,0.0,,,,,4085000.0,65691000.0,1.0,101465856.0,101548000,105604000.0,1.804,610442000.0,4109000.0,6484000.0,1215000.0,6.011,249351000.0
87,ORLY,MRQ,1999-09-30,1999-09-30,1999-09-30,2021-08-07,0.0,581346000.0,,350302000.0,231044000.0,,3.844,-21645000.0,2729000.0,2729000.0,120400000.0,13412000.0,2.492,0.492,68241000.0,17808000.0,50433000.0,68241000.0,0.0,0.0,0.0,0.0,0.0,21667000.0,21667000.0,0.104,21667000.0,21667000.0,21667000.0,0.13,0.13,0.13,389709000.0,,389709000.0,1269076087.0,16.0,14.152,-4851000.0,-0.048,1.0,88001000.0,0.422,0.0,0.0,506285000.0,,288823000.0,500000.0,500000.0,0.0,191637000.0,140573000.0,51064000.0,1207672087.0,-1385000.0,0.0,569000.0,2723000.0,0.0,3292000.0,-21471000.0,174000.0,16794000.0,0.0,13412000.0,13412000.0,13412000.0,0.0,0.0,0.064,65770000.0,22231000.0,79592000.0,0.0,3.099,28.28,26.655,209293000.0,0.0,11.915,1.652,1.653,54766000.0,169307000.0,208401000.0,208401000.0,0.0,,,,,0.0,65770000.0,1.0,101357288.0,101384000,102356000.0,2.056,581346000.0,788000.0,8255000.0,8865000.0,5.734,209729000.0
88,ORLY,MRQ,1999-06-30,1999-06-30,1999-06-30,2021-08-07,0.0,557321000.0,,351531000.0,205790000.0,,3.722,-16439000.0,4114000.0,4114000.0,114284000.0,11769000.0,2.712,0.485,65518000.0,13811000.0,51707000.0,65518000.0,0.0,0.0,0.0,0.0,0.0,19073000.0,19073000.0,0.097,19073000.0,19073000.0,19073000.0,0.115,0.115,0.115,375363000.0,,375363000.0,1308531574.0,19.0,16.059,-18074000.0,-0.179,1.0,81823000.0,0.417,0.0,0.0,489112000.0,,285431000.0,500000.0,500000.0,0.0,181958000.0,129613000.0,52345000.0,1245774574.0,884000.0,0.0,19307000.0,-469000.0,0.0,18838000.0,-16319000.0,120000.0,-1635000.0,0.0,11769000.0,11769000.0,11769000.0,0.0,0.0,0.06,62193000.0,19630000.0,82343000.0,0.0,3.319,33.086,30.349,191979000.0,0.0,12.595,1.792,1.827,51887000.0,155895000.0,196107000.0,196107000.0,0.0,,,,,0.0,62193000.0,1.0,98910248.0,100848000,102168000.0,1.945,557321000.0,0.0,7304000.0,0.0,5.526,221918000.0
89,ORLY,MRQ,1999-03-31,1999-03-31,1999-03-31,2021-08-07,0.0,513542000.0,,321847000.0,191695000.0,,4.008,-9279000.0,3230000.0,3230000.0,95447000.0,8603000.0,2.806,0.5,65987000.0,10259000.0,55728000.0,65987000.0,0.0,0.0,0.0,0.0,0.0,13945000.0,13945000.0,0.084,13945000.0,13945000.0,13945000.0,0.1,0.1,0.1,342428000.0,,342428000.0,1138723840.0,18.0,15.226,9045000.0,0.106,1.0,70957000.0,0.426,0.0,0.0,461594000.0,,260778000.0,500000.0,500000.0,0.0,171114000.0,114705000.0,56409000.0,956594840.0,1502000.0,0.0,111977000.0,-120217000.0,0.0,-8240000.0,-8582000.0,697000.0,18324000.0,0.0,8603000.0,8603000.0,8603000.0,0.0,0.0,0.052,54716000.0,16241000.0,76550000.0,0.0,2.794,28.507,28.686,180699000.0,0.0,11.188,1.44,1.439,49351000.0,144126000.0,166404000.0,166404000.0,0.0,,,,,0.0,54716000.0,1.0,85505684.0,85440000,87692000.0,1.948,513542000.0,0.0,5342000.0,0.0,6.011,207142000.0
90,ORLY,MRQ,1998-12-31,1998-12-31,1998-12-31,2021-08-07,0.0,493288000.0,,310882000.0,182406000.0,,2.56,-16986000.0,1728000.0,1728000.0,88359000.0,8920000.0,3.032,1.259,183857000.0,13691000.0,170166000.0,183857000.0,0.0,12164000.0,0.0,0.0,0.0,22823000.0,34987000.0,0.219,34987000.0,22823000.0,14697000.0,0.102,0.105,0.102,218394000.0,,218394000.0,1171793269.0,20.0,16.684,-19401000.0,-0.227,1.0,71648000.0,0.448,0.0,8126000.0,572898000.0,,246012000.0,4637000.0,500000.0,4137000.0,274894000.0,102519000.0,172375000.0,1005805269.0,144000.0,0.0,1683000.0,17185000.0,0.0,18868000.0,-16309000.0,222000.0,-2415000.0,0.0,8920000.0,8920000.0,8920000.0,0.0,0.0,0.056,49993000.0,21655000.0,66737000.0,0.0,4.605,32.686,32.812,170951000.0,0.0,11.812,1.632,1.628,54240000.0,135523000.0,160007000.0,160007000.0,0.0,,,,,839000.0,54763000.0,1.0,85147536.0,85300000,84704000.0,1.876,493288000.0,9042000.0,5777000.0,0.0,5.783,208363000.0
91,ORLY,MRQ,1998-09-30,1998-09-30,1998-09-30,2021-08-07,0.0,454066000.0,,277112000.0,176954000.0,,2.431,-16369000.0,1584000.0,1584000.0,103439000.0,8361000.0,3.289,1.196,167572000.0,7098000.0,160474000.0,167572000.0,7255000.0,0.0,0.0,0.0,0.0,13480000.0,13480000.0,0.078,13480000.0,13480000.0,13480000.0,0.098,0.095,0.098,206732000.0,,206732000.0,906617515.0,20.0,17.097,-29763000.0,-0.35,1.0,69345000.0,0.401,0.0,0.0,535810000.0,,234849000.0,1000000.0,1000000.0,0.0,247334000.0,84244000.0,163090000.0,770313515.0,168000.0,0.0,568000.0,29852000.0,0.0,30420000.0,-16858000.0,0.0,-13394000.0,0.0,8361000.0,8361000.0,8361000.0,0.0,0.0,0.048,55865000.0,13480000.0,40090000.0,0.0,3.726,28.232,28.057,163237000.0,0.0,9.062,1.442,1.442,26459000.0,126603000.0,172784000.0,172784000.0,0.0,,,,,0.0,53910000.0,1.0,85000112.0,85024000,87532000.0,2.032,454066000.0,0.0,5119000.0,3697000.0,5.34,192868000.0
92,ORLY,MRQ,1998-06-30,1998-06-30,1998-06-30,2021-08-07,0.0,421545000.0,,256858000.0,164687000.0,,2.328,-6924000.0,1416000.0,1416000.0,99041000.0,7672000.0,3.193,1.133,137720000.0,6966000.0,130754000.0,137720000.0,0.0,0.0,0.0,0.0,0.0,12375000.0,12375000.0,0.075,12375000.0,12375000.0,12375000.0,0.09,0.087,0.09,197672000.0,,197672000.0,887429268.0,21.0,17.717,-13954000.0,-0.164,1.0,66201000.0,0.401,0.0,0.0,477401000.0,,213922000.0,1000000.0,1000000.0,0.0,223873000.0,80448000.0,143425000.0,763175268.0,-462000.0,3945000.0,329000.0,9201000.0,0.0,9530000.0,-2962000.0,0.0,-7030000.0,0.0,7672000.0,7672000.0,7672000.0,0.0,0.0,0.046,53826000.0,12375000.0,44758000.0,0.0,3.861,29.876,29.703,150740000.0,0.0,9.0,1.7,1.702,25554000.0,118242000.0,165242000.0,165242000.0,0.0,,,,,0.0,52456000.0,1.0,84797252.0,84904000,86940000.0,1.946,421545000.0,2020000.0,4703000.0,2955000.0,4.965,176410000.0
93,ORLY,MRQ,1998-03-31,1998-03-31,1998-03-31,2021-08-07,0.0,404221000.0,,252094000.0,152127000.0,,2.241,-11415000.0,1878000.0,1878000.0,67600000.0,5819000.0,3.006,1.132,126132000.0,2000000.0,124132000.0,126132000.0,0.0,0.0,0.0,0.0,0.0,9402000.0,9402000.0,0.079,9402000.0,9402000.0,9402000.0,0.07,0.068,0.07,189565000.0,,189565000.0,603364263.0,15.0,12.729,-7689000.0,-0.091,1.0,50669000.0,0.428,0.0,0.0,444600000.0,,204708000.0,1000000.0,1000000.0,0.0,214656000.0,83875000.0,130781000.0,582878263.0,-407000.0,-53241000.0,535000.0,59971000.0,0.0,60506000.0,-64639000.0,0.0,3726000.0,0.0,5819000.0,5819000.0,5819000.0,0.0,0.0,0.049,40067000.0,10602000.0,50017000.0,0.0,3.075,24.332,24.175,140053000.0,0.0,6.89,1.592,1.591,23681000.0,110570000.0,118269000.0,118269000.0,0.0,,,,,0.0,40067000.0,1.0,84597716.0,84584000,85632000.0,1.398,404221000.0,0.0,3583000.0,4521000.0,4.779,168219000.0
94,ORLY,MRQ,1997-12-31,1997-12-31,1997-12-31,2021-08-07,0.0,247617000.0,,134140000.0,113477000.0,,2.155,-12100000.0,2285000.0,2285000.0,43789000.0,5433000.0,3.322,0.36,22771000.0,130000.0,22641000.0,22771000.0,0.0,8276000.0,0.0,0.0,0.0,9494000.0,17770000.0,0.228,17770000.0,9494000.0,9355000.0,0.065,0.063,0.065,182039000.0,,182039000.0,,,,-8452000.0,-0.1,1.0,34173000.0,0.438,0.0,139000.0,227726000.0,,111848000.0,3280000.0,1000000.0,2280000.0,65578000.0,40377000.0,25201000.0,555172511.0,660000.0,0.0,321000.0,8775000.0,0.0,9096000.0,-12084000.0,-770000.0,3648000.0,0.0,5433000.0,5433000.0,5433000.0,0.0,0.0,0.07,24977000.0,9196000.0,29713000.0,0.0,3.05,23.989,23.864,108440000.0,0.0,6.562,1.755,1.746,17438000.0,104751000.0,77962000.0,77962000.0,0.0,,,,,301000.0,24977000.0,1.0,84597716.0,84460000,85780000.0,0.923,247617000.0,1424000.0,3922000.0,4646000.0,2.932,93763000.0
95,ORLY,MRQ,1997-09-30,1997-09-30,1997-09-30,2021-08-07,,,,,,,,-9007000.0,,,50986000.0,6621000.0,,,,,,,,0.0,,0.0,0.0,10543000.0,10543000.0,0.12,10543000.0,10543000.0,10543000.0,0.077,0.077,0.077,,,,,,,-2512000.0,-0.03,1.0,36531000.0,0.417,,0.0,,,,,,,,,,,-383000.0,0.0,452000.0,1974000.0,0.0,2426000.0,-9304000.0,0.0,6495000.0,0.0,6621000.0,6621000.0,6621000.0,0.0,0.0,0.076,26064000.0,10467000.0,,0.0,,,,,0.0,5.688,,,,,87517000.0,87517000.0,0.0,,,,,0.0,26064000.0,1.0,,84324000,85388000.0,1.038,,,3922000.0,,,
96,ORLY,MRQ,1997-06-30,1997-06-30,1997-06-30,2021-08-07,,,,,,,,-6756000.0,,,47733000.0,6082000.0,,,,,,,,0.0,,0.0,0.0,9684000.0,9684000.0,0.117,9684000.0,9684000.0,9684000.0,0.072,0.072,0.072,,,,,,,-8526000.0,-0.101,1.0,34715000.0,0.421,,0.0,,,,,,,,,,,-1777000.0,0.0,568000.0,6670000.0,0.0,7238000.0,-7245000.0,0.0,-1770000.0,0.0,6082000.0,6082000.0,6082000.0,0.0,0.0,0.074,25222000.0,9493000.0,,0.0,,,,,0.0,4.812,,,,,82448000.0,82448000.0,0.0,,,,,0.0,25222000.0,1.0,,84088000,84840000.0,0.98,,,3602000.0,,,
97,ORLY,MRQ,1997-03-31,1997-03-31,1997-03-31,2021-08-07,,,,,,,,-9024000.0,,,39281000.0,5007000.0,,,,,,,,0.0,,0.0,0.0,7974000.0,7974000.0,0.116,7974000.0,7974000.0,7974000.0,0.06,0.06,0.06,,,,,,,476000.0,0.006,1.0,29191000.0,0.426,,0.0,,,,,,,,,,,2578000.0,0.0,141000.0,1961000.0,0.0,2102000.0,-9024000.0,0.0,9500000.0,0.0,5007000.0,5007000.0,5007000.0,0.0,0.0,0.073,21263000.0,7928000.0,,0.0,,,,,0.0,4.594,,,,,68472000.0,68472000.0,0.0,,,,,0.0,21263000.0,1.0,,83824000,84388000.0,0.817,,,2967000.0,,,
98,ORLY,MRQ,1996-12-31,1996-12-31,1996-12-31,2021-08-07,0.0,183623000.0,,100152000.0,83471000.0,,1.867,,1207000.0,1207000.0,,,3.89,0.179,3391000.0,3154000.0,237000.0,3391000.0,0.0,,0.0,0.0,0.0,,,,,,,,,,155782000.0,,155782000.0,,,,,,1.0,,,0.0,,160058000.0,,83909000.0,2510000.0,1000000.0,1510000.0,27841000.0,25749000.0,2092000.0,,,,,,,,,,,,,,,,,,,,17288000.0,,,,17.544,79785000.0,,4.0,,1.288,11296000.0,81713000.0,,,,,,,,,,1.0,,83456000,,,183623000.0,172000.0,,1763000.0,2.2,74403000.0
0,ORLY,MRT,2021-06-30,2021-06-30,2021-06-30,2021-08-07,-2591000.0,11949333000.0,11975203250.0,4738347000.0,7210986000.0,1.052,3.127,-428225000.0,631618000.0,631618000.0,5973132000.0,2007257000.0,0.821,53.891,5906068000.0,333624000.0,5572444000.0,5906068000.0,0.0,321679000.0,0.0,0.0,0.0,2758676000.0,3080355000.0,0.245,3080355000.0,2758676000.0,2603496000.0,28.13,27.87,28.13,217694000.0,265050000.0,217694000.0,45104101244.0,16.0,14.643,2562132000.0,36.803,1.0,6619779000.0,0.526,881207000.0,155180000.0,10570964000.0,10827760000.0,3647413000.0,0.0,0.0,0.0,11731639000.0,5771612000.0,5960027000.0,39499747244.0,-240805000.0,-975000.0,-2421744000.0,-309668000.0,0.0,-2731725000.0,-500559000.0,-70587000.0,2990357000.0,1122000.0,2007257000.0,2007257000.0,2007257000.0,0.0,0.0,0.159,3873806000.0,2745973000.0,4583570000.0,0.0,181.446,19.678,20.128,6192483000.0,0.0,566.21,3.137,3.13,386322000.0,-1075769000.0,12592911000.0,12592911000.0,0.0,0.168,7.573,0.255,0.219,23842000.0,3873806000.0,1.0,69761656.0,69618000,70264000.0,180.886,11068126000.0,0.0,596239000.0,206894000.0,158.984,-1033265000.0
1,ORLY,MRT,2021-03-31,2021-03-31,2021-03-31,2021-08-07,-6298000.0,11850887000.0,11920003750.0,4687639000.0,7163248000.0,1.025,-0.099,-411208000.0,610880000.0,610880000.0,5788324000.0,1953473000.0,0.794,-1699.565,6215234000.0,629214000.0,5586020000.0,6215234000.0,0.0,320429000.0,0.0,0.0,0.0,2701818000.0,3022247000.0,0.247,3022247000.0,2701818000.0,2542572000.0,26.88,26.64,26.88,-6977000.0,357901500.0,-6977000.0,41311378850.0,15.0,13.669,2856974000.0,40.592,1.0,6430581000.0,0.526,879466000.0,159246000.0,10672697000.0,10949834250.0,3622201000.0,0.0,0.0,0.0,11857864000.0,5903078000.0,5954786000.0,35612332850.0,323813000.0,-975000.0,-2111649000.0,-351219000.0,0.0,-2463181000.0,-482010000.0,-68858000.0,3268182000.0,822000.0,1953473000.0,1953473000.0,1953473000.0,0.0,0.0,0.16,3743701000.0,2686880000.0,4318462000.0,0.0,-5104.247,18.23,18.871,6153993000.0,0.0,507.25,2.915,2.922,380611000.0,-1275409000.0,12218905000.0,12218905000.0,0.0,0.164,5.458,0.247,0.221,23164000.0,3743701000.0,1.0,70206669.0,70383000,71015000.0,173.606,10971421000.0,0.0,589099000.0,320887000.0,155.882,-1215439000.0
2,ORLY,MRT,2020-12-31,2020-12-31,2020-12-31,2021-08-07,-2155000.0,11596642000.0,11734497500.0,4499787000.0,7096855000.0,0.989,1.9,-449809000.0,465640000.0,465640000.0,5518801000.0,1752302000.0,0.855,81.681,6164686000.0,322778000.0,5841908000.0,6164686000.0,0.0,314635000.0,0.0,0.0,0.0,2427531000.0,2742166000.0,0.236,2742166000.0,2427531000.0,2266405000.0,23.74,23.53,23.74,140258000.0,386856750.0,140258000.0,37742268987.0,16.0,13.764,2386794000.0,32.334,1.0,6085692000.0,0.524,881030000.0,161126000.0,11152241000.0,11215883250.0,3653195000.0,0.0,0.0,0.0,11456384000.0,5262417000.0,6193967000.0,32787980987.0,425234000.0,-975000.0,-2024910000.0,228586000.0,0.0,-1796577000.0,-614895000.0,-164111000.0,2836603000.0,103000.0,1752302000.0,1752302000.0,1752302000.0,0.0,0.0,0.151,3666356000.0,2419336000.0,4184662000.0,0.0,233.769,18.711,19.064,6090045000.0,0.0,452.57,2.825,2.879,330294000.0,-1139139000.0,11604493000.0,11604493000.0,0.0,0.149,4.53,0.216,0.209,22747000.0,3666356000.0,1.0,72448419.0,73817000,74462000.0,157.206,10715612000.0,0.0,514103000.0,172685000.0,145.165,-762630000.0
3,ORLY,MRT,2020-09-30,2020-09-30,2020-09-30,2021-08-07,-17035000.0,12503951000.0,11514627000.0,5533441000.0,6970510000.0,0.978,9.595,-496946000.0,1627098000.0,1627098000.0,5320557000.0,1684273000.0,0.976,16.63,6581386000.0,818316000.0,5763070000.0,6581386000.0,0.0,302003000.0,0.0,0.0,0.0,2333854000.0,2635857000.0,0.234,2635857000.0,2333854000.0,2175789000.0,22.59,22.39,22.59,709225000.0,451127250.0,709225000.0,39375646379.0,17.0,14.938,2070986000.0,28.018,1.0,5938138000.0,0.527,873717000.0,158065000.0,10915138000.0,11210922500.0,3527495000.0,0.0,0.0,0.0,11794726000.0,5669384000.0,6125342000.0,34149787379.0,1584294000.0,-142026000.0,-1146505000.0,914737000.0,0.0,-232022000.0,-751030000.0,-111085000.0,2567932000.0,-586000.0,1684273000.0,1684273000.0,1684273000.0,0.0,0.0,0.15,3611571000.0,2326567000.0,4083805000.0,0.0,48.151,20.276,20.411,5986794000.0,0.0,461.08,3.033,3.027,333533000.0,-578172000.0,11258695000.0,11258695000.0,0.0,0.146,3.733,0.208,0.207,22405000.0,3611571000.0,1.0,74064777.0,73916000,74586000.0,152.317,11630234000.0,0.0,491516000.0,178730000.0,157.344,-135943000.0
4,ORLY,MRT,2020-06-30,2020-06-30,2020-06-30,2021-08-07,-22111000.0,11728535000.0,10981820250.0,4784485000.0,6944050000.0,0.976,7.939,-568094000.0,872423000.0,872423000.0,5037385000.0,1548314000.0,0.953,18.909,6098282000.0,318601000.0,5779681000.0,6098282000.0,0.0,290473000.0,0.0,0.0,0.0,2143531000.0,2434004000.0,0.227,2434004000.0,2143531000.0,1991276000.0,20.6,20.4,20.6,589100000.0,315375750.0,589100000.0,37461831305.0,17.0,15.391,1852459000.0,24.964,1.0,5680200000.0,0.53,872997000.0,152255000.0,11059261000.0,11130972750.0,3528683000.0,0.0,0.0,0.0,11139435000.0,5022136000.0,6117299000.0,31298727305.0,816614000.0,-142026000.0,-1104080000.0,339953000.0,0.0,-764381000.0,-838626000.0,-127356000.0,2420553000.0,-932000.0,1548314000.0,1548314000.0,1548314000.0,0.0,0.0,0.144,3542283000.0,2137917000.0,3936400000.0,0.0,53.13,20.215,20.469,5964753000.0,0.0,421.67,2.92,2.92,330173000.0,-679506000.0,10717585000.0,10717585000.0,0.0,0.141,4.909,0.193,0.2,22386000.0,3542283000.0,1.0,74225644.0,74205000,74833000.0,144.432,10855538000.0,0.0,442962000.0,247327000.0,146.291,-237651000.0
5,ORLY,MRT,2020-03-31,2020-03-31,2020-03-31,2021-08-07,-25756000.0,11108862000.0,10600172250.0,4201800000.0,6907062000.0,0.964,1.451,-601219000.0,287067000.0,287067000.0,4804557000.0,1370328000.0,0.909,101.062,6450171000.0,316932000.0,6133239000.0,6450171000.0,0.0,280874000.0,0.0,0.0,0.0,1900907000.0,2181781000.0,0.214,2181781000.0,1900907000.0,1755837000.0,18.0,17.81,18.0,108844000.0,204271250.0,108844000.0,28369244934.0,15.0,13.003,1125731000.0,15.005,1.0,5411307000.0,0.53,910141000.0,145070000.0,11736893000.0,11040368000.0,3556723000.0,0.0,0.0,0.0,11000018000.0,4624932000.0,6375086000.0,22547765934.0,230350000.0,-142026000.0,-1630205000.0,1006770000.0,0.0,-623689000.0,-871990000.0,-129040000.0,1726950000.0,-921000.0,1370328000.0,1370328000.0,1370328000.0,0.0,0.0,0.134,3511806000.0,1899501000.0,3758199000.0,0.0,207.157,16.454,16.725,5943939000.0,0.0,301.05,2.207,2.211,304613000.0,-1137392000.0,10215864000.0,10215864000.0,0.0,0.129,6.708,0.172,0.186,22372000.0,3511806000.0,1.0,74897080.0,75022000,75663000.0,136.172,10198721000.0,0.0,385509000.0,86096000.0,135.943,-423132000.0
6,ORLY,MRT,2019-12-31,2019-12-31,2019-12-31,2021-08-07,4890000.0,10717160000.0,10338347250.0,3833662000.0,6883498000.0,0.982,5.161,-620939000.0,40406000.0,40406000.0,4755294000.0,1391042000.0,0.858,25.972,5861885000.0,316061000.0,5545824000.0,5861885000.0,0.0,270875000.0,0.0,0.0,0.0,1930304000.0,2201179000.0,0.217,2201179000.0,1930304000.0,1790329000.0,18.07,17.88,18.07,397340000.0,270151500.0,397340000.0,38769996199.0,20.0,17.613,1087540000.0,14.127,1.0,5394691000.0,0.531,936814000.0,139975000.0,11132398000.0,10670303000.0,3454092000.0,0.0,0.0,0.0,10319820000.0,4469427000.0,5850393000.0,33158268199.0,9091000.0,-142026000.0,-1372585000.0,469965000.0,0.0,-902811000.0,-796746000.0,-33781000.0,1708479000.0,169000.0,1391042000.0,1391042000.0,1391042000.0,0.0,0.0,0.137,3473965000.0,1920726000.0,3604722000.0,0.0,83.451,23.837,24.253,5876572000.0,0.0,438.26,3.267,3.324,294407000.0,-889066000.0,10149985000.0,10149985000.0,0.0,0.135,5.149,0.181,0.19,21921000.0,3473965000.0,1.0,75658897.0,76985000,77788000.0,131.844,9780346000.0,0.0,399287000.0,133280000.0,127.042,-635765000.0
7,ORLY,MRT,2019-09-30,2019-09-30,2019-09-30,2021-08-07,0.0,10372724000.0,9654254500.0,3724489000.0,6648235000.0,1.034,2.182,-628104000.0,42804000.0,42804000.0,4677545000.0,1366483000.0,0.813,61.404,5654532000.0,308726000.0,5345806000.0,5654532000.0,0.0,266001000.0,0.0,0.0,0.0,1910328000.0,2176329000.0,0.218,2176329000.0,1910328000.0,1774173000.0,17.56,17.38,17.56,166219000.0,259233250.0,166219000.0,36154800718.0,19.0,16.613,1247108000.0,16.372,1.0,5304422000.0,0.531,808259000.0,136155000.0,10595339000.0,9553532500.0,3348631000.0,0.0,0.0,0.0,10206505000.0,4580854000.0,5625651000.0,30491118718.0,2785000.0,-34818000.0,-1718668000.0,525964000.0,0.0,-1192894000.0,-679533000.0,-17988000.0,1875212000.0,0.0,1366483000.0,1366483000.0,1366483000.0,0.0,0.0,0.137,3397159000.0,1907263000.0,3606571000.0,0.0,183.439,22.314,22.694,5779638000.0,0.0,398.51,3.055,3.041,300140000.0,-1094082000.0,9981967000.0,9981967000.0,0.0,0.142,5.271,0.2,0.191,21610000.0,3397159000.0,1.0,76512807.0,76172000,76969000.0,131.045,9564465000.0,0.0,407690000.0,218023000.0,125.564,-856365000.0
8,ORLY,MRT,2019-06-30,2019-06-30,2019-06-30,2021-08-07,0.0,10201943000.0,9034752000.0,3700573000.0,6501370000.0,1.084,1.864,-570773000.0,55809000.0,55809000.0,4600509000.0,1341341000.0,0.849,69.513,5719491000.0,304034000.0,5415457000.0,5719491000.0,0.0,260420000.0,0.0,0.0,0.0,1859810000.0,2120230000.0,0.216,2120230000.0,1859810000.0,1727931000.0,16.96,16.8,16.96,144682000.0,342273250.0,144682000.0,34239280446.0,18.0,16.149,1128553000.0,14.541,1.0,5197647000.0,0.53,808391000.0,131879000.0,10696842000.0,8488388500.0,3262426000.0,0.0,0.0,0.0,10057261000.0,4360392000.0,5696869000.0,28909160446.0,18941000.0,-34818000.0,-1601117000.0,526967000.0,0.0,-1074340000.0,-606045000.0,-1717000.0,1699326000.0,0.0,1341341000.0,1341341000.0,1341341000.0,0.0,0.0,0.137,3341599000.0,1856048000.0,3516150000.0,0.0,199.812,21.552,21.776,5649450000.0,0.0,369.32,2.95,2.925,339977000.0,-1115015000.0,9798156000.0,9798156000.0,0.0,0.148,3.919,0.219,0.19,21039000.0,3341599000.0,1.0,78276726.0,77613000,78412000.0,126.244,9393552000.0,0.0,386590000.0,123040000.0,121.031,-659819000.0
9,ORLY,MRT,2019-03-31,2019-03-31,2019-03-31,2021-08-07,0.0,10061562000.0,8425951250.0,3649646000.0,6411916000.0,1.147,4.744,-536496000.0,56717000.0,56717000.0,4546357000.0,1340733000.0,0.844,26.021,5386837000.0,296605000.0,5090232000.0,5386837000.0,0.0,252981000.0,0.0,0.0,0.0,1841036000.0,2094017000.0,0.217,2094017000.0,1841036000.0,1712833000.0,16.72,16.57,16.72,372365000.0,402350250.0,372365000.0,33819056363.0,18.0,16.15,1199404000.0,15.282,1.0,5117998000.0,0.53,808717000.0,128203000.0,10256633000.0,7408025000.0,3228901000.0,0.0,0.0,0.0,9689197000.0,4326332000.0,5362865000.0,30433249363.0,18192000.0,-34818000.0,-1411021000.0,264737000.0,0.0,-1146474000.0,-571234000.0,0.0,1735900000.0,0.0,1340733000.0,1340733000.0,1340733000.0,0.0,0.0,0.139,3280874000.0,1837124000.0,3438679000.0,0.0,81.73,22.699,23.224,5563074000.0,0.0,388.3,3.149,3.153,317132000.0,-896450000.0,9664355000.0,9664355000.0,0.0,0.159,3.332,0.249,0.19,20424000.0,3280874000.0,1.0,78375610.0,78484000,79297000.0,123.138,9252845000.0,0.0,372100000.0,202296000.0,117.895,-676686000.0
10,ORLY,MRT,2018-12-31,2018-12-31,2018-12-31,2021-08-07,0.0,7980789000.0,7827225000.0,3543102000.0,4437687000.0,1.218,4.344,-499484000.0,31315000.0,31315000.0,4496462000.0,1324487000.0,0.91,21.566,3417122000.0,0.0,3417122000.0,3417122000.0,0.0,258937000.0,0.0,0.0,0.0,1816216000.0,2075153000.0,0.218,2075153000.0,1816216000.0,1694087000.0,16.27,16.1,16.27,353667000.0,415216000.0,353667000.0,30716638147.0,17.0,14.802,1228071000.0,15.086,1.0,5039966000.0,0.528,807260000.0,122129000.0,6665316000.0,6414845000.0,3193344000.0,0.0,0.0,0.0,7627122000.0,3894020000.0,3733102000.0,27582330147.0,-15033000.0,-34818000.0,-1641867000.0,435737000.0,0.0,-1208286000.0,-534302000.0,0.0,1727555000.0,0.0,1324487000.0,1324487000.0,1324487000.0,0.0,0.0,0.139,3224782000.0,1815184000.0,3376403000.0,0.0,77.99,20.825,21.163,3587002000.0,0.0,344.33,2.892,2.939,270181000.0,-909186000.0,9536428000.0,9536428000.0,0.0,0.169,3.19,0.283,0.19,20176000.0,3224782000.0,1.0,80104348.0,81406000,82280000.0,117.147,7173529000.0,0.0,369600000.0,116579000.0,88.12,-350918000.0
11,ORLY,MRT,2018-09-30,2018-09-30,2018-09-30,2021-08-07,0.0,7894714000.0,7724999000.0,3560031000.0,4334683000.0,1.218,6.184,-462734000.0,40019000.0,40019000.0,4447448000.0,1326445000.0,0.912,14.841,3174327000.0,0.0,3174327000.0,3174327000.0,0.0,253663000.0,0.0,0.0,0.0,1795109000.0,2048772000.0,0.218,2048772000.0,1795109000.0,1677654000.0,16.05,15.91,16.05,498379000.0,490060750.0,498379000.0,31197814286.0,17.0,15.228,1195553000.0,14.834,1.0,4964831000.0,0.527,789178000.0,117455000.0,6334763000.0,6265391750.0,3139621000.0,0.0,0.0,0.0,7396335000.0,3905081000.0,3491254000.0,27981144286.0,2732000.0,-2747000.0,-1459911000.0,270637000.0,0.0,-1191430000.0,-464125000.0,0.0,1658287000.0,0.0,1326445000.0,1326445000.0,1326445000.0,0.0,0.0,0.141,3174852000.0,1789979000.0,3384098000.0,0.0,56.144,21.095,21.64,3501933000.0,0.0,347.32,2.973,2.974,325929000.0,-768251000.0,9412279000.0,9412279000.0,0.0,0.172,2.707,0.287,0.191,19710000.0,3174852000.0,1.0,80563009.0,80593000,81410000.0,116.788,7105536000.0,0.0,351209000.0,102640000.0,88.166,-345050000.0
12,ORLY,MRT,2018-06-30,2018-06-30,2018-06-30,2021-08-07,0.0,7766740000.0,7621152500.0,3500717000.0,4266023000.0,1.216,4.71,-455903000.0,36868000.0,36868000.0,4390022000.0,1244028000.0,0.917,19.174,3253538000.0,0.0,3253538000.0,3253538000.0,0.0,249678000.0,0.0,0.0,0.0,1771730000.0,2021408000.0,0.218,2021408000.0,1771730000.0,1661533000.0,14.77,14.63,14.77,384990000.0,519010750.0,384990000.0,25563136533.0,14.0,12.646,1112510000.0,13.612,1.0,4879370000.0,0.526,789104000.0,110197000.0,6375388000.0,6163487750.0,3091719000.0,0.0,0.0,0.0,7381750000.0,3818918000.0,3562832000.0,22408595533.0,10340000.0,-2747000.0,-1745584000.0,646774000.0,0.0,-1100966000.0,-457107000.0,0.0,1568413000.0,0.0,1244028000.0,1244028000.0,1244028000.0,0.0,0.0,0.134,3112576000.0,1766794000.0,3314671000.0,0.0,58.206,18.013,18.522,3434884000.0,0.0,273.57,2.417,2.412,320092000.0,-863657000.0,9269392000.0,9269392000.0,0.0,0.163,2.397,0.287,0.191,19200000.0,3112576000.0,1.0,81911743.0,81733000,82536000.0,113.411,6977636000.0,0.0,417505000.0,108106000.0,85.371,-318201000.0
13,ORLY,MRT,2018-03-31,2018-03-31,2018-03-31,2021-08-07,0.0,7666657000.0,7515892000.0,3446411000.0,4220246000.0,1.211,5.074,-465180000.0,38525000.0,38525000.0,4313354000.0,1173776000.0,0.919,17.089,3193066000.0,0.0,3193066000.0,3193066000.0,0.0,246757000.0,0.0,0.0,0.0,1748148000.0,1994905000.0,0.219,1994905000.0,1748148000.0,1647986000.0,13.59,13.45,13.59,423828000.0,640091250.0,423828000.0,23630549242.0,14.0,11.845,994084000.0,11.901,1.0,4790794000.0,0.526,789104000.0,100162000.0,6283913000.0,5962181000.0,3052748000.0,0.0,0.0,0.0,7242829000.0,3748181000.0,3494648000.0,20698507242.0,10986000.0,-2747000.0,-2189666000.0,1211210000.0,0.0,-980612000.0,-467666000.0,0.0,1459264000.0,0.0,1173776000.0,1173776000.0,1173776000.0,0.0,0.0,0.129,3045705000.0,1745089000.0,3222785000.0,0.0,48.837,17.634,18.203,3389763000.0,0.0,247.38,2.274,2.27,302618000.0,-824361000.0,9104148000.0,9104148000.0,0.0,0.156,1.834,0.293,0.192,19149000.0,3045705000.0,1.0,83670900.0,83530000,84523000.0,108.993,6877553000.0,0.0,474210000.0,156394000.0,82.336,-301770000.0
14,ORLY,MRT,2017-12-31,2017-12-31,2017-12-31,2021-08-07,0.0,7571885000.0,7400158750.0,3397672000.0,4174213000.0,1.213,7.385,-461476000.0,46348000.0,46348000.0,4257043000.0,1133804000.0,0.932,10.595,2978390000.0,0.0,2978390000.0,2978390000.0,0.0,233845000.0,0.0,0.0,0.0,1729153000.0,1962998000.0,0.219,1962998000.0,1729153000.0,1637804000.0,12.82,12.67,12.82,653046000.0,889783250.0,653046000.0,23316091236.0,13.0,11.878,942211000.0,10.655,1.0,4720683000.0,0.526,789058000.0,91349000.0,6067503000.0,5606801000.0,3009800000.0,0.0,0.0,0.0,6918839000.0,3647366000.0,3271473000.0,20452562236.0,-100250000.0,-2747000.0,-2126768000.0,1087210000.0,0.0,-1039714000.0,-464223000.0,0.0,1403687000.0,0.0,1133804000.0,1133804000.0,1133804000.0,0.0,0.0,0.126,2995283000.0,1725400000.0,3190029000.0,0.0,31.319,18.039,18.763,3343806000.0,0.0,240.54,2.278,2.369,292487000.0,-612840000.0,8977726000.0,8977726000.0,0.0,0.153,1.274,0.308,0.193,19401000.0,2995283000.0,1.0,85027697.0,88426000,89502000.0,101.528,6782827000.0,0.0,504000000.0,85406000.0,76.706,-249694000.0
15,ORLY,MRT,2017-09-30,2017-09-30,2017-09-30,2021-08-07,0.0,7479328000.0,7308234750.0,3358481000.0,4120847000.0,1.216,7.064,-463330000.0,37287000.0,37287000.0,4210490000.0,1077519000.0,0.926,11.178,2900816000.0,0.0,2900816000.0,2900816000.0,0.0,229919000.0,0.0,0.0,0.0,1735268000.0,1965187000.0,0.221,1965187000.0,1735268000.0,1652010000.0,11.9,11.74,11.9,614179000.0,1133305750.0,614179000.0,21533687233.0,12.0,10.958,920543000.0,10.587,1.0,4675730000.0,0.526,787210000.0,83258000.0,5927147000.0,5279565750.0,2987592000.0,0.0,0.0,0.0,6865149000.0,3628500000.0,3236649000.0,18956153233.0,-523033000.0,0.0,-2392395000.0,1010310000.0,0.0,-1382586000.0,-524320000.0,0.0,1383873000.0,0.0,1077519000.0,1077519000.0,1077519000.0,0.0,0.0,0.121,2945455000.0,1730275000.0,3154250000.0,0.0,30.864,17.592,18.098,3292681000.0,0.0,215.37,2.133,2.107,299122000.0,-654484000.0,8886220000.0,8886220000.0,0.0,0.147,0.951,0.329,0.195,19323000.0,2945455000.0,1.0,88016684.0,86947000,88025000.0,102.203,6692118000.0,0.0,574491000.0,138022000.0,76.968,-270019000.0
16,ORLY,MRT,2017-06-30,2017-06-30,2017-06-30,2021-08-07,0.0,7345698000.0,7318987750.0,3289589000.0,4056109000.0,1.198,9.656,-479534000.0,26528000.0,26528000.0,4151883000.0,1072278000.0,0.922,7.45,2604062000.0,0.0,2604062000.0,2604062000.0,0.0,226395000.0,0.0,0.0,0.0,1722013000.0,1948408000.0,0.222,1948408000.0,1722013000.0,1644373000.0,11.57,11.42,11.57,869312000.0,1454951750.0,869312000.0,21856439606.0,13.0,11.218,912952000.0,10.141,1.0,4615462000.0,0.526,786938000.0,77640000.0,5570161000.0,4954239500.0,2959315000.0,0.0,0.0,0.0,6476386000.0,3566133000.0,2910253000.0,19906439606.0,-371731000.0,0.0,-1937127000.0,713832000.0,0.0,-1223798000.0,-540419000.0,0.0,1392486000.0,0.0,1072278000.0,1072278000.0,1072278000.0,0.0,0.0,0.122,2899341000.0,1716121000.0,3091888000.0,0.0,22.899,18.565,18.906,3229398000.0,0.0,218.74,2.271,2.246,265549000.0,-428242000.0,8767345000.0,8767345000.0,0.0,0.147,0.737,0.348,0.196,19359000.0,2899341000.0,1.0,91005027.0,90030000,91299000.0,97.382,6558760000.0,0.0,572095000.0,129851000.0,72.851,-276544000.0
17,ORLY,MRT,2017-03-31,2017-03-31,2017-03-31,2021-08-07,0.0,7203724000.0,7285223250.0,3205533000.0,3998191000.0,1.188,15.463,-478502000.0,27539000.0,27539000.0,4110626000.0,1047251000.0,0.914,4.064,1977539000.0,0.0,1977539000.0,1977539000.0,0.0,222096000.0,0.0,0.0,0.0,1692355000.0,1914451000.0,0.221,1914451000.0,1692355000.0,1616841000.0,11.12,10.97,11.12,1422596000.0,1660126250.0,1422596000.0,26468475759.0,16.0,13.826,905790000.0,9.845,1.0,4542579000.0,0.525,785568000.0,75514000.0,4862393000.0,4705424250.0,2872646000.0,0.0,0.0,0.0,5781128000.0,3505763000.0,2275365000.0,24728054759.0,-688469000.0,0.0,-1623801000.0,89600000.0,0.0,-1534705000.0,-538056000.0,0.0,1384292000.0,0.0,1047251000.0,1047251000.0,1047251000.0,0.0,0.0,0.121,2858842000.0,1683737000.0,2987996000.0,0.0,17.382,23.612,24.266,3174650000.0,0.0,269.84,2.858,2.869,266808000.0,90267000.0,8653205000.0,8653205000.0,0.0,0.144,0.631,0.36,0.196,19109000.0,2858842000.0,1.0,91639693.0,92001000,93495000.0,94.056,6418156000.0,0.0,569590000.0,182250000.0,69.762,-300230000.0
18,ORLY,MRT,2016-12-31,2016-12-31,2016-12-31,2021-08-07,0.0,7204189000.0,7339235500.0,3257975000.0,3946214000.0,1.171,17.048,-471225000.0,146598000.0,146598000.0,4084085000.0,1037691000.0,0.958,3.428,1887019000.0,0.0,1887019000.0,1887019000.0,0.0,217866000.0,0.0,0.0,0.0,1708122000.0,1925988000.0,0.224,1925988000.0,1708122000.0,1637191000.0,10.87,10.73,10.87,1627136000.0,1789437500.0,1627136000.0,27625122578.0,16.0,14.343,1039488000.0,10.891,1.0,4509011000.0,0.525,785399000.0,70931000.0,4758562000.0,4619034750.0,2778976000.0,0.0,0.0,0.0,5577053000.0,3400649000.0,2176404000.0,26298941578.0,30297000.0,0.0,-1445803000.0,495035000.0,0.0,-951320000.0,-529096000.0,1047000.0,1510713000.0,0.0,1037691000.0,1037691000.0,1037691000.0,0.0,0.0,0.121,2809805000.0,1699206000.0,2936656000.0,0.0,16.163,25.344,25.613,3123431000.0,0.0,278.41,3.06,3.092,279379000.0,289500000.0,8593096000.0,8593096000.0,0.0,0.141,0.58,0.37,0.199,18859000.0,2809805000.0,1.0,94461196.0,95447000,96720000.0,90.03,6418790000.0,0.0,599500000.0,90166000.0,67.25,-142674000.0
19,ORLY,MRT,2016-09-30,2016-09-30,2016-09-30,2021-08-07,0.0,7522340000.0,7207359250.0,3669764000.0,3852576000.0,1.171,20.031,-470730000.0,560320000.0,560320000.0,4020423000.0,1010237000.0,1.059,2.958,1886501000.0,0.0,1886501000.0,1886501000.0,0.0,213638000.0,0.0,0.0,0.0,1662227000.0,1875865000.0,0.222,1875865000.0,1662227000.0,1595887000.0,10.48,10.33,10.48,1900763000.0,1872982000.0,1900763000.0,28078271730.0,17.0,14.968,1026295000.0,10.816,1.0,4422423000.0,0.524,757251000.0,66340000.0,4625842000.0,4466109500.0,2789892000.0,0.0,0.0,0.0,5621577000.0,3465428000.0,2156149000.0,26590206730.0,283404000.0,0.0,-1188119000.0,495035000.0,0.0,-744984000.0,-468637000.0,2093000.0,1497025000.0,0.0,1010237000.0,1010237000.0,1010237000.0,0.0,0.0,0.12,2768307000.0,1654116000.0,2999080000.0,0.0,13.989,26.321,26.728,3058684000.0,0.0,280.11,3.149,3.148,287523000.0,560304000.0,8442846000.0,8442846000.0,0.0,0.14,0.539,0.372,0.197,70373000.0,2768307000.0,1.0,94927731.0,94891000,96120000.0,88.974,6765089000.0,0.0,585650000.0,84211000.0,71.293,204336000.0
20,ORLY,MRT,2016-06-30,2016-06-30,2016-06-30,2021-08-07,0.0,7210640000.0,7020590750.0,3438133000.0,3772507000.0,1.183,17.61,-444784000.0,398259000.0,398259000.0,3960441000.0,998012000.0,1.021,3.267,1886324000.0,0.0,1886324000.0,1886324000.0,0.0,210679000.0,0.0,0.0,0.0,1626792000.0,1837471000.0,0.221,1837471000.0,1626792000.0,1564862000.0,10.23,10.07,10.23,1690010000.0,1898312750.0,1690010000.0,27319052375.0,17.0,14.868,1030985000.0,10.743,1.0,4341651000.0,0.523,757130000.0,61930000.0,4574900000.0,4318234000.0,2741030000.0,0.0,0.0,0.0,5520630000.0,3366675000.0,2153955000.0,26149183375.0,138217000.0,0.0,-1357198000.0,495376000.0,0.0,-895908000.0,-441644000.0,3140000.0,1475769000.0,0.0,998012000.0,998012000.0,998012000.0,0.0,0.0,0.12,2720084000.0,1621567000.0,2914641000.0,0.0,15.473,26.201,26.5,2979240000.0,0.0,271.1,3.15,3.134,265016000.0,379620000.0,8302092000.0,8302092000.0,0.0,0.142,0.526,0.377,0.196,53395000.0,2720084000.0,1.0,96455859.0,95967000,97282000.0,86.51,6453510000.0,0.0,566850000.0,72961000.0,67.247,71458000.0
21,ORLY,MRT,2016-03-31,2016-03-31,2016-03-31,2021-08-07,0.0,7419773000.0,6884967500.0,3701463000.0,3718310000.0,1.185,19.97,-423890000.0,716008000.0,716008000.0,3887658000.0,973726000.0,1.116,2.825,1885877000.0,0.0,1885877000.0,1885877000.0,0.0,208084000.0,0.0,0.0,0.0,1585824000.0,1793908000.0,0.22,1793908000.0,1585824000.0,1528276000.0,9.86,9.71,9.86,1939841000.0,1968306500.0,1939841000.0,27870572856.0,18.0,15.536,1018694000.0,10.487,1.0,4273263000.0,0.524,757130000.0,57548000.0,4516835000.0,4184822000.0,2701760000.0,12172000.0,0.0,12172000.0,5479932000.0,3315677000.0,2164255000.0,26596855856.0,242362000.0,0.0,-1253621000.0,495429000.0,0.0,-780518000.0,-419704000.0,4186000.0,1442584000.0,0.0,973726000.0,973726000.0,973726000.0,0.0,0.0,0.119,2690989000.0,1582274000.0,2782609000.0,0.0,13.711,27.315,27.755,2913927000.0,0.0,273.66,3.259,3.257,246768000.0,637817000.0,8160921000.0,8160921000.0,0.0,0.141,0.495,0.379,0.194,42375000.0,2690989000.0,1.0,97189417.0,97140000,98537000.0,84.012,6662643000.0,0.0,554550000.0,190771000.0,68.588,385786000.0
22,ORLY,MRT,2015-12-31,2015-12-31,2015-12-31,2021-08-07,0.0,6676684000.0,6726451750.0,3010026000.0,3666658000.0,1.184,19.62,-411262000.0,116301000.0,116301000.0,3804031000.0,931216000.0,0.988,2.404,1390018000.0,0.0,1390018000.0,1390018000.0,0.0,210256000.0,0.0,0.0,0.0,1517495000.0,1727751000.0,0.217,1727751000.0,1517495000.0,1460366000.0,9.32,9.17,9.32,1961314000.0,2019221250.0,1961314000.0,26117413102.0,17.0,15.116,934226000.0,9.346,1.0,4162643000.0,0.523,757142000.0,57129000.0,4146861000.0,4055624750.0,2631015000.0,13219000.0,0.0,13219000.0,4715370000.0,3046398000.0,1668972000.0,24997334102.0,-134259000.0,0.0,-1071600000.0,-25000.0,0.0,-1072559000.0,-407188000.0,4074000.0,1345488000.0,0.0,931216000.0,931216000.0,931216000.0,0.0,0.0,0.117,2648622000.0,1514021000.0,2608231000.0,0.0,12.745,26.844,27.191,2861556000.0,0.0,253.42,3.138,3.18,233687000.0,678840000.0,7966674000.0,7966674000.0,0.0,0.138,0.461,0.374,0.19,21899000.0,2648622000.0,1.0,98639942.0,99965000,101514000.0,79.695,5919542000.0,0.0,529150000.0,81216000.0,59.216,-36372000.0
23,ORLY,MRT,2015-09-30,2015-09-30,2015-09-30,2021-08-07,0.0,6775266000.0,6690301500.0,3157564000.0,3617702000.0,1.163,20.168,-406531000.0,276916000.0,276916000.0,3734689000.0,894318000.0,1.017,2.384,1396995000.0,0.0,1396995000.0,1396995000.0,0.0,208755000.0,0.0,0.0,0.0,1457942000.0,1666697000.0,0.214,1666697000.0,1457942000.0,1400846000.0,8.88,8.75,8.88,2002086000.0,2033497250.0,2002086000.0,25960784139.0,18.0,15.576,863667000.0,8.7,1.0,4047111000.0,0.52,757093000.0,57096000.0,4034340000.0,4043975250.0,2606813000.0,14265000.0,0.0,14265000.0,4773180000.0,3103912000.0,1669268000.0,24823958139.0,-21367000.0,0.0,-956567000.0,-43000.0,0.0,-888997000.0,-402568000.0,3963000.0,1270198000.0,0.0,894318000.0,894318000.0,894318000.0,0.0,0.0,0.115,2592698000.0,1454413000.0,2626126000.0,0.0,12.399,27.757,28.123,2805150000.0,0.0,249.73,3.19,3.186,240750000.0,732742000.0,7781800000.0,7781800000.0,0.0,0.134,0.44,0.361,0.187,-45286000.0,2592698000.0,1.0,99403188.0,99270000,100770000.0,78.39,6018173000.0,0.0,506528000.0,97216000.0,60.624,53652000.0
24,ORLY,MRT,2015-06-30,2015-06-30,2015-06-30,2021-08-07,0.0,6668147000.0,6615279000.0,3109033000.0,3559114000.0,1.146,19.593,-417890000.0,260042000.0,260042000.0,3652413000.0,845047000.0,1.034,2.385,1396868000.0,0.0,1396868000.0,1396868000.0,0.0,205208000.0,0.0,0.0,0.0,1388079000.0,1593287000.0,0.21,1593287000.0,1388079000.0,1332296000.0,8.3,8.17,8.3,1969985000.0,2027077250.0,1969985000.0,23744813291.0,17.0,14.903,815468000.0,8.11,1.0,3926058000.0,0.518,756852000.0,55783000.0,4041252000.0,4028177250.0,2560975000.0,15311000.0,0.0,15311000.0,4698162000.0,3006869000.0,1691293000.0,22821712291.0,-193389000.0,0.0,-1070895000.0,-61000.0,0.0,-1012708000.0,-414039000.0,3851000.0,1233358000.0,0.0,845047000.0,845047000.0,845047000.0,0.0,0.0,0.112,2543137000.0,1382921000.0,2535971000.0,0.0,11.585,27.006,27.227,2743816000.0,0.0,225.98,3.011,2.998,250306000.0,726179000.0,7578471000.0,7578471000.0,0.0,0.128,0.417,0.345,0.183,-35986000.0,2543137000.0,1.0,100989965.0,100547000,102109000.0,75.372,5911295000.0,0.0,487249000.0,116226000.0,58.791,102164000.0
25,ORLY,MRT,2015-03-31,2015-03-31,2015-03-31,2021-08-07,0.0,6785710000.0,6575211250.0,3274121000.0,3511589000.0,1.124,21.095,-434791000.0,473646000.0,473646000.0,3571897000.0,817186000.0,1.109,2.166,1396747000.0,6000.0,1396741000.0,1396747000.0,0.0,201678000.0,0.0,0.0,0.0,1339169000.0,1540847000.0,0.209,1540847000.0,1339169000.0,1284886000.0,7.92,7.79,7.92,2143500000.0,2063976250.0,2143500000.0,23777003506.0,18.0,15.431,816115000.0,8.032,1.0,3818144000.0,0.517,756384000.0,54283000.0,4000046000.0,4009715000.0,2527982000.0,12414000.0,0.0,12414000.0,4642210000.0,2952381000.0,1689829000.0,22630923506.0,-38185000.0,0.0,-910455000.0,-73000.0,0.0,-858040000.0,-431051000.0,3740000.0,1250906000.0,0.0,817186000.0,817186000.0,817186000.0,0.0,0.0,0.111,2484517000.0,1333627000.0,2470749000.0,0.0,10.558,27.694,27.303,2698848000.0,0.0,216.24,3.062,2.973,231565000.0,908354000.0,7390041000.0,7390041000.0,0.0,0.124,0.396,0.334,0.181,-28599000.0,2484517000.0,1.0,104656509.0,101612000,103257000.0,72.728,6029326000.0,0.0,467700000.0,176920000.0,59.337,321740000.0
26,ORLY,MRT,2014-12-31,2014-12-31,2014-12-31,2021-08-07,0.0,6532083000.0,6486227000.0,3065380000.0,3466703000.0,1.113,19.359,-427107000.0,250560000.0,250560000.0,3507180000.0,778182000.0,1.09,2.236,1388422000.0,25000.0,1388397000.0,1388422000.0,0.0,194205000.0,0.0,0.0,0.0,1275472000.0,1469677000.0,0.204,1469677000.0,1275472000.0,1222182000.0,7.46,7.34,7.46,2018418000.0,2068907250.0,2018418000.0,20638542331.0,16.0,14.043,763323000.0,7.321,1.0,3708901000.0,0.514,756384000.0,53290000.0,4100263000.0,3999749250.0,2554789000.0,13349000.0,0.0,13349000.0,4513665000.0,2813298000.0,1700367000.0,19540293331.0,19242000.0,0.0,-796864000.0,-72000.0,0.0,-747786000.0,-423402000.0,3705000.0,1190430000.0,0.0,778182000.0,778182000.0,778182000.0,0.0,0.0,0.108,2438527000.0,1270374000.0,2417167000.0,0.0,9.681,25.11,25.82,2658560000.0,0.0,192.62,2.708,2.783,213211000.0,822473000.0,7216081000.0,7216081000.0,0.0,0.12,0.376,0.319,0.177,-26055000.0,2438527000.0,1.0,101444779.0,104262000,106041000.0,69.211,5775699000.0,0.0,444000000.0,102422000.0,55.396,252082000.0
27,ORLY,MRT,2014-09-30,2014-09-30,2014-09-30,2021-08-07,0.0,6475176000.0,6370008250.0,3070751000.0,3404425000.0,1.11,19.096,-410593000.0,298283000.0,298283000.0,3457043000.0,748851000.0,1.079,2.276,1396532000.0,44000.0,1396488000.0,1396532000.0,0.0,190624000.0,0.0,0.0,0.0,1228096000.0,1418720000.0,0.201,1418720000.0,1228096000.0,1175973000.0,7.11,6.98,7.11,1976406000.0,2055883000.0,1976406000.0,16545417765.0,13.0,11.662,760539000.0,7.348,1.0,3616094000.0,0.511,756335000.0,52123000.0,3971148000.0,3987899250.0,2517927000.0,14283000.0,0.0,14283000.0,4498770000.0,2845942000.0,1652828000.0,15602424765.0,-64725000.0,0.0,-867366000.0,-71000.0,0.0,-829525000.0,-406332000.0,4261000.0,1171132000.0,0.0,748851000.0,748851000.0,748851000.0,0.0,0.0,0.106,2392972000.0,1223122000.0,2409054000.0,0.0,7.894,20.835,21.148,2601112000.0,0.0,150.36,2.206,2.2,219852000.0,806641000.0,7073137000.0,7073137000.0,0.0,0.118,0.364,0.308,0.174,-15251000.0,2392972000.0,1.0,103767124.0,103498000,105222000.0,68.341,5718841000.0,0.0,427122000.0,101473000.0,55.256,224809000.0
28,ORLY,MRT,2014-06-30,2014-06-30,2014-06-30,2021-08-07,0.0,6507876000.0,6293008250.0,3171967000.0,3335909000.0,1.1,20.02,-412391000.0,453431000.0,453431000.0,3397234000.0,718343000.0,1.163,2.073,1396424000.0,62000.0,1396362000.0,1396424000.0,0.0,188502000.0,0.0,0.0,0.0,1184379000.0,1372881000.0,0.198,1372881000.0,1184379000.0,1131944000.0,6.73,6.61,6.73,2117581000.0,2070753250.0,2117581000.0,16859909961.0,14.0,12.281,711748000.0,6.729,1.0,3527056000.0,0.509,756349000.0,52435000.0,3967403000.0,3995784250.0,2462781000.0,15218000.0,0.0,15218000.0,4390295000.0,2727117000.0,1663178000.0,15975424961.0,87501000.0,0.0,-664132000.0,-1159000.0,0.0,-629312000.0,-407326000.0,5065000.0,1124139000.0,0.0,718343000.0,718343000.0,718343000.0,0.0,0.0,0.104,2347322000.0,1179734000.0,2302282000.0,0.0,7.544,22.239,22.377,2528936000.0,0.0,150.6,2.307,2.3,217220000.0,948518000.0,6924290000.0,6924290000.0,0.0,0.114,0.347,0.296,0.171,-13294000.0,2347322000.0,1.0,106078519.0,105772000,107556000.0,65.464,5751527000.0,0.0,413601000.0,103709000.0,54.377,444850000.0
29,ORLY,MRT,2014-03-31,2014-03-31,2014-03-31,2021-08-07,0.0,6429773000.0,6196950750.0,3161273000.0,3268500000.0,1.096,20.371,-403819000.0,511831000.0,511831000.0,3344117000.0,689823000.0,1.217,1.972,1396316000.0,74000.0,1396242000.0,1396316000.0,0.0,186478000.0,0.0,0.0,0.0,1144356000.0,1330834000.0,0.196,1330834000.0,1144356000.0,1093273000.0,6.4,6.28,6.4,2163224000.0,2042893750.0,2163224000.0,17322598542.0,15.0,13.016,623412000.0,5.871,1.0,3448054000.0,0.508,756225000.0,51083000.0,3960183000.0,3995151500.0,2397042000.0,12165000.0,0.0,12165000.0,4266549000.0,2597850000.0,1668699000.0,16157708542.0,306421000.0,0.0,-657043000.0,296912000.0,0.0,-322258000.0,-398552000.0,5267000.0,1027231000.0,0.0,689823000.0,689823000.0,689823000.0,0.0,0.0,0.102,2308533000.0,1139521000.0,2160897000.0,0.0,7.469,23.423,23.186,2463099000.0,0.0,148.39,2.379,2.32,211737000.0,999748000.0,6792171000.0,6792171000.0,0.0,0.111,0.338,0.286,0.168,-16652000.0,2308533000.0,1.0,108886775.0,106191000,108070000.0,63.962,5673548000.0,0.0,403450000.0,149110000.0,53.428,563423000.0
30,ORLY,MRT,2013-12-31,2013-12-31,2013-12-31,2021-08-07,0.0,6067208000.0,6036892750.0,2835201000.0,3232007000.0,1.101,17.999,-394150000.0,231318000.0,231318000.0,3280236000.0,670292000.0,1.17,2.086,1396208000.0,67000.0,1396141000.0,1396208000.0,0.0,183180000.0,0.0,0.0,0.0,1108016000.0,1291196000.0,0.194,1291196000.0,1108016000.0,1058942000.0,6.14,6.03,6.14,1966321000.0,2020219000.0,1966321000.0,14846702546.0,13.0,11.498,513876000.0,4.704,1.0,3369001000.0,0.507,756225000.0,49074000.0,4052863000.0,3898222250.0,2375047000.0,13066000.0,0.0,13066000.0,4100887000.0,2423010000.0,1677877000.0,13813611546.0,-16810000.0,0.0,-863678000.0,296785000.0,0.0,-536082000.0,-388754000.0,5396000.0,908026000.0,0.0,670292000.0,670292000.0,670292000.0,0.0,0.0,0.101,2265516000.0,1103485000.0,2056521000.0,0.0,7.025,20.608,20.963,2425103000.0,0.0,128.71,2.077,2.115,198123000.0,846333000.0,6649237000.0,6649237000.0,0.0,0.111,0.332,0.284,0.167,-9089000.0,2265516000.0,1.0,107323530.0,109244000,111101000.0,60.866,5310983000.0,0.0,388650000.0,100935000.0,48.616,412191000.0
31,ORLY,MRT,2013-09-30,2013-09-30,2013-09-30,2021-08-07,0.0,6167176000.0,5957387500.0,2975773000.0,3191403000.0,1.094,18.797,-381344000.0,363008000.0,363008000.0,3216303000.0,650747000.0,1.22,2.029,1396099000.0,68000.0,1396031000.0,1396099000.0,0.0,180681000.0,0.0,0.0,0.0,1075362000.0,1256043000.0,0.193,1256043000.0,1075362000.0,1027722000.0,5.87,5.78,5.87,2035887000.0,2055715500.0,2035887000.0,14880555683.0,14.0,11.847,556933000.0,5.142,1.0,3300085000.0,0.506,758523000.0,47640000.0,4002688000.0,3776441500.0,2364538000.0,14556000.0,0.0,14556000.0,4131289000.0,2439056000.0,1692233000.0,13850494683.0,-59697000.0,0.0,-927838000.0,296462000.0,0.0,-597688000.0,-400286000.0,4947000.0,938277000.0,0.0,650747000.0,650747000.0,650747000.0,0.0,0.0,0.1,2229389000.0,1070696000.0,2075525000.0,0.0,6.803,21.284,21.736,2378398000.0,0.0,127.59,2.125,2.121,214294000.0,919100000.0,6516388000.0,6516388000.0,0.0,0.109,0.317,0.285,0.165,-11753000.0,2229389000.0,1.0,108554704.0,108307000,110193000.0,60.166,5408653000.0,0.0,376975000.0,107517000.0,49.938,536717000.0
32,ORLY,MRT,2013-06-30,2013-06-30,2013-06-30,2021-08-07,0.0,6123646000.0,5877932500.0,3005157000.0,3118489000.0,1.087,18.192,-324318000.0,365930000.0,365930000.0,3163506000.0,623590000.0,1.237,2.052,1395991000.0,69000.0,1395922000.0,1395991000.0,0.0,178558000.0,0.0,0.0,0.0,1038211000.0,1216769000.0,0.19,1216769000.0,1038211000.0,993415000.0,5.49,5.41,5.49,2006143000.0,2111374500.0,2006143000.0,13331603806.0,13.0,10.957,675191000.0,6.123,1.0,3226415000.0,0.505,758537000.0,44796000.0,3964872000.0,3671548000.0,2345377000.0,16295000.0,0.0,16295000.0,4117503000.0,2430298000.0,1687205000.0,12441078806.0,-1787000.0,0.0,-1284777000.0,593845000.0,0.0,-657312000.0,-343984000.0,4223000.0,999509000.0,0.0,623590000.0,623590000.0,623590000.0,0.0,0.0,0.098,2192781000.0,1033634000.0,2058859000.0,0.0,6.201,19.951,20.514,2302271000.0,0.0,112.62,1.947,1.944,258112000.0,902154000.0,6389921000.0,6389921000.0,0.0,0.106,0.295,0.283,0.162,-11311000.0,2192781000.0,1.0,110469533.0,110278000,112079000.0,57.944,5365109000.0,0.0,369825000.0,110011000.0,48.651,574859000.0
33,ORLY,MRT,2013-03-31,2013-03-31,2013-03-31,2021-08-07,0.0,5789541000.0,5774544000.0,2741188000.0,3048353000.0,1.08,18.578,-295834000.0,205410000.0,205410000.0,3103400000.0,592583000.0,1.167,1.793,1095935000.0,83000.0,1095852000.0,1095935000.0,0.0,177452000.0,0.0,0.0,0.0,984827000.0,1162279000.0,0.186,1162279000.0,984827000.0,942358000.0,5.05,4.98,5.05,2072525000.0,2263001750.0,2072525000.0,13346851697.0,14.0,11.483,767537000.0,6.88,1.0,3134401000.0,0.502,758578000.0,42469000.0,3572466000.0,3526018000.0,2295846000.0,4318000.0,0.0,4318000.0,3717016000.0,2349022000.0,1367994000.0,12499023697.0,-369786000.0,0.0,-1451794000.0,295610000.0,0.0,-1117549000.0,-315608000.0,4115000.0,1063371000.0,0.0,592583000.0,592583000.0,592583000.0,0.0,0.0,0.095,2153425000.0,980976000.0,1967000000.0,0.0,6.031,21.092,20.285,2244074000.0,0.0,102.439,2.004,1.832,204884000.0,973487000.0,6237801000.0,6237801000.0,0.0,0.103,0.262,0.279,0.158,-16236000.0,2153425000.0,1.0,122014308.0,111557000,113396000.0,55.916,5030963000.0,0.0,349775000.0,152330000.0,45.098,392166000.0
34,ORLY,MRT,2012-12-31,2012-12-31,2012-12-31,2021-08-07,0.0,5749187000.0,5765690000.0,2732948000.0,3016239000.0,1.072,17.398,-297675000.0,248128000.0,248128000.0,3084766000.0,585746000.0,1.202,1.727,1095956000.0,222000.0,1095734000.0,1095956000.0,0.0,177106000.0,0.0,0.0,0.0,981721000.0,1158827000.0,0.187,1158827000.0,981721000.0,941521000.0,4.83,4.75,4.83,2108307000.0,2462832250.0,2108307000.0,10922793487.0,11.0,9.426,953880000.0,7.871,1.0,3097418000.0,0.501,758410000.0,40200000.0,3565740000.0,3490584000.0,2276331000.0,5347000.0,0.0,5347000.0,3640880000.0,2272865000.0,1368015000.0,10249473487.0,-113424000.0,0.0,-1381773000.0,295570000.0,0.0,-1047572000.0,-317407000.0,4157000.0,1251555000.0,0.0,585746000.0,585746000.0,585746000.0,0.0,0.0,0.095,2120025000.0,977393000.0,1929112000.0,0.0,4.861,17.498,18.513,2211590000.0,0.0,89.42,1.658,1.753,181174000.0,1023267000.0,6182184000.0,6182184000.0,0.0,0.102,0.238,0.281,0.159,-16605000.0,2120025000.0,1.0,114621712.0,121182000,123314000.0,51.016,4990777000.0,0.0,355775000.0,104948000.0,41.184,460083000.0
35,ORLY,MRT,2012-09-30,2012-09-30,2012-09-30,2021-08-07,0.0,5849356000.0,5703518500.0,2882850000.0,2966506000.0,1.067,19.052,-297784000.0,422705000.0,422705000.0,3043375000.0,575932000.0,1.313,1.59,1096025000.0,353000.0,1095672000.0,1096025000.0,0.0,175635000.0,0.0,0.0,0.0,964613000.0,1140248000.0,0.187,1140248000.0,964613000.0,926432000.0,4.63,4.56,4.63,2258523000.0,2646968250.0,2258523000.0,10371227318.0,11.0,9.096,1014184000.0,8.555,1.0,3041731000.0,0.5,744153000.0,38181000.0,3583114000.0,3502300500.0,2207454000.0,6390000.0,0.0,6390000.0,3590833000.0,2195409000.0,1395424000.0,9941538318.0,145988000.0,0.0,-1206706000.0,295615000.0,0.0,-872673000.0,-293307000.0,4187000.0,1311968000.0,0.0,575932000.0,575932000.0,575932000.0,0.0,0.0,0.095,2080398000.0,961333000.0,1863353000.0,0.0,4.402,17.262,18.06,2174084000.0,0.0,83.62,1.634,1.629,222746000.0,1168560000.0,6085106000.0,6085106000.0,0.0,0.101,0.218,0.275,0.159,-17148000.0,2083196000.0,1.0,118889480.0,118546000,120539000.0,51.331,5105203000.0,0.0,350500000.0,120968000.0,43.065,687441000.0
36,ORLY,MRT,2012-06-30,2012-06-30,2012-06-30,2021-08-07,0.0,5710092000.0,5590375250.0,2763992000.0,2946100000.0,1.077,20.923,-324832000.0,367717000.0,367717000.0,3028553000.0,565039000.0,1.373,1.186,797406000.0,522000.0,796884000.0,797406000.0,0.0,173996000.0,0.0,0.0,0.0,942421000.0,1116417000.0,0.185,1116417000.0,942421000.0,907479000.0,4.41,4.34,4.41,2612652000.0,2789974500.0,2612652000.0,10784899384.0,11.0,9.66,924149000.0,7.401,1.0,2990448000.0,0.497,744131000.0,34942000.0,3382752000.0,3523482500.0,2145339000.0,7404000.0,0.0,7404000.0,3097440000.0,2012898000.0,1084542000.0,10562607384.0,98925000.0,0.0,-1165228000.0,295905000.0,0.0,-830027000.0,-320029000.0,4513000.0,1248981000.0,0.0,565039000.0,565039000.0,565039000.0,0.0,0.0,0.094,2051383000.0,939065000.0,1699817000.0,0.0,4.043,18.694,18.995,2152785000.0,0.0,83.77,1.755,1.738,213645000.0,1489418000.0,6019001000.0,6019001000.0,0.0,0.101,0.203,0.267,0.157,-18359000.0,2054181000.0,1.0,126090574.0,124870000,127188000.0,48.202,4965961000.0,0.0,342440000.0,95229000.0,39.769,751094000.0
37,ORLY,MRT,2012-03-31,2012-03-31,2012-03-31,2021-08-07,0.0,5754125000.0,5504327750.0,2830382000.0,2923743000.0,1.078,22.618,-306422000.0,575196000.0,575196000.0,3006222000.0,552691000.0,1.571,1.004,797488000.0,625000.0,796863000.0,797488000.0,0.0,170922000.0,0.0,0.0,0.0,921450000.0,1092372000.0,0.184,1092372000.0,921450000.0,889391000.0,4.21,4.15,4.21,2871847000.0,2925157750.0,2871847000.0,12066273833.0,13.0,11.046,932984000.0,7.348,1.0,2929248000.0,0.494,744031000.0,32059000.0,3430730000.0,3526142250.0,2004917000.0,9817000.0,0.0,9817000.0,2882278000.0,1801656000.0,1080622000.0,11630251833.0,345148000.0,0.0,-920275000.0,295702000.0,0.0,-592952000.0,-301306000.0,4827000.0,1239406000.0,0.0,552691000.0,552691000.0,552691000.0,0.0,0.0,0.093,2011418000.0,917830000.0,1469310000.0,0.0,4.05,21.043,21.698,2126599000.0,0.0,91.35,1.959,1.954,213198000.0,1742640000.0,5935470000.0,5935470000.0,0.0,0.1,0.189,0.261,0.155,-10954000.0,2014216000.0,1.0,127315291.0,126970000,129327000.0,46.747,5010094000.0,0.0,336700000.0,133133000.0,39.459,1028726000.0
38,ORLY,MRT,2011-12-31,2011-12-31,2011-12-31,2021-08-07,0.0,5500501000.0,5377818000.0,2607610000.0,2892891000.0,1.076,21.125,-325604000.0,361552000.0,361552000.0,2951467000.0,507673000.0,1.65,0.933,797574000.0,662000.0,796912000.0,797574000.0,0.0,165880000.0,0.0,0.0,0.0,843938000.0,1009818000.0,0.174,1009818000.0,843938000.0,815773000.0,3.77,3.71,3.77,2844851000.0,3004158500.0,2844851000.0,10780895146.0,13.0,10.676,793387000.0,5.891,1.0,2837349000.0,0.49,743907000.0,28165000.0,3612606000.0,3532214250.0,1985748000.0,10889000.0,0.0,10889000.0,2655650000.0,1580010000.0,1075640000.0,10259846146.0,331831000.0,0.0,-919070000.0,428578000.0,0.0,-467507000.0,-319653000.0,5435000.0,1118991000.0,0.0,507673000.0,507673000.0,507673000.0,0.0,0.0,0.088,1970583000.0,866766000.0,1279294000.0,0.0,3.606,20.21,21.207,2093767000.0,0.0,79.95,1.772,1.86,203753000.0,1733474000.0,5788816000.0,5788816000.0,0.0,0.094,0.169,0.239,0.146,-2406000.0,1973381000.0,1.0,128328282.0,134667000,136983000.0,42.986,4756594000.0,0.0,308100000.0,90854000.0,35.321,1027600000.0
39,ORLY,MRT,2011-09-30,2011-09-30,2011-09-30,2021-08-07,0.0,5396783000.0,5264649500.0,2536514000.0,2860269000.0,1.084,21.318,-331259000.0,276717000.0,276717000.0,2928590000.0,490445000.0,1.684,0.907,797766000.0,804000.0,796962000.0,797766000.0,0.0,163452000.0,0.0,0.0,0.0,813643000.0,977095000.0,0.171,977095000.0,813643000.0,787445000.0,3.57,3.5,3.57,2830548000.0,3095367000.0,2830548000.0,9287694395.0,11.0,9.505,620014000.0,4.67,1.0,2779249000.0,0.487,743943000.0,26198000.0,3667842000.0,3480032000.0,2009407000.0,11961000.0,0.0,11961000.0,2566235000.0,1506047000.0,1060188000.0,9057934395.0,233524000.0,0.0,-781232000.0,356480000.0,0.0,-403215000.0,-314534000.0,17117000.0,951273000.0,0.0,490445000.0,490445000.0,490445000.0,0.0,0.0,0.086,1955258000.0,823991000.0,1190842000.0,0.0,3.2,18.469,18.664,2057875000.0,0.0,66.63,1.587,1.55,201555000.0,1731247000.0,5707839000.0,5707839000.0,0.0,0.093,0.158,0.234,0.143,-1471000.0,1955258000.0,1.0,135943785.0,132777000,135033000.0,42.988,4652840000.0,20823000.0,297000000.0,89045000.0,35.043,1030467000.0
40,ORLY,MRT,2011-06-30,2011-06-30,2011-06-30,2021-08-07,0.0,5365902000.0,5171308500.0,2554184000.0,2811718000.0,1.083,22.951,-332757000.0,268792000.0,268792000.0,2879819000.0,458548000.0,1.752,0.702,498552000.0,1005000.0,497547000.0,498552000.0,0.0,161619000.0,0.0,0.0,0.0,771350000.0,932969000.0,0.167,932969000.0,771350000.0,742608000.0,3.29,3.22,3.29,3153385000.0,3156297750.0,3153385000.0,9300681864.0,12.0,9.969,576655000.0,4.197,1.0,2718454000.0,0.486,744028000.0,28742000.0,3393391000.0,3384145250.0,2035282000.0,13292000.0,0.0,13292000.0,2212517000.0,1458243000.0,754274000.0,9031880864.0,237181000.0,0.0,-279945000.0,-93028000.0,0.0,-354768000.0,-317463000.0,17710000.0,909412000.0,0.0,458548000.0,458548000.0,458548000.0,0.0,0.0,0.082,1936482000.0,781972000.0,1115252000.0,0.0,2.864,19.697,19.912,2008594000.0,0.0,65.51,1.613,1.608,203991000.0,2016290000.0,5598273000.0,5598273000.0,0.0,0.089,0.145,0.228,0.138,863000.0,1930582000.0,1.0,137870262.0,137399000,139716000.0,40.745,4621874000.0,16238000.0,284060000.0,99133000.0,33.638,1095941000.0
41,ORLY,MRT,2011-03-31,2011-03-31,2011-03-31,2021-08-07,0.0,5248086000.0,5058962750.0,2467411000.0,2780675000.0,1.087,22.677,-367104000.0,230048000.0,230048000.0,2827770000.0,424371000.0,1.872,0.646,498849000.0,1208000.0,497641000.0,498849000.0,0.0,160298000.0,0.0,0.0,0.0,730702000.0,891000000.0,0.162,891000000.0,730702000.0,697071000.0,3.04,2.97,3.04,3187850000.0,3100564500.0,3187850000.0,8438248962.0,12.0,9.471,460050000.0,3.273,1.0,2672426000.0,0.486,743895000.0,33631000.0,3455018000.0,3389899250.0,2001314000.0,16379000.0,0.0,16379000.0,2060236000.0,1317974000.0,742262000.0,8109265962.0,200176000.0,0.0,-82099000.0,-210573000.0,0.0,-273712000.0,-353266000.0,17771000.0,827154000.0,0.0,424371000.0,424371000.0,424371000.0,0.0,0.0,0.077,1931658000.0,740768000.0,977627000.0,0.0,2.544,19.109,18.901,1972420000.0,0.0,57.46,1.474,1.469,196865000.0,2048214000.0,5500196000.0,5500196000.0,0.0,0.084,0.137,0.216,0.133,-965000.0,1910758000.0,1.0,141128889.0,140579000,142866000.0,39.125,4504191000.0,10018000.0,272700000.0,93953000.0,32.04,1149437000.0
42,ORLY,MRT,2010-12-31,2010-12-31,2010-12-31,2021-08-07,-2970000.0,5047827000.0,4956407500.0,2301252000.0,2746575000.0,1.089,23.149,-363295000.0,29721000.0,29721000.0,2776533000.0,419373000.0,1.873,0.573,358704000.0,1431000.0,357273000.0,358704000.0,0.0,161442000.0,0.0,0.0,0.0,728646000.0,890088000.0,0.165,890088000.0,728646000.0,689373000.0,3.02,2.95,3.02,3209685000.0,3003681500.0,3209685000.0,8824914154.0,12.0,9.915,340392000.0,2.455,1.0,2620992000.0,0.486,743975000.0,39273000.0,3403877000.0,3404111000.0,2023488000.0,18047000.0,0.0,18047000.0,1838142000.0,1228958000.0,609184000.0,8436855154.0,2786000.0,0.0,63116000.0,-431327000.0,0.0,-349624000.0,-351277000.0,17364000.0,703687000.0,0.0,419373000.0,419373000.0,419373000.0,0.0,0.0,0.078,1908216000.0,712776000.0,895736000.0,0.0,2.629,20.118,20.007,1930095000.0,0.0,60.42,1.563,1.552,183652000.0,2069496000.0,5397525000.0,5397525000.0,0.0,0.085,0.14,0.214,0.135,-1614000.0,1887316000.0,1.0,139636795.0,138654000,141992000.0,38.928,4303852000.0,33877000.0,270000000.0,73563000.0,31.04,1072294000.0
43,ORLY,MRT,2010-09-30,2010-09-30,2010-09-30,2021-08-07,-4095000.0,5023419000.0,4889818500.0,2309596000.0,2713823000.0,1.076,22.144,-370479000.0,43193000.0,43193000.0,2706963000.0,385536000.0,1.67,0.634,431252000.0,104698000.0,326554000.0,431252000.0,0.0,157785000.0,0.0,0.0,0.0,678936000.0,836721000.0,0.159,836721000.0,678936000.0,636086000.0,2.8,2.75,2.8,3074271000.0,2872726500.0,3074271000.0,7934863956.0,12.0,9.483,218304000.0,1.572,1.0,2553929000.0,0.485,743921000.0,42850000.0,3284295000.0,3448598750.0,1997718000.0,19151000.0,0.0,19151000.0,1949148000.0,1383262000.0,565886000.0,7382091956.0,13658000.0,0.0,54093000.0,-271670000.0,0.0,-204580000.0,-370545000.0,6185000.0,588783000.0,0.0,385536000.0,385536000.0,385536000.0,0.0,0.0,0.073,1879877000.0,674052000.0,943147000.0,0.0,2.401,19.148,19.0,1891560000.0,0.0,53.2,1.403,1.404,194159000.0,1963736000.0,5260892000.0,5260892000.0,0.0,0.079,0.134,0.197,0.129,-5480000.0,1858977000.0,1.0,138761127.0,138831000,141706000.0,37.894,4279498000.0,41996000.0,250550000.0,57446000.0,30.825,926334000.0
44,ORLY,MRT,2010-06-30,2010-06-30,2010-06-30,2021-08-07,-5466000.0,4916519000.0,4804241500.0,2257497000.0,2659022000.0,1.06,21.2,-361250000.0,31611000.0,31611000.0,2622175000.0,356219000.0,1.724,0.678,584383000.0,105150000.0,479233000.0,584383000.0,0.0,154027000.0,0.0,0.0,0.0,629349000.0,783376000.0,0.154,783376000.0,629349000.0,585169000.0,2.6,2.56,2.6,2930452000.0,2753970500.0,2930452000.0,7241676077.0,12.0,9.244,126930000.0,0.918,1.0,2471069000.0,0.485,743780000.0,44180000.0,3416407000.0,3475915750.0,1932479000.0,21084000.0,0.0,21084000.0,1986067000.0,1309104000.0,676963000.0,6569048077.0,-9413000.0,0.0,60848000.0,-211486000.0,0.0,-137538000.0,-360055000.0,6572000.0,488180000.0,0.0,356219000.0,356219000.0,356219000.0,0.0,0.0,0.07,1846852000.0,624217000.0,854659000.0,0.0,2.242,18.441,18.292,1830745000.0,0.0,47.56,1.29,1.291,196592000.0,1847194000.0,5093244000.0,5093244000.0,0.0,0.074,0.129,0.181,0.124,250000.0,1831852000.0,1.0,138121280.0,138230000,141117000.0,36.846,4172739000.0,62588000.0,228950000.0,50217000.0,30.187,948393000.0
45,ORLY,MRT,2010-03-31,2010-03-31,2010-03-31,2021-08-07,-7067000.0,4837865000.0,4716982250.0,2231558000.0,2606307000.0,1.052,20.354,-350737000.0,29872000.0,29872000.0,2561175000.0,342139000.0,1.778,0.728,702500000.0,105790000.0,596710000.0,702500000.0,0.0,152082000.0,0.0,0.0,0.0,597184000.0,749266000.0,0.151,749266000.0,597184000.0,553189000.0,2.51,2.47,2.51,2800318000.0,2640717500.0,2800318000.0,6501720224.0,11.0,8.677,18559000.0,0.135,1.0,2402205000.0,0.484,743824000.0,43995000.0,3511865000.0,3478800000.0,1903108000.0,11208000.0,0.0,11208000.0,2037547000.0,1254804000.0,782743000.0,5737907224.0,-7532000.0,0.0,57988000.0,-94875000.0,0.0,-26502000.0,-350326000.0,5759000.0,369296000.0,0.0,342139000.0,342139000.0,342139000.0,0.0,0.0,0.069,1809477000.0,592728000.0,794676000.0,0.0,2.049,16.771,16.618,1784301000.0,0.0,41.71,1.156,1.156,187191000.0,1747599000.0,4963380000.0,4963380000.0,0.0,0.073,0.13,0.172,0.12,7771000.0,1809477000.0,1.0,137566704.0,137583000,139612000.0,36.076,4094041000.0,74056000.0,211050000.0,58786000.0,29.757,976754000.0
46,ORLY,MRT,2009-12-31,2009-12-31,2009-12-31,2021-08-07,-7962000.0,4781471000.0,4601964500.0,2226719000.0,2554752000.0,1.053,19.716,-410491000.0,26935000.0,26935000.0,2520534000.0,307498000.0,1.826,0.78,790748000.0,106708000.0,684040000.0,790748000.0,0.0,148179000.0,0.0,0.0,0.0,542074000.0,690253000.0,0.142,690253000.0,542074000.0,496898000.0,2.26,2.23,2.26,2685865000.0,2532007000.0,2685865000.0,5903871385.0,11.0,8.553,-125291000.0,-0.92,1.0,2326528000.0,0.48,744313000.0,45176000.0,3581828000.0,3428884500.0,1913218000.0,12481000.0,0.0,12481000.0,2095606000.0,1219143000.0,876463000.0,5229733385.0,-4366000.0,0.0,59508000.0,50952000.0,0.0,121095000.0,-410661000.0,5819000.0,285200000.0,0.0,307498000.0,307498000.0,307498000.0,0.0,0.0,0.063,1788909000.0,537619000.0,818153000.0,0.0,1.947,17.007,16.867,1726379000.0,0.0,38.12,1.079,1.071,170997000.0,1650123000.0,4847062000.0,4847062000.0,0.0,0.067,0.121,0.158,0.112,11198000.0,1788909000.0,1.0,137191327.0,136230000,137882000.0,35.58,4037158000.0,85934000.0,189400000.0,26389000.0,29.635,1007576000.0
47,ORLY,MRT,2009-09-30,2009-09-30,2009-09-30,2021-08-07,-9339000.0,4681111000.0,4454926000.0,2174660000.0,2506451000.0,1.075,19.004,-396493000.0,29535000.0,29535000.0,2515873000.0,278289000.0,1.786,0.801,703673000.0,10157000.0,693516000.0,703673000.0,0.0,224123000.0,0.0,0.0,0.0,496716000.0,720839000.0,0.151,720839000.0,496716000.0,449539000.0,2.06,2.01,2.06,2599247000.0,2431095250.0,2599247000.0,5697404103.0,11.0,7.904,-98268000.0,-0.718,1.0,2272123000.0,0.475,744375000.0,47177000.0,3393563000.0,3313603000.0,1856049000.0,13282000.0,0.0,13282000.0,2081864000.0,1217311000.0,864553000.0,4941808103.0,3125000.0,-1238000.0,57558000.0,30958000.0,0.0,98566000.0,-393666000.0,5720000.0,298225000.0,0.0,278289000.0,278289000.0,278289000.0,0.0,0.0,0.058,1779314000.0,492809000.0,889030000.0,0.0,1.901,17.758,17.544,1672236000.0,0.0,36.14,1.032,1.032,178650000.0,1578200000.0,4787996000.0,4787996000.0,0.0,0.062,0.114,0.15,0.104,29085000.0,1779314000.0,1.0,136740678.0,136774000,138704000.0,35.007,3936736000.0,76344000.0,171250000.0,4928000.0,28.783,957349000.0
48,ORLY,MRT,2009-06-30,2009-06-30,2009-06-30,2021-08-07,-9685000.0,4567482000.0,4290935000.0,2085770000.0,2481712000.0,1.082,18.247,-446453000.0,41024000.0,41024000.0,2472255000.0,232463000.0,1.813,0.844,796620000.0,10752000.0,785868000.0,796620000.0,0.0,187087000.0,0.0,0.0,0.0,428364000.0,615451000.0,0.133,615451000.0,428364000.0,381413000.0,1.73,1.69,1.73,2477440000.0,2328906750.0,2477440000.0,5919384197.0,14.0,9.618,-210616000.0,-1.551,1.0,2168774000.0,0.467,744749000.0,46951000.0,3427944000.0,3203971250.0,1736140000.0,16082000.0,0.0,16082000.0,2090042000.0,1150385000.0,939657000.0,5165820197.0,-76190000.0,-33767000.0,44721000.0,110464000.0,0.0,160857000.0,-472884000.0,4821000.0,235837000.0,0.0,232463000.0,232463000.0,232463000.0,0.0,0.0,0.05,1732690000.0,436084000.0,818873000.0,0.0,2.085,22.222,22.012,1624094000.0,0.0,38.08,1.113,1.114,183266000.0,1490975000.0,4641029000.0,4641029000.0,0.0,0.054,0.1,0.134,0.092,22993000.0,1732690000.0,1.0,135657043.0,135773000,137548000.0,34.182,3822733000.0,107748000.0,148950000.0,6901000.0,28.155,935385000.0
49,ORLY,MRT,2009-03-31,2009-03-31,2009-03-31,2021-08-07,-11432000.0,4377794000.0,3764756250.0,1956569000.0,2421225000.0,1.087,17.516,-432711000.0,37404000.0,37404000.0,2211980000.0,202736000.0,1.784,0.851,790968000.0,8310000.0,782658000.0,790968000.0,0.0,149030000.0,0.0,0.0,0.0,367838000.0,516868000.0,0.126,516868000.0,367838000.0,331011000.0,1.58,1.55,1.58,2365476000.0,2138856500.0,2365476000.0,5426087117.0,15.0,10.498,-166473000.0,-1.233,1.0,1882102000.0,0.46,722306000.0,36827000.0,3312203000.0,2793687500.0,1626199000.0,14192000.0,0.0,14192000.0,2012318000.0,1096849000.0,915469000.0,4724693117.0,-75883000.0,-33767000.0,30365000.0,86703000.0,0.0,119490000.0,-461611000.0,5481000.0,266238000.0,0.0,202736000.0,202736000.0,202736000.0,0.0,0.0,0.05,1507305000.0,374797000.0,760613000.0,0.0,1.997,23.305,22.158,1572588000.0,0.0,35.01,1.154,1.155,162435000.0,1405460000.0,4094082000.0,4094082000.0,0.0,0.054,0.095,0.132,0.09,17136000.0,1507305000.0,1.0,134952674.0,135043000,136234000.0,30.317,3655488000.0,96848000.0,128275000.0,26579000.0,27.069,859720000.0
50,ORLY,MRT,2008-12-31,2008-12-31,2008-12-31,2021-08-07,-11513000.0,4193317000.0,3269741750.0,1875433000.0,2317884000.0,1.094,18.327,-340433000.0,31301000.0,31301000.0,1948627000.0,186232000.0,1.78,0.837,732695000.0,8131000.0,724564000.0,732695000.0,0.0,112998000.0,0.0,0.0,0.0,328670000.0,441668000.0,0.123,441668000.0,328670000.0,302532000.0,1.5,1.48,1.5,2282218000.0,1960240750.0,2282218000.0,4774137524.0,15.0,10.809,-41891000.0,-0.336,1.0,1627926000.0,0.455,720508000.0,26138000.0,3120702000.0,2402119500.0,1570144000.0,21548000.0,0.0,21548000.0,1911099000.0,1053501000.0,857598000.0,4135159524.0,-16254000.0,-33767000.0,22995000.0,28860000.0,0.0,52801000.0,-367597000.0,5342000.0,298542000.0,0.0,186232000.0,186232000.0,186232000.0,0.0,0.0,0.052,1292309000.0,335617000.0,736986000.0,0.0,1.812,22.204,20.493,1449893000.0,0.0,30.74,1.156,1.07,165811000.0,1342625000.0,3576553000.0,3576553000.0,0.0,0.057,0.095,0.137,0.092,11370000.0,1292309000.0,1.0,134520479.0,124526000,125413000.0,28.721,3472809000.0,92795000.0,116300000.0,9951000.0,27.888,821932000.0
51,ORLY,MRT,2008-09-30,2008-09-30,2008-09-30,2021-08-07,-984000.0,4025147000.0,2791346750.0,1802349000.0,2222798000.0,1.098,16.57,-321081000.0,26410000.0,26410000.0,1683120000.0,184113000.0,1.711,0.838,665388000.0,8257000.0,657131000.0,665388000.0,0.0,78943000.0,0.0,0.0,0.0,312635000.0,391578000.0,0.128,391578000.0,312635000.0,298413000.0,1.54,1.54,1.54,2190493000.0,1787805500.0,2190493000.0,3544523906.0,11.0,9.052,-14274000.0,-0.108,1.0,1383090000.0,0.451,655886000.0,14222000.0,2955036000.0,2060251000.0,1517744000.0,22877000.0,0.0,22877000.0,1834654000.0,1053203000.0,781451000.0,3586426906.0,-83373000.0,-32529000.0,19959000.0,-38488000.0,0.0,-17575000.0,-372605000.0,-16513000.0,306807000.0,0.0,184113000.0,184113000.0,184113000.0,0.0,0.0,0.06,1064390000.0,318700000.0,757080000.0,0.0,1.637,19.479,17.383,1404737000.0,0.0,26.77,1.17,1.154,165596000.0,1299911000.0,3066210000.0,3066210000.0,0.0,0.066,0.103,0.152,0.102,12777000.0,1064390000.0,1.0,133971868.0,132196000,133081000.0,23.194,3369261000.0,81484000.0,114300000.0,0.0,25.487,749146000.0
52,ORLY,MRT,2008-06-30,2008-06-30,2008-06-30,2021-08-07,528000.0,2462767000.0,2350197500.0,1181305000.0,1281462000.0,1.113,14.843,-264946000.0,117214000.0,117214000.0,1447131000.0,195801000.0,2.027,0.434,75311000.0,311000.0,75000000.0,75311000.0,0.0,78943000.0,0.0,0.0,0.0,315179000.0,394122000.0,0.151,394122000.0,315179000.0,310736000.0,1.69,1.69,1.69,1717239000.0,1628475000.0,1717239000.0,2568117894.0,8.0,6.516,58010000.0,0.501,1.0,1169585000.0,0.447,51145000.0,4443000.0,1786809000.0,1733368250.0,904152000.0,24100000.0,0.0,24100000.0,745528000.0,582910000.0,162618000.0,2581013894.0,24730000.0,0.0,12589000.0,-25316000.0,0.0,-10699000.0,-287527000.0,-16638000.0,322956000.0,0.0,195801000.0,195801000.0,195801000.0,0.0,0.0,0.075,860640000.0,308945000.0,446013000.0,0.0,1.503,13.182,13.225,1171777000.0,0.0,22.35,0.986,0.988,139757000.0,1258512000.0,2616716000.0,2616716000.0,0.0,0.083,0.12,0.182,0.12,12777000.0,860640000.0,1.0,115481606.0,115696000,116509000.0,22.617,2411622000.0,0.0,114935000.0,38357000.0,20.844,598395000.0
53,ORLY,MRT,2008-03-31,2008-03-31,2008-03-31,2021-08-07,-1039000.0,2397736000.0,2280681750.0,1166617000.0,1231119000.0,1.12,14.309,-274281000.0,113287000.0,113287000.0,1415721000.0,191912000.0,1.983,0.452,100391000.0,25323000.0,75068000.0,100391000.0,0.0,78943000.0,0.0,0.0,0.0,307618000.0,386561000.0,0.151,386561000.0,307618000.0,304012000.0,1.66,1.66,1.66,1651013000.0,1572306000.0,1651013000.0,3343837542.0,11.0,8.65,15360000.0,0.133,1.0,1139673000.0,0.446,50583000.0,3606000.0,1745931000.0,1687201000.0,892583000.0,24253000.0,0.0,24253000.0,746723000.0,588326000.0,158397000.0,3290923542.0,23070000.0,0.0,20536000.0,-313000.0,0.0,26189000.0,-292760000.0,-16461000.0,289641000.0,0.0,191912000.0,191912000.0,191912000.0,0.0,0.0,0.075,837558000.0,302115000.0,417128000.0,0.0,1.993,17.148,17.181,1125963000.0,0.0,28.52,1.288,1.288,140416000.0,1202724000.0,2555394000.0,2555394000.0,0.0,0.084,0.122,0.182,0.12,12777000.0,837558000.0,1.0,115390026.0,115386000,116291000.0,22.146,2347153000.0,0.0,112100000.0,37015000.0,20.342,578291000.0
54,ORLY,MRT,2007-12-31,2007-12-31,2007-12-31,2021-08-07,-6800000.0,2279737000.0,2204654750.0,1102304000.0,1177433000.0,1.144,13.888,-280328000.0,47555000.0,47555000.0,1401859000.0,193988000.0,2.084,0.432,100469000.0,25320000.0,75149000.0,100469000.0,0.0,78943000.0,0.0,0.0,0.0,311211000.0,390154000.0,0.155,390154000.0,311211000.0,307488000.0,1.69,1.67,1.69,1592477000.0,1514674000.0,1592477000.0,3722389891.0,12.0,9.541,19090000.0,0.166,1.0,1120460000.0,0.444,50447000.0,3723000.0,1753228000.0,1652367750.0,881761000.0,25437000.0,0.0,25437000.0,687260000.0,528976000.0,158284000.0,3731625891.0,17652000.0,0.0,21727000.0,-10010000.0,0.0,18552000.0,-300318000.0,-16522000.0,299418000.0,0.0,193988000.0,193988000.0,193988000.0,0.0,0.0,0.077,815309000.0,305151000.0,380683000.0,0.0,2.343,19.236,19.189,1090160000.0,0.0,32.43,1.479,1.474,132505000.0,1156393000.0,2522319000.0,2522319000.0,0.0,0.088,0.128,0.188,0.123,12777000.0,815309000.0,1.0,115067095.0,114667000,116080000.0,21.997,2229290000.0,0.0,113500000.0,33476000.0,19.441,573328000.0
55,ORLY,MRT,2007-09-30,2007-09-30,2007-09-30,2021-08-07,0.0,2260550000.0,2129094500.0,1125835000.0,1134715000.0,1.163,13.512,-271534000.0,109783000.0,109783000.0,1377167000.0,193745000.0,2.032,0.455,100547000.0,25317000.0,75230000.0,100547000.0,0.0,64938000.0,0.0,0.0,0.0,312393000.0,377331000.0,0.152,377331000.0,312393000.0,306990000.0,1.68,1.68,1.68,1553171000.0,1457578750.0,1553171000.0,3844815967.0,12.0,10.19,36507000.0,0.318,1.0,1099196000.0,0.444,49857000.0,5403000.0,1647505000.0,1607866500.0,856586000.0,26765000.0,0.0,26765000.0,707379000.0,553952000.0,153427000.0,3836673967.0,68960000.0,0.0,22645000.0,-308000.0,0.0,30029000.0,-269110000.0,5166000.0,308041000.0,0.0,193745000.0,193745000.0,193745000.0,0.0,0.0,0.078,793701000.0,305495000.0,401308000.0,0.0,2.47,19.803,19.887,1045943000.0,0.0,33.41,1.549,1.551,136988000.0,1115798000.0,2476363000.0,2476363000.0,0.0,0.091,0.133,0.194,0.126,11029000.0,793701000.0,1.0,114836096.0,114946000,116306000.0,21.544,2210693000.0,0.0,113245000.0,35195000.0,19.232,571883000.0
56,ORLY,MRT,2007-06-30,2007-06-30,2007-06-30,2021-08-07,0.0,2184704000.0,2050424000.0,1106623000.0,1078081000.0,1.176,13.032,-248194000.0,92484000.0,92484000.0,1342908000.0,188514000.0,2.045,0.464,100626000.0,25315000.0,75311000.0,100626000.0,0.0,64938000.0,0.0,0.0,0.0,303196000.0,368134000.0,0.153,368134000.0,303196000.0,298874000.0,1.64,1.64,1.64,1492563000.0,1398305750.0,1492563000.0,4181807076.0,14.0,11.359,5864000.0,0.051,1.0,1068821000.0,0.443,49499000.0,4322000.0,1602140000.0,1583418000.0,853127000.0,28047000.0,0.0,28047000.0,692141000.0,541207000.0,150934000.0,4171322076.0,37237000.0,0.0,22072000.0,-317000.0,0.0,29646000.0,-246467000.0,5393000.0,254058000.0,0.0,188514000.0,188514000.0,188514000.0,0.0,0.0,0.078,770958000.0,297863000.0,393916000.0,0.0,2.795,22.127,22.287,987941000.0,0.0,36.55,1.73,1.736,141041000.0,1062711000.0,2411729000.0,2411729000.0,0.0,0.092,0.135,0.191,0.126,11029000.0,770958000.0,1.0,114126459.0,114533000,116111000.0,21.057,2135205000.0,0.0,110360000.0,30446000.0,18.643,565416000.0
57,ORLY,MRT,2007-03-31,2007-03-31,2007-03-31,2021-08-07,0.0,2093628000.0,1983329500.0,1070689000.0,1022939000.0,1.19,12.467,-244598000.0,90217000.0,90217000.0,1317256000.0,185928000.0,2.152,0.474,100702000.0,312000.0,100390000.0,100702000.0,0.0,64938000.0,0.0,0.0,0.0,299255000.0,364193000.0,0.154,364193000.0,299255000.0,294933000.0,1.63,1.62,1.63,1420485000.0,1340590500.0,1420485000.0,3853377784.0,13.0,10.581,13029000.0,0.114,1.0,1042564000.0,0.442,0.0,4322000.0,1606598000.0,1551684000.0,825206000.0,29151000.0,0.0,29151000.0,673143000.0,497515000.0,175628000.0,3772801784.0,34927000.0,0.0,15946000.0,-830000.0,0.0,19931000.0,-242631000.0,5251000.0,257627000.0,0.0,185928000.0,185928000.0,185928000.0,0.0,0.0,0.079,748023000.0,294541000.0,372061000.0,0.0,2.656,20.292,20.307,931091000.0,0.0,33.1,1.599,1.598,134137000.0,1010812000.0,2359820000.0,2359820000.0,0.0,0.094,0.139,0.193,0.127,11029000.0,748023000.0,1.0,113981927.0,113936000,115537000.0,20.712,2093628000.0,0.0,109005000.0,42408000.0,18.375,573174000.0
58,ORLY,MRT,2006-12-31,2006-12-31,2006-12-31,2021-08-07,0.0,1977496000.0,1910671000.0,1000676000.0,976820000.0,1.195,12.045,-227996000.0,29903000.0,29903000.0,1276511000.0,178085000.0,2.307,0.45,110479000.0,309000.0,110170000.0,110479000.0,0.0,64938000.0,0.0,0.0,0.0,286587000.0,351525000.0,0.154,351525000.0,286587000.0,282265000.0,1.57,1.55,1.57,1364096000.0,1287087250.0,1364096000.0,3703370186.0,13.0,10.535,-42068000.0,-0.371,1.0,1006711000.0,0.441,49065000.0,4322000.0,1575223000.0,1484966250.0,812938000.0,30288000.0,0.0,30288000.0,613400000.0,433784000.0,179616000.0,3643338186.0,-1481000.0,0.0,20493000.0,8761000.0,0.0,37792000.0,-225201000.0,5174000.0,185928000.0,0.0,178085000.0,178085000.0,178085000.0,0.0,0.0,0.078,724396000.0,282315000.0,318404000.0,0.0,2.671,20.458,20.42,883095000.0,0.0,32.06,1.596,1.59,128838000.0,962405000.0,2283222000.0,2283222000.0,0.0,0.093,0.138,0.193,0.126,11029000.0,724396000.0,1.0,113641241.0,113253000,115119000.0,20.16,1928431000.0,0.0,104180000.0,43950000.0,17.028,566892000.0
59,ORLY,MRT,2006-09-30,2006-09-30,2006-09-30,2021-08-07,0.0,1945868000.0,1846021000.0,1006204000.0,939664000.0,1.213,11.599,-228674000.0,40823000.0,40823000.0,1250724000.0,177240000.0,2.206,0.479,100855000.0,307000.0,100548000.0,100855000.0,0.0,57228000.0,0.0,0.0,0.0,286140000.0,343368000.0,0.153,343368000.0,286140000.0,281078000.0,1.57,1.55,1.57,1316079000.0,1232505500.0,1316079000.0,3811513762.0,13.0,11.1,-38665000.0,-0.341,1.0,989130000.0,0.442,0.0,5062000.0,1549711000.0,1416815250.0,816661000.0,31033000.0,0.0,31033000.0,629789000.0,456189000.0,173600000.0,3765817762.0,-10768000.0,-236000.0,20345000.0,-1014000.0,0.0,26347000.0,-227124000.0,5005000.0,190009000.0,0.0,177240000.0,177240000.0,177240000.0,0.0,0.0,0.079,707613000.0,281517000.0,341375000.0,0.0,2.861,21.247,21.153,846664000.0,0.0,33.21,1.681,1.682,130629000.0,922053000.0,2239854000.0,2239854000.0,0.0,0.096,0.144,0.202,0.128,14977000.0,707613000.0,1.0,113394091.0,113464000,115026000.0,19.741,1945868000.0,838000.0,103838000.0,41699000.0,17.15,550015000.0
60,ORLY,MRT,2006-06-30,2006-06-30,2006-06-30,2021-08-07,0.0,1916326000.0,1775056500.0,1015863000.0,900463000.0,1.231,11.141,-220366000.0,55247000.0,55247000.0,1223896000.0,178007000.0,2.087,0.519,100943000.0,265000.0,100678000.0,100943000.0,0.0,57228000.0,0.0,0.0,0.0,277808000.0,335036000.0,0.153,335036000.0,277808000.0,272746000.0,1.58,1.55,1.58,1261702000.0,1177905250.0,1261702000.0,3575987851.0,13.0,10.673,-8633000.0,-0.076,1.0,961720000.0,0.44,0.0,5062000.0,1475204000.0,1335869250.0,800459000.0,32532000.0,0.0,32532000.0,654624000.0,486818000.0,167806000.0,3530687851.0,18795000.0,-236000.0,20344000.0,-1071000.0,0.0,25299000.0,-218237000.0,4562000.0,211733000.0,0.0,178007000.0,178007000.0,178007000.0,0.0,0.0,0.081,687702000.0,274018000.0,358090000.0,0.0,2.798,19.835,19.741,807850000.0,0.0,31.19,1.615,1.616,144946000.0,874197000.0,2185616000.0,2185616000.0,0.0,0.1,0.151,0.208,0.127,14977000.0,687702000.0,1.0,113199354.0,113253000,115196000.0,19.299,1916326000.0,0.0,94739000.0,57288000.0,16.921,529045000.0
61,ORLY,MRT,2006-03-31,2006-03-31,2006-03-31,2021-08-07,0.0,1802994000.0,1698002250.0,963002000.0,839992000.0,1.246,10.722,-205268000.0,55290000.0,55290000.0,1185864000.0,171617000.0,1.894,0.494,100590000.0,75154000.0,25436000.0,100590000.0,0.0,57228000.0,0.0,0.0,0.0,267732000.0,324960000.0,0.154,324960000.0,267732000.0,262670000.0,1.53,1.5,1.53,1206472000.0,1123376250.0,1206472000.0,4179666682.0,16.0,12.862,-6010000.0,-0.053,1.0,929762000.0,0.439,0.0,5062000.0,1339727000.0,1261571750.0,755026000.0,27898000.0,0.0,27898000.0,596522000.0,508567000.0,87955000.0,4110276682.0,-33980000.0,-63145000.0,22022000.0,-638000.0,0.0,26525000.0,-259763000.0,10680000.0,199258000.0,0.0,171617000.0,171617000.0,171617000.0,0.0,0.0,0.081,665853000.0,263909000.0,312509000.0,0.0,3.407,23.95,23.895,750645000.0,0.0,36.56,1.943,1.945,134947000.0,824884000.0,2115626000.0,2115626000.0,0.0,0.101,0.153,0.212,0.127,14977000.0,665853000.0,1.0,112425511.0,112523000,114615000.0,18.802,1802994000.0,0.0,91053000.0,53750000.0,16.023,454435000.0
62,ORLY,MRT,2005-12-31,2005-12-31,2005-12-31,2021-08-07,0.0,1718896000.0,1623520500.0,910641000.0,808255000.0,1.26,10.266,-203224000.0,31384000.0,31384000.0,1152815000.0,164266000.0,1.875,0.5,100774000.0,75313000.0,25461000.0,100774000.0,0.0,57228000.0,0.0,0.0,0.0,256131000.0,313359000.0,0.153,313359000.0,256131000.0,251069000.0,1.47,1.45,1.47,1145769000.0,1069012250.0,1145769000.0,3636980801.0,14.0,11.606,3461000.0,0.031,1.0,892503000.0,0.436,0.0,5062000.0,1302619000.0,1214398000.0,725339000.0,29062000.0,0.0,29062000.0,573127000.0,485667000.0,87460000.0,3587659801.0,-37644000.0,-63145000.0,18709000.0,-602000.0,0.0,18107000.0,-262436000.0,3934000.0,206685000.0,0.0,164266000.0,164266000.0,164266000.0,0.0,0.0,0.08,639979000.0,252524000.0,292667000.0,0.0,3.131,21.841,21.776,718366000.0,0.0,32.01,1.754,1.747,131073000.0,784320000.0,2045318000.0,2045318000.0,0.0,0.101,0.154,0.211,0.125,14977000.0,639979000.0,1.0,112079344.0,111613000,113385000.0,18.325,1718896000.0,0.0,86803000.0,44967000.0,15.4,424974000.0
63,ORLY,MRT,2005-09-30,2005-09-30,2005-09-30,2021-08-07,0.0,1662010000.0,1551885750.0,895413000.0,766597000.0,1.262,9.808,-195669000.0,51591000.0,51591000.0,1110949000.0,146766000.0,1.845,0.514,100912000.0,75444000.0,25468000.0,100912000.0,0.0,54325000.0,0.0,0.0,0.0,227972000.0,282297000.0,0.144,282297000.0,227972000.0,223272000.0,1.32,1.29,1.32,1097678000.0,1019524250.0,1097678000.0,3215605847.0,14.0,11.391,9737000.0,0.087,1.0,847023000.0,0.433,0.0,4700000.0,1225927000.0,1171350250.0,715257000.0,30197000.0,0.0,30197000.0,564332000.0,485404000.0,78928000.0,3150999847.0,-32028000.0,-62909000.0,18458000.0,-599000.0,0.0,17859000.0,-255293000.0,3197000.0,205406000.0,0.0,146766000.0,146766000.0,146766000.0,0.0,0.0,0.075,621671000.0,225352000.0,287851000.0,0.0,2.871,21.47,21.348,679032000.0,0.0,28.18,1.609,1.611,111249000.0,744813000.0,1957972000.0,1957972000.0,0.0,0.095,0.144,0.195,0.116,9593000.0,621671000.0,1.0,111816886.0,111911000,113830000.0,17.496,1662010000.0,4783000.0,76506000.0,42307000.0,14.851,410009000.0
64,ORLY,MRT,2005-06-30,2005-06-30,2005-06-30,2021-08-07,0.0,1608109000.0,1487715250.0,868172000.0,739937000.0,1.257,9.364,-192994000.0,36452000.0,36452000.0,1060952000.0,132830000.0,1.755,0.541,101058000.0,75587000.0,25471000.0,101058000.0,0.0,54325000.0,0.0,0.0,0.0,216287000.0,270612000.0,0.145,270612000.0,216287000.0,211587000.0,1.2,1.18,1.2,1043586000.0,968772250.0,1043586000.0,3328765699.0,15.0,12.301,-7241000.0,-0.065,1.0,809276000.0,0.433,0.0,4700000.0,1178014000.0,1129486250.0,695842000.0,31290000.0,0.0,31290000.0,564523000.0,494701000.0,69822000.0,3317271699.0,-51665000.0,-62909000.0,17066000.0,-785000.0,0.0,16281000.0,-253699000.0,2491000.0,185753000.0,0.0,132830000.0,132830000.0,132830000.0,0.0,0.0,0.071,595379000.0,213897000.0,272100000.0,0.0,3.179,24.974,24.858,646921000.0,0.0,29.83,1.774,1.778,122785000.0,696190000.0,1870228000.0,1870228000.0,0.0,0.089,0.137,0.191,0.116,9593000.0,595379000.0,1.0,111205890.0,111448000,113138000.0,16.781,1608109000.0,0.0,78757000.0,65941000.0,14.429,373471000.0
65,ORLY,MRT,2005-03-31,2005-03-31,2005-03-31,2021-08-07,0.0,1505067000.0,1423866750.0,850141000.0,654926000.0,1.253,8.918,-177642000.0,89270000.0,89270000.0,1014445000.0,123602000.0,2.326,0.522,100764000.0,591000.0,100173000.0,100764000.0,0.0,54325000.0,0.0,0.0,0.0,201769000.0,256094000.0,0.144,256094000.0,201769000.0,197069000.0,1.12,1.1,1.12,989016000.0,922412000.0,989016000.0,2776908140.0,14.0,10.843,32724000.0,0.295,1.0,769741000.0,0.431,0.0,4700000.0,1151032000.0,1088764500.0,649297000.0,27375000.0,0.0,27375000.0,516051000.0,365529000.0,150522000.0,2745022140.0,43933000.0,0.0,17404000.0,-892000.0,0.0,16512000.0,-182945000.0,-3993000.0,210366000.0,0.0,123602000.0,123602000.0,123602000.0,0.0,0.0,0.069,569729000.0,200012000.0,258470000.0,0.0,2.776,22.209,22.112,599898000.0,0.0,24.765,1.539,1.539,105811000.0,653826000.0,1784186000.0,1784186000.0,0.0,0.087,0.134,0.185,0.113,9593000.0,569729000.0,1.0,110842808.0,110896000,112510000.0,16.089,1505067000.0,0.0,73467000.0,65634000.0,13.572,484612000.0
66,ORLY,MRT,2004-12-31,2004-12-31,2004-12-31,2021-08-07,0.0,1432357000.0,1360844250.0,813477000.0,618880000.0,1.265,8.615,-171833000.0,69028000.0,69028000.0,978076000.0,139566000.0,2.437,0.511,100914000.0,592000.0,100322000.0,100914000.0,0.0,54325000.0,0.0,0.0,0.0,214329000.0,268654000.0,0.156,268654000.0,214329000.0,209629000.0,1.27,1.25,1.27,947817000.0,878859250.0,947817000.0,2504584610.0,12.0,9.323,54703000.0,0.497,1.0,743165000.0,0.432,0.0,4700000.0,1130428000.0,1053920000.0,625320000.0,21690000.0,0.0,21690000.0,484540000.0,333815000.0,150725000.0,2487142610.0,47934000.0,0.0,14373000.0,-20989000.0,0.0,-6616000.0,-171986000.0,2634000.0,226536000.0,0.0,139566000.0,139566000.0,139566000.0,0.0,0.0,0.081,552707000.0,190458000.0,240548000.0,0.0,2.624,17.821,17.736,567493000.0,0.0,22.525,1.445,1.44,113904000.0,620613000.0,1721241000.0,1721241000.0,0.0,0.103,0.159,0.203,0.125,9593000.0,552707000.0,1.0,110416986.0,110020000,111423000.0,15.645,1432357000.0,0.0,70063000.0,55374000.0,13.019,479662000.0
67,ORLY,MRT,2004-09-30,2004-09-30,2004-09-30,2021-08-07,0.0,1405328000.0,1292013250.0,814084000.0,591244000.0,1.285,8.113,-161248000.0,83619000.0,83619000.0,947450000.0,141461000.0,2.235,0.571,101061000.0,592000.0,100469000.0,101061000.0,0.0,42374000.0,0.0,0.0,0.0,219687000.0,262061000.0,0.158,262061000.0,219687000.0,212823000.0,1.29,1.275,1.29,894670000.0,837976250.0,894670000.0,2123362311.0,10.0,8.103,37720000.0,0.342,1.0,713220000.0,0.429,0.0,6864000.0,1058471000.0,1031946000.0,612699000.0,22082000.0,0.0,22082000.0,510658000.0,364299000.0,146359000.0,2110087311.0,50574000.0,0.0,18502000.0,-10988000.0,0.0,7514000.0,-155908000.0,2789000.0,198968000.0,0.0,141461000.0,141461000.0,141461000.0,0.0,0.0,0.085,519975000.0,193245000.0,268153000.0,0.0,2.359,14.916,14.841,539669000.0,0.0,19.145,1.271,1.271,105769000.0,574068000.0,1660670000.0,1660670000.0,0.0,0.109,0.169,0.213,0.132,9512000.0,519975000.0,1.0,110216104.0,110280000,111556000.0,15.059,1405328000.0,5854000.0,71362000.0,55248000.0,12.743,449785000.0
68,ORLY,MRT,2004-06-30,2004-06-30,2004-06-30,2021-08-07,0.0,1352715000.0,1225835500.0,792763000.0,559952000.0,1.32,7.811,-148764000.0,88117000.0,88117000.0,926986000.0,136307000.0,2.259,0.576,101392000.0,776000.0,100616000.0,101392000.0,0.0,42374000.0,0.0,0.0,0.0,211531000.0,253905000.0,0.157,253905000.0,211531000.0,204667000.0,1.255,1.235,1.255,858145000.0,801558250.0,858145000.0,2532585948.0,12.0,9.975,66652000.0,0.607,1.0,690704000.0,0.427,0.0,6864000.0,1015127000.0,1009618750.0,582993000.0,22456000.0,0.0,22456000.0,494570000.0,350863000.0,143707000.0,2476266948.0,61887000.0,0.0,23544000.0,-35826000.0,0.0,-12282000.0,-141247000.0,2440000.0,215416000.0,0.0,136307000.0,136307000.0,136307000.0,0.0,0.0,0.084,505227000.0,185477000.0,258987000.0,0.0,2.886,18.167,18.008,507533000.0,0.0,22.6,1.531,1.535,112176000.0,540825000.0,1617690000.0,1617690000.0,0.0,0.111,0.17,0.21,0.131,9512000.0,505227000.0,1.0,109569334.0,109868000,111441000.0,14.724,1352715000.0,2393000.0,68360000.0,52780000.0,12.312,441900000.0
69,ORLY,MRT,2004-03-31,2004-03-31,2004-03-31,2021-08-07,0.0,1252977000.0,1161107250.0,722638000.0,530339000.0,1.357,7.449,-142517000.0,45337000.0,45337000.0,908653000.0,129536000.0,2.428,0.538,101656000.0,833000.0,100823000.0,101656000.0,0.0,42374000.0,0.0,0.0,0.0,200801000.0,243175000.0,0.154,243175000.0,200801000.0,193937000.0,1.195,1.185,1.195,814805000.0,764555000.0,814805000.0,2289974299.0,11.0,9.417,49504000.0,0.453,1.0,666982000.0,0.423,0.0,6864000.0,1011654000.0,1001871750.0,561914000.0,23377000.0,0.0,23377000.0,438172000.0,297642000.0,140530000.0,2189166299.0,25593000.0,0.0,24352000.0,-55719000.0,0.0,-31367000.0,-135061000.0,1634000.0,192021000.0,0.0,129536000.0,129536000.0,129536000.0,0.0,0.0,0.082,491021000.0,175961000.0,216536000.0,0.0,2.687,16.9,16.753,477744000.0,0.0,20.02,1.389,1.39,105741000.0,508173000.0,1575635000.0,1575635000.0,0.0,0.112,0.169,0.2,0.127,9512000.0,491021000.0,1.0,109348966.0,109388000,110762000.0,14.404,1252977000.0,427000.0,64401000.0,46792000.0,11.454,424996000.0
70,ORLY,MRT,2003-12-31,2003-12-31,2003-12-31,2021-08-07,0.0,1157033000.0,1105028750.0,656926000.0,500107000.0,1.368,7.274,-135224000.0,21094000.0,21094000.0,873481000.0,100087000.0,3.051,0.475,121902000.0,925000.0,120977000.0,121902000.0,0.0,42374000.0,0.0,0.0,0.0,166906000.0,209280000.0,0.138,209280000.0,166906000.0,160042000.0,0.93,0.92,0.93,784285000.0,729131250.0,784285000.0,2170595404.0,13.0,10.372,33612000.0,0.312,1.0,638335000.0,0.422,0.0,6864000.0,1042532000.0,996263500.0,523750000.0,24313000.0,0.0,24313000.0,372748000.0,215309000.0,157439000.0,2093017404.0,-8239000.0,0.0,24162000.0,-70677000.0,0.0,-46515000.0,-130560000.0,871000.0,168836000.0,0.0,100087000.0,100087000.0,100087000.0,0.0,0.0,0.066,473060000.0,165275000.0,145954000.0,0.0,2.669,20.912,20.731,449058000.0,0.0,19.28,1.384,1.375,102930000.0,481047000.0,1511816000.0,1511816000.0,0.0,0.091,0.137,0.168,0.11,9512000.0,473060000.0,1.0,108558994.0,107816000,109060000.0,14.022,1157033000.0,4753000.0,59955000.0,36320000.0,10.732,441617000.0
71,ORLY,MRT,2003-09-30,2003-09-30,2003-09-30,2021-08-07,0.0,1140617000.0,1068125250.0,689326000.0,451291000.0,1.366,6.924,-127763000.0,33045000.0,33045000.0,845708000.0,94892000.0,2.768,0.523,110623000.0,407000.0,110216000.0,110623000.0,0.0,36907000.0,0.0,0.0,0.0,160305000.0,197212000.0,0.135,197212000.0,160305000.0,151057000.0,0.885,0.88,0.885,748998000.0,695691000.0,748998000.0,2094325398.0,13.0,10.62,39115000.0,0.362,1.0,613302000.0,0.42,0.0,9248000.0,969162000.0,991584500.0,538463000.0,1793000.0,0.0,1793000.0,391619000.0,249033000.0,142586000.0,1984763398.0,1164000.0,0.0,17216000.0,-50745000.0,0.0,-33529000.0,-132185000.0,590000.0,166878000.0,0.0,94892000.0,94892000.0,94892000.0,0.0,0.0,0.065,455702000.0,157600000.0,154767000.0,0.0,2.65,20.916,20.791,422238000.0,0.0,18.4,1.36,1.364,107585000.0,457145000.0,1459010000.0,1459010000.0,0.0,0.089,0.136,0.162,0.11,1464000.0,455702000.0,1.0,107867576.0,108180000,109728000.0,13.487,1140617000.0,5514000.0,56165000.0,49187000.0,10.544,440293000.0
72,ORLY,MRT,2003-06-30,2003-06-30,2003-06-30,2021-08-07,0.0,1093802000.0,1026711750.0,666473000.0,427329000.0,1.37,6.62,-123058000.0,26230000.0,26230000.0,816562000.0,89455000.0,3.04,0.54,135792000.0,475000.0,135317000.0,135792000.0,0.0,36907000.0,0.0,0.0,0.0,151873000.0,188780000.0,0.134,188780000.0,151873000.0,142625000.0,0.835,0.835,0.835,710132000.0,665976250.0,710132000.0,1926675856.0,13.0,10.206,33610000.0,0.313,1.0,589845000.0,0.419,0.0,9248000.0,984139000.0,983830250.0,528006000.0,1820000.0,0.0,1820000.0,383670000.0,219225000.0,164445000.0,1790470856.0,-1122000.0,0.0,12300000.0,-39284000.0,0.0,-26984000.0,-130806000.0,798000.0,156668000.0,0.0,89455000.0,89455000.0,89455000.0,0.0,0.0,0.064,439884000.0,149961000.0,142750000.0,0.0,2.521,20.015,20.042,400808000.0,0.0,16.735,1.273,1.276,103536000.0,427612000.0,1406407000.0,1406407000.0,0.0,0.087,0.134,0.154,0.108,1464000.0,439884000.0,1.0,106989594.0,107268000,108444000.0,13.111,1093802000.0,3681000.0,53170000.0,40158000.0,10.197,447248000.0
73,ORLY,MRT,2003-03-31,2003-03-31,2003-03-31,2021-08-07,0.0,1028663000.0,989372500.0,626592000.0,402071000.0,1.371,6.302,-110834000.0,19744000.0,19744000.0,788158000.0,85078000.0,3.567,0.528,155949000.0,578000.0,155371000.0,155949000.0,0.0,36907000.0,0.0,0.0,0.0,145041000.0,181948000.0,0.134,181948000.0,145041000.0,135793000.0,0.795,0.795,0.795,673110000.0,639139750.0,673110000.0,1600304832.0,11.0,8.795,23082000.0,0.216,1.0,568318000.0,0.419,0.0,9248000.0,989221000.0,971833250.0,502506000.0,1861000.0,0.0,1861000.0,355553000.0,175647000.0,179906000.0,1438485832.0,-647000.0,0.0,8108000.0,-24077000.0,0.0,-15969000.0,-118594000.0,863000.0,133916000.0,0.0,85078000.0,85078000.0,85078000.0,0.0,0.0,0.063,425314000.0,143004000.0,112552000.0,0.0,2.137,16.908,17.025,375652000.0,0.0,13.535,1.06,1.066,99328000.0,400688000.0,1356476000.0,1356476000.0,0.0,0.086,0.133,0.149,0.107,1464000.0,425314000.0,1.0,106278968.0,106804000,107506000.0,12.701,1028663000.0,0.0,50715000.0,28900000.0,9.631,450945000.0
74,ORLY,MRT,2002-12-31,2002-12-31,2002-12-31,2021-08-07,0.0,1009419000.0,955902500.0,631045000.0,378374000.0,1.373,6.124,-99979000.0,29333000.0,29333000.0,759090000.0,81992000.0,4.281,0.552,191152000.0,682000.0,190470000.0,191152000.0,0.0,36907000.0,0.0,0.0,0.0,140230000.0,177137000.0,0.135,177137000.0,140230000.0,130982000.0,0.77,0.765,0.77,650524000.0,614618250.0,650524000.0,1477335897.0,11.0,8.34,4554000.0,0.043,1.0,553400000.0,0.422,0.0,9248000.0,1023816000.0,953322750.0,504098000.0,1880000.0,0.0,1880000.0,358895000.0,147422000.0,211473000.0,1347849897.0,14292000.0,0.0,7265000.0,7879000.0,0.0,15144000.0,-105385000.0,862000.0,104533000.0,0.0,81992000.0,81992000.0,81992000.0,0.0,0.0,0.062,415099000.0,138301000.0,85370000.0,0.0,2.072,16.439,16.422,353601000.0,0.0,12.645,1.027,1.023,88339000.0,380960000.0,1312490000.0,1312490000.0,0.0,0.086,0.133,0.147,0.107,1464000.0,415099000.0,1.0,106591530.0,106228000,107384000.0,12.355,1009419000.0,5040000.0,48990000.0,25737000.0,9.502,483623000.0
75,ORLY,MRT,2002-09-30,2002-09-30,2002-09-30,2021-08-07,0.0,974963000.0,917762500.0,619818000.0,355145000.0,1.391,5.924,-91441000.0,31881000.0,31881000.0,731900000.0,79193000.0,3.727,0.547,161367000.0,748000.0,160619000.0,161367000.0,0.0,30544000.0,0.0,0.0,0.0,136309000.0,166853000.0,0.131,166853000.0,136309000.0,127217000.0,0.74,0.74,0.74,630139000.0,591060000.0,630139000.0,1668575032.0,12.0,10.0,-8566000.0,-0.081,1.0,544726000.0,0.427,0.0,9092000.0,938145000.0,923154500.0,490402000.0,2516000.0,500000.0,2016000.0,344824000.0,166304000.0,178520000.0,1520852032.0,-1398000.0,-20536000.0,10664000.0,15124000.0,0.0,25788000.0,-110061000.0,827000.0,82875000.0,0.0,79193000.0,79193000.0,79193000.0,0.0,0.0,0.062,410397000.0,134329000.0,92643000.0,0.0,2.414,19.204,19.338,334374000.0,0.0,14.31,1.191,1.192,90965000.0,362253000.0,1276626000.0,1276626000.0,0.0,0.086,0.134,0.148,0.107,6415000.0,410397000.0,1.0,106278968.0,106374000,107430000.0,12.001,974963000.0,2588000.0,48024000.0,23469000.0,9.165,453514000.0
76,ORLY,MRT,2002-06-30,2002-06-30,2002-06-30,2021-08-07,0.0,944445000.0,871519250.0,608220000.0,336225000.0,1.39,5.68,-76385000.0,27352000.0,27352000.0,693226000.0,75237000.0,3.898,0.567,175075000.0,4515000.0,170560000.0,175075000.0,0.0,30544000.0,0.0,0.0,0.0,129936000.0,160480000.0,0.133,160480000.0,129936000.0,120844000.0,0.705,0.705,0.705,602786000.0,566941500.0,602786000.0,1617616683.0,12.0,10.08,-7262000.0,-0.068,1.0,517817000.0,0.428,0.0,9092000.0,936151000.0,872572500.0,479546000.0,2565000.0,500000.0,2065000.0,341659000.0,156017000.0,185642000.0,1458793683.0,10551000.0,-20536000.0,13302000.0,21277000.0,0.0,34579000.0,-93151000.0,752000.0,69123000.0,0.0,75237000.0,75237000.0,75237000.0,0.0,0.0,0.062,390069000.0,127748000.0,84305000.0,0.0,2.42,19.389,19.546,316877000.0,0.0,13.78,1.205,1.207,95767000.0,338157000.0,1211043000.0,1211043000.0,0.0,0.086,0.133,0.149,0.107,6415000.0,390069000.0,1.0,105863112.0,106116000,107396000.0,11.412,944445000.0,1310000.0,45607000.0,21259000.0,8.9,452203000.0
77,ORLY,MRT,2002-03-31,2002-03-31,2002-03-31,2021-08-07,0.0,894783000.0,824908750.0,573531000.0,321252000.0,1.392,5.437,-69431000.0,20391000.0,20391000.0,657118000.0,70677000.0,4.143,0.556,179214000.0,11069000.0,168145000.0,179214000.0,0.0,30544000.0,0.0,0.0,0.0,122696000.0,153240000.0,0.133,153240000.0,122696000.0,113604000.0,0.67,0.665,0.67,575024000.0,542687500.0,575024000.0,1836131149.0,15.0,11.982,-3000.0,0.0,1.0,491420000.0,0.428,0.0,9092000.0,915179000.0,823243000.0,462061000.0,2727000.0,500000.0,2227000.0,319759000.0,138427000.0,181332000.0,1668711149.0,8852000.0,-20536000.0,17412000.0,8684000.0,0.0,25597000.0,-86173000.0,737000.0,69428000.0,0.0,70677000.0,70677000.0,70677000.0,0.0,0.0,0.062,370683000.0,120737000.0,72351000.0,0.0,2.902,23.61,23.56,302023000.0,0.0,15.785,1.453,1.454,86150000.0,315610000.0,1148538000.0,1148538000.0,0.0,0.086,0.13,0.149,0.107,6415000.0,370683000.0,1.0,105714992.0,105768000,107214000.0,10.859,894783000.0,7000.0,42927000.0,14428000.0,8.46,435104000.0
78,ORLY,MRT,2001-12-31,2001-12-31,2001-12-31,2021-08-07,0.0,856859000.0,783716750.0,550663000.0,306196000.0,1.394,5.337,-59987000.0,15041000.0,15041000.0,624294000.0,66352000.0,4.546,0.54,182461000.0,16843000.0,165618000.0,182461000.0,0.0,30544000.0,0.0,0.0,0.0,115819000.0,146363000.0,0.134,146363000.0,115819000.0,106727000.0,0.635,0.63,0.635,556291000.0,518452750.0,556291000.0,2002872090.0,17.0,13.684,-9958000.0,-0.096,1.0,467818000.0,0.428,0.0,9092000.0,903143000.0,779518500.0,447793000.0,2557000.0,0.0,2557000.0,300568000.0,121136000.0,179432000.0,1916601090.0,5837000.0,-20536000.0,17102000.0,16552000.0,0.0,33654000.0,-77846000.0,721000.0,50029000.0,0.0,66352000.0,66352000.0,66352000.0,0.0,0.0,0.061,353987000.0,113831000.0,61875000.0,0.0,3.445,28.885,28.717,289004000.0,0.0,18.235,1.755,1.741,79926000.0,298968000.0,1092112000.0,1092112000.0,0.0,0.085,0.128,0.149,0.106,6415000.0,353987000.0,1.0,105105626.0,104242000,105572000.0,10.477,856859000.0,4076000.0,40375000.0,9141000.0,8.22,429527000.0
79,ORLY,MRT,2001-09-30,2001-09-30,2001-09-30,2021-08-07,0.0,789990000.0,748500750.0,504863000.0,285127000.0,1.377,5.092,-5373000.0,33279000.0,33279000.0,590253000.0,59660000.0,3.595,0.48,119550000.0,15241000.0,104309000.0,119550000.0,0.0,24812000.0,0.0,0.0,0.0,104313000.0,129125000.0,0.125,129125000.0,104313000.0,95951000.0,0.575,0.57,0.575,533665000.0,495312750.0,533665000.0,1605817927.0,15.0,12.436,54050000.0,0.516,1.0,440373000.0,0.427,0.0,8362000.0,735817000.0,727093500.0,395694000.0,2811000.0,500000.0,2311000.0,256325000.0,140444000.0,115881000.0,1495513927.0,21010000.0,0.0,14708000.0,-37094000.0,0.0,-22386000.0,-16027000.0,641000.0,59423000.0,0.0,59660000.0,59660000.0,59660000.0,0.0,0.0,0.058,336720000.0,103653000.0,67566000.0,0.0,2.802,25.067,24.913,268681000.0,0.0,14.325,1.451,1.457,73875000.0,283060000.0,1030626000.0,1030626000.0,0.0,0.08,0.12,0.143,0.101,977000.0,336720000.0,1.0,104398878.0,104808000,106410000.0,9.833,789990000.0,214000.0,36291000.0,23084000.0,7.537,364419000.0
80,ORLY,MRT,2001-06-30,2001-06-30,2001-06-30,2021-08-07,0.0,758003000.0,731505000.0,476628000.0,281375000.0,1.351,4.88,-14265000.0,16801000.0,16801000.0,567094000.0,56092000.0,3.681,0.499,127105000.0,14908000.0,112197000.0,127105000.0,0.0,24812000.0,0.0,0.0,0.0,98664000.0,123476000.0,0.125,123476000.0,98664000.0,90302000.0,0.545,0.54,0.545,505770000.0,474941500.0,505770000.0,1615361411.0,16.0,13.082,17408000.0,0.168,1.0,420949000.0,0.426,0.0,8362000.0,738833000.0,727320250.0,397709000.0,2985000.0,500000.0,2485000.0,252233000.0,129474000.0,122759000.0,1482695411.0,5816000.0,0.0,10820000.0,-11354000.0,0.0,-534000.0,-25323000.0,649000.0,31673000.0,0.0,56092000.0,56092000.0,56092000.0,0.0,0.0,0.057,322633000.0,98316000.0,72056000.0,0.0,2.932,26.433,26.33,264815000.0,0.0,14.35,1.501,1.505,57952000.0,262919000.0,988043000.0,988043000.0,0.0,0.077,0.118,0.136,0.1,977000.0,322633000.0,1.0,103323722.0,103646000,104854000.0,9.533,758003000.0,14000.0,34210000.0,13057000.0,7.313,347154000.0
81,ORLY,MRT,2001-03-31,2001-03-31,2001-03-31,2021-08-07,0.0,730015000.0,711251250.0,457929000.0,272086000.0,1.369,4.633,-19346000.0,11539000.0,11539000.0,533305000.0,52464000.0,3.741,0.527,144205000.0,24421000.0,119784000.0,144205000.0,0.0,24812000.0,0.0,0.0,0.0,92821000.0,117633000.0,0.121,117633000.0,92821000.0,84459000.0,0.51,0.51,0.51,478085000.0,456980250.0,478085000.0,1159661584.0,12.0,9.858,-16181000.0,-0.157,1.0,440421000.0,0.452,0.0,8362000.0,740281000.0,712950250.0,383136000.0,3164000.0,500000.0,2664000.0,251930000.0,122400000.0,129530000.0,1029281584.0,2107000.0,0.0,6240000.0,23957000.0,0.0,30696000.0,-31754000.0,596000.0,3165000.0,0.0,52464000.0,52464000.0,52464000.0,0.0,0.0,0.054,308070000.0,132351000.0,62612000.0,0.0,2.153,19.619,19.549,252124000.0,0.0,9.97,1.057,1.056,58808000.0,244933000.0,973726000.0,973726000.0,0.0,0.074,0.115,0.13,0.095,977000.0,308070000.0,1.0,103237872.0,103182000,104094000.0,9.437,730015000.0,92000.0,31995000.0,9940000.0,7.075,335529000.0
82,ORLY,MRT,2000-12-31,2000-12-31,2000-12-31,2021-08-07,0.0,715995000.0,687131250.0,449204000.0,266791000.0,1.296,4.531,-29126000.0,9204000.0,9204000.0,507720000.0,51708000.0,2.937,0.544,139584000.0,49121000.0,90463000.0,139584000.0,0.0,24812000.0,0.0,0.0,0.0,91521000.0,116333000.0,0.131,116333000.0,91521000.0,83159000.0,0.505,0.5,0.505,463731000.0,441777500.0,463731000.0,1518605279.0,17.0,13.054,-23294000.0,-0.228,1.0,382701000.0,0.43,0.0,8362000.0,693443000.0,685380000.0,372069000.0,3336000.0,500000.0,2836000.0,252264000.0,152932000.0,99332000.0,1374714279.0,-587000.0,0.0,5354000.0,28744000.0,0.0,34098000.0,-40517000.0,604000.0,5832000.0,0.0,51708000.0,51708000.0,51708000.0,0.0,0.0,0.058,292672000.0,90029000.0,68947000.0,0.0,2.964,26.586,26.485,246854000.0,0.0,13.375,1.544,1.537,61848000.0,232616000.0,890421000.0,890421000.0,0.0,0.075,0.117,0.134,0.103,977000.0,292672000.0,1.0,102782376.0,102336000,103456000.0,8.701,715995000.0,1494000.0,31451000.0,5097000.0,6.997,296272000.0
83,ORLY,MRT,2000-09-30,2000-09-30,2000-09-30,2021-08-07,0.0,722007000.0,660743000.0,429161000.0,292846000.0,1.357,4.407,-95063000.0,12269000.0,12269000.0,484396000.0,54352000.0,3.322,0.597,156160000.0,19177000.0,136983000.0,156160000.0,0.0,17902000.0,0.0,0.0,0.0,92165000.0,110067000.0,0.123,110067000.0,92165000.0,86822000.0,0.535,0.53,0.535,452180000.0,426605750.0,452180000.0,875550579.0,9.0,7.955,-78213000.0,-0.762,1.0,412344000.0,0.46,0.0,5343000.0,736724000.0,660947000.0,347922000.0,500000.0,500000.0,0.0,269827000.0,129174000.0,140653000.0,748941579.0,9540000.0,0.0,3863000.0,86852000.0,0.0,90715000.0,-98025000.0,646000.0,16850000.0,0.0,54352000.0,54352000.0,54352000.0,0.0,0.0,0.061,280443000.0,131901000.0,72471000.0,0.0,1.656,13.779,13.673,282622000.0,0.0,7.315,0.835,0.837,63740000.0,223400000.0,896740000.0,896740000.0,0.0,0.082,0.127,0.139,0.103,4085000.0,280443000.0,1.0,102384358.0,102602000,102602000.0,8.74,722007000.0,1234000.0,32470000.0,6489000.0,7.037,299987000.0
84,ORLY,MRT,2000-06-30,2000-06-30,2000-06-30,2021-08-07,0.0,676988000.0,625577750.0,398351000.0,278637000.0,1.365,4.245,-95757000.0,10985000.0,10985000.0,459246000.0,51192000.0,3.259,0.56,137594000.0,19358000.0,118236000.0,137594000.0,0.0,17902000.0,0.0,0.0,0.0,87103000.0,105005000.0,0.123,105005000.0,87103000.0,81760000.0,0.505,0.5,0.505,433925000.0,410988000.0,433925000.0,818218091.0,9.0,7.792,-64915000.0,-0.635,1.0,394482000.0,0.462,0.0,5343000.0,681353000.0,603337250.0,328143000.0,500000.0,500000.0,0.0,243063000.0,122244000.0,120819000.0,707824091.0,6871000.0,0.0,3142000.0,71390000.0,0.0,74532000.0,-98503000.0,653000.0,30842000.0,0.0,51192000.0,51192000.0,51192000.0,0.0,0.0,0.06,269155000.0,125327000.0,67126000.0,0.0,1.631,13.827,13.743,267915000.0,0.0,6.94,0.829,0.831,53177000.0,206828000.0,853728000.0,853728000.0,0.0,0.082,0.125,0.144,0.102,4085000.0,269155000.0,1.0,101991944.0,102222000,103096000.0,8.352,676988000.0,1644000.0,30568000.0,6644000.0,6.623,276107000.0
85,ORLY,MRT,2000-03-31,2000-03-31,2000-03-31,2021-08-07,0.0,633535000.0,595661000.0,371805000.0,261730000.0,1.315,4.105,-91283000.0,9432000.0,9432000.0,444432000.0,48602000.0,3.263,0.518,119826000.0,19523000.0,100303000.0,119826000.0,0.0,17902000.0,0.0,0.0,0.0,83017000.0,100919000.0,0.129,100919000.0,83017000.0,77674000.0,0.48,0.475,0.48,417274000.0,396347500.0,417274000.0,821662731.0,10.0,8.142,-66732000.0,-0.656,1.0,339044000.0,0.433,0.0,5343000.0,630000000.0,555277000.0,307947000.0,500000.0,500000.0,0.0,216261000.0,113929000.0,102332000.0,721391731.0,6202000.0,0.0,20761000.0,53153000.0,0.0,73914000.0,-92263000.0,662000.0,24551000.0,0.0,48602000.0,48602000.0,48602000.0,0.0,0.0,0.062,258880000.0,80164000.0,61651000.0,0.0,1.729,14.843,14.781,252599000.0,0.0,7.095,0.921,0.921,50474000.0,192475000.0,783476000.0,783476000.0,0.0,0.082,0.123,0.15,0.106,4085000.0,258880000.0,1.0,101676072.0,101656000,102472000.0,7.707,633535000.0,1433000.0,29072000.0,5598000.0,6.232,257876000.0
86,ORLY,MRT,1999-12-31,1999-12-31,1999-12-31,2021-08-07,0.0,610442000.0,565662750.0,364353000.0,246089000.0,1.333,4.14,-78963000.0,9791000.0,9791000.0,428832000.0,45639000.0,3.168,0.515,110062000.0,19358000.0,90704000.0,110062000.0,0.0,17902000.0,0.0,0.0,0.0,78367000.0,96269000.0,0.128,96269000.0,78367000.0,73024000.0,0.47,0.46,0.47,403044000.0,377636000.0,403044000.0,1156269952.0,15.0,12.011,-47317000.0,-0.486,1.0,325290000.0,0.431,0.0,5343000.0,595711000.0,513175500.0,293924000.0,4001000.0,500000.0,3501000.0,207398000.0,115002000.0,92396000.0,1090757952.0,8063000.0,0.0,132587000.0,-76471000.0,0.0,56116000.0,-79699000.0,1195000.0,31646000.0,0.0,45639000.0,45639000.0,45639000.0,0.0,0.0,0.061,248370000.0,76920000.0,64885000.0,0.0,2.706,23.9,22.872,236517000.0,0.0,10.75,1.446,1.388,52446000.0,180908000.0,754122000.0,754122000.0,0.0,0.081,0.121,0.153,0.104,4085000.0,248370000.0,1.0,101465856.0,97348000,99430000.0,7.747,610442000.0,4109000.0,27385000.0,1215000.0,6.271,249351000.0
87,ORLY,MRT,1999-09-30,1999-09-30,1999-09-30,2021-08-07,0.0,581346000.0,536374250.0,350302000.0,231044000.0,1.363,3.844,-64349000.0,2729000.0,2729000.0,418490000.0,42704000.0,2.492,0.492,68241000.0,17808000.0,50433000.0,68241000.0,0.0,12164000.0,0.0,0.0,0.0,77508000.0,89672000.0,0.123,89672000.0,77508000.0,69382000.0,0.447,0.45,0.447,389709000.0,331473500.0,389709000.0,1269076087.0,16.0,14.152,-33281000.0,-0.328,1.0,312429000.0,0.427,0.0,8126000.0,506285000.0,507472250.0,288823000.0,500000.0,500000.0,0.0,191637000.0,140573000.0,51064000.0,1207672087.0,1145000.0,0.0,133536000.0,-100778000.0,0.0,32758000.0,-62681000.0,1213000.0,31068000.0,0.0,42704000.0,42704000.0,42704000.0,0.0,0.0,0.058,232672000.0,79757000.0,79592000.0,0.0,3.099,28.28,26.655,209293000.0,0.0,11.915,1.652,1.653,54766000.0,169307000.0,730919000.0,730919000.0,0.0,0.08,0.129,0.153,0.106,839000.0,237442000.0,1.0,101357288.0,101384000,102356000.0,7.209,581346000.0,788000.0,26678000.0,8865000.0,5.734,209729000.0
88,ORLY,MRT,1999-06-30,1999-06-30,1999-06-30,2021-08-07,0.0,557321000.0,504554250.0,351531000.0,205790000.0,1.378,3.722,-59073000.0,4114000.0,4114000.0,401529000.0,37653000.0,2.712,0.485,65518000.0,13811000.0,51707000.0,65518000.0,0.0,12164000.0,0.0,0.0,0.0,69321000.0,81485000.0,0.117,81485000.0,69321000.0,61195000.0,0.415,0.415,0.415,375363000.0,285729250.0,375363000.0,1308531574.0,19.0,16.059,-58193000.0,-0.577,1.0,293773000.0,0.423,0.0,8126000.0,489112000.0,514853500.0,285431000.0,500000.0,500000.0,0.0,181958000.0,129613000.0,52345000.0,1245774574.0,2698000.0,0.0,133535000.0,-73649000.0,0.0,59886000.0,-58068000.0,1039000.0,880000.0,0.0,37653000.0,37653000.0,37653000.0,0.0,0.0,0.054,222767000.0,71006000.0,82343000.0,0.0,3.319,33.086,30.349,191979000.0,0.0,12.595,1.792,1.827,51887000.0,155895000.0,695302000.0,695302000.0,0.0,0.075,0.132,0.135,0.1,839000.0,225582000.0,1.0,98910248.0,100848000,102168000.0,6.895,557321000.0,0.0,23542000.0,0.0,5.526,221918000.0
89,ORLY,MRT,1999-03-31,1999-03-31,1999-03-31,2021-08-07,0.0,513542000.0,470610250.0,321847000.0,191695000.0,1.412,4.008,-49558000.0,3230000.0,3230000.0,386286000.0,33556000.0,2.806,0.5,65987000.0,10259000.0,55728000.0,65987000.0,0.0,12164000.0,0.0,0.0,0.0,62623000.0,74787000.0,0.113,74787000.0,62623000.0,54497000.0,0.39,0.387,0.39,342428000.0,241306500.0,342428000.0,1138723840.0,18.0,15.226,-54073000.0,-0.633,1.0,278151000.0,0.419,0.0,8126000.0,461594000.0,511925750.0,260778000.0,500000.0,500000.0,0.0,171114000.0,114705000.0,56409000.0,956594840.0,1352000.0,3945000.0,114557000.0,-63979000.0,0.0,50578000.0,-44711000.0,919000.0,-4515000.0,0.0,33556000.0,33556000.0,33556000.0,0.0,0.0,0.051,214400000.0,63751000.0,76550000.0,0.0,2.794,28.507,28.686,180699000.0,0.0,11.188,1.44,1.439,49351000.0,144126000.0,664437000.0,664437000.0,0.0,0.071,0.139,0.122,0.094,839000.0,215845000.0,1.0,85505684.0,85440000,87692000.0,7.777,513542000.0,0.0,20941000.0,0.0,6.011,207142000.0
90,ORLY,MRT,1998-12-31,1998-12-31,1998-12-31,2021-08-07,0.0,493288000.0,443280000.0,310882000.0,182406000.0,1.39,2.571,-51694000.0,1728000.0,1728000.0,358439000.0,30772000.0,3.032,1.259,183857000.0,13691000.0,170166000.0,183857000.0,0.0,12164000.0,0.0,0.0,0.0,58069000.0,70233000.0,0.114,70233000.0,58069000.0,49943000.0,0.36,0.355,0.36,218394000.0,203090750.0,218394000.0,1171793269.0,20.0,16.684,-70807000.0,-0.833,1.0,257863000.0,0.418,0.0,8126000.0,572898000.0,507677250.0,246012000.0,4637000.0,500000.0,4137000.0,274894000.0,102519000.0,172375000.0,1005805269.0,-557000.0,-49296000.0,3115000.0,116209000.0,0.0,119324000.0,-100768000.0,222000.0,-19113000.0,0.0,30772000.0,30772000.0,30772000.0,0.0,0.0,0.05,200962000.0,56901000.0,66737000.0,0.0,4.605,32.686,32.812,170951000.0,0.0,11.812,1.632,1.628,54240000.0,135523000.0,616302000.0,616302000.0,0.0,0.069,0.152,0.114,0.094,839000.0,200962000.0,1.0,85147536.0,84952000,86408000.0,7.255,493288000.0,9042000.0,19171000.0,0.0,5.807,208363000.0
91,ORLY,MRT,1998-09-30,1998-09-30,1998-09-30,2021-08-07,0.0,454066000.0,381862250.0,277112000.0,176954000.0,1.399,2.431,-46808000.0,1584000.0,1584000.0,313869000.0,27285000.0,3.289,1.196,167572000.0,7098000.0,160474000.0,167572000.0,7255000.0,8276000.0,0.0,0.0,0.0,44751000.0,53027000.0,0.099,53027000.0,44751000.0,44612000.0,0.323,0.312,0.323,206732000.0,194002000.0,206732000.0,906617515.0,20.0,17.097,-59858000.0,-0.704,1.0,220388000.0,0.413,0.0,139000.0,535810000.0,421384250.0,234849000.0,1000000.0,1000000.0,0.0,247334000.0,84244000.0,163090000.0,770313515.0,-41000.0,-49296000.0,1753000.0,107799000.0,0.0,109552000.0,-96543000.0,-770000.0,-13050000.0,0.0,27285000.0,27285000.0,27285000.0,0.0,0.0,0.051,174735000.0,45653000.0,40090000.0,0.0,3.726,28.232,28.057,163237000.0,0.0,9.062,1.442,1.442,26459000.0,126603000.0,534257000.0,534257000.0,0.0,0.071,0.141,0.106,0.084,301000.0,171410000.0,1.0,85000112.0,85024000,87532000.0,6.284,454066000.0,0.0,17327000.0,3697000.0,5.34,192868000.0
92,ORLY,MRT,1998-06-30,1998-06-30,1998-06-30,2021-08-07,0.0,421545000.0,,256858000.0,164687000.0,,2.328,-39446000.0,1416000.0,1416000.0,261416000.0,25545000.0,3.193,1.133,137720000.0,6966000.0,130754000.0,137720000.0,0.0,8276000.0,0.0,0.0,0.0,41814000.0,50090000.0,0.112,50090000.0,41814000.0,41675000.0,0.303,0.295,0.303,197672000.0,,197672000.0,887429268.0,21.0,17.717,-32607000.0,-0.384,1.0,187574000.0,0.418,0.0,139000.0,477401000.0,,213922000.0,1000000.0,1000000.0,0.0,223873000.0,80448000.0,143425000.0,763175268.0,-592000.0,-49296000.0,1637000.0,79921000.0,0.0,81558000.0,-88989000.0,-770000.0,6839000.0,0.0,25545000.0,25545000.0,25545000.0,0.0,0.0,0.057,144934000.0,42640000.0,44758000.0,0.0,3.861,29.876,29.703,150740000.0,0.0,9.0,1.7,1.702,25554000.0,118242000.0,448990000.0,448990000.0,0.0,,,,0.093,301000.0,143564000.0,1.0,84797252.0,84904000,86940000.0,5.288,421545000.0,2020000.0,16130000.0,2955000.0,4.965,176410000.0
93,ORLY,MRT,1998-03-31,1998-03-31,1998-03-31,2021-08-07,0.0,404221000.0,,252094000.0,152127000.0,,2.241,-39278000.0,1878000.0,1878000.0,210108000.0,23955000.0,3.006,1.132,126132000.0,2000000.0,124132000.0,126132000.0,0.0,8276000.0,0.0,0.0,0.0,39123000.0,47399000.0,0.129,47399000.0,39123000.0,38984000.0,0.285,0.28,0.285,189565000.0,,189565000.0,603364263.0,15.0,12.729,-27179000.0,-0.321,1.0,156088000.0,0.426,0.0,139000.0,444600000.0,,204708000.0,1000000.0,1000000.0,0.0,214656000.0,83875000.0,130781000.0,582878263.0,-1907000.0,-53241000.0,1876000.0,77390000.0,0.0,79266000.0,-93272000.0,-770000.0,12099000.0,0.0,23955000.0,23955000.0,23955000.0,0.0,0.0,0.065,116330000.0,39758000.0,50017000.0,0.0,3.075,24.332,24.175,140053000.0,0.0,6.89,1.592,1.591,23681000.0,110570000.0,366196000.0,366196000.0,0.0,,,,0.107,301000.0,116330000.0,1.0,84597716.0,84584000,85632000.0,4.329,404221000.0,0.0,15029000.0,4521000.0,4.779,168219000.0
94,ORLY,MRT,1997-12-31,1997-12-31,1997-12-31,2021-08-07,0.0,247617000.0,215620000.0,134140000.0,113477000.0,1.467,2.163,-36887000.0,2285000.0,2285000.0,181789000.0,23143000.0,3.322,0.36,22771000.0,130000.0,22641000.0,22771000.0,0.0,8276000.0,0.0,0.0,0.0,37695000.0,45971000.0,0.145,45971000.0,37695000.0,37556000.0,0.275,0.27,0.275,182039000.0,168910500.0,182039000.0,,,,-19014000.0,-0.226,1.0,134610000.0,0.425,0.0,139000.0,227726000.0,193892000.0,111848000.0,3280000.0,1000000.0,2280000.0,65578000.0,40377000.0,25201000.0,555172511.0,1078000.0,0.0,1482000.0,19380000.0,0.0,20862000.0,-37657000.0,-770000.0,17873000.0,0.0,23143000.0,23143000.0,23143000.0,0.0,0.0,0.073,97526000.0,37084000.0,29713000.0,0.0,3.05,23.989,23.864,108440000.0,0.0,6.562,1.755,1.746,17438000.0,104751000.0,316399000.0,316399000.0,0.0,0.107,0.137,0.194,0.119,301000.0,97526000.0,1.0,84597716.0,84172000,85108000.0,3.759,247617000.0,1424000.0,14413000.0,4646000.0,2.942,93763000.0
95,ORLY,MRT,1997-09-30,1997-09-30,1997-09-30,2021-08-07,,,,,,,,,,,,,,,,,,,,,,0.0,0.0,,,,,,,,,,,,,,,,,,1.0,,,,,,,,,,,,,,,,,,,,,,,,,,,,,,,,,,,,,,,,5.688,,,,,,,,,,,,,,1.0,,84324000,,,,,,,,
96,ORLY,MRT,1997-06-30,1997-06-30,1997-06-30,2021-08-07,,,,,,,,,,,,,,,,,,,,,,0.0,0.0,,,,,,,,,,,,,,,,,,1.0,,,,,,,,,,,,,,,,,,,,,,,,,,,,,,,,,,,,,,,,4.812,,,,,,,,,,,,,,1.0,,84088000,,,,,,,,
97,ORLY,MRT,1997-03-31,1997-03-31,1997-03-31,2021-08-07,,,,,,,,,,,,,,,,,,,,,,0.0,0.0,,,,,,,,,,,,,,,,,,1.0,,,,,,,,,,,,,,,,,,,,,,,,,,,,,,,,,,,,,,,,4.594,,,,,,,,,,,,,,1.0,,83824000,,,,,,,,
98,ORLY,MRT,1996-12-31,1996-12-31,1996-12-31,2021-08-07,0.0,183623000.0,,100152000.0,83471000.0,,1.867,-33658000.0,1207000.0,1207000.0,150772000.0,18971000.0,3.89,0.179,3391000.0,3154000.0,237000.0,3391000.0,0.0,6105000.0,0.0,0.0,0.0,30070000.0,36175000.0,0.14,36175000.0,30070000.0,30033000.0,0.228,0.225,0.228,155782000.0,,155782000.0,,,,-28781000.0,-0.345,1.0,108471000.0,0.418,0.0,37000.0,160058000.0,,83909000.0,2510000.0,1000000.0,1510000.0,27841000.0,25749000.0,2092000.0,,-1626000.0,0.0,1913000.0,2802000.0,0.0,4715000.0,-11218000.0,22440000.0,4877000.0,0.0,18971000.0,18971000.0,18971000.0,0.0,0.0,0.073,79620000.0,28851000.0,17288000.0,0.0,,,17.544,79785000.0,0.0,4.0,,1.288,11296000.0,81713000.0,259243000.0,259243000.0,0.0,,,,0.116,0.0,79620000.0,1.0,,83456000,84128000.0,3.106,183623000.0,172000.0,11062000.0,1763000.0,2.2,74403000.0
99,ORLY,MRT,1995-12-31,1995-12-31,1995-12-31,2021-08-07,,,,,,,,-28433000.0,,,116768000.0,14091000.0,,,,,,,,4038000.0,,0.0,0.0,22572000.0,26610000.0,0.132,26610000.0,22572000.0,22273000.0,0.198,0.198,0.198,,,,,,,-27553000.0,-0.387,1.0,84724000.0,0.42,,299000.0,,,,,,,,,,,-531000.0,0.0,48688000.0,-183000.0,0.0,48505000.0,-49916000.0,-21483000.0,880000.0,0.0,14091000.0,14091000.0,14091000.0,0.0,0.0,0.07,62687000.0,22037000.0,,0.0,,,18.308,,0.0,3.625,,1.282,,,201492000.0,201492000.0,0.0,,,,0.112,0.0,62687000.0,1.0,,71280000,71608000.0,2.827,,,8182000.0,,,
