None,ticker,dimension,calendardate,datekey,reportperiod,lastupdated,accoci,assets,assetsavg,assetsc,assetsnc,assetturnover,bvps,capex,cashneq,cashnequsd,cor,consolinc,currentratio,de,debt,debtc,debtnc,debtusd,deferredrev,depamor,deposits,divyield,dps,ebit,ebitda,ebitdamargin,ebitdausd,ebitusd,ebt,eps,epsdil,epsusd,equity,equityavg,equityusd,ev,evebit,evebitda,fcf,fcfps,fxusd,gp,grossmargin,intangibles,intexp,invcap,invcapavg,inventory,investments,investmentsc,investmentsnc,liabilities,liabilitiesc,liabilitiesnc,marketcap,ncf,ncfbus,ncfcommon,ncfdebt,ncfdiv,ncff,ncfi,ncfinv,ncfo,ncfx,netinc,netinccmn,netinccmnusd,netincdis,netincnci,netmargin,opex,opinc,payables,payoutratio,pb,pe,pe1,ppnenet,prefdivis,price,ps,ps1,receivables,retearn,revenue,revenueusd,rnd,roa,roe,roic,ros,sbcomp,sgna,sharefactor,sharesbas,shareswa,shareswadil,sps,tangibles,taxassets,taxexp,taxliabilities,tbvps,workingcapital
0,CR,MRY,2020-12-31,2020-12-31,2020-12-31,2021-09-07,-466400000.0,4615000000.0,4583225000.0,1573700000.0,3041300000.0,0.641,26.225,-29600000.0,551000000.0,551000000.0,1930700000.0,181100000.0,1.489,2.017,1218600000.0,375700000.0,842900000.0,1218600000.0,0.0,127500000.0,0.0,0.022,1.72,279700000.0,407200000.0,0.139,407200000.0,279700000.0,224400000.0,3.1,3.08,3.1,1528900000.0,1465425000.0,1528900000.0,5292170852.0,19.0,12.996,279900000.0,4.801,1.0,1006200000.0,0.343,1956800000.0,55300000.0,2269200000.0,2188250000.0,429700000.0,0.0,0.0,0.0,3083900000.0,1056600000.0,2027300000.0,4512670852.0,157100000.0,-169500000.0,-64900000.0,220400000.0,-100400000.0,55100000.0,-229100000.0,-30000000.0,309500000.0,21600000.0,181000000.0,181000000.0,181000000.0,0.0,100000.0,0.062,743300000.0,262900000.0,198900000.0,0.555,2.952,24.932,25.052,573700000.0,0.0,77.66,1.537,1.542,510800000.0,2192800000.0,2936900000.0,2936900000.0,0.0,0.039,0.124,0.128,0.095,22300000.0,698100000.0,1.0,58108046.0,58300000,58800000.0,50.376,2658200000.0,41000000.0,43400000.0,53700000.0,45.595,517100000.0
1,CR,MRY,2019-12-31,2019-12-31,2019-12-31,2021-09-07,-483700000.0,4423700000.0,4216575000.0,1499900000.0,2923800000.0,0.779,24.644,-65700000.0,393900000.0,393900000.0,2104100000.0,133600000.0,1.636,2.0,991400000.0,149400000.0,842000000.0,991400000.0,0.0,113500000.0,0.0,0.018,1.56,217200000.0,330700000.0,0.101,330700000.0,217200000.0,170400000.0,2.23,2.2,2.23,1473700000.0,1608450000.0,1473700000.0,5734476173.0,26.0,17.34,328200000.0,5.488,1.0,1179000000.0,0.359,1977500000.0,46800000.0,2127000000.0,2228350000.0,457300000.0,0.0,0.0,0.0,2947400000.0,916700000.0,2030700000.0,5180976173.0,50500000.0,-156400000.0,-77000000.0,45600000.0,-93200000.0,-124600000.0,-221000000.0,1100000.0,393900000.0,2200000.0,133300000.0,133300000.0,133300000.0,0.0,300000.0,0.041,968600000.0,210400000.0,311100000.0,0.7,3.516,38.867,38.735,616300000.0,0.0,86.38,1.578,1.573,652800000.0,2112200000.0,3283100000.0,3283100000.0,0.0,0.032,0.083,0.097,0.066,22300000.0,698000000.0,1.0,59978886.0,59800000,60600000.0,54.901,2446200000.0,35100000.0,37100000.0,68800000.0,40.906,583200000.0
2,CR,MRY,2018-12-31,2018-12-31,2018-12-31,2021-09-07,-447600000.0,4042700000.0,4190925000.0,1362900000.0,2679800000.0,0.798,25.574,-106900000.0,343400000.0,343400000.0,2156200000.0,335500000.0,1.841,1.65,949200000.0,6900000.0,942300000.0,949200000.0,0.0,120000000.0,0.0,0.019,1.4,462400000.0,582400000.0,0.174,582400000.0,462400000.0,411500000.0,5.63,5.5,5.63,1524200000.0,1484725000.0,1524200000.0,5011232790.0,11.0,8.604,306900000.0,5.149,1.0,1189300000.0,0.355,1885500000.0,50900000.0,2022800000.0,2152150000.0,411500000.0,0.0,0.0,0.0,2515600000.0,740200000.0,1775400000.0,4291032790.0,-362800000.0,-645400000.0,-34000000.0,109600000.0,-83500000.0,-7900000.0,-752300000.0,0.0,413800000.0,-16400000.0,335600000.0,335600000.0,335600000.0,0.0,-100000.0,0.1,748000000.0,441300000.0,329200000.0,0.249,2.815,12.786,12.821,599100000.0,0.0,72.18,1.283,1.286,606800000.0,2072100000.0,3345500000.0,3345500000.0,0.0,0.08,0.226,0.215,0.138,21600000.0,711900000.0,1.0,59449055.0,59600000,61000000.0,56.133,2157200000.0,18800000.0,75900000.0,54200000.0,36.195,622700000.0
3,CR,MRY,2017-12-31,2017-12-31,2017-12-31,2021-09-07,-380100000.0,3593500000.0,3546350000.0,1518500000.0,2075000000.0,0.786,22.646,-26700000.0,706200000.0,706200000.0,1770900000.0,172500000.0,1.813,1.669,743500000.0,249400000.0,494100000.0,743500000.0,0.0,72700000.0,0.0,0.015,1.32,402900000.0,475600000.0,0.171,475600000.0,402900000.0,366800000.0,2.89,2.84,2.89,1345200000.0,1315700000.0,1345200000.0,5468896383.0,14.0,11.499,290800000.0,4.896,1.0,1015100000.0,0.364,1483700000.0,36100000.0,1309600000.0,1657250000.0,349300000.0,0.0,0.0,0.0,2245000000.0,837500000.0,1407500000.0,5295196383.0,196500000.0,-60000000.0,200000.0,-2600000.0,-78400000.0,-80800000.0,-86700000.0,0.0,317500000.0,46500000.0,171800000.0,171800000.0,171800000.0,0.0,700000.0,0.062,626700000.0,388400000.0,247400000.0,0.457,3.936,30.822,30.872,282400000.0,0.0,89.22,1.901,1.902,533500000.0,1813300000.0,2786000000.0,2786000000.0,0.0,0.048,0.131,0.243,0.145,21800000.0,605900000.0,1.0,59349881.0,59400000,60400000.0,46.902,2109800000.0,104200000.0,195000000.0,48500000.0,35.519,681000000.0
4,CR,MRY,2016-12-31,2016-12-31,2016-12-31,2021-09-07,-476100000.0,3428000000.0,3416150000.0,1315700000.0,2112300000.0,0.804,19.381,-50600000.0,509700000.0,509700000.0,1758300000.0,123800000.0,2.526,2.013,745300000.0,0.0,745300000.0,745300000.0,0.0,67400000.0,0.0,0.018,1.32,199600000.0,267000000.0,0.097,267000000.0,199600000.0,163100000.0,2.1,2.07,2.1,1133800000.0,1229300000.0,1133800000.0,4573209016.0,23.0,17.128,267500000.0,4.573,1.0,989700000.0,0.36,1431400000.0,36500000.0,1711400000.0,1751650000.0,342500000.0,0.0,0.0,0.0,2282300000.0,520800000.0,1761500000.0,4230309016.0,146200000.0,0.0,26400000.0,-49600000.0,-77200000.0,-100400000.0,-50600000.0,0.0,318100000.0,-20900000.0,122800000.0,122800000.0,122800000.0,0.0,1000000.0,0.045,803000000.0,186700000.0,223200000.0,0.629,3.731,34.449,34.343,278900000.0,0.0,72.12,1.539,1.535,539600000.0,1719900000.0,2748000000.0,2748000000.0,0.0,0.036,0.1,0.114,0.073,21700000.0,610600000.0,1.0,58656531.0,58500000,59300000.0,46.974,1996600000.0,211400000.0,40300000.0,45900000.0,34.13,794900000.0
5,CR,MRY,2015-12-31,2015-12-31,2015-12-31,2021-09-07,-376700000.0,3336900000.0,3388750000.0,1203500000.0,2133400000.0,0.809,19.611,-35200000.0,363500000.0,363500000.0,1786100000.0,230000000.0,2.101,1.919,794200000.0,49600000.0,744600000.0,794200000.0,0.0,67000000.0,0.0,0.028,1.32,373000000.0,440000000.0,0.161,440000000.0,373000000.0,335400000.0,3.94,3.89,3.94,1139400000.0,1082700000.0,1139400000.0,3289501948.0,9.0,7.476,194100000.0,3.341,1.0,954400000.0,0.348,1485000000.0,37600000.0,1709800000.0,1764500000.0,376900000.0,0.0,0.0,0.0,2186100000.0,572800000.0,1613300000.0,2777801948.0,17200000.0,0.0,-16100000.0,-51200000.0,-76600000.0,-143800000.0,-35200000.0,0.0,229300000.0,-33100000.0,228900000.0,228900000.0,228900000.0,0.0,1100000.0,0.084,581500000.0,372900000.0,223300000.0,0.335,2.438,12.135,12.142,276000000.0,0.0,47.84,1.014,1.014,526800000.0,1674300000.0,2740500000.0,2740500000.0,0.0,0.068,0.211,0.211,0.136,21300000.0,566500000.0,1.0,58064422.0,58100000,58800000.0,47.169,1851900000.0,189900000.0,106500000.0,56300000.0,31.874,630700000.0
6,CR,MRY,2014-12-31,2014-12-31,2014-12-31,2021-09-07,-298800000.0,3450800000.0,3547753250.0,1195200000.0,2255600000.0,0.824,18.055,-34000000.0,346300000.0,346300000.0,1908700000.0,193600000.0,1.867,2.246,850000000.0,100800000.0,749200000.0,850000000.0,0.0,75800000.0,0.0,0.021,1.26,319500000.0,395300000.0,0.135,395300000.0,319500000.0,280300000.0,3.28,3.23,3.28,1059800000.0,1221184750.0,1059800000.0,4024705094.0,13.0,10.181,230000000.0,3.918,1.0,1016300000.0,0.347,1544800000.0,39200000.0,1769700000.0,1846399000.0,369700000.0,0.0,0.0,0.0,2380200000.0,640000000.0,1740200000.0,3462361094.0,75700000.0,8200000.0,-41800000.0,-25000000.0,-73900000.0,-133000000.0,-25800000.0,0.0,264000000.0,-29500000.0,192700000.0,192700000.0,192700000.0,0.0,900000.0,0.066,700000000.0,316300000.0,228800000.0,0.384,3.267,17.968,17.896,290300000.0,0.0,58.7,1.184,1.178,558200000.0,1522100000.0,2925000000.0,2925000000.0,0.0,0.054,0.158,0.173,0.109,20900000.0,605200000.0,1.0,58984005.0,58700000,59600000.0,49.83,1906000000.0,229200000.0,87600000.0,51900000.0,32.47,555200000.0
7,CR,MRY,2013-12-31,2013-12-31,2013-12-31,2021-09-07,-48651000.0,3559607000.0,3035063750.0,1149092000.0,2410515000.0,0.855,20.8,-29000000.0,270643000.0,270643000.0,1711800000.0,220900000.0,1.718,1.947,874996000.0,125826000.0,749170000.0,874996000.0,0.0,54800000.0,0.0,0.017,1.16,351100000.0,405900000.0,0.156,405900000.0,351100000.0,324600000.0,3.79,3.73,3.79,1204319000.0,1071093000.0,1204319000.0,3831141472.0,11.0,9.439,210400000.0,3.634,1.0,883500000.0,0.34,1658239000.0,26500000.0,1836819000.0,1516651000.0,368886000.0,0.0,0.0,0.0,2344934000.0,668902000.0,1676032000.0,3910653472.0,-153300000.0,-795000000.0,24900000.0,468700000.0,-67300000.0,432700000.0,-824000000.0,0.0,239400000.0,-1400000.0,219500000.0,219500000.0,219500000.0,0.0,1400000.0,0.085,535600000.0,347900000.0,229828000.0,0.306,3.247,17.816,17.744,305055000.0,0.0,67.25,1.507,1.5,608546000.0,1403202000.0,2595300000.0,2595300000.0,0.0,0.072,0.205,0.231,0.135,22800000.0,535600000.0,1.0,58150981.0,57900000,58800000.0,44.824,1901368000.0,218385000.0,105100000.0,78103000.0,32.839,480190000.0
8,CR,MRY,2012-12-31,2012-12-31,2012-12-31,2021-09-07,-128077000.0,2889878000.0,2868582750.0,1180521000.0,1709357000.0,0.899,15.988,-22870000.0,423947000.0,423947000.0,1709949000.0,217821000.0,2.306,2.137,400215000.0,1123000.0,399092000.0,400215000.0,0.0,57263000.0,0.0,0.023,1.08,332240000.0,389503000.0,0.151,389503000.0,332240000.0,305409000.0,3.78,3.72,3.78,918383000.0,906370750.0,918383000.0,2754110742.0,8.0,7.071,211886000.0,3.689,1.0,869119000.0,0.337,939705000.0,26831000.0,1414553000.0,1522928000.0,352725000.0,0.0,0.0,0.0,1962502000.0,511888000.0,1450614000.0,2634484742.0,178858000.0,54079000.0,-36935000.0,0.0,-61974000.0,-95306000.0,31209000.0,0.0,234756000.0,8199000.0,216993000.0,216993000.0,216993000.0,-21632000.0,828000.0,0.084,558678000.0,310441000.0,182731000.0,0.286,2.869,12.141,12.243,268283000.0,0.0,46.28,1.021,1.031,538804000.0,1250972000.0,2579068000.0,2579068000.0,0.0,0.076,0.239,0.218,0.129,17319000.0,540215000.0,1.0,56924908.0,57443000,58293000.0,44.898,1950173000.0,267461000.0,88416000.0,52539000.0,33.95,668633000.0
9,CR,MRY,2011-12-31,2011-12-31,2011-12-31,2021-09-07,-93512000.0,2843531000.0,2774378750.0,1032232000.0,1811299000.0,0.901,13.998,-29944000.0,245089000.0,245089000.0,1894885000.0,26516000.0,1.936,2.485,400026000.0,1112000.0,398914000.0,400026000.0,0.0,62943000.0,0.0,0.021,0.98,44515000.0,107458000.0,0.043,107458000.0,44515000.0,18260000.0,0.45,0.44,0.45,813553000.0,1002356750.0,813553000.0,2904991360.0,65.0,27.034,119868000.0,2.062,1.0,605484000.0,0.242,967051000.0,26255000.0,1498322000.0,1444365750.0,360689000.0,0.0,0.0,0.0,2021475000.0,533095000.0,1488380000.0,2716553360.0,-27852000.0,-35590000.0,-56767000.0,-1003000.0,-56992000.0,-108665000.0,-65534000.0,0.0,149812000.0,-3465000.0,26315000.0,26315000.0,26315000.0,-3700000.0,201000.0,0.011,568913000.0,36571000.0,194158000.0,2.178,3.339,103.232,103.8,284146000.0,0.0,46.71,1.086,1.086,574547000.0,1095953000.0,2500369000.0,2500369000.0,0.0,0.009,0.026,0.031,0.018,14972000.0,538586000.0,1.0,58157854.0,58120000,59204000.0,43.021,1876480000.0,312513000.0,-8055000.0,51833000.0,32.286,499137000.0
10,CR,MRY,2010-12-31,2010-12-31,2010-12-31,2021-09-07,11518000.0,2706697000.0,2693657500.0,988661000.0,1718036000.0,0.809,16.808,-20658000.0,272941000.0,272941000.0,1437376000.0,154190000.0,1.983,1.74,399720000.0,984000.0,398736000.0,399720000.0,0.0,59841000.0,0.0,0.021,0.86,237098000.0,296939000.0,0.136,296939000.0,237098000.0,210257000.0,2.63,2.59,2.63,984944000.0,930842500.0,984944000.0,2484953971.0,10.0,8.369,112878000.0,1.926,1.0,741943000.0,0.34,972921000.0,26841000.0,1362001000.0,1380327000.0,319077000.0,0.0,0.0,0.0,1713667000.0,498554000.0,1215113000.0,2400402971.0,-99773000.0,-135846000.0,-27613000.0,-2739000.0,-50371000.0,-77433000.0,-156504000.0,0.0,133536000.0,628000.0,154170000.0,154170000.0,154170000.0,-1210000.0,20000.0,0.071,508643000.0,233300000.0,157051000.0,0.327,2.437,15.57,15.616,280746000.0,0.0,41.07,1.101,1.104,515607000.0,1126630000.0,2179319000.0,2179319000.0,0.0,0.057,0.166,0.172,0.109,13326000.0,501967000.0,1.0,58446627.0,58601000,59562000.0,37.189,1733776000.0,227788000.0,56087000.0,59909000.0,29.586,490107000.0
11,CR,MRY,2009-12-31,2009-12-31,2009-12-31,2021-09-07,5130000.0,2712898000.0,2714704250.0,1046346000.0,1666552000.0,0.809,15.148,-23578000.0,372714000.0,372714000.0,1466030000.0,134080000.0,2.242,2.054,399635000.0,1078000.0,398557000.0,399635000.0,0.0,58204000.0,0.0,0.026,0.8,211841000.0,270045000.0,0.123,270045000.0,211841000.0,184702000.0,2.29,2.28,2.29,885762000.0,816525000.0,885762000.0,1885510114.0,9.0,6.982,165436000.0,2.829,1.0,730313000.0,0.333,880709000.0,27139000.0,1392328000.0,1475459250.0,284552000.0,0.0,0.0,0.0,1819196000.0,466782000.0,1352414000.0,1790833114.0,140874000.0,17864000.0,1070000.0,-16474000.0,-46783000.0,-61963000.0,-5714000.0,0.0,189014000.0,19537000.0,133856000.0,133856000.0,133856000.0,0.0,224000.0,0.061,522044000.0,208269000.0,142390000.0,0.349,2.022,13.379,13.371,285224000.0,0.0,30.62,0.815,0.815,530767000.0,1022838000.0,2196343000.0,2196343000.0,0.0,0.049,0.164,0.144,0.096,9166000.0,516801000.0,1.0,58485732.0,58473000,58812000.0,37.562,1832189000.0,263242000.0,50846000.0,33728000.0,31.334,579564000.0
12,CR,MRY,2008-12-31,2008-12-31,2008-12-31,2021-09-07,-45131000.0,2774488000.0,2871247500.0,1021240000.0,1753248000.0,0.907,12.37,-43265000.0,231840000.0,231840000.0,1751036000.0,134953000.0,1.896,2.749,415101000.0,16622000.0,398479000.0,415101000.0,0.0,57162000.0,0.0,0.044,0.76,209651000.0,266813000.0,0.102,266813000.0,209651000.0,183852000.0,2.27,2.24,2.27,738062000.0,886260500.0,738062000.0,1152432722.0,5.0,4.319,148127000.0,2.483,1.0,853271000.0,0.328,887933000.0,25799000.0,1531152000.0,1585699500.0,349926000.0,0.0,0.0,0.0,2028667000.0,538664000.0,1490003000.0,1031407722.0,-51530000.0,-74421000.0,-51046000.0,-1371000.0,-45203000.0,-95624000.0,-117686000.0,0.0,191392000.0,-29612000.0,135158000.0,135158000.0,135158000.0,0.0,-205000.0,0.052,655782000.0,197489000.0,182147000.0,0.335,1.397,7.631,7.595,290814000.0,0.0,17.24,0.396,0.395,636223000.0,935460000.0,2604307000.0,2604307000.0,0.0,0.047,0.153,0.132,0.081,13327000.0,590737000.0,1.0,59826434.0,59667000,60298000.0,43.647,1886555000.0,283622000.0,48694000.0,24951000.0,31.618,482576000.0
13,CR,MRY,2007-12-31,2007-12-31,2007-12-31,2021-09-07,154077000.0,2877292000.0,2680552250.0,1037622000.0,1839670000.0,0.977,14.738,1268000.0,283370000.0,283370000.0,2166307000.0,-62235000.0,2.102,2.252,398849000.0,548000.0,398301000.0,398849000.0,0.0,61310000.0,0.0,0.015,0.66,-91491000.0,-30181000.0,-0.012,-30181000.0,-91491000.0,-118895000.0,-1.04,-1.04,-1.04,884803000.0,897194000.0,884803000.0,2840053895.0,-31.0,-94.101,234101000.0,3.899,1.0,452864000.0,0.173,894700000.0,27404000.0,1604519000.0,1549144250.0,327719000.0,0.0,0.0,0.0,1992489000.0,493552000.0,1498937000.0,2579013895.0,144763000.0,-63493000.0,-34944000.0,-8992000.0,-39651000.0,-76609000.0,-29229000.0,32996000.0,232833000.0,17768000.0,-62342000.0,-62342000.0,-62342000.0,0.0,107000.0,-0.024,560520000.0,-107656000.0,177978000.0,-0.635,2.915,-41.369,-41.25,289683000.0,0.0,42.9,0.985,0.983,685333000.0,845864000.0,2619171000.0,2619171000.0,0.0,-0.023,-0.069,-0.059,-0.035,15247000.0,560691000.0,1.0,60116874.0,60037000,60037000.0,43.626,1982592000.0,254784000.0,-56553000.0,32611000.0,33.023,544070000.0
14,CR,MRY,2006-12-31,2006-12-31,2006-12-31,2021-09-07,73175000.0,2436846000.0,2294415000.0,880409000.0,1556437000.0,0.984,15.082,-22068000.0,138607000.0,138607000.0,1525633000.0,165887000.0,1.906,1.653,407627000.0,9505000.0,398122000.0,407627000.0,0.0,54285000.0,0.0,0.015,0.55,262349000.0,316634000.0,0.14,316634000.0,262349000.0,239334000.0,2.72,2.67,2.72,918603000.0,866146500.0,918603000.0,2503290492.0,10.0,7.906,159627000.0,2.621,1.0,731256000.0,0.324,827480000.0,23015000.0,1416460000.0,1323557250.0,313259000.0,0.0,0.0,0.0,1518243000.0,461926000.0,1056317000.0,2235958492.0,-41785000.0,-256549000.0,-37128000.0,105605000.0,-33596000.0,42569000.0,-278617000.0,0.0,181695000.0,12568000.0,165887000.0,165887000.0,165887000.0,0.0,0.0,0.074,483320000.0,247936000.0,161270000.0,0.202,2.434,13.479,13.471,289555000.0,0.0,36.64,0.991,0.989,553046000.0,946077000.0,2256889000.0,2256889000.0,0.0,0.072,0.192,0.198,0.116,14883000.0,483320000.0,1.0,61025068.0,60906000,62103000.0,37.055,1609366000.0,204059000.0,73447000.0,114023000.0,26.424,418483000.0
15,CR,MRY,2005-12-31,2005-12-31,2005-12-31,2021-09-07,31090000.0,2139486000.0,2121466500.0,798395000.0,1341091000.0,0.972,12.594,-20825000.0,180392000.0,180392000.0,1418662000.0,136037000.0,2.003,1.84,293502000.0,254000.0,293248000.0,293502000.0,0.0,48011000.0,0.0,0.013,0.45,218939000.0,266950000.0,0.13,266950000.0,218939000.0,196523000.0,2.27,2.25,2.27,753294000.0,710843500.0,753294000.0,2305276891.0,11.0,8.636,160720000.0,2.687,1.0,642587000.0,0.312,629090000.0,22416000.0,1224917000.0,1284627750.0,272354000.0,0.0,0.0,0.0,1386192000.0,398589000.0,987603000.0,2124617891.0,129665000.0,-8823000.0,18624000.0,-4843000.0,-26962000.0,-13181000.0,-29648000.0,0.0,181545000.0,-9051000.0,136037000.0,136037000.0,136037000.0,0.0,0.0,0.066,428965000.0,213622000.0,149647000.0,0.198,2.82,15.618,15.537,263791000.0,0.0,35.27,1.031,1.024,514121000.0,814197000.0,2061249000.0,2061249000.0,0.0,0.064,0.191,0.17,0.106,7704000.0,428965000.0,1.0,60238670.0,59816000,60413000.0,34.46,1510396000.0,157496000.0,60486000.0,19322000.0,25.251,399806000.0
16,CR,MRY,2004-12-31,2004-12-31,2004-12-31,2021-09-07,80246000.0,2116508000.0,1940600250.0,702806000.0,1413702000.0,0.974,11.201,-18769000.0,50727000.0,50727000.0,1606668000.0,-105421000.0,1.714,2.189,296963000.0,371000.0,296592000.0,296963000.0,0.0,51556000.0,0.0,0.014,0.4,-145009000.0,-93453000.0,-0.049,-93453000.0,-145009000.0,-168170000.0,-1.78,-1.78,-1.78,663694000.0,705447250.0,663694000.0,2011408681.0,-14.0,-21.523,92195000.0,1.556,1.0,283667000.0,0.15,643531000.0,23161000.0,1309199000.0,1104485250.0,284291000.0,0.0,0.0,0.0,1452814000.0,410014000.0,1042800000.0,1703099681.0,-91791000.0,-34637000.0,-28239000.0,-99868000.0,-23686000.0,-151793000.0,-53406000.0,0.0,110964000.0,2444000.0,-105421000.0,-105421000.0,-105421000.0,0.0,0.0,-0.056,445157000.0,-161490000.0,161477000.0,-0.225,2.566,-16.155,-16.202,287596000.0,0.0,28.84,0.901,0.904,553300000.0,706505000.0,1890335000.0,1890335000.0,0.0,-0.054,-0.149,-0.131,-0.077,4160000.0,405157000.0,1.0,59053387.0,59251000,59251000.0,31.904,1472977000.0,46983000.0,-62749000.0,22636000.0,24.86,292792000.0
17,CR,MRY,2003-12-31,2003-12-31,2003-12-31,2021-09-07,51034000.0,1811776000.0,1645518250.0,661776000.0,1150000000.0,0.994,13.238,-22261000.0,142518000.0,142518000.0,1105566000.0,104303000.0,1.581,1.304,396136000.0,100275000.0,295861000.0,396136000.0,0.0,54025000.0,0.0,0.013,0.4,171174000.0,225199000.0,0.138,225199000.0,171174000.0,151164000.0,1.76,1.75,1.76,786251000.0,718586250.0,786251000.0,2153371445.0,13.0,9.562,140467000.0,2.365,1.0,530425000.0,0.324,592964000.0,20010000.0,1053856000.0,977537500.0,235431000.0,0.0,0.0,0.0,1025525000.0,418574000.0,606951000.0,1826669445.0,105929000.0,-167218000.0,-388000.0,149718000.0,-23768000.0,125562000.0,-189479000.0,0.0,162728000.0,7118000.0,104303000.0,104303000.0,104303000.0,0.0,0.0,0.064,361413000.0,169012000.0,116885000.0,0.227,2.323,17.513,17.466,302638000.0,0.0,30.74,1.117,1.116,248492000.0,838678000.0,1635991000.0,1635991000.0,0.0,0.063,0.145,0.175,0.105,0.0,360813000.0,1.0,59423209.0,59394000,59716000.0,27.545,1218812000.0,23313000.0,46861000.0,29976000.0,20.521,243202000.0
18,CR,MRY,2002-12-31,2002-12-31,2002-12-31,2021-09-07,-788000.0,1413696000.0,1327002250.0,509477000.0,904219000.0,1.143,10.867,-19868000.0,36589000.0,36589000.0,1146878000.0,-11448000.0,1.766,1.178,253871000.0,48553000.0,205318000.0,253871000.0,0.0,49790000.0,0.0,0.02,0.4,13277000.0,63067000.0,0.042,63067000.0,13277000.0,-3623000.0,-0.19,-0.19,-0.19,649062000.0,673267500.0,649062000.0,1408304551.0,106.0,22.33,177573000.0,2.973,1.0,369469000.0,0.244,456449000.0,16900000.0,886104000.0,864618750.0,214689000.0,0.0,0.0,0.0,764634000.0,288425000.0,476209000.0,1186543551.0,15426000.0,-79520000.0,-5387000.0,-58537000.0,-23897000.0,-87821000.0,-99388000.0,0.0,197441000.0,5194000.0,-11448000.0,-11448000.0,-11448000.0,0.0,0.0,-0.008,329798000.0,39671000.0,91072000.0,-2.105,1.828,-103.646,-104.895,273248000.0,0.0,19.93,0.783,0.785,213850000.0,756801000.0,1516347000.0,1516347000.0,0.0,-0.009,-0.017,0.015,0.009,0.0,322125000.0,1.0,59535552.0,59728000,59728000.0,25.388,957247000.0,33444000.0,7825000.0,22941000.0,16.027,221052000.0
19,CR,MRY,2001-12-31,2001-12-31,2001-12-31,2021-09-07,-34461000.0,1292115000.0,1296360000.0,523257000.0,768858000.0,1.224,10.887,-24218000.0,21163000.0,21163000.0,1092537000.0,88620000.0,2.1,0.984,304186000.0,1818000.0,302368000.0,304186000.0,0.0,74610000.0,0.0,0.016,0.4,157004000.0,231614000.0,0.146,231614000.0,157004000.0,135817000.0,1.48,1.47,1.48,651295000.0,625481250.0,651295000.0,1870969726.0,12.0,8.078,173344000.0,2.898,1.0,494643000.0,0.312,420443000.0,21187000.0,905556000.0,927098250.0,244190000.0,0.0,0.0,0.0,640820000.0,249139000.0,391681000.0,1529856726.0,10237000.0,-183523000.0,-21616000.0,66131000.0,-23918000.0,20597000.0,-207741000.0,0.0,197562000.0,-181000.0,88620000.0,88620000.0,88620000.0,0.0,0.0,0.056,322959000.0,171684000.0,84707000.0,0.27,2.349,17.263,17.324,275793000.0,0.0,25.64,0.964,0.966,217636000.0,789244000.0,1587180000.0,1587180000.0,0.0,0.068,0.142,0.169,0.099,0.0,322959000.0,1.0,59666799.0,59825000,60355000.0,26.53,871672000.0,32279000.0,47197000.0,46812000.0,14.57,274118000.0
20,CR,MRY,2000-12-31,2000-12-31,2000-12-31,2021-09-07,-31096000.0,1143851000.0,1161579750.0,500152000.0,643699000.0,1.284,9.96,-28198000.0,10926000.0,10926000.0,1031946000.0,123729000.0,2.156,0.885,228648000.0,14858000.0,213790000.0,228648000.0,0.0,55281000.0,0.0,0.014,0.4,211924000.0,267205000.0,0.179,267205000.0,211924000.0,190360000.0,2.03,2.02,2.03,606763000.0,577612500.0,606763000.0,1975488120.0,9.0,7.393,122978000.0,2.019,1.0,459244000.0,0.308,358472000.0,21564000.0,771124000.0,828607000.0,236329000.0,0.0,0.0,0.0,537088000.0,231977000.0,305111000.0,1717144120.0,7681000.0,-11921000.0,-54282000.0,-69983000.0,-24323000.0,-148588000.0,5437000.0,45556000.0,151176000.0,-344000.0,123729000.0,123729000.0,123729000.0,0.0,0.0,0.083,275218000.0,184026000.0,92249000.0,0.197,2.83,13.878,14.01,246111000.0,0.0,28.44,1.152,1.162,209817000.0,720864000.0,1491190000.0,1491190000.0,0.0,0.107,0.214,0.256,0.142,0.0,275218000.0,1.0,60377782.0,60919000,61399000.0,24.478,785379000.0,31455000.0,66631000.0,48895000.0,12.892,268175000.0
21,CR,MRY,1999-12-31,1999-12-31,1999-12-31,2021-09-07,-22481000.0,1180697000.0,1314900750.0,505160000.0,675537000.0,1.182,8.482,-22735000.0,3245000.0,3245000.0,1057003000.0,114570000.0,2.163,1.078,300428000.0,13656000.0,286772000.0,300428000.0,0.0,62312000.0,0.0,0.02,0.4,197321000.0,259633000.0,0.167,259633000.0,197321000.0,169467000.0,1.71,1.7,1.71,568110000.0,644058750.0,568110000.0,1635175289.0,8.0,6.298,187969000.0,2.806,1.0,496654000.0,0.32,373117000.0,27854000.0,871248000.0,1024179750.0,259474000.0,0.0,0.0,0.0,612587000.0,233515000.0,379072000.0,1309918289.0,-12950000.0,-27908000.0,-118613000.0,-107508000.0,-26704000.0,-252825000.0,-45282000.0,5361000.0,210704000.0,-638000.0,114570000.0,114570000.0,114570000.0,-13672000.0,0.0,0.074,327100000.0,169554000.0,87611000.0,0.234,2.306,11.433,11.626,256649000.0,0.0,19.88,0.843,0.857,206468000.0,623421000.0,1553657000.0,1553657000.0,0.0,0.087,0.178,0.193,0.127,0.0,264788000.0,1.0,65891262.0,66981000,67460000.0,23.195,807580000.0,25841000.0,54897000.0,42016000.0,12.057,271645000.0
22,CR,MRY,1998-12-31,1998-12-31,1998-12-31,2021-09-07,-18036000.0,1379731000.0,1326013000.0,705116000.0,674615000.0,1.177,9.383,-40730000.0,16195000.0,16195000.0,1018369000.0,138438000.0,2.472,1.145,408579000.0,50869000.0,357710000.0,408579000.0,0.0,55873000.0,0.0,0.011,0.333,234046000.0,289919000.0,0.186,289919000.0,234046000.0,206385000.0,2.02,2.0,2.02,643234000.0,598939250.0,643234000.0,2512900255.0,11.0,8.668,131989000.0,1.925,1.0,542686000.0,0.348,371693000.0,27661000.0,1115126000.0,1034782000.0,287214000.0,0.0,0.0,0.0,736497000.0,285296000.0,451201000.0,2071783255.0,7673000.0,-173236000.0,-12974000.0,118319000.0,-25199000.0,80146000.0,-214716000.0,-750000.0,172719000.0,905000.0,138438000.0,138438000.0,138438000.0,-13596000.0,0.0,0.089,330725000.0,211961000.0,87664000.0,0.165,3.221,14.965,14.946,270261000.0,0.0,30.19,1.327,1.326,236217000.0,574797000.0,1561055000.0,1561055000.0,0.0,0.104,0.231,0.226,0.15,0.0,274852000.0,1.0,68624818.0,68555000,69368000.0,22.771,1008038000.0,0.0,67947000.0,43256000.0,14.704,419820000.0
23,CR,MRY,1997-12-31,1997-12-31,1997-12-31,2021-09-07,-16550000.0,1185893000.0,1137374000.0,607753000.0,578140000.0,1.241,7.767,-32912000.0,6982000.0,6982000.0,933951000.0,112771000.0,2.055,1.227,291948000.0,31232000.0,260716000.0,291948000.0,0.0,50991000.0,0.0,0.012,0.333,193709000.0,244700000.0,0.173,244700000.0,193709000.0,170077000.0,1.64,1.63,1.64,532544000.0,505852000.0,532544000.0,2280524886.0,12.0,9.32,93979000.0,1.371,1.0,477377000.0,0.338,272470000.0,23632000.0,902577000.0,879184000.0,291084000.0,0.0,0.0,0.0,653349000.0,295812000.0,357537000.0,1991345886.0,-4837000.0,-62162000.0,-17595000.0,-1972000.0,-22870000.0,-42437000.0,-95074000.0,0.0,126891000.0,-1440000.0,112771000.0,112771000.0,112771000.0,-9055000.0,0.0,0.08,300618000.0,176759000.0,122616000.0,0.203,3.739,17.658,17.634,273757000.0,0.0,28.92,1.411,1.405,272262000.0,460682000.0,1411328000.0,1411328000.0,0.0,0.099,0.223,0.22,0.137,0.0,249627000.0,1.0,68857050.0,68565000,69384000.0,20.584,913423000.0,0.0,57306000.0,35976000.0,13.322,311941000.0
24,CR,MRY,1996-12-31,1996-12-31,1996-12-31,2021-09-07,-7368000.0,1088855000.0,1043633000.0,540014000.0,548841000.0,1.77,6.744,-38712000.0,11579000.0,11579000.0,1344745000.0,92110000.0,2.127,1.353,292983000.0,25188000.0,267795000.0,292983000.0,0.0,49402000.0,0.0,0.017,0.332,168440000.0,217842000.0,0.118,217842000.0,168440000.0,145020000.0,1.35,1.34,1.35,462669000.0,418699000.0,462669000.0,,,,83444000.0,1.216,1.0,502987000.0,0.272,260615000.0,23420000.0,855791000.0,837556000.0,267274000.0,0.0,0.0,0.0,626186000.0,253853000.0,372333000.0,1320589211.0,6103000.0,-969000.0,-21641000.0,-31983000.0,-22710000.0,-76334000.0,-39681000.0,0.0,122156000.0,-38000.0,92110000.0,92110000.0,92110000.0,0.0,0.0,0.05,336834000.0,166153000.0,105082000.0,0.246,2.854,14.337,14.321,258347000.0,0.0,19.333,0.715,0.718,253729000.0,394621000.0,1847732000.0,1847732000.0,0.0,0.088,0.22,0.201,0.091,0.0,287432000.0,1.0,68306338.0,68600000,68600000.0,26.935,828240000.0,0.0,52910000.0,36869000.0,12.073,286161000.0
25,CR,MRY,1995-12-31,1995-12-31,1995-12-31,2021-09-07,-10009000.0,998411000.0,,498038000.0,500373000.0,,5.503,-18385000.0,5476000.0,5476000.0,1316321000.0,76337000.0,2.064,1.664,297223000.0,16130000.0,281093000.0,297223000.0,0.0,48765000.0,0.0,0.02,0.332,148381000.0,197146000.0,0.111,197146000.0,148381000.0,121468000.0,1.12,1.113,1.12,374729000.0,,374729000.0,,,,88233000.0,1.296,1.0,465989000.0,0.261,229561000.0,26913000.0,819321000.0,,245001000.0,0.0,0.0,0.0,623682000.0,241276000.0,382406000.0,,3404000.0,-9419000.0,-9156000.0,-57925000.0,-22755000.0,-89836000.0,-13431000.0,14373000.0,106618000.0,53000.0,76337000.0,76337000.0,76337000.0,0.0,0.0,0.043,323041000.0,142948000.0,96873000.0,0.296,,,14.635,243938000.0,0.0,16.391,,0.626,240787000.0,327015000.0,1782310000.0,1782310000.0,0.0,,,,0.083,0.0,274276000.0,1.0,,68095500,68095500.0,26.174,768850000.0,0.0,45131000.0,40736000.0,11.291,256762000.0
26,CR,MRY,1994-12-31,1994-12-31,1994-12-31,2021-09-07,,,,,,,,-12141000.0,,,1253412000.0,55933000.0,,,,,,,,44691000.0,,0.028,0.332,115398000.0,160089000.0,0.097,160089000.0,115398000.0,91227000.0,0.827,,0.827,,,,,,,105193000.0,1.551,1.0,400054000.0,0.242,,24171000.0,,,,,,,,,,,-10520000.0,-158844000.0,1081000.0,64420000.0,-22518000.0,42983000.0,-170936000.0,49000.0,117334000.0,99000.0,55933000.0,55933000.0,55933000.0,0.0,0.0,0.034,290165000.0,109889000.0,,0.401,,,14.242,,0.0,11.778,,0.483,,,1653466000.0,1653466000.0,0.0,,,,0.07,0.0,245474000.0,1.0,,67828500,,24.377,,,35294000.0,,,
0,CR,MRQ,2021-06-30,2021-06-30,2021-06-30,2021-09-07,-484300000.0,4423200000.0,,1672300000.0,2750900000.0,,29.491,-100000.0,386700000.0,386700000.0,476800000.0,138300000.0,2.204,1.562,858400000.0,15000000.0,843400000.0,858400000.0,0.0,29200000.0,0.0,0.019,0.43,174600000.0,203800000.0,0.256,203800000.0,174600000.0,163200000.0,2.36,2.33,2.36,1725200000.0,,1725200000.0,6006896378.0,13.0,9.94,156400000.0,2.674,1.0,319600000.0,0.401,1917300000.0,11400000.0,2218800000.0,,456900000.0,0.0,0.0,0.0,2695100000.0,758800000.0,1936300000.0,5395196378.0,-191700000.0,0.0,-2000000.0,-333100000.0,-25200000.0,-360300000.0,9100000.0,10000000.0,156500000.0,3000000.0,138300000.0,138300000.0,138300000.0,-27600000.0,0.0,0.174,182700000.0,136900000.0,242200000.0,0.182,3.127,15.41,15.421,538200000.0,0.0,92.37,1.745,1.748,538800000.0,2389300000.0,796400000.0,796400000.0,0.0,,,,,6100000.0,182900000.0,1.0,58408535.0,58500000,59300000.0,13.614,2505900000.0,33100000.0,24900000.0,62900000.0,42.836,913500000.0
1,CR,MRQ,2021-03-31,2021-03-31,2021-03-31,2021-09-07,-497200000.0,4586500000.0,,1642400000.0,2944100000.0,,27.405,9600000.0,578400000.0,578400000.0,513600000.0,108400000.0,1.587,1.874,1190100000.0,346900000.0,843200000.0,1190100000.0,0.0,31600000.0,0.0,0.018,0.43,150700000.0,182300000.0,0.219,182300000.0,150700000.0,137100000.0,1.86,1.84,1.86,1595000000.0,,1595000000.0,6129833830.0,18.0,13.197,59800000.0,1.027,1.0,319900000.0,0.384,2098100000.0,13600000.0,2065500000.0,,436900000.0,0.0,0.0,0.0,2988500000.0,1034600000.0,1953900000.0,5462233830.0,27400000.0,0.0,7200000.0,-27100000.0,-25000000.0,-44900000.0,29600000.0,20000000.0,50200000.0,-7500000.0,108400000.0,108400000.0,108400000.0,0.0,0.0,0.13,173500000.0,146400000.0,233600000.0,0.231,3.425,24.105,24.141,574500000.0,0.0,93.91,1.859,1.86,567800000.0,2276200000.0,833500000.0,833500000.0,0.0,,,,,6300000.0,186600000.0,1.0,58164560.0,58200000,58900000.0,14.321,2488400000.0,6400000.0,28700000.0,62000000.0,42.756,607800000.0
2,CR,MRQ,2020-12-31,2020-12-31,2020-12-31,2021-09-07,-466400000.0,4615000000.0,,1573700000.0,3041300000.0,,26.36,-12900000.0,551000000.0,551000000.0,489600000.0,46900000.0,1.489,2.017,1218600000.0,375700000.0,842900000.0,1218600000.0,0.0,32200000.0,0.0,0.022,0.43,63800000.0,96000000.0,0.132,96000000.0,63800000.0,49800000.0,0.8,0.8,0.8,1528900000.0,,1528900000.0,5292170852.0,19.0,12.996,88500000.0,1.526,1.0,236800000.0,0.326,1956800000.0,14000000.0,2269200000.0,,429700000.0,0.0,0.0,0.0,3083900000.0,1056600000.0,2027300000.0,4512670852.0,6400000.0,-300000.0,900000.0,-108100000.0,-25000000.0,-132200000.0,16800000.0,30000000.0,101400000.0,20400000.0,46800000.0,46800000.0,46800000.0,0.0,100000.0,0.064,177900000.0,58900000.0,198900000.0,0.537,2.952,24.932,25.052,573700000.0,0.0,77.66,1.537,1.542,510800000.0,2192800000.0,726400000.0,726400000.0,0.0,,,,,6100000.0,165600000.0,1.0,58108046.0,58000000,58500000.0,12.524,2658200000.0,41000000.0,3000000.0,53700000.0,45.831,517100000.0
3,CR,MRQ,2020-09-30,2020-09-30,2020-09-30,2021-09-07,-460100000.0,4623000000.0,,1622100000.0,3000900000.0,,25.929,-5900000.0,544600000.0,544600000.0,478500000.0,56600000.0,1.419,2.067,1324100000.0,481400000.0,842700000.0,1324100000.0,0.0,32400000.0,0.0,0.034,0.43,89800000.0,122200000.0,0.166,122200000.0,89800000.0,75400000.0,0.97,0.97,0.97,1506500000.0,,1506500000.0,3744518365.0,46.0,18.355,125600000.0,2.162,1.0,256300000.0,0.349,2116700000.0,14400000.0,2142700000.0,,456000000.0,0.0,0.0,0.0,3113900000.0,1143100000.0,1970800000.0,2908818365.0,-47500000.0,3100000.0,3600000.0,-106200000.0,-25000000.0,-127600000.0,-62800000.0,-60000000.0,131500000.0,11400000.0,56600000.0,56600000.0,56600000.0,0.0,0.0,0.077,171400000.0,84900000.0,225800000.0,0.443,1.931,134.668,119.357,595600000.0,0.0,50.13,0.965,0.966,528100000.0,2171100000.0,734800000.0,734800000.0,0.0,,,,,5700000.0,168700000.0,1.0,58025501.0,58100000,58500000.0,12.647,2506300000.0,7000000.0,18800000.0,63600000.0,43.138,479000000.0
4,CR,MRQ,2020-06-30,2020-06-30,2020-06-30,2021-09-07,-504500000.0,4630300000.0,,1629300000.0,3001000000.0,,24.502,-5200000.0,592100000.0,592100000.0,424800000.0,14800000.0,1.328,2.256,1427800000.0,585300000.0,842500000.0,1427800000.0,0.0,31200000.0,0.0,0.028,0.43,32800000.0,64000000.0,0.099,64000000.0,32800000.0,18400000.0,0.26,0.25,0.26,1421100000.0,,1421100000.0,4365500778.0,45.0,20.305,106900000.0,1.843,1.0,219500000.0,0.341,2112200000.0,14400000.0,2126600000.0,,475100000.0,0.0,0.0,0.0,3206700000.0,1227200000.0,1979500000.0,3447400778.0,289300000.0,-300000.0,500000.0,205000000.0,-24900000.0,180600000.0,-5700000.0,0.0,112100000.0,2300000.0,14800000.0,14800000.0,14800000.0,-1400000.0,0.0,0.023,190800000.0,28700000.0,226400000.0,1.654,2.426,91.931,90.091,597900000.0,0.0,59.46,1.13,1.13,536300000.0,2139400000.0,644300000.0,644300000.0,0.0,,,,,4400000.0,165300000.0,1.0,57978486.0,58000000,58500000.0,11.109,2518100000.0,7000000.0,3600000.0,62000000.0,43.416,402100000.0
5,CR,MRQ,2020-03-31,2020-03-31,2020-03-31,2021-09-07,-525300000.0,4464600000.0,,1446200000.0,3018400000.0,,23.898,-5400000.0,302800000.0,302800000.0,510800000.0,62800000.0,1.367,2.176,1220900000.0,378700000.0,842200000.0,1220900000.0,0.0,29900000.0,0.0,0.033,0.43,92800000.0,122700000.0,0.154,122700000.0,92800000.0,80300000.0,1.07,1.05,1.07,1405200000.0,,1405200000.0,3506482541.0,18.0,11.33,-40900000.0,-0.696,1.0,287100000.0,0.36,2110600000.0,12500000.0,2214500000.0,,489500000.0,0.0,0.0,0.0,3057100000.0,1057600000.0,1999500000.0,2908982541.0,-91100000.0,-172000000.0,-69900000.0,229700000.0,-25500000.0,134300000.0,-177400000.0,0.0,-35500000.0,-12500000.0,62800000.0,62800000.0,62800000.0,0.0,0.0,0.079,198500000.0,88600000.0,250200000.0,0.402,2.07,25.585,25.615,607100000.0,0.0,49.18,0.895,0.89,637700000.0,2149500000.0,797900000.0,797900000.0,0.0,,,,,5800000.0,194500000.0,1.0,59149706.0,58800000,59600000.0,13.57,2354000000.0,13300000.0,17500000.0,66800000.0,40.034,388600000.0
6,CR,MRQ,2019-12-31,2019-12-31,2019-12-31,2021-09-07,-483700000.0,4423700000.0,,1499900000.0,2923800000.0,,24.768,-16100000.0,393900000.0,393900000.0,546700000.0,-112500000.0,1.636,2.0,991400000.0,149400000.0,842000000.0,991400000.0,0.0,29300000.0,0.0,0.018,0.39,-134200000.0,-104900000.0,-0.125,-104900000.0,-134200000.0,-146000000.0,-1.88,-1.85,-1.88,1473700000.0,,1473700000.0,5734476173.0,26.0,17.34,206800000.0,3.476,1.0,290800000.0,0.347,1977500000.0,11800000.0,2127000000.0,,457300000.0,0.0,0.0,0.0,2947400000.0,916700000.0,2030700000.0,5180976173.0,5100000.0,-156200000.0,-79600000.0,47100000.0,-23100000.0,-55600000.0,-172300000.0,0.0,222900000.0,10100000.0,-112600000.0,-112600000.0,-112600000.0,0.0,100000.0,-0.134,426200000.0,-135400000.0,311100000.0,-0.207,3.516,38.867,38.735,616300000.0,0.0,86.38,1.578,1.573,652800000.0,2112200000.0,837500000.0,837500000.0,0.0,,,,,5500000.0,165400000.0,1.0,59978886.0,59500000,60000000.0,14.076,2446200000.0,35100000.0,-33400000.0,68800000.0,41.113,583200000.0
7,CR,MRQ,2019-09-30,2019-09-30,2019-09-30,2021-09-07,-469600000.0,4158500000.0,,1456900000.0,2701600000.0,,28.292,-14400000.0,388800000.0,388800000.0,494400000.0,72600000.0,2.245,1.448,942300000.0,7400000.0,934900000.0,942300000.0,0.0,27900000.0,0.0,0.019,0.39,105300000.0,133200000.0,0.172,133200000.0,105300000.0,93600000.0,1.21,1.19,1.21,1697500000.0,,1697500000.0,5474744814.0,12.0,9.325,104100000.0,1.735,1.0,277900000.0,0.36,1850900000.0,11700000.0,2212100000.0,,445500000.0,0.0,0.0,0.0,2458500000.0,649000000.0,1809500000.0,4833644814.0,81800000.0,0.0,1400000.0,-1700000.0,-23400000.0,-23700000.0,-4500000.0,9900000.0,118500000.0,-8500000.0,72500000.0,72500000.0,72500000.0,0.0,100000.0,0.094,168600000.0,109300000.0,257000000.0,0.322,2.848,14.424,14.373,581800000.0,0.0,80.63,1.471,1.473,611100000.0,2247900000.0,772300000.0,772300000.0,0.0,,,,,5600000.0,166800000.0,1.0,59948466.0,60000000,60800000.0,12.872,2307600000.0,3400000.0,21100000.0,80700000.0,38.46,807900000.0
8,CR,MRQ,2019-06-30,2019-06-30,2019-06-30,2021-09-07,-438900000.0,4141800000.0,,1379900000.0,2761900000.0,,27.913,-15400000.0,307000000.0,307000000.0,535000000.0,91000000.0,2.174,1.476,948100000.0,7800000.0,940300000.0,948100000.0,0.0,28600000.0,0.0,0.018,0.39,129900000.0,158500000.0,0.188,158500000.0,129900000.0,118500000.0,1.52,1.5,1.52,1672000000.0,,1672000000.0,5743563064.0,12.0,9.39,137500000.0,2.295,1.0,306600000.0,0.364,1876500000.0,11400000.0,2271800000.0,,430600000.0,0.0,0.0,0.0,2467400000.0,634600000.0,1832800000.0,4997063064.0,50200000.0,0.0,1600000.0,-56900000.0,-23300000.0,-78600000.0,-24200000.0,-8800000.0,152900000.0,100000.0,91000000.0,91000000.0,91000000.0,0.0,0.0,0.108,183800000.0,122800000.0,275200000.0,0.257,2.989,13.896,13.86,595500000.0,0.0,83.44,1.483,1.484,626300000.0,2198800000.0,841600000.0,841600000.0,0.0,,,,,5700000.0,179800000.0,1.0,59888100.0,59900000,60800000.0,14.05,2265300000.0,1200000.0,27500000.0,64900000.0,37.818,745300000.0
9,CR,MRQ,2019-03-31,2019-03-31,2019-03-31,2021-09-07,-445500000.0,4142300000.0,,1371300000.0,2771000000.0,,26.599,-19800000.0,256800000.0,256800000.0,526600000.0,82500000.0,1.949,1.603,1003300000.0,63100000.0,940200000.0,1003300000.0,0.0,27700000.0,0.0,0.017,0.39,116200000.0,143900000.0,0.173,143900000.0,116200000.0,104300000.0,1.38,1.36,1.38,1590600000.0,,1590600000.0,5663819100.0,12.0,9.451,-120200000.0,-2.01,1.0,305100000.0,0.367,1882600000.0,11900000.0,2302500000.0,,440600000.0,0.0,0.0,0.0,2549300000.0,703700000.0,1845600000.0,5058019100.0,-86600000.0,-200000.0,-400000.0,57100000.0,-23400000.0,33300000.0,-20000000.0,0.0,-100400000.0,500000.0,82400000.0,82400000.0,82400000.0,0.0,100000.0,0.099,191400000.0,113700000.0,263200000.0,0.283,3.18,14.48,14.465,595800000.0,0.0,84.62,1.497,1.498,661700000.0,2131100000.0,831700000.0,831700000.0,0.0,,,,,5500000.0,187400000.0,1.0,59773329.0,59800000,60700000.0,13.908,2259700000.0,1400000.0,21900000.0,54800000.0,37.788,667600000.0
10,CR,MRQ,2018-12-31,2018-12-31,2018-12-31,2021-09-07,-447600000.0,4042700000.0,,1362900000.0,2679800000.0,,25.703,-32600000.0,343400000.0,343400000.0,544600000.0,89100000.0,1.841,1.65,949200000.0,6900000.0,942300000.0,949200000.0,0.0,35900000.0,0.0,0.019,0.35,115600000.0,151500000.0,0.18,151500000.0,115600000.0,104500000.0,1.5,1.46,1.5,1524200000.0,,1524200000.0,5011232790.0,11.0,8.604,158800000.0,2.678,1.0,295100000.0,0.351,1885500000.0,11100000.0,2022800000.0,,411500000.0,0.0,0.0,0.0,2515600000.0,740200000.0,1775400000.0,4291032790.0,19800000.0,2600000.0,-21500000.0,-94600000.0,-20800000.0,-136900000.0,-30000000.0,0.0,191400000.0,-4700000.0,89200000.0,89200000.0,89200000.0,0.0,-100000.0,0.106,185000000.0,110100000.0,329200000.0,0.233,2.815,12.786,12.821,599100000.0,0.0,72.18,1.283,1.286,606800000.0,2072100000.0,839700000.0,839700000.0,0.0,,,,,5500000.0,165600000.0,1.0,59449055.0,59300000,60700000.0,14.16,2157200000.0,18800000.0,15300000.0,54200000.0,36.378,622700000.0
11,CR,MRQ,2018-09-30,2018-09-30,2018-09-30,2021-09-07,-393000000.0,4110000000.0,,1403200000.0,2706800000.0,,25.568,-30800000.0,323600000.0,323600000.0,544800000.0,97100000.0,1.681,1.691,1043800000.0,106300000.0,937500000.0,1043800000.0,0.0,27800000.0,0.0,0.014,0.35,130000000.0,157800000.0,0.184,157800000.0,130000000.0,117700000.0,1.62,1.59,1.62,1526400000.0,,1526400000.0,6651787888.0,15.0,12.295,60200000.0,1.008,1.0,311000000.0,0.363,1899100000.0,12300000.0,2096500000.0,,412000000.0,0.0,0.0,0.0,2580500000.0,834600000.0,1745900000.0,5861487888.0,5400000.0,24300000.0,7500000.0,-61800000.0,-20900000.0,-75200000.0,-6500000.0,0.0,91000000.0,-3900000.0,97000000.0,97000000.0,97000000.0,0.0,100000.0,0.113,187100000.0,123900000.0,268400000.0,0.216,3.84,26.925,27.094,594500000.0,0.0,98.35,1.82,1.823,662800000.0,2003700000.0,855800000.0,855800000.0,0.0,,,,,4900000.0,179800000.0,1.0,59598250.0,59700000,61100000.0,14.335,2210900000.0,16600000.0,20700000.0,52700000.0,37.034,568600000.0
12,CR,MRQ,2018-06-30,2018-06-30,2018-06-30,2021-09-07,-387300000.0,4120500000.0,,1373800000.0,2746700000.0,,24.179,-16300000.0,318200000.0,318200000.0,545600000.0,80700000.0,1.595,1.852,1108500000.0,171400000.0,937100000.0,1108500000.0,0.0,28400000.0,0.0,0.017,0.35,117700000.0,146100000.0,0.172,146100000.0,117700000.0,104900000.0,1.35,1.32,1.35,1443500000.0,,1443500000.0,5552890572.0,13.0,10.937,40900000.0,0.685,1.0,305400000.0,0.359,1937100000.0,12800000.0,2112400000.0,,411500000.0,0.0,0.0,0.0,2673900000.0,861300000.0,1812600000.0,4783990572.0,-324100000.0,0.0,-24500000.0,-301300000.0,-20900000.0,-346700000.0,-16300000.0,0.0,57200000.0,-18300000.0,80700000.0,80700000.0,80700000.0,0.0,0.0,0.095,192400000.0,113000000.0,274600000.0,0.259,3.314,25.326,25.358,581600000.0,0.0,80.13,1.563,1.563,646100000.0,1927600000.0,851000000.0,851000000.0,0.0,,,,,5600000.0,188900000.0,1.0,59702865.0,59700000,61100000.0,14.255,2183400000.0,32200000.0,24200000.0,46600000.0,36.573,512500000.0
13,CR,MRQ,2018-03-31,2018-03-31,2018-03-31,2021-09-07,-345100000.0,4490500000.0,,1636900000.0,2853600000.0,,24.201,-27200000.0,642300000.0,642300000.0,521200000.0,68700000.0,1.795,2.106,1411200000.0,272700000.0,1138500000.0,1411200000.0,0.0,27900000.0,0.0,0.014,0.35,99000000.0,126900000.0,0.159,126900000.0,99000000.0,84400000.0,1.15,1.13,1.15,1444800000.0,,1444800000.0,5568788151.0,14.0,11.404,47000000.0,0.787,1.0,277900000.0,0.348,1970500000.0,14600000.0,2376900000.0,,406500000.0,0.0,0.0,0.0,3042400000.0,912000000.0,2130400000.0,5531488151.0,-63900000.0,-672300000.0,4500000.0,567300000.0,-20900000.0,550900000.0,-699500000.0,0.0,74200000.0,10500000.0,68700000.0,68700000.0,68700000.0,0.0,0.0,0.086,183600000.0,94300000.0,252400000.0,0.304,3.829,31.181,31.226,594200000.0,0.0,92.74,1.9,1.901,601800000.0,1867700000.0,799100000.0,799100000.0,0.0,,,,,5600000.0,177600000.0,1.0,59645117.0,59700000,61000000.0,13.385,2520000000.0,85700000.0,15700000.0,102200000.0,42.211,724900000.0
14,CR,MRQ,2017-12-31,2017-12-31,2017-12-31,2021-09-07,-380100000.0,3593500000.0,,1518500000.0,2075000000.0,,22.646,7600000.0,706200000.0,706200000.0,455600000.0,-28600000.0,1.813,1.669,743500000.0,249400000.0,494100000.0,743500000.0,0.0,18700000.0,0.0,0.015,0.33,91500000.0,110200000.0,0.154,110200000.0,91500000.0,82700000.0,-0.49,-0.48,-0.49,1345200000.0,,1345200000.0,5468896383.0,14.0,11.499,150900000.0,2.54,1.0,258600000.0,0.362,1483700000.0,8800000.0,1309600000.0,,349300000.0,0.0,0.0,0.0,2245000000.0,837500000.0,1407500000.0,5295196383.0,134000000.0,-5200000.0,4500000.0,-2600000.0,-19600000.0,-17700000.0,2400000.0,0.0,143300000.0,6000000.0,-28700000.0,-28700000.0,-28700000.0,0.0,100000.0,-0.04,171200000.0,87400000.0,247400000.0,-0.673,3.936,30.822,30.872,282400000.0,0.0,89.22,1.901,1.902,533500000.0,1813300000.0,714200000.0,714200000.0,0.0,,,,,5300000.0,153500000.0,1.0,59349881.0,59400000,60400000.0,12.024,2109800000.0,104200000.0,111400000.0,48500000.0,35.519,681000000.0
15,CR,MRQ,2017-09-30,2017-09-30,2017-09-30,2021-09-07,-384600000.0,3607100000.0,,1422800000.0,2184300000.0,,23.178,-13500000.0,572200000.0,572200000.0,441500000.0,68500000.0,2.658,1.607,745900000.0,0.0,745900000.0,745900000.0,0.0,18500000.0,0.0,0.017,0.33,106000000.0,124500000.0,0.179,124500000.0,106000000.0,96700000.0,1.15,1.13,1.15,1379100000.0,,1379100000.0,5003849834.0,23.0,17.296,90300000.0,1.518,1.0,254400000.0,0.366,1490600000.0,9300000.0,1755000000.0,,376200000.0,0.0,0.0,0.0,2216800000.0,535200000.0,1681600000.0,4767449834.0,62900000.0,-700000.0,-22100000.0,0.0,-19500000.0,-41600000.0,-14200000.0,0.0,103800000.0,14900000.0,68200000.0,68200000.0,68200000.0,0.0,300000.0,0.098,152300000.0,102100000.0,210000000.0,0.287,3.457,34.926,35.238,292000000.0,0.0,79.99,1.732,1.729,561300000.0,1861600000.0,695900000.0,695900000.0,0.0,,,,,5400000.0,151800000.0,1.0,59600573.0,59500000,60400000.0,11.696,2116500000.0,191500000.0,28500000.0,57000000.0,35.571,887600000.0
16,CR,MRQ,2017-06-30,2017-06-30,2017-06-30,2021-09-07,-413300000.0,3533800000.0,,1352300000.0,2181500000.0,,22.16,-11200000.0,509300000.0,509300000.0,444300000.0,69300000.0,2.776,1.671,745700000.0,0.0,745700000.0,745700000.0,0.0,18100000.0,0.0,0.017,0.33,108600000.0,126700000.0,0.18,126700000.0,108600000.0,99600000.0,1.16,1.14,1.16,1318500000.0,,1318500000.0,4964368280.0,23.0,17.388,55700000.0,0.936,1.0,258200000.0,0.368,1489700000.0,9000000.0,1793300000.0,,367700000.0,0.0,0.0,0.0,2202700000.0,487200000.0,1715500000.0,4723668280.0,4500000.0,-54100000.0,5000000.0,0.0,-19700000.0,-14700000.0,-65300000.0,0.0,66900000.0,17600000.0,69200000.0,69200000.0,69200000.0,0.0,100000.0,0.099,152400000.0,105800000.0,209200000.0,0.284,3.583,35.84,35.919,287100000.0,0.0,79.38,1.717,1.716,565200000.0,1813000000.0,702500000.0,702500000.0,0.0,,,,,5500000.0,149800000.0,1.0,59507033.0,59500000,60500000.0,11.807,2044100000.0,196400000.0,30400000.0,47500000.0,34.355,865100000.0
17,CR,MRQ,2017-03-31,2017-03-31,2017-03-31,2021-09-07,-451800000.0,3451000000.0,,1318500000.0,2132500000.0,,20.573,-9600000.0,504800000.0,504800000.0,429500000.0,63300000.0,2.724,1.819,745500000.0,0.0,745500000.0,745500000.0,0.0,17400000.0,0.0,0.018,0.33,96700000.0,114100000.0,0.169,114100000.0,96700000.0,87700000.0,1.06,1.05,1.06,1220000000.0,,1220000000.0,4661599643.0,22.0,16.708,-6100000.0,-0.103,1.0,243900000.0,0.362,1436500000.0,9000000.0,1771100000.0,,356900000.0,0.0,0.0,0.0,2218700000.0,484100000.0,1734600000.0,4425999643.0,-4900000.0,0.0,12800000.0,0.0,-19600000.0,-6800000.0,-9600000.0,0.0,3500000.0,8000000.0,63100000.0,63100000.0,63100000.0,0.0,200000.0,0.094,150600000.0,93300000.0,199800000.0,0.311,3.628,33.838,33.707,281000000.0,0.0,74.83,1.603,1.607,555100000.0,1763400000.0,673400000.0,673400000.0,0.0,,,,,5600000.0,150600000.0,1.0,59147396.0,59300000,60300000.0,11.356,2014500000.0,199500000.0,24600000.0,52000000.0,33.971,834400000.0
18,CR,MRQ,2016-12-31,2016-12-31,2016-12-31,2021-09-07,-476100000.0,3428000000.0,,1315700000.0,2112300000.0,,19.184,-12900000.0,509700000.0,509700000.0,433800000.0,-63500000.0,2.526,2.013,745300000.0,0.0,745300000.0,745300000.0,0.0,16600000.0,0.0,0.018,0.33,-92600000.0,-76000000.0,-0.112,-76000000.0,-92600000.0,-101600000.0,-1.1,-1.09,-1.1,1133800000.0,,1133800000.0,4573209016.0,23.0,17.128,136800000.0,2.315,1.0,247700000.0,0.363,1431400000.0,9000000.0,1711400000.0,,342500000.0,0.0,0.0,0.0,2282300000.0,520800000.0,1761500000.0,4230309016.0,73400000.0,0.0,16800000.0,-34000000.0,-19400000.0,-36600000.0,-12900000.0,0.0,149700000.0,-26800000.0,-64000000.0,-64000000.0,-64000000.0,0.0,500000.0,-0.094,352900000.0,-105200000.0,223200000.0,-0.3,3.731,34.449,34.343,278900000.0,0.0,72.12,1.539,1.535,539600000.0,1719900000.0,681500000.0,681500000.0,0.0,,,,,4900000.0,160100000.0,1.0,58656531.0,59100000,59600000.0,11.531,1996600000.0,211400000.0,-37600000.0,45900000.0,33.783,794900000.0
19,CR,MRQ,2016-09-30,2016-09-30,2016-09-30,2021-09-07,-359500000.0,3409200000.0,,1309900000.0,2099300000.0,,22.429,-11800000.0,436300000.0,436300000.0,449200000.0,63700000.0,2.353,1.589,779200000.0,34000000.0,745200000.0,779200000.0,0.0,16700000.0,0.0,0.021,0.33,104000000.0,120700000.0,0.174,120700000.0,104000000.0,94800000.0,1.09,1.07,1.09,1312100000.0,,1312100000.0,4116768121.0,10.0,8.89,104800000.0,1.791,1.0,245000000.0,0.353,1477700000.0,9200000.0,1717800000.0,,372300000.0,0.0,0.0,0.0,2085200000.0,556600000.0,1528600000.0,3679768121.0,27400000.0,0.0,7400000.0,-66900000.0,-19300000.0,-78800000.0,-11800000.0,0.0,116600000.0,1400000.0,63500000.0,63500000.0,63500000.0,0.0,200000.0,0.091,141200000.0,103800000.0,202500000.0,0.303,2.804,14.608,14.552,283000000.0,0.0,63.01,1.34,1.342,538500000.0,1803300000.0,694200000.0,694200000.0,0.0,,,,,5400000.0,141200000.0,1.0,58399748.0,58500000,59400000.0,11.867,1931500000.0,170200000.0,31300000.0,66700000.0,33.017,753300000.0
20,CR,MRQ,2016-06-30,2016-06-30,2016-06-30,2021-09-07,-356100000.0,3432400000.0,,1308500000.0,2123900000.0,,21.58,-15400000.0,408900000.0,408900000.0,449100000.0,68400000.0,2.175,1.719,845900000.0,100900000.0,745000000.0,845900000.0,0.0,17600000.0,0.0,0.023,0.33,102600000.0,120200000.0,0.169,120200000.0,102600000.0,93400000.0,1.17,1.15,1.17,1258100000.0,,1258100000.0,3775848542.0,10.0,8.363,54400000.0,0.933,1.0,263100000.0,0.369,1486100000.0,9200000.0,1781700000.0,,389400000.0,0.0,0.0,0.0,2162600000.0,601600000.0,1561000000.0,3306948542.0,54900000.0,0.0,3600000.0,22800000.0,-19300000.0,7100000.0,-15400000.0,0.0,69800000.0,-6600000.0,68200000.0,68200000.0,68200000.0,0.0,200000.0,0.096,160500000.0,102600000.0,205900000.0,0.282,2.629,13.481,13.441,281700000.0,0.0,56.72,1.215,1.215,556300000.0,1759200000.0,712200000.0,712200000.0,0.0,,,,,5300000.0,160500000.0,1.0,58303042.0,58300000,59200000.0,12.216,1946300000.0,179800000.0,25200000.0,57000000.0,33.384,706900000.0
21,CR,MRQ,2016-03-31,2016-03-31,2016-03-31,2021-09-07,-343100000.0,3395000000.0,,1254700000.0,2140300000.0,,20.845,-10500000.0,354000000.0,354000000.0,426100000.0,55200000.0,2.18,1.789,822900000.0,78100000.0,744800000.0,822900000.0,0.0,16500000.0,0.0,0.025,0.33,85500000.0,102000000.0,0.155,102000000.0,85500000.0,76400000.0,0.95,0.93,0.95,1213200000.0,,1213200000.0,3571807621.0,10.0,8.123,-28500000.0,-0.49,1.0,233900000.0,0.354,1492600000.0,9100000.0,1795700000.0,,401900000.0,0.0,0.0,0.0,2170100000.0,575600000.0,1594500000.0,3136407621.0,-9500000.0,0.0,-1400000.0,28500000.0,-19200000.0,7900000.0,-10500000.0,0.0,-18000000.0,11100000.0,55000000.0,55000000.0,55000000.0,0.0,200000.0,0.083,148400000.0,85500000.0,199100000.0,0.347,2.585,13.467,13.431,279900000.0,0.0,53.86,1.152,1.152,556500000.0,1710100000.0,660000000.0,660000000.0,0.0,,,,,6100000.0,148800000.0,1.0,58232596.0,58200000,58900000.0,11.34,1902400000.0,183600000.0,21400000.0,61900000.0,32.687,679100000.0
22,CR,MRQ,2015-12-31,2015-12-31,2015-12-31,2021-09-07,-376700000.0,3336900000.0,,1203500000.0,2133400000.0,,19.51,-8900000.0,363500000.0,363500000.0,441500000.0,65600000.0,2.101,1.919,794200000.0,49600000.0,744600000.0,794200000.0,0.0,17100000.0,0.0,0.028,0.33,103100000.0,120200000.0,0.177,120200000.0,103100000.0,94000000.0,1.12,1.11,1.12,1139400000.0,,1139400000.0,3289501948.0,9.0,7.476,104700000.0,1.793,1.0,239000000.0,0.351,1485000000.0,9100000.0,1709800000.0,,376900000.0,0.0,0.0,0.0,2186100000.0,572800000.0,1613300000.0,2777801948.0,28300000.0,0.0,1600000.0,-48200000.0,-19200000.0,-65500000.0,-8800000.0,0.0,113600000.0,-11000000.0,65200000.0,65200000.0,65200000.0,0.0,400000.0,0.096,135500000.0,103500000.0,223300000.0,0.295,2.438,12.135,12.142,276000000.0,0.0,47.84,1.014,1.014,526800000.0,1674300000.0,680500000.0,680500000.0,0.0,,,,,5500000.0,134800000.0,1.0,58064422.0,58400000,58800000.0,11.652,1851900000.0,189900000.0,28800000.0,56300000.0,31.711,630700000.0
23,CR,MRQ,2015-09-30,2015-09-30,2015-09-30,2021-09-07,-363400000.0,3402700000.0,,1240300000.0,2162400000.0,,18.921,-8100000.0,335200000.0,335200000.0,431700000.0,57200000.0,1.901,2.085,846900000.0,97700000.0,749200000.0,846900000.0,0.0,16000000.0,0.0,0.028,0.33,93100000.0,109100000.0,0.163,109100000.0,93100000.0,84000000.0,0.98,0.97,0.98,1099300000.0,,1099300000.0,3251303835.0,9.0,7.54,61600000.0,1.06,1.0,238200000.0,0.356,1502600000.0,9100000.0,1759500000.0,,401600000.0,0.0,0.0,0.0,2292300000.0,652300000.0,1640000000.0,2705703835.0,8900000.0,0.0,300000.0,-24900000.0,-19100000.0,-43700000.0,-8200000.0,0.0,69700000.0,-8800000.0,56900000.0,56900000.0,56900000.0,0.0,300000.0,0.085,145000000.0,93200000.0,221000000.0,0.337,2.461,12.299,12.331,280100000.0,0.0,46.61,0.97,0.97,563700000.0,1628300000.0,669900000.0,669900000.0,0.0,,,,,5000000.0,141400000.0,1.0,58049857.0,58100000,58800000.0,11.53,1900100000.0,200400000.0,27100000.0,53700000.0,32.704,588000000.0
24,CR,MRQ,2015-06-30,2015-06-30,2015-06-30,2021-09-07,-339000000.0,3428100000.0,,1224400000.0,2203700000.0,,18.633,-9400000.0,326300000.0,326300000.0,470700000.0,55900000.0,1.867,2.162,871900000.0,122700000.0,749200000.0,871900000.0,0.0,17400000.0,0.0,0.022,0.33,91000000.0,108400000.0,0.152,108400000.0,91000000.0,81500000.0,0.96,0.95,0.96,1080700000.0,,1080700000.0,3986030762.0,13.0,10.257,48200000.0,0.831,1.0,240500000.0,0.338,1519400000.0,9500000.0,1798500000.0,,387900000.0,0.0,0.0,0.0,2336300000.0,655800000.0,1680500000.0,3406230762.0,29300000.0,0.0,300000.0,-4800000.0,-19200000.0,-24700000.0,-9400000.0,0.0,57600000.0,5700000.0,55800000.0,55800000.0,55800000.0,0.0,100000.0,0.078,150300000.0,90200000.0,211900000.0,0.344,3.152,17.815,17.905,283100000.0,0.0,58.73,1.196,1.196,572300000.0,1590500000.0,711200000.0,711200000.0,0.0,,,,,5000000.0,141700000.0,1.0,57998140.0,58000000,58800000.0,12.262,1908700000.0,218000000.0,25700000.0,56300000.0,32.909,568600000.0
25,CR,MRQ,2015-03-31,2015-03-31,2015-03-31,2021-09-07,-367500000.0,3387300000.0,,1182700000.0,2204600000.0,,17.408,-8800000.0,296900000.0,296900000.0,442000000.0,51300000.0,1.788,2.338,876700000.0,127500000.0,749200000.0,876700000.0,0.0,16500000.0,0.0,0.021,0.33,85800000.0,102300000.0,0.151,102300000.0,85800000.0,75900000.0,0.88,0.87,0.88,1011400000.0,,1011400000.0,4134765989.0,13.0,10.478,-20400000.0,-0.351,1.0,236800000.0,0.349,1515300000.0,9900000.0,1790200000.0,,377600000.0,0.0,0.0,0.0,2365100000.0,661600000.0,1703500000.0,3631012989.0,-49300000.0,0.0,-18300000.0,26700000.0,-19100000.0,-9900000.0,-8800000.0,0.0,-11600000.0,-19000000.0,51000000.0,51100000.0,51100000.0,0.0,300000.0,0.075,150700000.0,86100000.0,210700000.0,0.375,3.59,18.611,18.742,281100000.0,-100000.0,62.41,1.258,1.256,580500000.0,1553900000.0,678800000.0,678800000.0,0.0,,,,,5800000.0,148600000.0,1.0,58179987.0,58100000,58900000.0,11.683,1872000000.0,222300000.0,24900000.0,58900000.0,32.22,521100000.0
26,CR,MRQ,2014-12-31,2014-12-31,2014-12-31,2021-09-07,-298800000.0,3450800000.0,,1195200000.0,2255600000.0,,18.147,-6800000.0,346300000.0,346300000.0,481600000.0,56600000.0,1.867,2.246,850000000.0,100800000.0,749200000.0,850000000.0,0.0,17800000.0,0.0,0.021,0.33,93600000.0,111400000.0,0.152,111400000.0,93600000.0,83500000.0,0.96,0.95,0.96,1059800000.0,,1059800000.0,4024705094.0,13.0,10.181,143800000.0,2.462,1.0,249100000.0,0.341,1544800000.0,10100000.0,1769700000.0,,369700000.0,0.0,0.0,0.0,2380200000.0,640000000.0,1740200000.0,3462361094.0,44600000.0,0.0,-50500000.0,-14000000.0,-19100000.0,-83900000.0,-6800000.0,0.0,150600000.0,-15200000.0,56200000.0,56200000.0,56200000.0,0.0,400000.0,0.077,159500000.0,89600000.0,228800000.0,0.344,3.267,17.968,17.896,290300000.0,0.0,58.7,1.184,1.178,558200000.0,1522100000.0,730700000.0,730700000.0,0.0,,,,,5000000.0,143700000.0,1.0,58984005.0,58400000,59300000.0,12.512,1906000000.0,229200000.0,27300000.0,51900000.0,32.637,555200000.0
27,CR,MRQ,2014-09-30,2014-09-30,2014-09-30,2021-09-07,-106168000.0,3554105000.0,,1226084000.0,2328021000.0,,21.374,-7600000.0,301672000.0,301672000.0,476300000.0,28200000.0,1.864,1.81,864016000.0,114814000.0,749202000.0,864016000.0,0.0,18100000.0,0.0,0.019,0.33,48400000.0,66500000.0,0.091,66500000.0,48400000.0,38800000.0,0.48,0.47,0.48,1261063000.0,,1261063000.0,4317184956.0,14.0,11.161,60500000.0,1.025,1.0,251100000.0,0.345,1595220000.0,9600000.0,1863319000.0,,409044000.0,0.0,0.0,0.0,2282275000.0,657910000.0,1624365000.0,3728378956.0,-12400000.0,0.0,900000.0,-39000000.0,-19500000.0,-57100000.0,-7600000.0,0.0,68100000.0,-16000000.0,28100000.0,28100000.0,28100000.0,0.0,100000.0,0.039,203400000.0,47700000.0,224791000.0,0.688,2.957,20.023,19.94,294762000.0,0.0,63.21,1.296,1.297,597745000.0,1484903000.0,727400000.0,727400000.0,0.0,,,,,5300000.0,144400000.0,1.0,58984005.0,59000000,59900000.0,12.329,1958885000.0,207930000.0,10700000.0,81417000.0,33.201,568174000.0
28,CR,MRQ,2014-06-30,2014-06-30,2014-06-30,2021-09-07,-37011000.0,3632763000.0,,1261093000.0,2371670000.0,,22.325,-10400000.0,314192000.0,314192000.0,488000000.0,59900000.0,1.805,1.754,902998000.0,153806000.0,749192000.0,902998000.0,0.0,18100000.0,0.0,0.016,0.3,96300000.0,114400000.0,0.153,114400000.0,96300000.0,86500000.0,1.01,1.0,1.01,1314948000.0,,1314948000.0,5018109691.0,14.0,11.911,53800000.0,0.913,1.0,262100000.0,0.349,1639848000.0,9800000.0,1882931000.0,,401510000.0,0.0,0.0,0.0,2307036000.0,698790000.0,1608246000.0,4375398691.0,63900000.0,8200000.0,4000000.0,10000000.0,-17700000.0,-1300000.0,-2200000.0,0.0,64200000.0,3300000.0,59700000.0,59700000.0,59700000.0,0.0,200000.0,0.08,164500000.0,97600000.0,237549000.0,0.297,3.327,20.328,20.262,305681000.0,0.0,74.36,1.571,1.572,629477000.0,1476291000.0,750100000.0,750100000.0,0.0,,,,,5000000.0,159200000.0,1.0,58840757.0,58900000,59800000.0,12.735,1992915000.0,206541000.0,26800000.0,78939000.0,33.836,562303000.0
29,CR,MRQ,2014-03-31,2014-03-31,2014-03-31,2021-09-07,-49654000.0,3553345000.0,,1170085000.0,2383260000.0,,21.349,-9200000.0,250274000.0,250274000.0,462700000.0,48900000.0,1.718,1.837,892985000.0,143804000.0,749181000.0,892985000.0,0.0,21800000.0,0.0,0.017,0.3,81400000.0,103200000.0,0.144,103200000.0,81400000.0,71600000.0,0.83,0.82,0.83,1248928000.0,,1248928000.0,4749871535.0,14.0,11.61,-28100000.0,-0.48,1.0,254100000.0,0.354,1645437000.0,9800000.0,1869646000.0,,389301000.0,0.0,0.0,0.0,2293900000.0,680973000.0,1612927000.0,4145518535.0,-20400000.0,0.0,3800000.0,18000000.0,-17600000.0,9300000.0,-9200000.0,0.0,-18900000.0,-1600000.0,48700000.0,48700000.0,48700000.0,0.0,200000.0,0.068,172600000.0,81500000.0,214108000.0,0.361,3.319,19.702,19.709,303778000.0,0.0,71.15,1.544,1.55,623007000.0,1434270000.0,716800000.0,716800000.0,0.0,,,,,5600000.0,157900000.0,1.0,58264491.0,58500000,59500000.0,12.253,1907908000.0,211826000.0,22900000.0,52426000.0,32.614,489112000.0
30,CR,MRQ,2013-12-31,2013-12-31,2013-12-31,2021-09-07,-48651000.0,3559607000.0,,1149092000.0,2410515000.0,,20.708,-10356000.0,270643000.0,270643000.0,454639000.0,50061000.0,1.718,1.947,874996000.0,125826000.0,749170000.0,874996000.0,0.0,16641000.0,0.0,0.017,0.3,86070000.0,102711000.0,0.151,102711000.0,86070000.0,80221000.0,0.85,0.84,0.85,1204319000.0,,1204319000.0,3831141472.0,11.0,9.439,138045000.0,2.374,1.0,226829000.0,0.333,1658239000.0,5849000.0,1836819000.0,,368886000.0,0.0,0.0,0.0,2344934000.0,668902000.0,1676032000.0,3910653472.0,-132757000.0,-795000000.0,817000.0,545503000.0,-17522000.0,529411000.0,-805356000.0,0.0,148401000.0,-5213000.0,49704000.0,49704000.0,49704000.0,0.0,357000.0,0.073,143684000.0,83145000.0,229828000.0,0.353,3.247,17.816,17.744,305055000.0,0.0,67.25,1.507,1.5,608546000.0,1403202000.0,681468000.0,681468000.0,0.0,,,,,6501000.0,143684000.0,1.0,58150981.0,58158000,58989000.0,11.718,1901368000.0,218385000.0,30517000.0,78103000.0,32.693,480190000.0
31,CR,MRQ,2013-09-30,2013-09-30,2013-09-30,2021-09-07,-113121000.0,2858145000.0,,1220198000.0,1637947000.0,,18.927,-6892000.0,403404000.0,403404000.0,421317000.0,57483000.0,2.059,1.59,323892000.0,124672000.0,199220000.0,323892000.0,0.0,12435000.0,0.0,0.018,0.3,88538000.0,100973000.0,0.158,100973000.0,88538000.0,81850000.0,0.98,0.97,0.98,1099509000.0,,1099509000.0,3574224211.0,10.0,9.081,73562000.0,1.266,1.0,216198000.0,0.339,926065000.0,6688000.0,1259840000.0,,361026000.0,0.0,0.0,0.0,1748669000.0,592728000.0,1155941000.0,3581539211.0,-17514000.0,0.0,4041000.0,-89708000.0,-17440000.0,-102242000.0,-6892000.0,0.0,80454000.0,11166000.0,57131000.0,57131000.0,57131000.0,0.0,352000.0,0.09,127189000.0,89009000.0,175731000.0,0.306,3.257,16.624,16.489,259551000.0,0.0,61.67,1.408,1.408,564023000.0,1370949000.0,637515000.0,637515000.0,0.0,,,,,5913000.0,127189000.0,1.0,58075875.0,58093000,59035000.0,10.974,1932080000.0,245642000.0,24719000.0,47019000.0,33.258,627470000.0
32,CR,MRQ,2013-06-30,2013-06-30,2013-06-30,2021-09-07,-145679000.0,2872400000.0,,1231153000.0,1641247000.0,,17.552,-6475000.0,420918000.0,420918000.0,426025000.0,55414000.0,2.661,1.817,413603000.0,14422000.0,399181000.0,413603000.0,0.0,13014000.0,0.0,0.019,0.28,89231000.0,102245000.0,0.158,102245000.0,89231000.0,81986000.0,0.95,0.93,0.95,1016405000.0,,1016405000.0,3481156622.0,10.0,8.846,24473000.0,0.423,1.0,222721000.0,0.343,917037000.0,7245000.0,1485374000.0,,358471000.0,0.0,0.0,0.0,1846455000.0,462674000.0,1383781000.0,3465531622.0,36279000.0,0.0,9653000.0,12905000.0,-16194000.0,8358000.0,-6475000.0,0.0,30948000.0,3448000.0,54874000.0,54874000.0,54874000.0,0.0,540000.0,0.085,133875000.0,88846000.0,168191000.0,0.295,3.41,16.086,15.936,257793000.0,0.0,59.92,1.358,1.36,567120000.0,1331258000.0,648746000.0,648746000.0,0.0,,,,,5007000.0,133875000.0,1.0,57835975.0,57908000,58828000.0,11.203,1955363000.0,254246000.0,27112000.0,36676000.0,33.767,768479000.0
33,CR,MRQ,2013-03-31,2013-03-31,2013-03-31,2021-09-07,-145883000.0,2850103000.0,,1185116000.0,1664987000.0,,16.774,-5277000.0,384639000.0,384639000.0,409819000.0,57942000.0,2.584,1.947,400264000.0,1127000.0,399137000.0,400264000.0,0.0,12710000.0,0.0,0.02,0.28,87261000.0,99971000.0,0.159,99971000.0,87261000.0,80543000.0,1.01,0.99,1.01,964139000.0,,964139000.0,3179599640.0,9.0,8.034,-25680000.0,-0.447,1.0,217752000.0,0.347,922482000.0,6718000.0,1484571000.0,,359623000.0,0.0,0.0,0.0,1876810000.0,458675000.0,1418135000.0,3203331640.0,-39308000.0,0.0,10389000.0,0.0,-16144000.0,-2827000.0,-5277000.0,0.0,-20403000.0,-10801000.0,57791000.0,57791000.0,57791000.0,0.0,151000.0,0.092,130852000.0,86900000.0,174182000.0,0.277,3.322,14.357,14.36,260313000.0,0.0,55.86,1.251,1.254,565633000.0,1292618000.0,627571000.0,627571000.0,0.0,,,,,5379000.0,130852000.0,1.0,57345715.0,57479000,58389000.0,10.918,1927621000.0,257143000.0,22752000.0,48367000.0,33.536,726441000.0
34,CR,MRQ,2012-12-31,2012-12-31,2012-12-31,2021-09-07,-128077000.0,2889878000.0,,1180521000.0,1709357000.0,,16.09,-5180000.0,423947000.0,423947000.0,418084000.0,45971000.0,2.306,2.137,400215000.0,1123000.0,399092000.0,400215000.0,0.0,14141000.0,0.0,0.023,0.28,76262000.0,90403000.0,0.144,90403000.0,76262000.0,69545000.0,0.8,0.79,0.8,918383000.0,,918383000.0,2754110742.0,8.0,7.071,150323000.0,2.634,1.0,211704000.0,0.336,939705000.0,6717000.0,1414553000.0,,352725000.0,0.0,0.0,0.0,1962502000.0,511888000.0,1450614000.0,2634484742.0,143411000.0,480000.0,4630000.0,0.0,-15976000.0,-10976000.0,-4700000.0,0.0,155503000.0,3584000.0,45644000.0,45644000.0,45644000.0,1000.0,327000.0,0.072,135521000.0,76183000.0,182731000.0,0.35,2.869,12.141,12.243,268283000.0,0.0,46.28,1.021,1.031,538804000.0,1250972000.0,629788000.0,629788000.0,0.0,,,,,4459000.0,131965000.0,1.0,56924908.0,57077000,57867000.0,11.034,1950173000.0,267461000.0,23901000.0,52539000.0,34.167,668633000.0
35,CR,MRQ,2012-09-30,2012-09-30,2012-09-30,2021-09-07,-82311000.0,2872512000.0,,1132477000.0,1740035000.0,,16.179,-5768000.0,280536000.0,280536000.0,426148000.0,57307000.0,2.173,2.099,400162000.0,1114000.0,399048000.0,400162000.0,0.0,13174000.0,0.0,0.027,0.28,87740000.0,100914000.0,0.156,100914000.0,87740000.0,81122000.0,1.0,0.99,1.0,924165000.0,,924165000.0,2437906179.0,39.0,20.074,57383000.0,1.005,1.0,219833000.0,0.34,941781000.0,6618000.0,1529093000.0,,366845000.0,0.0,0.0,0.0,1939760000.0,521264000.0,1418496000.0,2290100179.0,28237000.0,934000.0,-20000000.0,0.0,-15923000.0,-35968000.0,-4834000.0,0.0,63151000.0,5888000.0,57125000.0,57125000.0,57125000.0,-901000.0,182000.0,0.088,133249000.0,86584000.0,173328000.0,0.28,2.478,49.548,48.695,271384000.0,0.0,39.93,0.891,0.888,619297000.0,1221304000.0,645981000.0,645981000.0,0.0,,,,,4402000.0,133089000.0,1.0,57352872.0,57123000,57873000.0,11.309,1930731000.0,283773000.0,23997000.0,71163000.0,33.8,611213000.0
36,CR,MRQ,2012-06-30,2012-06-30,2012-06-30,2021-09-07,-84946000.0,2861528000.0,,1114051000.0,1747477000.0,,15.507,-4929000.0,252299000.0,252299000.0,436095000.0,62747000.0,2.143,2.185,400105000.0,1102000.0,399003000.0,400105000.0,0.0,15274000.0,0.0,0.029,0.26,89204000.0,104478000.0,0.159,104478000.0,89204000.0,82419000.0,1.08,1.07,1.08,895742000.0,,895742000.0,2343445566.0,41.0,19.844,53980000.0,0.935,1.0,221591000.0,0.337,937636000.0,6785000.0,1551757000.0,,363933000.0,0.0,0.0,0.0,1957025000.0,519941000.0,1437084000.0,2139553566.0,56439000.0,52665000.0,-29991000.0,318000.0,-14985000.0,-44327000.0,47736000.0,0.0,58909000.0,-5879000.0,62562000.0,62562000.0,62562000.0,-19909000.0,185000.0,0.095,152214000.0,69377000.0,180809000.0,0.241,2.389,51.388,49.836,273640000.0,0.0,36.38,0.832,0.818,634568000.0,1180100000.0,657686000.0,657686000.0,0.0,,,,,4451000.0,137467000.0,1.0,58811258.0,57762000,58614000.0,11.386,1923892000.0,293755000.0,19857000.0,68953000.0,33.307,594110000.0
37,CR,MRQ,2012-03-31,2012-03-31,2012-03-31,2021-09-07,-70721000.0,2850413000.0,,1049210000.0,1801203000.0,,15.326,-6993000.0,195860000.0,195860000.0,429625000.0,51796000.0,2.151,2.203,399752000.0,794000.0,398958000.0,399752000.0,0.0,14674000.0,0.0,0.021,0.26,79033000.0,93707000.0,0.145,93707000.0,79033000.0,72322000.0,0.89,0.88,0.89,887193000.0,,887193000.0,2956848154.0,63.0,27.121,-49800000.0,-0.86,1.0,215988000.0,0.335,970189000.0,6711000.0,1596309000.0,,368495000.0,0.0,0.0,0.0,1954557000.0,487807000.0,1466750000.0,2801911154.0,-49229000.0,0.0,8426000.0,-318000.0,-15090000.0,-4035000.0,-6993000.0,0.0,-42807000.0,4606000.0,51662000.0,51662000.0,51662000.0,-822000.0,134000.0,0.08,137691000.0,78297000.0,184319000.0,0.292,3.158,94.948,93.269,284289000.0,0.0,48.5,1.101,1.103,625692000.0,1132524000.0,645613000.0,645613000.0,0.0,,,,,4007000.0,137691000.0,1.0,57771364.0,57889000,58880000.0,11.153,1880224000.0,302682000.0,20660000.0,57409000.0,32.48,561403000.0
38,CR,MRQ,2011-12-31,2011-12-31,2011-12-31,2021-09-07,-93512000.0,2843531000.0,,1032232000.0,1811299000.0,,14.057,-6961000.0,245089000.0,245089000.0,659597000.0,-124805000.0,1.936,2.485,400026000.0,1112000.0,398914000.0,400026000.0,0.0,15735000.0,0.0,0.021,0.26,-193390000.0,-177655000.0,-0.287,-177655000.0,-193390000.0,-200120000.0,-2.15,-2.11,-2.15,813553000.0,,813553000.0,2904991360.0,65.0,27.034,77857000.0,1.345,1.0,-39793000.0,-0.064,967051000.0,6730000.0,1498322000.0,,360689000.0,0.0,0.0,0.0,2021475000.0,533095000.0,1488380000.0,2716553360.0,33906000.0,-996000.0,-26705000.0,333000.0,-15035000.0,-41016000.0,-7957000.0,0.0,84818000.0,-1939000.0,-125129000.0,-125129000.0,-125129000.0,-877000.0,324000.0,-0.202,154212000.0,-194005000.0,194158000.0,-0.121,3.339,103.232,103.8,284146000.0,0.0,46.71,1.086,1.086,574547000.0,1095953000.0,619804000.0,619804000.0,0.0,,,,,3840000.0,123885000.0,1.0,58157854.0,57874000,58826000.0,10.71,1876480000.0,312513000.0,-74991000.0,51833000.0,32.424,499137000.0
39,CR,MRQ,2011-09-30,2011-09-30,2011-09-30,2021-09-07,3679000.0,2734189000.0,,1057777000.0,1676412000.0,,18.491,-9231000.0,211183000.0,211183000.0,428524000.0,52406000.0,1.963,1.54,399621000.0,752000.0,398869000.0,399621000.0,0.0,15581000.0,0.0,0.027,0.26,81980000.0,97561000.0,0.151,97561000.0,81980000.0,75506000.0,0.91,0.89,0.91,1073337000.0,,1073337000.0,2240102567.0,8.0,6.31,40560000.0,0.699,1.0,218564000.0,0.338,974284000.0,6474000.0,1409390000.0,,363751000.0,0.0,0.0,0.0,1652761000.0,538953000.0,1113808000.0,2072178567.0,-20182000.0,-35594000.0,2913000.0,-806000.0,-15098000.0,-12644000.0,-44825000.0,0.0,49791000.0,-12504000.0,52540000.0,52540000.0,52540000.0,-1187000.0,-134000.0,0.081,138274000.0,80290000.0,180917000.0,0.286,1.931,10.859,10.881,289667000.0,0.0,35.69,0.854,0.854,569574000.0,1236117000.0,647088000.0,647088000.0,0.0,,,,,3858000.0,138274000.0,1.0,58060481.0,58048000,59058000.0,11.147,1759905000.0,205552000.0,22966000.0,79882000.0,30.318,518824000.0
40,CR,MRQ,2011-06-30,2011-06-30,2011-06-30,2021-09-07,55544000.0,2770137000.0,,1071868000.0,1698269000.0,,18.582,-10167000.0,231365000.0,231365000.0,415985000.0,50537000.0,2.055,1.555,399289000.0,464000.0,398825000.0,399289000.0,0.0,15853000.0,0.0,0.019,0.23,79560000.0,95413000.0,0.151,95413000.0,79560000.0,73131000.0,0.87,0.85,0.87,1080957000.0,,1080957000.0,3049446572.0,11.0,9.054,21202000.0,0.364,1.0,217204000.0,0.343,977003000.0,6429000.0,1439524000.0,,362113000.0,0.0,0.0,0.0,1680872000.0,521534000.0,1159338000.0,2882912572.0,-1797000.0,0.0,-15528000.0,-454000.0,-13385000.0,-27960000.0,-10167000.0,0.0,31369000.0,4961000.0,50437000.0,50437000.0,50437000.0,-710000.0,100000.0,0.08,138353000.0,78851000.0,180216000.0,0.264,2.667,16.034,16.042,284101000.0,0.0,49.41,1.232,1.228,578360000.0,1198675000.0,633189000.0,633189000.0,0.0,,,,,3771000.0,138353000.0,1.0,58346743.0,58173000,59348000.0,10.885,1793134000.0,213886000.0,22694000.0,69106000.0,30.824,550334000.0
41,CR,MRQ,2011-03-31,2011-03-31,2011-03-31,2021-09-07,43076000.0,2749658000.0,,1045940000.0,1703718000.0,,17.857,-3585000.0,233162000.0,233162000.0,397850000.0,48378000.0,2.067,1.632,399696000.0,916000.0,398780000.0,399696000.0,0.0,15774000.0,0.0,0.018,0.23,76864000.0,92638000.0,0.152,92638000.0,76864000.0,70242000.0,0.83,0.81,0.83,1041580000.0,,1041580000.0,2957563981.0,11.0,9.196,-19751000.0,-0.339,1.0,213170000.0,0.349,979961000.0,6622000.0,1430227000.0,,347813000.0,0.0,0.0,0.0,1700001000.0,506004000.0,1193997000.0,2830784981.0,-39779000.0,1000000.0,-17447000.0,-76000.0,-13474000.0,-27045000.0,-2585000.0,0.0,-16166000.0,6017000.0,48467000.0,48467000.0,48467000.0,0.0,-89000.0,0.079,140310000.0,72860000.0,173798000.0,0.277,2.718,16.71,16.758,283006000.0,0.0,48.43,1.253,1.25,563510000.0,1161653000.0,611020000.0,611020000.0,0.0,,,,,3503000.0,140310000.0,1.0,58451063.0,58330000,59552000.0,10.475,1769697000.0,220572000.0,21775000.0,63087000.0,30.339,539936000.0
42,CR,MRQ,2010-12-31,2010-12-31,2010-12-31,2021-09-07,11518000.0,2706697000.0,,988661000.0,1718036000.0,,16.902,-7254000.0,272941000.0,272941000.0,350155000.0,39240000.0,1.983,1.74,399720000.0,984000.0,398736000.0,399720000.0,0.0,15245000.0,0.0,0.021,0.23,54146000.0,69391000.0,0.13,69391000.0,54146000.0,47426000.0,0.67,0.67,0.67,984944000.0,,984944000.0,2484953971.0,10.0,8.369,66979000.0,1.149,1.0,185345000.0,0.346,972921000.0,6720000.0,1362001000.0,,319077000.0,0.0,0.0,0.0,1713667000.0,498554000.0,1215113000.0,2400402971.0,-42623000.0,-89294000.0,-13975000.0,-440000.0,-13360000.0,-26305000.0,-96548000.0,0.0,74233000.0,5997000.0,39388000.0,39388000.0,39388000.0,-1210000.0,-148000.0,0.074,133508000.0,51837000.0,157051000.0,0.343,2.437,15.57,15.616,280746000.0,0.0,41.07,1.101,1.104,515607000.0,1126630000.0,535500000.0,535500000.0,0.0,,,,,3676000.0,126832000.0,1.0,58446627.0,58274000,59313000.0,9.189,1733776000.0,227788000.0,8038000.0,59909000.0,29.752,490107000.0
43,CR,MRQ,2010-09-30,2010-09-30,2010-09-30,2021-09-07,-5253000.0,2695505000.0,,1070912000.0,1624593000.0,,16.227,-5056000.0,315564000.0,315564000.0,373171000.0,41603000.0,2.206,1.826,400115000.0,1424000.0,398691000.0,400115000.0,0.0,14751000.0,0.0,0.022,0.23,64604000.0,79355000.0,0.142,79355000.0,64604000.0,57866000.0,0.71,0.7,0.71,951016000.0,,951016000.0,2297266062.0,9.0,7.382,-9657000.0,-0.165,1.0,187543000.0,0.334,903074000.0,6738000.0,1391541000.0,,315291000.0,0.0,0.0,0.0,1736369000.0,485441000.0,1250928000.0,2233117062.0,-19965000.0,4615000.0,-16037000.0,834000.0,-13453000.0,-27805000.0,-441000.0,0.0,-4601000.0,12882000.0,41507000.0,41507000.0,41507000.0,0.0,96000.0,0.074,124664000.0,62879000.0,155286000.0,0.324,2.348,13.746,13.647,273487000.0,0.0,37.94,1.02,1.016,553401000.0,1100602000.0,560714000.0,560714000.0,0.0,,,,,3306000.0,124664000.0,1.0,58859174.0,58608000,59525000.0,9.567,1792431000.0,232508000.0,16359000.0,42886000.0,30.583,585471000.0
44,CR,MRQ,2010-06-30,2010-06-30,2010-06-30,2021-09-07,-51783000.0,2666863000.0,,1038410000.0,1628453000.0,,15.079,-4229000.0,335529000.0,335529000.0,361779000.0,40163000.0,2.183,1.994,399678000.0,1032000.0,398646000.0,399678000.0,0.0,15408000.0,0.0,0.026,0.2,64814000.0,80222000.0,0.145,80222000.0,64814000.0,58157000.0,0.68,0.67,0.68,888273000.0,,888273000.0,1864575075.0,8.0,6.181,42857000.0,0.728,1.0,191035000.0,0.346,892849000.0,6657000.0,1362460000.0,,299219000.0,0.0,0.0,0.0,1770855000.0,475703000.0,1295152000.0,1784678075.0,15945000.0,0.0,-2315000.0,-87000.0,-11815000.0,-13639000.0,-4229000.0,0.0,47086000.0,-13273000.0,40041000.0,40041000.0,40041000.0,0.0,122000.0,0.072,125731000.0,65304000.0,152533000.0,0.294,2.009,11.436,11.315,274232000.0,0.0,30.21,0.819,0.817,523261000.0,1072548000.0,552814000.0,552814000.0,0.0,,,,,3172000.0,125731000.0,1.0,59075739.0,58909000,59894000.0,9.384,1774014000.0,244777000.0,18116000.0,40076000.0,30.114,562707000.0
45,CR,MRQ,2010-03-31,2010-03-31,2010-03-31,2021-09-07,-11446000.0,2705565000.0,,1035936000.0,1669629000.0,,15.331,-4119000.0,319584000.0,319584000.0,352271000.0,33184000.0,2.199,2.0,399481000.0,879000.0,398602000.0,399481000.0,0.0,14437000.0,0.0,0.023,0.2,53534000.0,67971000.0,0.128,67971000.0,53534000.0,46808000.0,0.57,0.56,0.57,899137000.0,,899137000.0,2105752294.0,9.0,7.45,12699000.0,0.217,1.0,178020000.0,0.336,909084000.0,6726000.0,1405306000.0,,296708000.0,0.0,0.0,0.0,1798689000.0,471072000.0,1327617000.0,2078831294.0,-53130000.0,-51167000.0,4714000.0,-3046000.0,-11743000.0,-9684000.0,-55286000.0,0.0,16818000.0,-4978000.0,33234000.0,33234000.0,33234000.0,0.0,-50000.0,0.063,124740000.0,53280000.0,155966000.0,0.351,2.312,14.458,14.431,285715000.0,0.0,35.5,0.957,0.959,547398000.0,1044322000.0,530291000.0,530291000.0,0.0,,,,,3172000.0,124740000.0,1.0,58558628.0,58650000,59570000.0,9.042,1796481000.0,249076000.0,13574000.0,34887000.0,30.631,564864000.0
46,CR,MRQ,2009-12-31,2009-12-31,2009-12-31,2021-09-07,5130000.0,2712898000.0,,1046346000.0,1666552000.0,,15.14,-5645000.0,372714000.0,372714000.0,349002000.0,47693000.0,2.242,2.054,399635000.0,1078000.0,398557000.0,399635000.0,0.0,14347000.0,0.0,0.026,0.2,69313000.0,83660000.0,0.154,83660000.0,69313000.0,62544000.0,0.82,0.81,0.82,885762000.0,,885762000.0,1885510114.0,9.0,6.982,57644000.0,0.985,1.0,196002000.0,0.36,880709000.0,6769000.0,1392328000.0,,284552000.0,0.0,0.0,0.0,1819196000.0,466782000.0,1352414000.0,1790833114.0,67826000.0,17864000.0,1369000.0,-109000.0,-11704000.0,-10351000.0,12219000.0,0.0,63289000.0,2669000.0,47671000.0,47671000.0,47671000.0,0.0,22000.0,0.087,126562000.0,69440000.0,142390000.0,0.244,2.022,13.379,13.371,285224000.0,0.0,30.62,0.815,0.815,530767000.0,1022838000.0,545004000.0,545004000.0,0.0,,,,,2464000.0,121319000.0,1.0,58485732.0,58506000,59139000.0,9.315,1832189000.0,263242000.0,14873000.0,33728000.0,31.316,579564000.0
47,CR,MRQ,2009-09-30,2009-09-30,2009-09-30,2021-09-07,10473000.0,2732385000.0,,1026150000.0,1706235000.0,,14.548,-2826000.0,304888000.0,304888000.0,365482000.0,35153000.0,2.2,2.202,399565000.0,952000.0,398613000.0,399565000.0,0.0,14025000.0,0.0,0.031,0.2,55761000.0,69786000.0,0.127,69786000.0,55761000.0,48940000.0,0.6,0.6,0.6,850678000.0,,850678000.0,1676509744.0,13.0,9.174,77160000.0,1.32,1.0,185228000.0,0.336,896795000.0,6821000.0,1463927000.0,,303243000.0,0.0,0.0,0.0,1873331000.0,466340000.0,1406991000.0,1509242744.0,71914000.0,0.0,-546000.0,-960000.0,-11695000.0,-13070000.0,-2826000.0,0.0,79986000.0,7824000.0,35108000.0,35108000.0,35108000.0,0.0,45000.0,0.064,129775000.0,55453000.0,142861000.0,0.333,1.774,19.38,19.261,284715000.0,0.0,25.81,0.674,0.674,571506000.0,986924000.0,550710000.0,550710000.0,0.0,,,,,2266000.0,129775000.0,1.0,58475116.0,58472000,58842000.0,9.418,1835590000.0,268961000.0,13832000.0,31060000.0,31.393,559810000.0
48,CR,MRQ,2009-06-30,2009-06-30,2009-06-30,2021-09-07,-15710000.0,2713467000.0,,988531000.0,1724936000.0,,13.674,-6836000.0,232974000.0,232974000.0,369537000.0,27805000.0,2.122,2.384,400241000.0,805000.0,399436000.0,400241000.0,0.0,14779000.0,0.0,0.036,0.2,46448000.0,61227000.0,0.112,61227000.0,46448000.0,39668000.0,0.47,0.47,0.47,799354000.0,,799354000.0,1499494511.0,12.0,8.107,23519000.0,0.402,1.0,175954000.0,0.323,891407000.0,6780000.0,1523483000.0,,333660000.0,0.0,0.0,0.0,1905850000.0,465844000.0,1440006000.0,1303779511.0,22659000.0,0.0,884000.0,-6089000.0,-11696000.0,-16901000.0,-6836000.0,0.0,30355000.0,16041000.0,27767000.0,27767000.0,27767000.0,0.0,38000.0,0.051,130462000.0,45492000.0,143278000.0,0.426,1.631,16.535,16.649,289807000.0,0.0,22.31,0.559,0.559,585998000.0,963452000.0,545491000.0,545491000.0,0.0,,,,,2374000.0,130462000.0,1.0,58439243.0,58459000,58728000.0,9.331,1822060000.0,282077000.0,11901000.0,30298000.0,31.168,522687000.0
49,CR,MRQ,2009-03-31,2009-03-31,2009-03-31,2021-09-07,-66030000.0,2700067000.0,,989587000.0,1710480000.0,,12.494,-8271000.0,210315000.0,210315000.0,382010000.0,23430000.0,1.984,2.686,406030000.0,7507000.0,398523000.0,406030000.0,0.0,15053000.0,0.0,0.046,0.2,40319000.0,55372000.0,0.1,55372000.0,40319000.0,33549000.0,0.4,0.4,0.4,730306000.0,,730306000.0,1169752828.0,7.0,5.103,7113000.0,0.122,1.0,173129000.0,0.312,874867000.0,6770000.0,1522099000.0,,352056000.0,0.0,0.0,0.0,1961845000.0,498816000.0,1463029000.0,986491828.0,-21525000.0,0.0,-637000.0,-9316000.0,-11688000.0,-21641000.0,-8271000.0,0.0,15384000.0,-6997000.0,23311000.0,23311000.0,23311000.0,0.0,119000.0,0.042,135245000.0,37884000.0,156917000.0,0.5,1.351,8.961,9.075,287798000.0,0.0,16.88,0.398,0.398,604852000.0,947381000.0,555139000.0,555139000.0,0.0,,,,,2062000.0,135245000.0,1.0,58441459.0,58453000,58543000.0,9.497,1825200000.0,223250000.0,10238000.0,22761000.0,31.225,490771000.0
50,CR,MRQ,2008-12-31,2008-12-31,2008-12-31,2021-09-07,-45131000.0,2774488000.0,,1021240000.0,1753248000.0,,12.506,-10335000.0,231840000.0,231840000.0,408476000.0,-8208000.0,1.896,2.749,415101000.0,16622000.0,398479000.0,415101000.0,0.0,13197000.0,0.0,0.044,0.2,-16844000.0,-3647000.0,-0.006,-3647000.0,-16844000.0,-23407000.0,-0.13,-0.12,-0.13,738062000.0,,738062000.0,1152432722.0,5.0,4.319,50593000.0,0.857,1.0,180803000.0,0.307,887933000.0,6563000.0,1531152000.0,,349926000.0,0.0,0.0,0.0,2028667000.0,538664000.0,1490003000.0,1031407722.0,-46591000.0,-48518000.0,-59750000.0,-1782000.0,-11682000.0,-32606000.0,-58853000.0,0.0,60928000.0,-16060000.0,-8311000.0,-8311000.0,-8311000.0,0.0,103000.0,-0.014,199552000.0,-18749000.0,182147000.0,-1.538,1.397,7.631,7.595,290814000.0,0.0,17.24,0.396,0.395,636223000.0,935460000.0,589279000.0,589279000.0,0.0,,,,,2880000.0,134507000.0,1.0,59826434.0,59016000,59110000.0,9.985,1886555000.0,283622000.0,-15096000.0,24951000.0,31.967,482576000.0
51,CR,MRQ,2008-09-30,2008-09-30,2008-09-30,2021-09-07,107088000.0,2865121000.0,,1104268000.0,1760853000.0,,15.513,-12973000.0,278431000.0,278431000.0,434382000.0,35974000.0,2.133,2.08,399456000.0,1022000.0,398434000.0,399456000.0,0.0,14270000.0,0.0,0.025,0.2,57747000.0,72017000.0,0.112,72017000.0,57747000.0,51694000.0,0.6,0.6,0.6,927848000.0,,927848000.0,1857210748.0,6.0,5.151,27994000.0,0.468,1.0,208296000.0,0.324,885020000.0,6053000.0,1583416000.0,,368530000.0,0.0,0.0,0.0,1929462000.0,517710000.0,1411752000.0,1776720748.0,-43117000.0,-27877000.0,-387000.0,-2631000.0,-11965000.0,-14495000.0,-40850000.0,0.0,40967000.0,-28739000.0,36082000.0,36082000.0,36082000.0,0.0,-108000.0,0.056,153678000.0,54618000.0,195787000.0,0.333,1.915,9.416,9.432,293606000.0,0.0,29.71,0.663,0.663,669467000.0,951636000.0,642678000.0,642678000.0,0.0,,,,,3462000.0,153678000.0,1.0,59802112.0,59811000,60485000.0,10.745,1980101000.0,187189000.0,15612000.0,34087000.0,33.106,586558000.0
52,CR,MRQ,2008-06-30,2008-06-30,2008-06-30,2021-09-07,175557000.0,2937729000.0,,1152806000.0,1784923000.0,,16.223,-11553000.0,321548000.0,321548000.0,455647000.0,58720000.0,2.251,2.024,402038000.0,3648000.0,398390000.0,402038000.0,0.0,14712000.0,0.0,0.019,0.18,90785000.0,105497000.0,0.152,105497000.0,90785000.0,84107000.0,0.99,0.97,0.99,968641000.0,,968641000.0,2411546850.0,-35.0,-299.645,33815000.0,0.566,1.0,237835000.0,0.343,890085000.0,6678000.0,1615946000.0,,358328000.0,0.0,0.0,0.0,1960762000.0,512188000.0,1448574000.0,2298316850.0,26820000.0,1553000.0,5535000.0,-5995000.0,-10761000.0,-10428000.0,-10000000.0,0.0,45368000.0,1880000.0,59009000.0,59009000.0,59009000.0,0.0,-289000.0,0.085,151564000.0,86271000.0,191426000.0,0.182,2.373,-51.839,-52.068,293013000.0,0.0,38.53,0.85,0.851,696308000.0,926120000.0,693482000.0,693482000.0,0.0,,,,,3370000.0,151564000.0,1.0,59650061.0,59707000,60581000.0,11.615,2047644000.0,192288000.0,25098000.0,42413000.0,34.295,640618000.0
53,CR,MRQ,2008-03-31,2008-03-31,2008-03-31,2021-09-07,174762000.0,2907652000.0,,1104418000.0,1803234000.0,,15.165,-8404000.0,294728000.0,294728000.0,452531000.0,48378000.0,2.143,1.618,407958000.0,9613000.0,398345000.0,407958000.0,0.0,14983000.0,0.0,0.017,0.18,77963000.0,92946000.0,0.137,92946000.0,77963000.0,71458000.0,0.81,0.79,0.81,910491000.0,,910491000.0,2553391380.0,-30.0,-104.922,35725000.0,0.595,1.0,226337000.0,0.333,893308000.0,6505000.0,1612284000.0,,344563000.0,0.0,0.0,0.0,1473402000.0,515290000.0,958112000.0,2437912380.0,11358000.0,421000.0,3556000.0,9037000.0,-10795000.0,-38095000.0,-7983000.0,0.0,44129000.0,13307000.0,48378000.0,48378000.0,48378000.0,0.0,0.0,0.071,150988000.0,75349000.0,197936000.0,0.222,2.678,-42.318,-42.031,292029000.0,0.0,40.35,0.913,0.907,701332000.0,876075000.0,678868000.0,678868000.0,0.0,,,,,3615000.0,150988000.0,1.0,60419142.0,60040000,60955000.0,11.307,2014344000.0,199373000.0,23080000.0,34884000.0,33.55,589128000.0
54,CR,MRQ,2007-12-31,2007-12-31,2007-12-31,2021-09-07,154077000.0,2877292000.0,,1037622000.0,1839670000.0,,14.716,23070000.0,283370000.0,283370000.0,844747000.0,45334000.0,2.102,2.252,398849000.0,548000.0,398301000.0,398849000.0,0.0,16570000.0,0.0,0.015,0.18,73500000.0,90070000.0,0.135,90070000.0,73500000.0,66710000.0,0.75,0.75,0.75,884803000.0,,884803000.0,2840053895.0,-31.0,-94.101,109585000.0,1.823,1.0,-178784000.0,-0.268,894700000.0,6790000.0,1604519000.0,,327719000.0,0.0,0.0,0.0,1992489000.0,493552000.0,1498937000.0,2579013895.0,121122000.0,-332000.0,-45046000.0,-24184000.0,-10823000.0,-27155000.0,55734000.0,32996000.0,86515000.0,6028000.0,45227000.0,45227000.0,45227000.0,0.0,107000.0,0.068,-243549000.0,64765000.0,177978000.0,0.24,2.915,-41.369,-41.25,289683000.0,0.0,42.9,0.985,0.983,685333000.0,845864000.0,665963000.0,665963000.0,0.0,,,,,4074000.0,146772000.0,1.0,60116874.0,60124000,60124000.0,11.076,1982592000.0,254784000.0,21483000.0,32611000.0,32.975,544070000.0
55,CR,MRQ,2007-09-30,2007-09-30,2007-09-30,2021-09-07,121760000.0,2915297000.0,,988938000.0,1926359000.0,,13.462,-11207000.0,162248000.0,162248000.0,445603000.0,-196950000.0,1.874,2.606,423288000.0,25032000.0,398256000.0,423288000.0,0.0,13672000.0,0.0,0.013,0.18,-310233000.0,-296561000.0,-0.447,-296561000.0,-310233000.0,-317078000.0,-3.29,-3.29,-3.29,806154000.0,,806154000.0,3137624519.0,-29.0,-67.551,64354000.0,1.075,1.0,218490000.0,0.329,890041000.0,6845000.0,1758464000.0,,343079000.0,0.0,0.0,0.0,2101156000.0,527832000.0,1573324000.0,2873571519.0,27173000.0,-63306000.0,2958000.0,23889000.0,-10789000.0,18012000.0,-74513000.0,0.0,75561000.0,8113000.0,-196950000.0,-196950000.0,-196950000.0,0.0,0.0,-0.297,531107000.0,-312617000.0,193934000.0,-0.055,3.565,-41.295,-40.653,295520000.0,0.0,47.97,1.134,1.133,741564000.0,809527000.0,664093000.0,664093000.0,0.0,,,,,3797000.0,140957000.0,1.0,59903513.0,59884000,59884000.0,11.09,2025256000.0,299704000.0,-120128000.0,13104000.0,33.82,461106000.0
56,CR,MRQ,2007-06-30,2007-06-30,2007-06-30,2021-09-07,93950000.0,2486663000.0,,940203000.0,1546460000.0,,16.317,-14664000.0,135075000.0,135075000.0,452273000.0,45736000.0,1.947,1.55,399128000.0,917000.0,398211000.0,399128000.0,0.0,15492000.0,0.0,0.013,0.15,73717000.0,89209000.0,0.135,89209000.0,73717000.0,66816000.0,0.77,0.75,0.77,975241000.0,,975241000.0,2986423463.0,11.0,8.9,19204000.0,0.321,1.0,208624000.0,0.316,837773000.0,6901000.0,1430134000.0,,331384000.0,0.0,0.0,0.0,1511422000.0,482809000.0,1028613000.0,2716919463.0,1154000.0,150000.0,7531000.0,-10430000.0,-8989000.0,-20451000.0,-14514000.0,0.0,33868000.0,2251000.0,45736000.0,45736000.0,45736000.0,0.0,0.0,0.069,136827000.0,71797000.0,184850000.0,0.195,2.786,15.668,15.892,282040000.0,0.0,45.45,1.114,1.114,554264000.0,1015376000.0,660897000.0,660897000.0,0.0,,,,,3072000.0,136827000.0,1.0,59778206.0,59767000,60882000.0,11.058,1648890000.0,164962000.0,21080000.0,22024000.0,27.589,457394000.0
57,CR,MRQ,2007-03-31,2007-03-31,2007-03-31,2021-09-07,78639000.0,2442957000.0,,904193000.0,1538764000.0,,15.323,4069000.0,133921000.0,133921000.0,423683000.0,43645000.0,1.881,1.648,403425000.0,11310000.0,392115000.0,403425000.0,0.0,15576000.0,0.0,0.014,0.15,71525000.0,87101000.0,0.139,87101000.0,71525000.0,64657000.0,0.72,0.71,0.72,922578000.0,,922578000.0,2711725525.0,10.0,8.235,40958000.0,0.68,1.0,204534000.0,0.326,828225000.0,6868000.0,1403460000.0,,327623000.0,0.0,0.0,0.0,1520379000.0,480776000.0,1039603000.0,2449067525.0,-4686000.0,-5000.0,-387000.0,1733000.0,-9050000.0,-47015000.0,4064000.0,0.0,36889000.0,1376000.0,43645000.0,43645000.0,43645000.0,0.0,0.0,0.069,136135000.0,68399000.0,172479000.0,0.208,2.655,14.228,14.333,276683000.0,0.0,40.42,1.049,1.042,543132000.0,976481000.0,628217000.0,628217000.0,0.0,,,,,4304000.0,136135000.0,1.0,60590488.0,60209000,61207000.0,10.434,1614732000.0,164297000.0,21012000.0,32436000.0,26.819,423417000.0
58,CR,MRQ,2006-12-31,2006-12-31,2006-12-31,2021-09-07,73175000.0,2436846000.0,,880409000.0,1556437000.0,,15.108,-3073000.0,138607000.0,138607000.0,399655000.0,37982000.0,1.906,1.653,407627000.0,9505000.0,398122000.0,407627000.0,0.0,15229000.0,0.0,0.015,0.15,58574000.0,73803000.0,0.127,73803000.0,58574000.0,51827000.0,0.62,0.61,0.62,918603000.0,,918603000.0,2503290492.0,10.0,7.906,75706000.0,1.245,1.0,181997000.0,0.313,827480000.0,6747000.0,1416460000.0,,313259000.0,0.0,0.0,0.0,1518243000.0,461926000.0,1056317000.0,2235958492.0,39530000.0,-47903000.0,-57734000.0,34260000.0,-9131000.0,5007000.0,-50976000.0,0.0,78779000.0,6720000.0,37982000.0,37982000.0,37982000.0,0.0,0.0,0.065,128530000.0,53467000.0,161270000.0,0.242,2.434,13.479,13.471,289555000.0,0.0,36.64,0.991,0.989,553046000.0,946077000.0,581652000.0,581652000.0,0.0,,,,,3595000.0,128530000.0,1.0,61025068.0,60801000,61836000.0,9.566,1609366000.0,204059000.0,13845000.0,114023000.0,26.469,418483000.0
59,CR,MRQ,2006-09-30,2006-09-30,2006-09-30,2021-09-07,64579000.0,2331309000.0,,795372000.0,1535937000.0,,14.625,-4848000.0,99077000.0,99077000.0,378054000.0,46043000.0,1.868,1.609,366409000.0,315000.0,366094000.0,366409000.0,0.0,12259000.0,0.0,0.013,0.15,73176000.0,85435000.0,0.15,85435000.0,73176000.0,67932000.0,0.75,0.74,0.75,893704000.0,,893704000.0,2750659657.0,11.0,8.847,30806000.0,0.504,1.0,189650000.0,0.334,831282000.0,5244000.0,1341479000.0,,301963000.0,0.0,0.0,0.0,1437605000.0,425880000.0,1011725000.0,2556602657.0,-1087000.0,-85461000.0,1963000.0,71621000.0,-9173000.0,52711000.0,-90309000.0,0.0,35654000.0,857000.0,46043000.0,46043000.0,46043000.0,0.0,0.0,0.081,118487000.0,71163000.0,155557000.0,0.2,2.861,15.663,15.597,267236000.0,0.0,41.8,1.172,1.171,557491000.0,915629000.0,567704000.0,567704000.0,0.0,,,,,3169000.0,118487000.0,1.0,61162743.0,61110000,62226000.0,9.29,1500027000.0,38426000.0,21889000.0,28984000.0,24.546,369492000.0
60,CR,MRQ,2006-06-30,2006-06-30,2006-06-30,2021-09-07,62841000.0,2242133000.0,,770743000.0,1471390000.0,,14.14,-6993000.0,100164000.0,100164000.0,376423000.0,44463000.0,1.916,1.6,294221000.0,188000.0,294033000.0,294221000.0,0.0,11532000.0,0.0,0.012,0.125,71415000.0,82947000.0,0.149,82947000.0,71415000.0,65919000.0,0.73,0.71,0.73,862464000.0,,862464000.0,2725391869.0,11.0,9.079,43287000.0,0.71,1.0,181728000.0,0.326,759516000.0,5496000.0,1274322000.0,,284206000.0,0.0,0.0,0.0,1379669000.0,402352000.0,977317000.0,2528087869.0,3663000.0,-37847000.0,10247000.0,-74000.0,-7669000.0,-5395000.0,-44840000.0,0.0,50280000.0,3618000.0,44463000.0,44463000.0,44463000.0,0.0,0.0,0.08,115638000.0,66090000.0,153964000.0,0.171,2.931,16.079,16.0,260928000.0,0.0,41.6,1.184,1.188,552740000.0,876762000.0,558151000.0,558151000.0,0.0,,,,,4037000.0,115638000.0,1.0,60771343.0,60995000,62338000.0,9.151,1482617000.0,39165000.0,21456000.0,19163000.0,24.307,368391000.0
61,CR,MRQ,2006-03-31,2006-03-31,2006-03-31,2021-09-07,37397000.0,2167372000.0,,755058000.0,1412314000.0,,13.008,-7154000.0,96501000.0,96501000.0,371501000.0,37399000.0,1.898,1.744,293805000.0,189000.0,293616000.0,293805000.0,0.0,15265000.0,0.0,0.012,0.125,59184000.0,74449000.0,0.136,74449000.0,59184000.0,53657000.0,0.62,0.61,0.62,789815000.0,,789815000.0,2611403562.0,11.0,9.112,9828000.0,0.162,1.0,177882000.0,0.324,704824000.0,5527000.0,1261968000.0,,284884000.0,0.0,0.0,0.0,1377557000.0,397884000.0,979673000.0,2498293562.0,-83891000.0,-85338000.0,8396000.0,-202000.0,-7623000.0,-9754000.0,-92492000.0,0.0,16982000.0,1373000.0,37399000.0,37399000.0,37399000.0,0.0,0.0,0.068,120667000.0,57215000.0,150690000.0,0.202,3.163,16.831,16.603,265104000.0,0.0,41.01,1.188,1.184,537896000.0,837995000.0,549383000.0,549383000.0,0.0,,,,,4082000.0,120667000.0,1.0,60919131.0,60718000,61801000.0,9.048,1462548000.0,43455000.0,16258000.0,24135000.0,24.088,357174000.0
62,CR,MRQ,2005-12-31,2005-12-31,2005-12-31,2021-09-07,31090000.0,2139486000.0,,798395000.0,1341091000.0,,12.506,-4760000.0,180392000.0,180392000.0,347629000.0,35323000.0,2.003,1.84,293502000.0,254000.0,293248000.0,293502000.0,0.0,11502000.0,0.0,0.013,0.125,56584000.0,68086000.0,0.134,68086000.0,56584000.0,51193000.0,0.58,0.58,0.58,753294000.0,,753294000.0,2305276891.0,11.0,8.636,72615000.0,1.206,1.0,158708000.0,0.313,629090000.0,5391000.0,1224917000.0,,272354000.0,0.0,0.0,0.0,1386192000.0,398589000.0,987603000.0,2124617891.0,66788000.0,-1666000.0,7990000.0,-1427000.0,-7533000.0,-970000.0,-6426000.0,0.0,77375000.0,-3191000.0,35323000.0,35323000.0,35323000.0,0.0,0.0,0.07,103593000.0,55115000.0,149647000.0,0.216,2.82,15.618,15.537,263791000.0,0.0,35.27,1.031,1.024,514121000.0,814197000.0,506337000.0,506337000.0,0.0,,,,,1252000.0,103593000.0,1.0,60238670.0,60236000,60965000.0,8.406,1510396000.0,157496000.0,15870000.0,19322000.0,25.075,399806000.0
63,CR,MRQ,2005-09-30,2005-09-30,2005-09-30,2021-09-07,45703000.0,2137218000.0,,779107000.0,1358111000.0,,12.139,-6071000.0,113604000.0,113604000.0,356058000.0,40042000.0,1.908,1.938,294263000.0,1330000.0,292933000.0,294263000.0,0.0,11666000.0,0.0,0.014,0.125,63040000.0,74706000.0,0.143,74706000.0,63040000.0,57476000.0,0.67,0.66,0.67,727542000.0,,727542000.0,2015442982.0,8.0,7.097,61129000.0,1.02,1.0,166173000.0,0.318,630472000.0,5564000.0,1279174000.0,,275398000.0,0.0,0.0,0.0,1409676000.0,408231000.0,1001445000.0,1782023982.0,53980000.0,-7157000.0,8758000.0,1009000.0,-7509000.0,2258000.0,-13228000.0,0.0,67200000.0,-2250000.0,40042000.0,40042000.0,40042000.0,0.0,0.0,0.077,104414000.0,61759000.0,144037000.0,0.187,2.449,12.116,12.04,268804000.0,0.0,29.74,0.873,0.874,561145000.0,784871000.0,522231000.0,522231000.0,0.0,,,,,1579000.0,104414000.0,1.0,59920107.0,59936000,60490000.0,8.713,1506746000.0,0.0,17434000.0,36766000.0,25.139,370876000.0
64,CR,MRQ,2005-06-30,2005-06-30,2005-06-30,2021-09-07,48472000.0,2101277000.0,,726504000.0,1374773000.0,,11.533,-4674000.0,59624000.0,59624000.0,363333000.0,35674000.0,1.82,2.057,293043000.0,477000.0,292566000.0,293043000.0,0.0,12499000.0,0.0,0.015,0.1,56843000.0,69342000.0,0.132,69342000.0,56843000.0,51101000.0,0.6,0.59,0.6,687421000.0,,687421000.0,1829656051.0,-14.0,-20.895,38141000.0,0.64,1.0,162286000.0,0.309,628141000.0,5742000.0,1307364000.0,,284902000.0,0.0,0.0,0.0,1413856000.0,399191000.0,1014665000.0,1566782051.0,27047000.0,0.0,115000.0,-2741000.0,-5965000.0,-8591000.0,-4674000.0,0.0,42815000.0,-2503000.0,35674000.0,35674000.0,35674000.0,0.0,0.0,0.068,107388000.0,54898000.0,148083000.0,0.167,2.279,-15.961,-15.655,271579000.0,0.0,26.3,0.785,0.786,561261000.0,750803000.0,525619000.0,525619000.0,0.0,,,,,1920000.0,107388000.0,1.0,59573462.0,59606000,60091000.0,8.818,1473136000.0,0.0,15427000.0,31435000.0,24.715,327313000.0
65,CR,MRQ,2005-03-31,2005-03-31,2005-03-31,2021-09-07,69708000.0,2107885000.0,,709819000.0,1398066000.0,,11.355,-5320000.0,32577000.0,32577000.0,351641000.0,24998000.0,1.749,2.122,295451000.0,3418000.0,292033000.0,295451000.0,0.0,12344000.0,0.0,0.014,0.1,42473000.0,54817000.0,0.108,54817000.0,42473000.0,36753000.0,0.42,0.42,0.42,675117000.0,,675117000.0,1960734452.0,-14.0,-21.519,-11165000.0,-0.188,1.0,155420000.0,0.307,637884000.0,5720000.0,1327056000.0,,294263000.0,0.0,0.0,0.0,1432768000.0,405819000.0,1026949000.0,1714498452.0,-18150000.0,0.0,1761000.0,-1684000.0,-5955000.0,-5878000.0,-5320000.0,0.0,-5845000.0,-1107000.0,24998000.0,24998000.0,24998000.0,0.0,0.0,0.049,113570000.0,41850000.0,156176000.0,0.238,2.54,-16.711,-16.451,280667000.0,0.0,28.79,0.88,0.878,562116000.0,719463000.0,507061000.0,507061000.0,0.0,,,,,2953000.0,113570000.0,1.0,59551874.0,59455000,60070000.0,8.528,1470001000.0,0.0,11755000.0,27669000.0,24.725,304000000.0
66,CR,MRQ,2004-12-31,2004-12-31,2004-12-31,2021-09-07,80246000.0,2116508000.0,,702806000.0,1413702000.0,,11.217,-4023000.0,50727000.0,50727000.0,288531000.0,46371000.0,1.714,2.189,296963000.0,371000.0,296592000.0,296963000.0,0.0,9572000.0,0.0,0.014,0.1,75560000.0,85132000.0,0.175,85132000.0,75560000.0,70446000.0,0.78,0.78,0.78,663694000.0,,663694000.0,2011408681.0,-14.0,-21.523,42568000.0,0.719,1.0,197072000.0,0.406,643531000.0,5114000.0,1309199000.0,,284291000.0,0.0,0.0,0.0,1452814000.0,410014000.0,1042800000.0,1703099681.0,18528000.0,15320000.0,3052000.0,-40881000.0,-5918000.0,-41926000.0,11297000.0,0.0,46591000.0,2566000.0,46371000.0,46371000.0,46371000.0,0.0,0.0,0.095,136812000.0,60260000.0,161477000.0,0.128,2.566,-16.155,-16.202,287596000.0,0.0,28.84,0.901,0.904,553300000.0,706505000.0,485603000.0,485603000.0,0.0,,,,,4160000.0,96812000.0,1.0,59053387.0,59167000,59167000.0,8.207,1472977000.0,46983000.0,24075000.0,22636000.0,24.895,292792000.0
67,CR,MRQ,2004-09-30,2004-09-30,2004-09-30,2021-09-07,51431000.0,2037928000.0,,754754000.0,1283174000.0,,9.921,-4639000.0,32199000.0,32199000.0,687863000.0,-205206000.0,1.007,2.481,340508000.0,44108000.0,296400000.0,340508000.0,0.0,13355000.0,0.0,0.014,0.1,-310209000.0,-296854000.0,-0.622,-296854000.0,-310209000.0,-316028000.0,-3.48,-3.48,-3.48,585380000.0,,585380000.0,2038001753.0,-12.0,-18.966,29370000.0,0.498,1.0,-210543000.0,-0.441,636401000.0,5819000.0,960551000.0,,278682000.0,0.0,0.0,0.0,1452548000.0,749285000.0,703263000.0,1706254753.0,-6144000.0,673000.0,457000.0,-31233000.0,-5900000.0,-36677000.0,-3966000.0,0.0,34009000.0,490000.0,-205206000.0,-205206000.0,-205206000.0,0.0,0.0,-0.43,100639000.0,-311182000.0,146606000.0,-0.029,2.915,-14.444,-14.388,287340000.0,0.0,28.92,0.931,0.931,293678000.0,664457000.0,477320000.0,477320000.0,0.0,,,,,0.0,100639000.0,1.0,58999127.0,59004000,59004000.0,8.09,1401527000.0,0.0,-110822000.0,48814000.0,23.753,5469000.0
68,CR,MRQ,2004-06-30,2004-06-30,2004-06-30,2021-09-07,45605000.0,1809388000.0,,631895000.0,1177493000.0,,13.326,-5137000.0,38343000.0,38343000.0,324348000.0,31238000.0,1.461,1.293,370090000.0,73824000.0,296266000.0,370090000.0,0.0,14831000.0,0.0,0.013,0.1,50959000.0,65790000.0,0.137,65790000.0,50959000.0,45272000.0,0.53,0.52,0.53,789080000.0,,789080000.0,2203475430.0,12.0,8.897,27329000.0,0.462,1.0,154759000.0,0.323,637919000.0,5687000.0,1070747000.0,,263004000.0,0.0,0.0,0.0,1020308000.0,432469000.0,587839000.0,1868922430.0,-738000.0,0.0,-15869000.0,-5011000.0,-5915000.0,-27570000.0,-5137000.0,0.0,32466000.0,-497000.0,31238000.0,31238000.0,31238000.0,0.0,0.0,0.065,104004000.0,50755000.0,146094000.0,0.189,2.368,16.221,16.18,292080000.0,0.0,31.39,1.049,1.044,298268000.0,874332000.0,479107000.0,479107000.0,0.0,,,,,0.0,104004000.0,1.0,59538784.0,59214000,60042000.0,8.091,1171469000.0,0.0,14034000.0,37901000.0,19.784,199426000.0
69,CR,MRQ,2004-03-31,2004-03-31,2004-03-31,2021-09-07,48728000.0,1798577000.0,,608861000.0,1189716000.0,,13.161,-4970000.0,39081000.0,39081000.0,305926000.0,22177000.0,1.463,1.295,373634000.0,77569000.0,296065000.0,373634000.0,0.0,13798000.0,0.0,0.012,0.1,38682000.0,52480000.0,0.117,52480000.0,38682000.0,32141000.0,0.37,0.37,0.37,783635000.0,,783635000.0,2224228708.0,12.0,9.38,-7072000.0,-0.119,1.0,142380000.0,0.318,639649000.0,6541000.0,1077444000.0,,253683000.0,0.0,0.0,0.0,1014942000.0,416037000.0,598905000.0,1970610708.0,-103437000.0,-50630000.0,-15879000.0,-22743000.0,-5953000.0,-45620000.0,-55600000.0,0.0,-2102000.0,-115000.0,22177000.0,22177000.0,22177000.0,0.0,0.0,0.049,103702000.0,38678000.0,133817000.0,0.27,2.515,17.917,17.838,300054000.0,0.0,33.0,1.154,1.151,280353000.0,855812000.0,448306000.0,448306000.0,0.0,,,,,0.0,103702000.0,1.0,59715476.0,59544000,60418000.0,7.529,1158928000.0,0.0,9964000.0,34174000.0,19.463,192824000.0
70,CR,MRQ,2003-12-31,2003-12-31,2003-12-31,2021-09-07,51034000.0,1811776000.0,,661776000.0,1150000000.0,,13.201,-5464000.0,142518000.0,142518000.0,284986000.0,33665000.0,1.581,1.304,396136000.0,100275000.0,295861000.0,396136000.0,0.0,15328000.0,0.0,0.013,0.1,55800000.0,71128000.0,0.166,71128000.0,55800000.0,48790000.0,0.57,0.56,0.57,786251000.0,,786251000.0,2153371445.0,13.0,9.562,65831000.0,1.105,1.0,143271000.0,0.335,592964000.0,7010000.0,1053856000.0,,235431000.0,0.0,0.0,0.0,1025525000.0,418574000.0,606951000.0,1826669445.0,72064000.0,0.0,3588000.0,2431000.0,-5964000.0,1154000.0,-5464000.0,0.0,71295000.0,5079000.0,33665000.0,33665000.0,33665000.0,0.0,0.0,0.079,90118000.0,53153000.0,116885000.0,0.175,2.323,17.513,17.466,302638000.0,0.0,30.74,1.117,1.116,248492000.0,838678000.0,428257000.0,428257000.0,0.0,,,,,0.0,89518000.0,1.0,59423209.0,59562000,60238000.0,7.19,1218812000.0,23313000.0,15125000.0,29976000.0,20.463,243202000.0
71,CR,MRQ,2003-09-30,2003-09-30,2003-09-30,2021-09-07,27570000.0,1682260000.0,,629038000.0,1053222000.0,,12.269,-4618000.0,70454000.0,70454000.0,288949000.0,28134000.0,1.601,1.312,397156000.0,100847000.0,296309000.0,397156000.0,0.0,13485000.0,0.0,0.017,0.1,44784000.0,58269000.0,0.137,58269000.0,44784000.0,39868000.0,0.47,0.47,0.47,727624000.0,,727624000.0,1748002918.0,40.0,18.289,33237000.0,0.56,1.0,136342000.0,0.321,573594000.0,4916000.0,1042521000.0,,242071000.0,0.0,0.0,0.0,954636000.0,392847000.0,561789000.0,1388235918.0,38396000.0,0.0,1355000.0,9575000.0,-5930000.0,4664000.0,-4618000.0,0.0,37855000.0,495000.0,28134000.0,28134000.0,28134000.0,0.0,0.0,0.066,91572000.0,44770000.0,110805000.0,0.213,1.908,71.455,68.853,302415000.0,0.0,23.41,0.881,0.882,261135000.0,809843000.0,425291000.0,425291000.0,0.0,,,,,0.0,91572000.0,1.0,59300979.0,59305000,59723000.0,7.171,1108666000.0,0.0,11734000.0,39678000.0,18.694,236191000.0
72,CR,MRQ,2003-06-30,2003-06-30,2003-06-30,2021-09-07,24248000.0,1649476000.0,,592447000.0,1057029000.0,,11.814,-6039000.0,32058000.0,32058000.0,274357000.0,26007000.0,1.433,1.355,391825000.0,125451000.0,266374000.0,391825000.0,0.0,12848000.0,0.0,0.018,0.1,42387000.0,55235000.0,0.136,55235000.0,42387000.0,38246000.0,0.44,0.44,0.44,700430000.0,,700430000.0,1552079232.0,48.0,18.65,24918000.0,0.42,1.0,131616000.0,0.324,570538000.0,4141000.0,1025157000.0,,246323000.0,0.0,0.0,0.0,949046000.0,413548000.0,535498000.0,1341466232.0,-12199000.0,-168418000.0,-167000.0,136680000.0,-5929000.0,130413000.0,-174457000.0,0.0,30957000.0,888000.0,26007000.0,26007000.0,26007000.0,0.0,0.0,0.064,88705000.0,42911000.0,113720000.0,0.227,1.915,113.964,107.762,308733000.0,0.0,22.63,0.874,0.874,261475000.0,786534000.0,405973000.0,405973000.0,0.0,,,,,0.0,88705000.0,1.0,59278225.0,59287000,59394000.0,6.848,1078938000.0,0.0,12239000.0,37386000.0,18.199,178899000.0
73,CR,MRQ,2003-03-31,2003-03-31,2003-03-31,2021-09-07,4381000.0,1438561000.0,,536450000.0,902111000.0,,11.112,-6140000.0,44257000.0,44257000.0,257275000.0,16496000.0,1.326,1.18,254870000.0,151200000.0,103670000.0,254870000.0,0.0,12364000.0,0.0,0.023,0.1,28203000.0,40567000.0,0.108,40567000.0,28203000.0,24259000.0,0.28,0.28,0.28,660040000.0,,660040000.0,1252035156.0,37.0,14.874,16481000.0,0.277,1.0,119195000.0,0.317,455942000.0,3944000.0,788616000.0,,221185000.0,0.0,0.0,0.0,778521000.0,404616000.0,373905000.0,1034753156.0,7668000.0,1200000.0,-5164000.0,1032000.0,-5945000.0,-10669000.0,-4940000.0,0.0,22621000.0,656000.0,16496000.0,16496000.0,16496000.0,0.0,0.0,0.044,91016000.0,28179000.0,101673000.0,0.357,1.568,83.942,82.952,273320000.0,0.0,17.42,0.68,0.68,225750000.0,765492000.0,376470000.0,376470000.0,0.0,,,,,0.0,91016000.0,1.0,59400296.0,59400000,59455000.0,6.338,982619000.0,0.0,7763000.0,36869000.0,16.542,131834000.0
74,CR,MRQ,2002-12-31,2002-12-31,2002-12-31,2021-09-07,-788000.0,1413696000.0,,509477000.0,904219000.0,,10.905,-6050000.0,36589000.0,36589000.0,352311000.0,-51209000.0,1.766,1.178,253871000.0,48553000.0,205318000.0,253871000.0,0.0,12784000.0,0.0,0.02,0.1,-71280000.0,-58496000.0,-0.159,-58496000.0,-71280000.0,-75307000.0,-0.85,-0.85,-0.85,649062000.0,,649062000.0,1408304551.0,106.0,22.33,53202000.0,0.894,1.0,14898000.0,0.041,456449000.0,4027000.0,886104000.0,,214689000.0,0.0,0.0,0.0,764634000.0,288425000.0,476209000.0,1186543551.0,3363000.0,-32363000.0,-9487000.0,-8730000.0,-5950000.0,-20959000.0,-38413000.0,0.0,59252000.0,3483000.0,-51209000.0,-51209000.0,-51209000.0,0.0,0.0,-0.139,87278000.0,-72380000.0,91072000.0,-0.118,1.828,-103.646,-104.895,273248000.0,0.0,19.93,0.783,0.785,213850000.0,756801000.0,367209000.0,367209000.0,0.0,,,,,0.0,79605000.0,1.0,59535552.0,59518000,58351000.0,6.17,957247000.0,33444000.0,-24098000.0,22941000.0,16.083,221052000.0
75,CR,MRQ,2002-09-30,2002-09-30,2002-09-30,2021-09-07,-14564000.0,1300945000.0,,519859000.0,781086000.0,,11.657,-5445000.0,33226000.0,33226000.0,273178000.0,20477000.0,1.959,0.866,254987000.0,825000.0,254162000.0,254987000.0,0.0,12632000.0,0.0,0.02,0.1,33284000.0,45916000.0,0.119,45916000.0,33284000.0,29055000.0,0.34,0.34,0.34,697261000.0,,697261000.0,1440920768.0,12.0,8.404,47644000.0,0.797,1.0,112803000.0,0.292,435202000.0,4229000.0,822126000.0,,220040000.0,0.0,0.0,0.0,603684000.0,265378000.0,338306000.0,1181999768.0,11340000.0,-4700000.0,-89000.0,-25753000.0,-5982000.0,-31830000.0,-10145000.0,0.0,53089000.0,226000.0,20477000.0,20477000.0,20477000.0,0.0,0.0,0.053,80864000.0,31939000.0,97071000.0,0.294,1.695,20.46,20.583,264840000.0,0.0,19.76,0.777,0.777,229387000.0,812794000.0,385981000.0,385981000.0,0.0,,,,,0.0,80864000.0,1.0,59817802.0,59815000,60070000.0,6.453,865743000.0,0.0,8578000.0,41366000.0,14.474,254481000.0
76,CR,MRQ,2002-06-30,2002-06-30,2002-06-30,2021-09-07,-13099000.0,1312340000.0,,530868000.0,781472000.0,,11.427,-2356000.0,21886000.0,21886000.0,265969000.0,26563000.0,2.015,0.92,280807000.0,1441000.0,279366000.0,280807000.0,0.0,12372000.0,0.0,0.016,0.1,43817000.0,56189000.0,0.143,56189000.0,43817000.0,39664000.0,0.44,0.44,0.44,683451000.0,,683451000.0,1786185727.0,15.0,9.57,55667000.0,0.931,1.0,125644000.0,0.321,434050000.0,4153000.0,873719000.0,,227121000.0,0.0,0.0,0.0,628889000.0,263492000.0,365397000.0,1516760727.0,8917000.0,-40807000.0,3451000.0,-1833000.0,-5982000.0,-7566000.0,-43163000.0,0.0,58023000.0,1623000.0,26563000.0,26563000.0,26563000.0,0.0,0.0,0.068,82345000.0,43299000.0,98285000.0,0.227,2.219,27.496,27.587,270923000.0,0.0,25.38,0.971,0.972,243603000.0,797386000.0,391613000.0,391613000.0,0.0,,,,,0.0,82345000.0,1.0,59762046.0,59808000,60371000.0,6.548,878290000.0,0.0,13101000.0,44511000.0,14.685,267376000.0
77,CR,MRQ,2002-03-31,2002-03-31,2002-03-31,2021-09-07,-40449000.0,1281028000.0,,519730000.0,761298000.0,,11.095,-6017000.0,12969000.0,12969000.0,255420000.0,-7279000.0,2.048,0.931,282394000.0,2777000.0,279617000.0,282394000.0,0.0,12002000.0,0.0,0.015,0.1,7456000.0,19458000.0,0.052,19458000.0,7456000.0,2965000.0,-0.12,-0.12,-0.12,663296000.0,,663296000.0,1917391304.0,15.0,9.6,21060000.0,0.352,1.0,116125000.0,0.313,420112000.0,4491000.0,876526000.0,,236414000.0,0.0,0.0,0.0,617732000.0,253815000.0,363917000.0,1634368304.0,-8194000.0,-1650000.0,738000.0,-22221000.0,-5983000.0,-27466000.0,-7667000.0,0.0,27077000.0,-138000.0,-7279000.0,-7279000.0,-7279000.0,0.0,0.0,-0.02,79311000.0,36814000.0,94702000.0,-0.833,2.464,26.766,26.804,270382000.0,0.0,27.34,1.035,1.035,232199000.0,802356000.0,371545000.0,371545000.0,0.0,,,,,0.0,79311000.0,1.0,59779382.0,59786000,59786000.0,6.215,860916000.0,0.0,10244000.0,46618000.0,14.4,265915000.0
78,CR,MRQ,2001-12-31,2001-12-31,2001-12-31,2021-09-07,-34461000.0,1292115000.0,,523257000.0,768858000.0,,10.91,-4893000.0,21163000.0,21163000.0,293428000.0,18009000.0,2.1,0.984,304186000.0,1818000.0,302368000.0,304186000.0,0.0,16695000.0,0.0,0.016,0.1,33200000.0,49895000.0,0.134,49895000.0,33200000.0,27928000.0,0.3,0.3,0.3,651295000.0,,651295000.0,1870969726.0,12.0,8.078,48394000.0,0.811,1.0,79223000.0,0.213,420443000.0,5272000.0,905556000.0,,244190000.0,0.0,0.0,0.0,640820000.0,249139000.0,391681000.0,1529856726.0,236000.0,9960000.0,434000.0,-51721000.0,-5968000.0,-57255000.0,5067000.0,0.0,53287000.0,-863000.0,18009000.0,18009000.0,18009000.0,0.0,0.0,0.048,46985000.0,32238000.0,84707000.0,0.333,2.349,17.263,17.324,275793000.0,0.0,25.64,0.964,0.966,217636000.0,789244000.0,372651000.0,372651000.0,0.0,,,,,0.0,104900000.0,1.0,59666799.0,59696000,60502000.0,6.242,871672000.0,32279000.0,9919000.0,46812000.0,14.602,274118000.0
79,CR,MRQ,2001-09-30,2001-09-30,2001-09-30,2021-09-07,-30043000.0,1379803000.0,,625953000.0,753850000.0,,10.723,-7569000.0,20927000.0,20927000.0,282714000.0,17869000.0,2.16,1.157,362040000.0,9751000.0,352289000.0,362040000.0,0.0,28369000.0,0.0,0.018,0.1,32733000.0,61102000.0,0.143,61102000.0,32733000.0,26748000.0,0.3,0.3,0.3,639707000.0,,639707000.0,1680495219.0,10.0,6.951,55285000.0,0.927,1.0,143498000.0,0.337,432580000.0,5985000.0,998488000.0,,263322000.0,0.0,0.0,0.0,740096000.0,289848000.0,450248000.0,1308018219.0,7776000.0,-19595000.0,1669000.0,-23652000.0,-5970000.0,-27953000.0,-27164000.0,0.0,62854000.0,39000.0,17869000.0,17869000.0,17869000.0,0.0,0.0,0.042,96574000.0,46924000.0,99288000.0,0.333,2.045,13.423,13.531,257002000.0,0.0,21.92,0.833,0.832,281728000.0,776220000.0,426212000.0,426212000.0,0.0,,,,,0.0,74337000.0,1.0,59672364.0,59656000,60475000.0,7.144,947223000.0,0.0,8879000.0,64876000.0,15.878,336105000.0
80,CR,MRQ,2001-06-30,2001-06-30,2001-06-30,2021-09-07,-39653000.0,1368851000.0,,615293000.0,753558000.0,,10.333,-5935000.0,13151000.0,13151000.0,267441000.0,32463000.0,2.217,1.222,385628000.0,8563000.0,377065000.0,385628000.0,0.0,14186000.0,0.0,0.013,0.1,55094000.0,69280000.0,0.169,69280000.0,55094000.0,49943000.0,0.54,0.54,0.54,615989000.0,,615989000.0,2081890848.0,12.0,8.934,46327000.0,0.777,1.0,141593000.0,0.346,440374000.0,5151000.0,1023448000.0,,282213000.0,0.0,0.0,0.0,752862000.0,277506000.0,475356000.0,1850191848.0,10594000.0,-166150000.0,504000.0,134557000.0,-5955000.0,129106000.0,-172085000.0,0.0,52262000.0,1311000.0,32463000.0,32463000.0,32463000.0,0.0,0.0,0.079,86406000.0,55187000.0,104328000.0,0.185,3.004,18.321,18.563,267225000.0,0.0,31.0,1.227,1.226,277703000.0,763493000.0,409034000.0,409034000.0,0.0,,,,,0.0,72220000.0,1.0,59683608.0,59611000,60240000.0,6.862,928477000.0,0.0,17480000.0,58482000.0,15.576,337787000.0
81,CR,MRQ,2001-03-31,2001-03-31,2001-03-31,2021-09-07,-38581000.0,1144671000.0,,506748000.0,637923000.0,,9.881,-5821000.0,2557000.0,2557000.0,248954000.0,20279000.0,2.119,0.924,234256000.0,14011000.0,220245000.0,234256000.0,0.0,15360000.0,0.0,0.015,0.1,35977000.0,51337000.0,0.135,51337000.0,35977000.0,31198000.0,0.34,0.33,0.34,594934000.0,,594934000.0,1795661232.0,9.0,6.999,23338000.0,0.388,1.0,130329000.0,0.344,356274000.0,4779000.0,780901000.0,,235388000.0,0.0,0.0,0.0,549737000.0,239195000.0,310542000.0,1577939232.0,-8369000.0,-7738000.0,-24223000.0,6947000.0,-6025000.0,-23301000.0,-13559000.0,0.0,29159000.0,-668000.0,20279000.0,20279000.0,20279000.0,0.0,0.0,0.053,92994000.0,37335000.0,94272000.0,0.294,2.652,13.562,13.568,241755000.0,0.0,26.05,1.061,1.055,229330000.0,739391000.0,379283000.0,379283000.0,0.0,,,,,0.0,71502000.0,1.0,60573483.0,60212000,60774000.0,6.299,788397000.0,0.0,10919000.0,51481000.0,13.094,267553000.0
82,CR,MRQ,2000-12-31,2000-12-31,2000-12-31,2021-09-07,-31096000.0,1143851000.0,,500152000.0,643699000.0,,10.038,-8033000.0,10926000.0,10926000.0,282654000.0,26835000.0,2.156,0.885,228648000.0,14858000.0,213790000.0,228648000.0,0.0,14168000.0,0.0,0.014,0.1,45867000.0,60035000.0,0.168,60035000.0,45867000.0,41293000.0,0.44,0.45,0.44,606763000.0,,606763000.0,1975488120.0,9.0,7.393,49481000.0,0.819,1.0,73686000.0,0.207,358472000.0,4574000.0,771124000.0,,236329000.0,0.0,0.0,0.0,537088000.0,231977000.0,305111000.0,1717144120.0,8317000.0,-3421000.0,-408000.0,-31469000.0,-6037000.0,-37914000.0,-11454000.0,0.0,57514000.0,171000.0,26835000.0,26835000.0,26835000.0,0.0,0.0,0.075,30229000.0,43457000.0,92249000.0,0.227,2.83,13.878,14.01,246111000.0,0.0,28.44,1.152,1.162,209817000.0,720864000.0,356340000.0,356340000.0,0.0,,,,,0.0,71342000.0,1.0,60377782.0,60445000,60976000.0,5.895,785379000.0,31455000.0,14458000.0,48895000.0,12.993,268175000.0
83,CR,MRQ,2000-09-30,2000-09-30,2000-09-30,2021-09-07,-33671000.0,1146392000.0,,501332000.0,645060000.0,,9.545,-7769000.0,2609000.0,2609000.0,245043000.0,21409000.0,2.264,0.979,260953000.0,8169000.0,252784000.0,260953000.0,0.0,14375000.0,0.0,0.017,0.1,38011000.0,52386000.0,0.144,52386000.0,38011000.0,32934000.0,0.35,0.35,0.35,579155000.0,,579155000.0,1648085301.0,8.0,6.424,13912000.0,0.229,1.0,118050000.0,0.325,363079000.0,5077000.0,820247000.0,,235047000.0,0.0,0.0,0.0,567237000.0,221410000.0,345827000.0,1390124301.0,-18000.0,0.0,-8885000.0,1306000.0,-6085000.0,-13664000.0,-7769000.0,0.0,21681000.0,-266000.0,21409000.0,21409000.0,21409000.0,0.0,0.0,0.059,80370000.0,37680000.0,90059000.0,0.286,2.4,11.97,12.106,244402000.0,0.0,22.88,0.927,0.926,224849000.0,699940000.0,363093000.0,363093000.0,0.0,,,,,0.0,65995000.0,1.0,60757181.0,60674000,61168000.0,5.984,783313000.0,0.0,11525000.0,41452000.0,12.91,279922000.0
84,CR,MRQ,2000-06-30,2000-06-30,2000-06-30,2021-09-07,-28315000.0,1168479000.0,,516233000.0,652246000.0,,9.525,-6814000.0,2627000.0,2627000.0,251478000.0,47824000.0,2.073,1.021,260614000.0,10651000.0,249963000.0,260614000.0,0.0,13459000.0,0.0,0.016,0.1,79345000.0,92804000.0,0.239,92804000.0,79345000.0,73582000.0,0.79,0.78,0.79,578224000.0,,578224000.0,1803764329.0,9.0,6.999,38359000.0,0.632,1.0,136484000.0,0.352,369292000.0,5763000.0,808147000.0,,245818000.0,0.0,0.0,0.0,590255000.0,249027000.0,341228000.0,1473260329.0,382000.0,0.0,-5386000.0,-72067000.0,-6090000.0,-83543000.0,38742000.0,45556000.0,45173000.0,10000.0,47824000.0,47824000.0,47824000.0,0.0,0.0,0.123,81633000.0,54851000.0,93011000.0,0.127,2.548,12.584,13.011,247912000.0,0.0,24.33,0.969,0.972,228030000.0,683969000.0,387962000.0,387962000.0,0.0,,,,,0.0,68174000.0,1.0,60553240.0,60703000,61341000.0,6.391,799187000.0,0.0,25758000.0,61967000.0,13.166,267206000.0
85,CR,MRQ,2000-03-31,2000-03-31,2000-03-31,2021-09-07,-23561000.0,1187597000.0,,514058000.0,673539000.0,,8.861,-5582000.0,2245000.0,2245000.0,254106000.0,27660000.0,2.258,1.174,332865000.0,10768000.0,322097000.0,332865000.0,0.0,13279000.0,0.0,0.017,0.1,48700000.0,61979000.0,0.161,61979000.0,48700000.0,42550000.0,0.45,0.45,0.45,546308000.0,,546308000.0,1757297296.0,9.0,7.095,21226000.0,0.344,1.0,129690000.0,0.338,375684000.0,6150000.0,914910000.0,,254728000.0,0.0,0.0,0.0,641289000.0,227623000.0,413666000.0,1460114296.0,-1000000.0,-8500000.0,-39603000.0,32247000.0,-6111000.0,-13467000.0,-14082000.0,0.0,26808000.0,-259000.0,27660000.0,27660000.0,27660000.0,0.0,0.0,0.072,81653000.0,48037000.0,93143000.0,0.222,2.673,13.449,14.193,252608000.0,0.0,23.56,0.95,0.945,218242000.0,647121000.0,383796000.0,383796000.0,0.0,,,,,0.0,68374000.0,1.0,61974291.0,61656000,61936000.0,6.225,811913000.0,0.0,14890000.0,51279000.0,13.168,286435000.0
86,CR,MRQ,1999-12-31,1999-12-31,1999-12-31,2021-09-07,-22481000.0,1180697000.0,,505160000.0,675537000.0,,8.809,-9167000.0,3245000.0,3245000.0,259659000.0,19238000.0,2.163,1.078,300428000.0,13656000.0,286772000.0,300428000.0,0.0,16121000.0,0.0,0.02,0.1,33256000.0,49377000.0,0.136,49377000.0,33256000.0,26741000.0,0.3,0.31,0.3,568110000.0,,568110000.0,1635175289.0,8.0,6.298,47311000.0,0.734,1.0,104491000.0,0.287,373117000.0,6515000.0,871248000.0,,259474000.0,0.0,0.0,0.0,612587000.0,233515000.0,379072000.0,1309918289.0,-11768000.0,-28355000.0,-76288000.0,-38756000.0,-6403000.0,-121447000.0,-35493000.0,2029000.0,56478000.0,-238000.0,19238000.0,19238000.0,19238000.0,-5220000.0,0.0,0.053,77652000.0,26839000.0,87611000.0,0.333,2.306,11.433,11.626,256649000.0,0.0,19.88,0.843,0.857,206468000.0,623421000.0,364150000.0,364150000.0,0.0,,,,,0.0,61531000.0,1.0,65891262.0,64494000,64730000.0,5.646,807580000.0,25841000.0,7503000.0,42016000.0,12.522,271645000.0
87,CR,MRQ,1999-09-30,1999-09-30,1999-09-30,2021-09-07,-18835000.0,1328576000.0,,684192000.0,644384000.0,,10.019,-6147000.0,15013000.0,15013000.0,270683000.0,22355000.0,2.668,0.969,340270000.0,27061000.0,313209000.0,340270000.0,0.0,15171000.0,0.0,0.018,0.1,38381000.0,53552000.0,0.139,53552000.0,38381000.0,32313000.0,0.33,0.33,0.33,674719000.0,,674719000.0,1869816676.0,8.0,6.54,57282000.0,0.851,1.0,113510000.0,0.295,353367000.0,6068000.0,1044047000.0,,260516000.0,0.0,0.0,0.0,653857000.0,256419000.0,397438000.0,1518467676.0,7684000.0,0.0,-26565000.0,-18732000.0,-6706000.0,-52003000.0,-6147000.0,0.0,63429000.0,48000.0,22355000.0,22355000.0,22355000.0,-4008000.0,0.0,0.058,81190000.0,32320000.0,93569000.0,0.303,2.251,11.632,11.688,260141000.0,0.0,22.44,0.957,0.952,227945000.0,650668000.0,384193000.0,384193000.0,0.0,,,,,0.0,66019000.0,1.0,67667900.0,67346000,67853000.0,5.705,975209000.0,0.0,9958000.0,41702000.0,14.481,427773000.0
88,CR,MRQ,1999-06-30,1999-06-30,1999-06-30,2021-09-07,-22237000.0,1361099000.0,,706729000.0,654370000.0,,10.086,-6103000.0,7329000.0,7329000.0,265336000.0,39311000.0,2.622,0.988,357390000.0,39857000.0,317533000.0,357390000.0,0.0,16386000.0,0.0,0.012,0.1,66400000.0,82786000.0,0.204,82786000.0,66400000.0,59016000.0,0.58,0.57,0.58,684705000.0,,684705000.0,2513423509.0,10.0,8.259,26434000.0,0.389,1.0,139932000.0,0.345,358904000.0,7384000.0,1082672000.0,,274102000.0,0.0,0.0,0.0,676394000.0,269584000.0,406810000.0,2137833509.0,-17323000.0,447000.0,2408000.0,-40669000.0,-6785000.0,-45046000.0,-316000.0,5340000.0,32537000.0,913000.0,39311000.0,39311000.0,39311000.0,-3213000.0,0.0,0.097,82391000.0,57541000.0,93976000.0,0.172,3.122,14.748,14.761,260223000.0,0.0,31.44,1.34,1.338,243186000.0,634816000.0,405268000.0,405268000.0,0.0,,,,,0.0,66005000.0,1.0,67997249.0,67890000,68511000.0,5.969,1002195000.0,0.0,19705000.0,47862000.0,14.762,437145000.0
89,CR,MRQ,1999-03-31,1999-03-31,1999-03-31,2021-09-07,-21173000.0,1389231000.0,,724540000.0,664691000.0,,9.509,-1318000.0,24652000.0,24652000.0,261256000.0,33666000.0,2.426,1.142,398375000.0,45883000.0,352492000.0,398375000.0,0.0,14634000.0,0.0,0.014,0.1,59286000.0,73920000.0,0.185,73920000.0,59286000.0,51398000.0,0.5,0.49,0.5,648701000.0,,648701000.0,2050235677.0,8.0,6.863,56942000.0,0.835,1.0,138790000.0,0.347,365570000.0,7888000.0,1098752000.0,,284429000.0,0.0,0.0,0.0,740530000.0,298632000.0,441898000.0,1655866677.0,8457000.0,0.0,-18168000.0,-9351000.0,-6810000.0,-34329000.0,-3326000.0,-2008000.0,58260000.0,-1361000.0,33666000.0,33666000.0,33666000.0,-1231000.0,0.0,0.084,85936000.0,52854000.0,101571000.0,0.2,2.553,11.644,11.63,263322000.0,0.0,24.19,0.944,0.941,237709000.0,602565000.0,400046000.0,400046000.0,0.0,,,,,0.0,71302000.0,1.0,68452529.0,68218000,68781000.0,5.864,1023661000.0,0.0,17732000.0,58949000.0,15.006,425908000.0
90,CR,MRQ,1998-12-31,1998-12-31,1998-12-31,2021-09-07,-18036000.0,1379731000.0,,705116000.0,674615000.0,,9.378,-6502000.0,16195000.0,16195000.0,256859000.0,35206000.0,2.472,1.145,408579000.0,50869000.0,357710000.0,408579000.0,0.0,15548000.0,0.0,0.011,0.1,60083000.0,75631000.0,0.19,75631000.0,60083000.0,51757000.0,0.51,0.51,0.51,643234000.0,,643234000.0,2512900255.0,11.0,8.668,38746000.0,0.565,1.0,140390000.0,0.353,371693000.0,8326000.0,1115126000.0,,287214000.0,0.0,0.0,0.0,736497000.0,285296000.0,451201000.0,2071783255.0,-1182000.0,5527000.0,-4362000.0,-47342000.0,-6868000.0,-58572000.0,-1725000.0,-750000.0,45248000.0,187000.0,35206000.0,35206000.0,35206000.0,-4913000.0,0.0,0.089,87140000.0,53250000.0,87664000.0,0.196,3.221,14.965,14.946,270261000.0,0.0,30.19,1.327,1.326,236217000.0,574797000.0,397249000.0,397249000.0,0.0,,,,,0.0,71592000.0,1.0,68624818.0,68591000,69227000.0,5.792,1008038000.0,0.0,16551000.0,43256000.0,14.696,419820000.0
91,CR,MRQ,1998-09-30,1998-09-30,1998-09-30,2021-09-07,-20677000.0,1408699000.0,,735923000.0,672776000.0,,8.86,-16451000.0,17377000.0,17377000.0,255412000.0,36775000.0,2.263,1.315,455772000.0,73551000.0,382221000.0,455772000.0,0.0,11806000.0,0.0,0.013,0.067,60170000.0,71976000.0,0.183,71976000.0,60170000.0,53028000.0,0.54,0.53,0.54,608383000.0,,608383000.0,1871490747.0,8.0,6.902,33364000.0,0.486,1.0,137817000.0,0.35,374621000.0,7142000.0,1147345000.0,,295842000.0,0.0,0.0,0.0,800316000.0,325128000.0,475188000.0,1615892747.0,-34084000.0,-161123000.0,-7492000.0,152223000.0,-6908000.0,137823000.0,-177574000.0,0.0,49815000.0,913000.0,36775000.0,36775000.0,36775000.0,-5105000.0,0.0,0.094,85215000.0,52602000.0,104184000.0,0.124,2.656,12.174,12.113,268027000.0,0.0,23.5,1.176,1.175,247649000.0,545152000.0,393229000.0,393229000.0,0.0,,,,,0.0,71183000.0,1.0,68761394.0,68670000,69407000.0,5.726,1034078000.0,0.0,16253000.0,46433000.0,15.059,410795000.0
92,CR,MRQ,1998-06-30,1998-06-30,1998-06-30,2021-09-07,-20841000.0,1269548000.0,,685071000.0,584477000.0,,8.537,-6923000.0,49921000.0,49921000.0,403838000.0,36557000.0,2.266,1.172,305519000.0,18218000.0,287301000.0,305519000.0,0.0,14238000.0,0.0,0.01,0.083,62964000.0,77202000.0,0.137,77202000.0,62964000.0,56630000.0,0.53,0.53,0.53,584466000.0,,584466000.0,2479043225.0,11.0,9.24,29039000.0,0.424,1.0,159561000.0,0.283,273173000.0,6334000.0,949642000.0,,302855000.0,0.0,0.0,0.0,685082000.0,302331000.0,382751000.0,2220614225.0,1013000.0,-17640000.0,-2640000.0,-2023000.0,-5720000.0,-10383000.0,-24563000.0,0.0,35962000.0,-3000.0,36557000.0,36557000.0,36557000.0,0.0,0.0,0.065,97292000.0,62269000.0,138575000.0,0.157,3.799,17.436,17.405,280852000.0,0.0,32.373,1.465,1.463,296208000.0,513891000.0,563399000.0,563399000.0,0.0,,,,,0.0,83054000.0,1.0,68593932.0,68466000,69398000.0,8.229,996375000.0,0.0,20073000.0,39046000.0,14.553,382740000.0
93,CR,MRQ,1998-03-31,1998-03-31,1998-03-31,2021-09-07,-16442000.0,1246074000.0,,671792000.0,574282000.0,,8.184,-10854000.0,48908000.0,48908000.0,379989000.0,29899000.0,2.177,1.226,307337000.0,25554000.0,281783000.0,307337000.0,0.0,14281000.0,0.0,0.009,0.083,52839000.0,67120000.0,0.127,67120000.0,52839000.0,46900000.0,0.44,0.43,0.44,559674000.0,,559674000.0,2699477460.0,17.0,12.553,30840000.0,0.451,1.0,146828000.0,0.279,268960000.0,5939000.0,927015000.0,,295862000.0,0.0,0.0,0.0,686400000.0,308528000.0,377872000.0,2414511460.0,41926000.0,0.0,1520000.0,15461000.0,-5703000.0,11278000.0,-10854000.0,0.0,41694000.0,-192000.0,29899000.0,29899000.0,29899000.0,0.0,0.0,0.057,94453000.0,52375000.0,134728000.0,0.189,4.314,24.795,24.83,274825000.0,0.0,35.333,2.406,2.408,286807000.0,486280000.0,526817000.0,526817000.0,0.0,,,,,0.0,80172000.0,1.0,68335230.0,68387000,69308000.0,7.703,977114000.0,0.0,17001000.0,51236000.0,14.288,363264000.0
94,CR,MRQ,1997-12-31,1997-12-31,1997-12-31,2021-09-07,-16550000.0,1185893000.0,,607753000.0,578140000.0,,7.785,-6320000.0,6982000.0,6982000.0,-171026000.0,29503000.0,2.055,1.227,291948000.0,31232000.0,260716000.0,291948000.0,0.0,9640000.0,0.0,0.012,0.083,45208000.0,54848000.0,-0.5,54848000.0,45208000.0,39565000.0,0.43,0.43,0.43,532544000.0,,532544000.0,2280524886.0,12.0,9.32,12732000.0,0.186,1.0,61439000.0,-0.561,272470000.0,5643000.0,902577000.0,,291084000.0,0.0,0.0,0.0,653349000.0,295812000.0,357537000.0,1991345886.0,-15121000.0,-26055000.0,-14745000.0,12199000.0,-5700000.0,-8246000.0,-32375000.0,0.0,19052000.0,-775000.0,29503000.0,29503000.0,29503000.0,-9055000.0,0.0,-0.269,31195000.0,30244000.0,122616000.0,0.193,3.739,17.658,17.634,273757000.0,0.0,28.92,1.411,1.405,272262000.0,460682000.0,-109587000.0,-109587000.0,0.0,,,,,0.0,21555000.0,1.0,68857050.0,68403000,69288000.0,-1.602,913423000.0,0.0,10062000.0,35976000.0,13.354,311941000.0
95,CR,MRQ,1997-09-30,1997-09-30,1997-09-30,2021-09-07,-14381000.0,1188662000.0,,599444000.0,589218000.0,,7.58,-5746000.0,21863000.0,21863000.0,391023000.0,31400000.0,2.228,1.278,284275000.0,17359000.0,266916000.0,284275000.0,0.0,14172000.0,0.0,0.012,0.083,54942000.0,69114000.0,0.129,69114000.0,54942000.0,48896000.0,0.46,0.45,0.46,521857000.0,,521857000.0,2177239311.0,,,43285000.0,0.629,1.0,143795000.0,0.269,269458000.0,6046000.0,912537000.0,,272255000.0,0.0,0.0,0.0,666805000.0,269079000.0,397726000.0,1888060311.0,13609000.0,-12050000.0,1157000.0,-13139000.0,-5742000.0,-17724000.0,-17796000.0,0.0,49031000.0,98000.0,31400000.0,31400000.0,31400000.0,0.0,0.0,0.059,89526000.0,54269000.0,125232000.0,0.18,3.618,,,265130000.0,0.0,27.42,,,272817000.0,436023000.0,534818000.0,534818000.0,0.0,,,,,0.0,75351000.0,1.0,68857050.0,68844000,69737000.0,7.769,919204000.0,0.0,17496000.0,64937000.0,13.352,330365000.0
96,CR,MRQ,1997-06-30,1997-06-30,1997-06-30,2021-09-07,0.0,1168798000.0,,580951000.0,587847000.0,,7.19,-10813000.0,8254000.0,8254000.0,37634000.0,6577000.0,2.105,1.308,0.0,30070000.0,267363000.0,0.0,0.0,13815000.0,0.0,0.012,0.083,10153000.0,23968000.0,0.466,23968000.0,10153000.0,10124000.0,0.093,0.093,0.093,495668000.0,,495668000.0,2210971071.0,12.0,9.54,16616000.0,0.241,1.0,13796000.0,0.268,268060000.0,29000.0,616457000.0,,273154000.0,0.0,0.0,0.0,648169000.0,276027000.0,372142000.0,1917807071.0,4676000.0,-4237000.0,-803000.0,-723000.0,-5729000.0,-7255000.0,-15050000.0,0.0,27429000.0,-448000.0,6577000.0,6577000.0,6577000.0,0.0,0.0,0.128,3539000.0,10257000.0,0.0,0.892,3.869,19.327,19.163,265277000.0,0.0,27.92,1.009,1.009,266326000.0,431080000.0,51430000.0,51430000.0,0.0,,,,,0.0,3088000.0,1.0,68689365.0,68934000,69864000.0,0.746,900738000.0,0.0,3547000.0,0.0,13.067,304924000.0
97,CR,MRQ,1997-03-31,1997-03-31,1997-03-31,2021-09-07,-11545000.0,,,558767000.0,,,6.924,-10033000.0,3578000.0,3578000.0,338160000.0,22645000.0,2.027,1.37,296742000.0,29867000.0,266875000.0,296742000.0,0.0,13364000.0,0.0,0.016,0.083,41703000.0,55067000.0,0.118,55067000.0,41703000.0,35746000.0,0.333,0.327,0.333,473339000.0,,473339000.0,1710372601.0,,,21346000.0,0.312,1.0,129173000.0,0.276,271362000.0,5957000.0,,,270631000.0,,0.0,0.0,648389000.0,275623000.0,372766000.0,1428968601.0,-8001000.0,-19820000.0,-3204000.0,-309000.0,-5699000.0,-9212000.0,-29853000.0,0.0,31379000.0,-315000.0,22645000.0,22645000.0,22645000.0,0.0,0.0,0.048,88178000.0,40995000.0,117123000.0,0.249,3.019,,,862313000.0,0.0,20.92,,,250294000.0,412742000.0,467333000.0,467333000.0,0.0,,,,,0.0,74814000.0,1.0,68306338.0,68367000,69057000.0,6.836,,,13101000.0,48514000.0,,283144000.0
98,CR,MRQ,1996-12-31,1996-12-31,1996-12-31,2021-09-07,-7368000.0,1088855000.0,,540014000.0,548841000.0,,6.744,,11579000.0,11579000.0,,,2.127,1.353,292983000.0,25188000.0,267795000.0,292983000.0,0.0,,0.0,0.017,0.083,,,,,,,,,,462669000.0,,462669000.0,,,,,,1.0,,,260615000.0,,855791000.0,,267274000.0,0.0,0.0,0.0,626186000.0,253853000.0,372333000.0,1320589211.0,,,,,,,,,,,,,,,,,,,105082000.0,,2.854,14.337,14.321,258347000.0,,19.333,0.715,0.718,253729000.0,394621000.0,,,,,,,,,,1.0,68306338.0,68600000,,,828240000.0,0.0,,36869000.0,12.073,286161000.0
99,CR,MRQ,1996-06-30,1996-06-30,1996-06-30,2021-09-07,0.0,1023905000.0,,530999000.0,492906000.0,,,-9445000.0,22494000.0,22494000.0,19623000.0,3896000.0,,,0.0,,,0.0,0.0,12179000.0,0.0,0.018,0.083,5445000.0,17624000.0,0.592,17624000.0,5445000.0,5539000.0,0.053,,0.053,,,,,,,22436000.0,0.324,1.0,10145000.0,0.341,224960000.0,-94000.0,776451000.0,,246230000.0,0.0,0.0,0.0,,,,,17746000.0,-1000.0,878000.0,114000.0,-5694000.0,-4702000.0,-9446000.0,0.0,31881000.0,13000.0,3896000.0,3896000.0,3896000.0,0.0,0.0,0.131,541000.0,9604000.0,0.0,1.566,,,,240866000.0,0.0,18.389,,,255184000.0,,29768000.0,29768000.0,0.0,,,,,0.0,641000.0,1.0,,69234000,,0.43,798945000.0,0.0,1643000.0,0.0,11.54,
100,CR,MRQ,1996-03-31,1996-03-31,1996-03-31,2021-09-07,,,,510007000.0,,,,-5874000.0,4748000.0,4748000.0,319982000.0,18208000.0,,,,,,,,12150000.0,,0.018,0.083,35342000.0,47492000.0,0.109,47492000.0,35342000.0,29480000.0,0.267,,0.267,,,,,,,14909000.0,0.217,1.0,116481000.0,0.267,227522000.0,5862000.0,,,247925000.0,,0.0,0.0,,,,,-728000.0,1555000.0,1760000.0,-13256000.0,-5662000.0,-17158000.0,-4319000.0,0.0,20783000.0,-34000.0,18208000.0,18208000.0,18208000.0,0.0,0.0,0.042,82508000.0,33973000.0,,0.311,,,,787424000.0,0.0,18.0,,,250001000.0,,436463000.0,436463000.0,0.0,,,,,0.0,70358000.0,1.0,,68670000,,6.356,,,11272000.0,,,
101,CR,MRQ,1995-12-31,1995-12-31,1995-12-31,2021-09-07,-10009000.0,998411000.0,,498038000.0,500373000.0,,5.503,,5476000.0,5476000.0,,,2.064,1.664,297223000.0,16130000.0,281093000.0,297223000.0,0.0,,0.0,0.02,0.083,,,,,,,,,,374729000.0,,374729000.0,,,,,,1.0,,,229561000.0,,819321000.0,,245001000.0,0.0,0.0,0.0,623682000.0,241276000.0,382406000.0,,,,,,,,,,,,,,,,,,,,96873000.0,,,,14.635,243938000.0,,16.391,,0.626,240787000.0,327015000.0,,,,,,,,,,1.0,,68095500,,,768850000.0,0.0,,40736000.0,11.291,256762000.0
0,CR,MRT,2021-06-30,2021-06-30,2021-06-30,2021-09-07,-484300000.0,4423200000.0,4561925000.0,1672300000.0,2750900000.0,0.678,29.491,-9300000.0,386700000.0,386700000.0,1958500000.0,350200000.0,2.204,1.562,858400000.0,15000000.0,843400000.0,858400000.0,0.0,125400000.0,0.0,0.019,1.72,478900000.0,604300000.0,0.195,604300000.0,478900000.0,425500000.0,5.99,5.94,5.99,1725200000.0,1588900000.0,1725200000.0,6006896378.0,13.0,9.94,430300000.0,7.356,1.0,1132600000.0,0.366,1917300000.0,53400000.0,2218800000.0,2174050000.0,456900000.0,0.0,0.0,0.0,2695100000.0,758800000.0,1936300000.0,5395196378.0,-205400000.0,2800000.0,9700000.0,-574500000.0,-100200000.0,-665000000.0,-7300000.0,0.0,439600000.0,27300000.0,350100000.0,350100000.0,350100000.0,-27600000.0,100000.0,0.113,705500000.0,427100000.0,242200000.0,0.287,3.127,15.41,15.421,538200000.0,0.0,92.37,1.745,1.748,538800000.0,2389300000.0,3091100000.0,3091100000.0,0.0,0.077,0.22,0.22,0.155,24200000.0,703800000.0,1.0,58408535.0,58500000,59300000.0,52.839,2505900000.0,33100000.0,75400000.0,62900000.0,42.836,913500000.0
1,CR,MRT,2021-03-31,2021-03-31,2021-03-31,2021-09-07,-497200000.0,4586500000.0,4613700000.0,1642400000.0,2944100000.0,0.637,27.405,-14400000.0,578400000.0,578400000.0,1906500000.0,226700000.0,1.587,1.874,1190100000.0,346900000.0,843200000.0,1190100000.0,0.0,127400000.0,0.0,0.018,1.72,337100000.0,464500000.0,0.158,464500000.0,337100000.0,280700000.0,3.89,3.86,3.89,1595000000.0,1512875000.0,1595000000.0,6129833830.0,18.0,13.197,380800000.0,6.543,1.0,1032500000.0,0.351,2098100000.0,56400000.0,2065500000.0,2151000000.0,436900000.0,0.0,0.0,0.0,2988500000.0,1034600000.0,1953900000.0,5462233830.0,275600000.0,2500000.0,12200000.0,-36400000.0,-99900000.0,-124100000.0,-22100000.0,-10000000.0,395200000.0,26600000.0,226600000.0,226600000.0,226600000.0,-1400000.0,100000.0,0.077,713600000.0,318900000.0,233600000.0,0.442,3.425,24.105,24.141,574500000.0,0.0,93.91,1.859,1.86,567800000.0,2276200000.0,2939000000.0,2939000000.0,0.0,0.049,0.15,0.157,0.115,22500000.0,686200000.0,1.0,58164560.0,58200000,58900000.0,50.498,2488400000.0,6400000.0,54100000.0,62000000.0,42.756,607800000.0
2,CR,MRT,2020-12-31,2020-12-31,2020-12-31,2021-09-07,-466400000.0,4615000000.0,4583225000.0,1573700000.0,3041300000.0,0.641,26.225,-29600000.0,551000000.0,551000000.0,1930700000.0,181100000.0,1.489,2.017,1218600000.0,375700000.0,842900000.0,1218600000.0,0.0,127500000.0,0.0,0.022,1.72,279700000.0,407200000.0,0.139,407200000.0,279700000.0,224400000.0,3.1,3.08,3.1,1528900000.0,1465425000.0,1528900000.0,5292170852.0,19.0,12.996,279900000.0,4.801,1.0,1006200000.0,0.343,1956800000.0,55300000.0,2269200000.0,2188250000.0,429700000.0,0.0,0.0,0.0,3083900000.0,1056600000.0,2027300000.0,4512670852.0,157100000.0,-169500000.0,-64900000.0,220400000.0,-100400000.0,55100000.0,-229100000.0,-30000000.0,309500000.0,21600000.0,181000000.0,181000000.0,181000000.0,0.0,100000.0,0.062,743300000.0,262900000.0,198900000.0,0.555,2.952,24.932,25.052,573700000.0,0.0,77.66,1.537,1.542,510800000.0,2192800000.0,2936900000.0,2936900000.0,0.0,0.039,0.124,0.128,0.095,22300000.0,698100000.0,1.0,58108046.0,58300000,58800000.0,50.376,2658200000.0,41000000.0,43400000.0,53700000.0,45.595,517100000.0
3,CR,MRT,2020-09-30,2020-09-30,2020-09-30,2021-09-07,-460100000.0,4623000000.0,4535400000.0,1622100000.0,3000900000.0,0.665,25.929,-32600000.0,544600000.0,544600000.0,1960800000.0,21700000.0,1.419,2.067,1324100000.0,481400000.0,842700000.0,1324100000.0,0.0,122800000.0,0.0,0.034,1.68,81200000.0,204000000.0,0.068,204000000.0,81200000.0,28100000.0,0.42,0.42,0.42,1506500000.0,1451625000.0,1506500000.0,3744518365.0,46.0,18.355,398400000.0,6.857,1.0,1053700000.0,0.35,2116700000.0,53100000.0,2142700000.0,2152700000.0,456000000.0,0.0,0.0,0.0,3113900000.0,1143100000.0,1970800000.0,2908818365.0,155800000.0,-325400000.0,-145400000.0,375600000.0,-98500000.0,131700000.0,-418200000.0,-60000000.0,431000000.0,11300000.0,21600000.0,21600000.0,21600000.0,-1400000.0,100000.0,0.007,986900000.0,66800000.0,225800000.0,4.0,1.931,134.668,119.357,595600000.0,0.0,50.13,0.965,0.966,528100000.0,2171100000.0,3014500000.0,3014500000.0,0.0,0.005,0.015,0.038,0.027,21400000.0,693900000.0,1.0,58025501.0,58100000,58500000.0,51.885,2506300000.0,7000000.0,6500000.0,63600000.0,43.138,479000000.0
4,CR,MRT,2020-06-30,2020-06-30,2020-06-30,2021-09-07,-504500000.0,4630300000.0,4419275000.0,1629300000.0,3001000000.0,0.691,24.502,-41100000.0,592100000.0,592100000.0,1976700000.0,37700000.0,1.328,2.256,1427800000.0,585300000.0,842500000.0,1427800000.0,0.0,118300000.0,0.0,0.028,1.64,96700000.0,215000000.0,0.07,215000000.0,96700000.0,46300000.0,0.66,0.64,0.66,1421100000.0,1499375000.0,1421100000.0,4365500778.0,45.0,20.305,376900000.0,6.498,1.0,1075300000.0,0.352,2112200000.0,50400000.0,2126600000.0,2170050000.0,475100000.0,0.0,0.0,0.0,3206700000.0,1227200000.0,1979500000.0,3447400778.0,285100000.0,-328500000.0,-147600000.0,480100000.0,-96900000.0,235600000.0,-359900000.0,9900000.0,418000000.0,-8600000.0,37500000.0,37500000.0,37500000.0,-1400000.0,200000.0,0.012,984100000.0,91200000.0,226400000.0,2.485,2.426,91.931,90.091,597900000.0,0.0,59.46,1.13,1.13,536300000.0,2139400000.0,3052000000.0,3052000000.0,0.0,0.008,0.025,0.045,0.032,21300000.0,692000000.0,1.0,57978486.0,58000000,58500000.0,52.621,2518100000.0,7000000.0,8800000.0,62000000.0,43.416,402100000.0
5,CR,MRT,2020-03-31,2020-03-31,2020-03-31,2021-09-07,-525300000.0,4464600000.0,4297150000.0,1446200000.0,3018400000.0,0.756,23.898,-51300000.0,302800000.0,302800000.0,2086900000.0,113900000.0,1.367,2.176,1220900000.0,378700000.0,842200000.0,1220900000.0,0.0,115700000.0,0.0,0.033,1.6,193800000.0,309500000.0,0.095,309500000.0,193800000.0,146400000.0,1.92,1.89,1.92,1405200000.0,1562100000.0,1405200000.0,3506482541.0,18.0,11.33,407500000.0,6.93,1.0,1162400000.0,0.358,2110600000.0,47400000.0,2214500000.0,2206350000.0,489500000.0,0.0,0.0,0.0,3057100000.0,1057600000.0,1999500000.0,2908982541.0,46000000.0,-328200000.0,-146500000.0,218200000.0,-95300000.0,-23600000.0,-378400000.0,1100000.0,458800000.0,-10800000.0,113700000.0,113700000.0,113700000.0,0.0,200000.0,0.035,977100000.0,185300000.0,250200000.0,0.833,2.07,25.585,25.615,607100000.0,0.0,49.18,0.895,0.89,637700000.0,2149500000.0,3249300000.0,3249300000.0,0.0,0.026,0.073,0.088,0.06,22600000.0,706500000.0,1.0,59149706.0,58800000,59600000.0,55.26,2354000000.0,13300000.0,32700000.0,66800000.0,40.034,388600000.0
6,CR,MRT,2019-12-31,2019-12-31,2019-12-31,2021-09-07,-483700000.0,4423700000.0,4216575000.0,1499900000.0,2923800000.0,0.779,24.644,-65700000.0,393900000.0,393900000.0,2104100000.0,133600000.0,1.636,2.0,991400000.0,149400000.0,842000000.0,991400000.0,0.0,113500000.0,0.0,0.018,1.56,217200000.0,330700000.0,0.101,330700000.0,217200000.0,170400000.0,2.23,2.2,2.23,1473700000.0,1608450000.0,1473700000.0,5734476173.0,26.0,17.34,328200000.0,5.488,1.0,1179000000.0,0.359,1977500000.0,46800000.0,2127000000.0,2228350000.0,457300000.0,0.0,0.0,0.0,2947400000.0,916700000.0,2030700000.0,5180976173.0,50500000.0,-156400000.0,-77000000.0,45600000.0,-93200000.0,-124600000.0,-221000000.0,1100000.0,393900000.0,2200000.0,133300000.0,133300000.0,133300000.0,0.0,300000.0,0.041,968600000.0,210400000.0,311100000.0,0.7,3.516,38.867,38.735,616300000.0,0.0,86.38,1.578,1.573,652800000.0,2112200000.0,3283100000.0,3283100000.0,0.0,0.032,0.083,0.097,0.066,22300000.0,698000000.0,1.0,59978886.0,59800000,60600000.0,54.901,2446200000.0,35100000.0,37100000.0,68800000.0,40.906,583200000.0
7,CR,MRT,2019-09-30,2019-09-30,2019-09-30,2021-09-07,-469600000.0,4158500000.0,4121325000.0,1456900000.0,2701600000.0,0.797,28.292,-82200000.0,388800000.0,388800000.0,2100600000.0,335200000.0,2.245,1.448,942300000.0,7400000.0,934900000.0,942300000.0,0.0,120100000.0,0.0,0.019,1.52,467000000.0,587100000.0,0.179,587100000.0,467000000.0,420900000.0,5.61,5.51,5.61,1697500000.0,1621075000.0,1697500000.0,5474744814.0,12.0,9.325,280200000.0,4.67,1.0,1184700000.0,0.361,1850900000.0,46100000.0,2212100000.0,2202300000.0,445500000.0,0.0,0.0,0.0,2458500000.0,649000000.0,1809500000.0,4833644814.0,65200000.0,2400000.0,-18900000.0,-96100000.0,-90900000.0,-205900000.0,-78700000.0,1100000.0,362400000.0,-12600000.0,335100000.0,335100000.0,335100000.0,0.0,100000.0,0.102,728800000.0,455900000.0,257000000.0,0.271,2.848,14.424,14.373,581800000.0,0.0,80.63,1.471,1.473,611100000.0,2247900000.0,3285300000.0,3285300000.0,0.0,0.081,0.207,0.212,0.142,22300000.0,699600000.0,1.0,59948466.0,60000000,60800000.0,54.755,2307600000.0,3400000.0,85800000.0,80700000.0,38.46,807900000.0
8,CR,MRT,2019-06-30,2019-06-30,2019-06-30,2021-09-07,-438900000.0,4141800000.0,4109200000.0,1379900000.0,2761900000.0,0.82,27.913,-98600000.0,307000000.0,307000000.0,2151000000.0,359700000.0,2.174,1.476,948100000.0,7800000.0,940300000.0,948100000.0,0.0,120000000.0,0.0,0.018,1.48,491700000.0,611700000.0,0.182,611700000.0,491700000.0,445000000.0,6.02,5.91,6.02,1672000000.0,1578300000.0,1672000000.0,5743563064.0,12.0,9.39,236300000.0,3.945,1.0,1217800000.0,0.361,1876500000.0,46700000.0,2271800000.0,2173400000.0,430600000.0,0.0,0.0,0.0,2467400000.0,634600000.0,1832800000.0,4997063064.0,-11200000.0,26700000.0,-12800000.0,-156200000.0,-88400000.0,-257400000.0,-80700000.0,-8800000.0,334900000.0,-8000000.0,359600000.0,359600000.0,359600000.0,0.0,100000.0,0.107,747300000.0,470500000.0,275200000.0,0.246,2.989,13.896,13.86,595500000.0,0.0,83.44,1.483,1.484,626300000.0,2198800000.0,3368800000.0,3368800000.0,0.0,0.088,0.228,0.226,0.146,21600000.0,712600000.0,1.0,59888100.0,59900000,60800000.0,56.24,2265300000.0,1200000.0,85400000.0,64900000.0,37.818,745300000.0
9,CR,MRT,2019-03-31,2019-03-31,2019-03-31,2021-09-07,-445500000.0,4142300000.0,4103875000.0,1371300000.0,2771000000.0,0.823,26.599,-99500000.0,256800000.0,256800000.0,2161600000.0,349400000.0,1.949,1.603,1003300000.0,63100000.0,940200000.0,1003300000.0,0.0,119800000.0,0.0,0.017,1.44,479500000.0,599300000.0,0.177,599300000.0,479500000.0,431400000.0,5.85,5.73,5.85,1590600000.0,1521175000.0,1590600000.0,5663819100.0,12.0,9.451,139700000.0,2.336,1.0,1216600000.0,0.36,1882600000.0,48100000.0,2302500000.0,2133550000.0,440600000.0,0.0,0.0,0.0,2549300000.0,703700000.0,1845600000.0,5058019100.0,-385500000.0,26700000.0,-38900000.0,-400600000.0,-86000000.0,-525500000.0,-72800000.0,0.0,239200000.0,-26400000.0,349300000.0,349300000.0,349300000.0,0.0,100000.0,0.103,755900000.0,460700000.0,263200000.0,0.246,3.18,14.48,14.465,595800000.0,0.0,84.62,1.497,1.498,661700000.0,2131100000.0,3378200000.0,3378200000.0,0.0,0.085,0.23,0.225,0.142,21500000.0,721700000.0,1.0,59773329.0,59800000,60700000.0,56.492,2259700000.0,1400000.0,82100000.0,54800000.0,37.788,667600000.0
10,CR,MRT,2018-12-31,2018-12-31,2018-12-31,2021-09-07,-447600000.0,4042700000.0,4190925000.0,1362900000.0,2679800000.0,0.798,25.574,-106900000.0,343400000.0,343400000.0,2156200000.0,335500000.0,1.841,1.65,949200000.0,6900000.0,942300000.0,949200000.0,0.0,120000000.0,0.0,0.019,1.4,462400000.0,582400000.0,0.174,582400000.0,462400000.0,411500000.0,5.63,5.5,5.63,1524200000.0,1484725000.0,1524200000.0,5011232790.0,11.0,8.604,306900000.0,5.149,1.0,1189300000.0,0.355,1885500000.0,50900000.0,2022800000.0,2152150000.0,411500000.0,0.0,0.0,0.0,2515600000.0,740200000.0,1775400000.0,4291032790.0,-362800000.0,-645400000.0,-34000000.0,109600000.0,-83500000.0,-7900000.0,-752300000.0,0.0,413800000.0,-16400000.0,335600000.0,335600000.0,335600000.0,0.0,-100000.0,0.1,748000000.0,441300000.0,329200000.0,0.249,2.815,12.786,12.821,599100000.0,0.0,72.18,1.283,1.286,606800000.0,2072100000.0,3345500000.0,3345500000.0,0.0,0.08,0.226,0.215,0.138,21600000.0,711900000.0,1.0,59449055.0,59600000,61000000.0,56.133,2157200000.0,18800000.0,75900000.0,54200000.0,36.195,622700000.0
11,CR,MRT,2018-09-30,2018-09-30,2018-09-30,2021-09-07,-393000000.0,4110000000.0,4078625000.0,1403200000.0,2706800000.0,0.79,25.568,-66700000.0,323600000.0,323600000.0,2067200000.0,217900000.0,1.681,1.691,1043800000.0,106300000.0,937500000.0,1043800000.0,0.0,102800000.0,0.0,0.014,1.38,438200000.0,541000000.0,0.168,541000000.0,438200000.0,389700000.0,3.63,3.56,3.63,1526400000.0,1439975000.0,1526400000.0,6651787888.0,15.0,12.295,299000000.0,5.008,1.0,1152900000.0,0.358,1899100000.0,48500000.0,2096500000.0,1973850000.0,412000000.0,0.0,0.0,0.0,2580500000.0,834600000.0,1745900000.0,5861487888.0,-248600000.0,-653200000.0,-8000000.0,201600000.0,-82300000.0,111300000.0,-719900000.0,0.0,365700000.0,-5700000.0,217700000.0,217700000.0,217700000.0,0.0,200000.0,0.068,734300000.0,418600000.0,268400000.0,0.38,3.84,26.925,27.094,594500000.0,0.0,98.35,1.82,1.823,662800000.0,2003700000.0,3220100000.0,3220100000.0,0.0,0.053,0.151,0.222,0.136,21400000.0,699800000.0,1.0,59598250.0,59700000,61100000.0,53.938,2210900000.0,16600000.0,172000000.0,52700000.0,37.034,568600000.0
12,CR,MRT,2018-06-30,2018-06-30,2018-06-30,2021-09-07,-387300000.0,4120500000.0,3952900000.0,1373800000.0,2746700000.0,0.774,24.179,-49400000.0,318200000.0,318200000.0,1963900000.0,189300000.0,1.595,1.852,1108500000.0,171400000.0,937100000.0,1108500000.0,0.0,93500000.0,0.0,0.017,1.36,414200000.0,507700000.0,0.166,507700000.0,414200000.0,368700000.0,3.16,3.1,3.16,1443500000.0,1403150000.0,1443500000.0,5552890572.0,13.0,10.937,329100000.0,5.513,1.0,1096300000.0,0.358,1937100000.0,45500000.0,2112400000.0,1888475000.0,411500000.0,0.0,0.0,0.0,2673900000.0,861300000.0,1812600000.0,4783990572.0,-191100000.0,-678200000.0,-37600000.0,263400000.0,-80900000.0,144900000.0,-727600000.0,0.0,378500000.0,13100000.0,188900000.0,188900000.0,188900000.0,0.0,400000.0,0.062,699500000.0,396800000.0,274600000.0,0.43,3.314,25.326,25.358,581600000.0,0.0,80.13,1.563,1.563,646100000.0,1927600000.0,3060200000.0,3060200000.0,0.0,0.048,0.135,0.219,0.135,21900000.0,671800000.0,1.0,59702865.0,59700000,61100000.0,51.26,2183400000.0,32200000.0,179800000.0,46600000.0,36.573,512500000.0
13,CR,MRT,2018-03-31,2018-03-31,2018-03-31,2021-09-07,-345100000.0,4490500000.0,3806225000.0,1636900000.0,2853600000.0,0.765,24.201,-44300000.0,642300000.0,642300000.0,1862600000.0,177900000.0,1.795,2.106,1411200000.0,272700000.0,1138500000.0,1411200000.0,0.0,83200000.0,0.0,0.014,1.34,405100000.0,488300000.0,0.168,488300000.0,405100000.0,363400000.0,2.97,2.92,2.97,1444800000.0,1371900000.0,1444800000.0,5568788151.0,14.0,11.404,343900000.0,5.76,1.0,1049100000.0,0.36,1970500000.0,41700000.0,2376900000.0,1808700000.0,406500000.0,0.0,0.0,0.0,3042400000.0,912000000.0,2130400000.0,5531488151.0,137500000.0,-732300000.0,-8100000.0,564700000.0,-79700000.0,476900000.0,-776600000.0,0.0,388200000.0,49000000.0,177400000.0,177400000.0,177400000.0,0.0,500000.0,0.061,659500000.0,389600000.0,252400000.0,0.451,3.829,31.181,31.226,594200000.0,0.0,92.74,1.9,1.901,601800000.0,1867700000.0,2911700000.0,2911700000.0,0.0,0.047,0.129,0.224,0.139,21800000.0,632700000.0,1.0,59645117.0,59700000,61000000.0,48.772,2520000000.0,85700000.0,186000000.0,102200000.0,42.211,724900000.0
14,CR,MRT,2017-12-31,2017-12-31,2017-12-31,2021-09-07,-380100000.0,3593500000.0,3546350000.0,1518500000.0,2075000000.0,0.786,22.646,-26700000.0,706200000.0,706200000.0,1770900000.0,172500000.0,1.813,1.669,743500000.0,249400000.0,494100000.0,743500000.0,0.0,72700000.0,0.0,0.015,1.32,402900000.0,475600000.0,0.171,475600000.0,402900000.0,366800000.0,2.89,2.84,2.89,1345200000.0,1315700000.0,1345200000.0,5468896383.0,14.0,11.499,290800000.0,4.896,1.0,1015100000.0,0.364,1483700000.0,36100000.0,1309600000.0,1657250000.0,349300000.0,0.0,0.0,0.0,2245000000.0,837500000.0,1407500000.0,5295196383.0,196500000.0,-60000000.0,200000.0,-2600000.0,-78400000.0,-80800000.0,-86700000.0,0.0,317500000.0,46500000.0,171800000.0,171800000.0,171800000.0,0.0,700000.0,0.062,626700000.0,388400000.0,247400000.0,0.457,3.936,30.822,30.872,282400000.0,0.0,89.22,1.901,1.902,533500000.0,1813300000.0,2786000000.0,2786000000.0,0.0,0.048,0.131,0.243,0.145,21800000.0,605900000.0,1.0,59349881.0,59400000,60400000.0,46.902,2109800000.0,104200000.0,195000000.0,48500000.0,35.519,681000000.0
15,CR,MRT,2017-09-30,2017-09-30,2017-09-30,2021-09-07,-384600000.0,3607100000.0,3504975000.0,1422800000.0,2184300000.0,0.786,23.178,-47200000.0,572200000.0,572200000.0,1749100000.0,137600000.0,2.658,1.607,745900000.0,0.0,745900000.0,745900000.0,0.0,70600000.0,0.0,0.017,1.32,218700000.0,289300000.0,0.105,289300000.0,218700000.0,182400000.0,2.27,2.23,2.27,1379100000.0,1262850000.0,1379100000.0,5003849834.0,23.0,17.296,276700000.0,4.65,1.0,1004200000.0,0.365,1490600000.0,36300000.0,1755000000.0,1757700000.0,376200000.0,0.0,0.0,0.0,2216800000.0,535200000.0,1681600000.0,4767449834.0,135900000.0,-54800000.0,12500000.0,-34000000.0,-78200000.0,-99700000.0,-102000000.0,0.0,323900000.0,13700000.0,136500000.0,136500000.0,136500000.0,0.0,1100000.0,0.05,808200000.0,196000000.0,210000000.0,0.581,3.457,34.926,35.238,292000000.0,0.0,79.99,1.732,1.729,561300000.0,1861600000.0,2753300000.0,2753300000.0,0.0,0.039,0.108,0.124,0.079,21400000.0,612300000.0,1.0,59600573.0,59500000,60400000.0,46.274,2116500000.0,191500000.0,45900000.0,57000000.0,35.571,887600000.0
16,CR,MRT,2017-06-30,2017-06-30,2017-06-30,2021-09-07,-413300000.0,3533800000.0,3455500000.0,1352300000.0,2181500000.0,0.796,22.16,-45500000.0,509300000.0,509300000.0,1756800000.0,132800000.0,2.776,1.671,745700000.0,0.0,745700000.0,745700000.0,0.0,68800000.0,0.0,0.017,1.32,216700000.0,285500000.0,0.104,285500000.0,216700000.0,180500000.0,2.21,2.17,2.21,1318500000.0,1246100000.0,1318500000.0,4964368280.0,23.0,17.388,291200000.0,4.894,1.0,994800000.0,0.362,1489700000.0,36200000.0,1793300000.0,1748400000.0,367700000.0,0.0,0.0,0.0,2202700000.0,487200000.0,1715500000.0,4723668280.0,100400000.0,-54100000.0,42000000.0,-100900000.0,-78000000.0,-136900000.0,-99600000.0,0.0,336700000.0,200000.0,131800000.0,131800000.0,131800000.0,0.0,1000000.0,0.048,797100000.0,197700000.0,209200000.0,0.597,3.583,35.84,35.919,287100000.0,0.0,79.38,1.717,1.716,565200000.0,1813000000.0,2751600000.0,2751600000.0,0.0,0.038,0.106,0.124,0.079,21400000.0,601700000.0,1.0,59507033.0,59500000,60500000.0,46.245,2044100000.0,196400000.0,48700000.0,47500000.0,34.355,865100000.0
17,CR,MRT,2017-03-31,2017-03-31,2017-03-31,2021-09-07,-451800000.0,3451000000.0,3430150000.0,1318500000.0,2132500000.0,0.805,20.573,-49700000.0,504800000.0,504800000.0,1761600000.0,131900000.0,2.724,1.819,745500000.0,0.0,745500000.0,745500000.0,0.0,68300000.0,0.0,0.018,1.32,210700000.0,279000000.0,0.101,279000000.0,210700000.0,174300000.0,2.22,2.18,2.22,1220000000.0,1231000000.0,1220000000.0,4661599643.0,22.0,16.708,289900000.0,4.889,1.0,999700000.0,0.362,1436500000.0,36400000.0,1771100000.0,1745500000.0,356900000.0,0.0,0.0,0.0,2218700000.0,484100000.0,1734600000.0,4425999643.0,150800000.0,0.0,40600000.0,-78100000.0,-77600000.0,-115100000.0,-49700000.0,0.0,339600000.0,-24000000.0,130800000.0,130800000.0,130800000.0,0.0,1100000.0,0.047,805200000.0,194500000.0,199800000.0,0.595,3.628,33.838,33.707,281000000.0,0.0,74.83,1.603,1.607,555100000.0,1763400000.0,2761300000.0,2761300000.0,0.0,0.038,0.106,0.121,0.076,21200000.0,612400000.0,1.0,59147396.0,59300000,60300000.0,46.565,2014500000.0,199500000.0,43500000.0,52000000.0,33.971,834400000.0
18,CR,MRT,2016-12-31,2016-12-31,2016-12-31,2021-09-07,-476100000.0,3428000000.0,3416150000.0,1315700000.0,2112300000.0,0.804,19.381,-50600000.0,509700000.0,509700000.0,1758300000.0,123800000.0,2.526,2.013,745300000.0,0.0,745300000.0,745300000.0,0.0,67400000.0,0.0,0.018,1.32,199600000.0,267000000.0,0.097,267000000.0,199600000.0,163100000.0,2.1,2.07,2.1,1133800000.0,1229300000.0,1133800000.0,4573209016.0,23.0,17.128,267500000.0,4.573,1.0,989700000.0,0.36,1431400000.0,36500000.0,1711400000.0,1751650000.0,342500000.0,0.0,0.0,0.0,2282300000.0,520800000.0,1761500000.0,4230309016.0,146200000.0,0.0,26400000.0,-49600000.0,-77200000.0,-100400000.0,-50600000.0,0.0,318100000.0,-20900000.0,122800000.0,122800000.0,122800000.0,0.0,1000000.0,0.045,803000000.0,186700000.0,223200000.0,0.629,3.731,34.449,34.343,278900000.0,0.0,72.12,1.539,1.535,539600000.0,1719900000.0,2748000000.0,2748000000.0,0.0,0.036,0.1,0.114,0.073,21700000.0,610600000.0,1.0,58656531.0,58500000,59300000.0,46.974,1996600000.0,211400000.0,40300000.0,45900000.0,34.13,794900000.0
19,CR,MRT,2016-09-30,2016-09-30,2016-09-30,2021-09-07,-359500000.0,3409200000.0,3393375000.0,1309900000.0,2099300000.0,0.809,22.429,-46600000.0,436300000.0,436300000.0,1765900000.0,252900000.0,2.353,1.589,779200000.0,34000000.0,745200000.0,779200000.0,0.0,67900000.0,0.0,0.021,1.32,395200000.0,463100000.0,0.169,463100000.0,395200000.0,358600000.0,4.33,4.26,4.33,1312100000.0,1230700000.0,1312100000.0,4116768121.0,10.0,8.89,235400000.0,4.024,1.0,981000000.0,0.357,1477700000.0,36600000.0,1717800000.0,1751250000.0,372300000.0,0.0,0.0,0.0,2085200000.0,556600000.0,1528600000.0,3679768121.0,101100000.0,0.0,11200000.0,-63800000.0,-77000000.0,-129300000.0,-46500000.0,0.0,282000000.0,-5100000.0,251900000.0,251900000.0,251900000.0,0.0,1000000.0,0.092,585600000.0,395400000.0,202500000.0,0.305,2.804,14.608,14.552,283000000.0,0.0,63.01,1.34,1.342,538500000.0,1803300000.0,2746900000.0,2746900000.0,0.0,0.074,0.205,0.226,0.144,22300000.0,585300000.0,1.0,58399748.0,58500000,59400000.0,46.956,1931500000.0,170200000.0,106700000.0,66700000.0,33.017,753300000.0
20,CR,MRT,2016-06-30,2016-06-30,2016-06-30,2021-09-07,-356100000.0,3432400000.0,3391750000.0,1308500000.0,2123900000.0,0.803,21.58,-42900000.0,408900000.0,408900000.0,1748400000.0,246400000.0,2.175,1.719,845900000.0,100900000.0,745000000.0,845900000.0,0.0,67200000.0,0.0,0.023,1.32,384300000.0,451500000.0,0.166,451500000.0,384300000.0,347800000.0,4.22,4.16,4.22,1258100000.0,1177500000.0,1258100000.0,3775848542.0,10.0,8.363,192200000.0,3.297,1.0,974200000.0,0.358,1486100000.0,36500000.0,1781700000.0,1761675000.0,389400000.0,0.0,0.0,0.0,2162600000.0,601600000.0,1561000000.0,3306948542.0,82600000.0,0.0,4100000.0,-21800000.0,-76800000.0,-94200000.0,-42900000.0,0.0,235100000.0,-15300000.0,245300000.0,245300000.0,245300000.0,0.0,1100000.0,0.09,589400000.0,384800000.0,205900000.0,0.313,2.629,13.481,13.441,281700000.0,0.0,56.72,1.215,1.215,556300000.0,1759200000.0,2722600000.0,2722600000.0,0.0,0.072,0.208,0.218,0.141,21900000.0,585500000.0,1.0,58303042.0,58300000,59200000.0,46.7,1946300000.0,179800000.0,102500000.0,57000000.0,33.384,706900000.0
21,CR,MRT,2016-03-31,2016-03-31,2016-03-31,2021-09-07,-343100000.0,3395000000.0,3390675000.0,1254700000.0,2140300000.0,0.803,20.845,-36900000.0,354000000.0,354000000.0,1770000000.0,233900000.0,2.18,1.789,822900000.0,78100000.0,744800000.0,822900000.0,0.0,67000000.0,0.0,0.025,1.32,372700000.0,439700000.0,0.162,439700000.0,372700000.0,335900000.0,4.01,3.96,4.01,1213200000.0,1133150000.0,1213200000.0,3571807621.0,10.0,8.123,186000000.0,3.196,1.0,951600000.0,0.35,1492600000.0,36800000.0,1795700000.0,1765875000.0,401900000.0,0.0,0.0,0.0,2170100000.0,575600000.0,1594500000.0,3136407621.0,57000000.0,0.0,800000.0,-49400000.0,-76700000.0,-126000000.0,-36900000.0,0.0,222900000.0,-3000000.0,232900000.0,232900000.0,232900000.0,0.0,1000000.0,0.086,579200000.0,372400000.0,199100000.0,0.329,2.585,13.467,13.431,279900000.0,0.0,53.86,1.152,1.152,556500000.0,1710100000.0,2721600000.0,2721600000.0,0.0,0.069,0.206,0.211,0.137,21600000.0,566700000.0,1.0,58232596.0,58200000,58900000.0,46.763,1902400000.0,183600000.0,103000000.0,61900000.0,32.687,679100000.0
22,CR,MRT,2015-12-31,2015-12-31,2015-12-31,2021-09-07,-376700000.0,3336900000.0,3388750000.0,1203500000.0,2133400000.0,0.809,19.611,-35200000.0,363500000.0,363500000.0,1786100000.0,230000000.0,2.101,1.919,794200000.0,49600000.0,744600000.0,794200000.0,0.0,67000000.0,0.0,0.028,1.32,373000000.0,440000000.0,0.161,440000000.0,373000000.0,335400000.0,3.94,3.89,3.94,1139400000.0,1082700000.0,1139400000.0,3289501948.0,9.0,7.476,194100000.0,3.341,1.0,954400000.0,0.348,1485000000.0,37600000.0,1709800000.0,1764500000.0,376900000.0,0.0,0.0,0.0,2186100000.0,572800000.0,1613300000.0,2777801948.0,17200000.0,0.0,-16100000.0,-51200000.0,-76600000.0,-143800000.0,-35200000.0,0.0,229300000.0,-33100000.0,228900000.0,228900000.0,228900000.0,0.0,1100000.0,0.084,581500000.0,372900000.0,223300000.0,0.335,2.438,12.135,12.142,276000000.0,0.0,47.84,1.014,1.014,526800000.0,1674300000.0,2740500000.0,2740500000.0,0.0,0.068,0.211,0.211,0.136,21300000.0,566500000.0,1.0,58064422.0,58100000,58800000.0,47.169,1851900000.0,189900000.0,106500000.0,56300000.0,31.874,630700000.0
23,CR,MRT,2015-09-30,2015-09-30,2015-09-30,2021-09-07,-363400000.0,3402700000.0,3417225000.0,1240300000.0,2162400000.0,0.817,18.921,-33100000.0,335200000.0,335200000.0,1826000000.0,221000000.0,1.901,2.085,846900000.0,97700000.0,749200000.0,846900000.0,0.0,67700000.0,0.0,0.028,1.32,363500000.0,431200000.0,0.155,431200000.0,363500000.0,324900000.0,3.78,3.74,3.78,1099300000.0,1062800000.0,1099300000.0,3251303835.0,9.0,7.54,233200000.0,4.014,1.0,964600000.0,0.346,1502600000.0,38600000.0,1759500000.0,1779475000.0,401600000.0,0.0,0.0,0.0,2292300000.0,652300000.0,1640000000.0,2705703835.0,33500000.0,0.0,-68200000.0,-17000000.0,-76500000.0,-162200000.0,-33200000.0,0.0,266300000.0,-37300000.0,219900000.0,220000000.0,220000000.0,0.0,1100000.0,0.079,605500000.0,359100000.0,221000000.0,0.349,2.461,12.299,12.331,280100000.0,-100000.0,46.61,0.97,0.97,563700000.0,1628300000.0,2790600000.0,2790600000.0,0.0,0.064,0.207,0.204,0.13,20800000.0,575400000.0,1.0,58049857.0,58100000,58800000.0,48.031,1900100000.0,200400000.0,105000000.0,53700000.0,32.704,588000000.0
24,CR,MRT,2015-06-30,2015-06-30,2015-06-30,2021-09-07,-339000000.0,3428100000.0,3455076250.0,1224400000.0,2203700000.0,0.824,18.633,-32600000.0,326300000.0,326300000.0,1870600000.0,192000000.0,1.867,2.162,871900000.0,122700000.0,749200000.0,871900000.0,0.0,69800000.0,0.0,0.022,1.32,318800000.0,388600000.0,0.136,388600000.0,318800000.0,279700000.0,3.28,3.24,3.28,1080700000.0,1103240750.0,1080700000.0,3986030762.0,13.0,10.257,232100000.0,4.002,1.0,977500000.0,0.343,1519400000.0,39100000.0,1798500000.0,1805429750.0,387900000.0,0.0,0.0,0.0,2336300000.0,655800000.0,1680500000.0,3406230762.0,12200000.0,0.0,-67600000.0,-31100000.0,-76900000.0,-175600000.0,-32600000.0,0.0,264700000.0,-44500000.0,191100000.0,191200000.0,191200000.0,0.0,900000.0,0.067,663900000.0,313600000.0,211900000.0,0.402,3.152,17.815,17.905,283100000.0,-100000.0,58.73,1.196,1.196,572300000.0,1590500000.0,2848100000.0,2848100000.0,0.0,0.055,0.173,0.177,0.112,21100000.0,578400000.0,1.0,57998140.0,58000000,58800000.0,49.105,1908700000.0,218000000.0,88600000.0,56300000.0,32.909,568600000.0
25,CR,MRT,2015-03-31,2015-03-31,2015-03-31,2021-09-07,-367500000.0,3387300000.0,3506242000.0,1182700000.0,2204600000.0,0.823,17.408,-33600000.0,296900000.0,296900000.0,1887900000.0,196000000.0,1.788,2.338,876700000.0,127500000.0,749200000.0,876700000.0,0.0,70500000.0,0.0,0.021,1.29,324100000.0,394600000.0,0.137,394600000.0,324100000.0,284700000.0,3.33,3.29,3.33,1011400000.0,1161802750.0,1011400000.0,4134765989.0,13.0,10.478,237700000.0,4.091,1.0,999100000.0,0.346,1515300000.0,39400000.0,1790200000.0,1826537500.0,377600000.0,0.0,0.0,0.0,2365100000.0,661600000.0,1703500000.0,3631012989.0,46800000.0,8200000.0,-63900000.0,-16300000.0,-75400000.0,-152200000.0,-25400000.0,0.0,271300000.0,-46900000.0,195000000.0,195100000.0,195100000.0,0.0,1000000.0,0.068,678100000.0,321000000.0,210700000.0,0.387,3.59,18.611,18.742,281100000.0,-100000.0,62.41,1.258,1.256,580500000.0,1553900000.0,2887000000.0,2887000000.0,0.0,0.056,0.168,0.177,0.112,21100000.0,595900000.0,1.0,58179987.0,58100000,58900000.0,49.69,1872000000.0,222300000.0,89700000.0,58900000.0,32.22,521100000.0
26,CR,MRT,2014-12-31,2014-12-31,2014-12-31,2021-09-07,-298800000.0,3450800000.0,3547753250.0,1195200000.0,2255600000.0,0.824,18.055,-34000000.0,346300000.0,346300000.0,1908700000.0,193600000.0,1.867,2.246,850000000.0,100800000.0,749200000.0,850000000.0,0.0,75800000.0,0.0,0.021,1.26,319500000.0,395300000.0,0.135,395300000.0,319500000.0,280300000.0,3.28,3.23,3.28,1059800000.0,1221184750.0,1059800000.0,4024705094.0,13.0,10.181,230000000.0,3.918,1.0,1016300000.0,0.347,1544800000.0,39200000.0,1769700000.0,1846399000.0,369700000.0,0.0,0.0,0.0,2380200000.0,640000000.0,1740200000.0,3462361094.0,75700000.0,8200000.0,-41800000.0,-25000000.0,-73900000.0,-133000000.0,-25800000.0,0.0,264000000.0,-29500000.0,192700000.0,192700000.0,192700000.0,0.0,900000.0,0.066,700000000.0,316300000.0,228800000.0,0.384,3.267,17.968,17.896,290300000.0,0.0,58.7,1.184,1.178,558200000.0,1522100000.0,2925000000.0,2925000000.0,0.0,0.054,0.158,0.173,0.109,20900000.0,605200000.0,1.0,58984005.0,58700000,59600000.0,49.83,1906000000.0,229200000.0,87600000.0,51900000.0,32.47,555200000.0
27,CR,MRT,2014-09-30,2014-09-30,2014-09-30,2021-09-07,-106168000.0,3554105000.0,3574955000.0,1226084000.0,2328021000.0,0.804,21.374,-37556000.0,301672000.0,301672000.0,1881639000.0,187061000.0,1.864,1.81,864016000.0,114814000.0,749202000.0,864016000.0,0.0,74641000.0,0.0,0.019,1.23,312170000.0,386811000.0,0.135,386811000.0,312170000.0,277121000.0,3.17,3.13,3.17,1261063000.0,1257314500.0,1261063000.0,4317184956.0,14.0,11.161,224245000.0,3.801,1.0,994129000.0,0.346,1595220000.0,35049000.0,1863319000.0,1863178750.0,409044000.0,0.0,0.0,0.0,2282275000.0,657910000.0,1624365000.0,3728378956.0,-101657000.0,-786800000.0,9517000.0,534503000.0,-72322000.0,480311000.0,-824356000.0,0.0,261801000.0,-19513000.0,186204000.0,186204000.0,186204000.0,0.0,857000.0,0.065,684184000.0,309945000.0,224791000.0,0.388,2.957,20.023,19.94,294762000.0,0.0,63.21,1.296,1.297,597745000.0,1484903000.0,2875768000.0,2875768000.0,0.0,0.052,0.148,0.168,0.109,22401000.0,605184000.0,1.0,58984005.0,59000000,59900000.0,48.742,1958885000.0,207930000.0,90917000.0,81417000.0,33.201,568174000.0
28,CR,MRT,2014-06-30,2014-06-30,2014-06-30,2021-09-07,-37011000.0,3632763000.0,3400965000.0,1261093000.0,2371670000.0,0.819,22.325,-36848000.0,314192000.0,314192000.0,1826656000.0,216344000.0,1.805,1.754,902998000.0,153806000.0,749192000.0,902998000.0,0.0,68976000.0,0.0,0.016,1.2,352308000.0,421284000.0,0.151,421284000.0,352308000.0,320171000.0,3.67,3.63,3.67,1314948000.0,1216926000.0,1314948000.0,5018109691.0,14.0,11.911,237307000.0,4.029,1.0,959227000.0,0.344,1639848000.0,32137000.0,1882931000.0,1712309000.0,401510000.0,0.0,0.0,0.0,2307036000.0,698790000.0,1608246000.0,4375398691.0,-106771000.0,-786800000.0,12658000.0,483795000.0,-70262000.0,435169000.0,-823648000.0,0.0,274155000.0,7653000.0,215235000.0,215235000.0,215235000.0,0.0,1109000.0,0.077,607973000.0,351254000.0,237549000.0,0.327,3.327,20.328,20.262,305681000.0,0.0,74.36,1.571,1.572,629477000.0,1476291000.0,2785883000.0,2785883000.0,0.0,0.063,0.177,0.206,0.126,23014000.0,587973000.0,1.0,58840757.0,58900000,59800000.0,47.299,1992915000.0,206541000.0,104936000.0,78939000.0,33.836,562303000.0
29,CR,MRT,2014-03-31,2014-03-31,2014-03-31,2021-09-07,-49654000.0,3553345000.0,3210874250.0,1170085000.0,2383260000.0,0.836,21.349,-32923000.0,250274000.0,250274000.0,1764681000.0,211858000.0,1.718,1.837,892985000.0,143804000.0,749181000.0,892985000.0,0.0,63890000.0,0.0,0.017,1.18,345239000.0,409129000.0,0.152,409129000.0,345239000.0,315657000.0,3.61,3.56,3.61,1248928000.0,1142290250.0,1248928000.0,4749871535.0,14.0,11.61,207980000.0,3.555,1.0,919848000.0,0.343,1645437000.0,29582000.0,1869646000.0,1612919750.0,389301000.0,0.0,0.0,0.0,2293900000.0,680973000.0,1612927000.0,4145518535.0,-134392000.0,-795000000.0,18311000.0,486700000.0,-68756000.0,444827000.0,-827923000.0,0.0,240903000.0,7801000.0,210409000.0,210409000.0,210409000.0,0.0,1449000.0,0.078,577348000.0,342500000.0,214108000.0,0.327,3.319,19.702,19.709,303778000.0,0.0,71.15,1.544,1.55,623007000.0,1434270000.0,2684529000.0,2684529000.0,0.0,0.066,0.184,0.214,0.129,23021000.0,562648000.0,1.0,58264491.0,58500000,59500000.0,45.889,1907908000.0,211826000.0,105248000.0,52426000.0,32.614,489112000.0
30,CR,MRT,2013-12-31,2013-12-31,2013-12-31,2021-09-07,-48651000.0,3559607000.0,3035063750.0,1149092000.0,2410515000.0,0.855,20.8,-29000000.0,270643000.0,270643000.0,1711800000.0,220900000.0,1.718,1.947,874996000.0,125826000.0,749170000.0,874996000.0,0.0,54800000.0,0.0,0.017,1.16,351100000.0,405900000.0,0.156,405900000.0,351100000.0,324600000.0,3.79,3.73,3.79,1204319000.0,1071093000.0,1204319000.0,3831141472.0,11.0,9.439,210400000.0,3.634,1.0,883500000.0,0.34,1658239000.0,26500000.0,1836819000.0,1516651000.0,368886000.0,0.0,0.0,0.0,2344934000.0,668902000.0,1676032000.0,3910653472.0,-153300000.0,-795000000.0,24900000.0,468700000.0,-67300000.0,432700000.0,-824000000.0,0.0,239400000.0,-1400000.0,219500000.0,219500000.0,219500000.0,0.0,1400000.0,0.085,535600000.0,347900000.0,229828000.0,0.306,3.247,17.816,17.744,305055000.0,0.0,67.25,1.507,1.5,608546000.0,1403202000.0,2595300000.0,2595300000.0,0.0,0.072,0.205,0.231,0.135,22800000.0,535600000.0,1.0,58150981.0,57900000,58800000.0,44.824,1901368000.0,218385000.0,105100000.0,78103000.0,32.839,480190000.0
31,CR,MRT,2013-09-30,2013-09-30,2013-09-30,2021-09-07,-113121000.0,2858145000.0,2867631500.0,1220198000.0,1637947000.0,0.887,18.927,-23824000.0,403404000.0,403404000.0,1675245000.0,216810000.0,2.059,1.59,323892000.0,124672000.0,199220000.0,323892000.0,0.0,52300000.0,0.0,0.018,1.14,341292000.0,393592000.0,0.155,393592000.0,341292000.0,313924000.0,3.74,3.68,3.74,1099509000.0,999609000.0,1099509000.0,3574224211.0,10.0,9.081,222678000.0,3.833,1.0,868375000.0,0.341,926065000.0,27368000.0,1259840000.0,1411084500.0,361026000.0,0.0,0.0,0.0,1748669000.0,592728000.0,1155941000.0,3581539211.0,122868000.0,480000.0,28713000.0,-76803000.0,-65754000.0,-107687000.0,-23344000.0,0.0,246502000.0,7397000.0,215440000.0,215440000.0,215440000.0,1000.0,1370000.0,0.085,527437000.0,340938000.0,175731000.0,0.305,3.257,16.624,16.489,259551000.0,0.0,61.67,1.408,1.408,564023000.0,1370949000.0,2543620000.0,2543620000.0,0.0,0.075,0.216,0.242,0.134,20758000.0,523881000.0,1.0,58075875.0,58093000,59035000.0,43.785,1932080000.0,245642000.0,98484000.0,47019000.0,33.258,627470000.0
32,CR,MRT,2013-06-30,2013-06-30,2013-06-30,2021-09-07,-145679000.0,2872400000.0,2871223250.0,1231153000.0,1641247000.0,0.889,17.552,-22700000.0,420918000.0,420918000.0,1680076000.0,216634000.0,2.661,1.817,413603000.0,14422000.0,399181000.0,413603000.0,0.0,53039000.0,0.0,0.019,1.12,340494000.0,393533000.0,0.154,393533000.0,340494000.0,313196000.0,3.76,3.7,3.76,1016405000.0,955773000.0,1016405000.0,3481156622.0,10.0,8.846,206499000.0,3.566,1.0,872010000.0,0.342,917037000.0,27298000.0,1485374000.0,1478397750.0,358471000.0,0.0,0.0,0.0,1846455000.0,462674000.0,1383781000.0,3465531622.0,168619000.0,1414000.0,4672000.0,12905000.0,-64237000.0,-41413000.0,-21286000.0,0.0,229199000.0,2119000.0,215434000.0,215434000.0,215434000.0,-900000.0,1200000.0,0.084,533497000.0,338513000.0,168191000.0,0.298,3.41,16.086,15.936,257793000.0,0.0,59.92,1.358,1.36,567120000.0,1331258000.0,2552086000.0,2552086000.0,0.0,0.075,0.225,0.23,0.133,19247000.0,529781000.0,1.0,57835975.0,57908000,58828000.0,44.071,1955363000.0,254246000.0,97762000.0,36676000.0,33.767,768479000.0
33,CR,MRT,2013-03-31,2013-03-31,2013-03-31,2021-09-07,-145883000.0,2850103000.0,2868505250.0,1185116000.0,1664987000.0,0.893,16.774,-21154000.0,384639000.0,384639000.0,1690146000.0,223967000.0,2.584,1.947,400264000.0,1127000.0,399137000.0,400264000.0,0.0,55299000.0,0.0,0.02,1.1,340467000.0,395766000.0,0.155,395766000.0,340467000.0,313629000.0,3.89,3.84,3.89,964139000.0,925607250.0,964139000.0,3179599640.0,9.0,8.034,236006000.0,4.106,1.0,870880000.0,0.34,922482000.0,26838000.0,1484571000.0,1494993500.0,359623000.0,0.0,0.0,0.0,1876810000.0,458675000.0,1418135000.0,3203331640.0,188779000.0,54079000.0,-34972000.0,318000.0,-63028000.0,-94098000.0,32925000.0,0.0,257160000.0,-7208000.0,223122000.0,223122000.0,223122000.0,-20809000.0,845000.0,0.087,551836000.0,319044000.0,174182000.0,0.283,3.322,14.357,14.36,260313000.0,0.0,55.86,1.251,1.254,565633000.0,1292618000.0,2561026000.0,2561026000.0,0.0,0.078,0.241,0.228,0.133,18691000.0,533373000.0,1.0,57345715.0,57479000,58389000.0,44.556,1927621000.0,257143000.0,90507000.0,48367000.0,33.536,726441000.0
34,CR,MRT,2012-12-31,2012-12-31,2012-12-31,2021-09-07,-128077000.0,2889878000.0,2868582750.0,1180521000.0,1709357000.0,0.899,15.988,-22870000.0,423947000.0,423947000.0,1709949000.0,217821000.0,2.306,2.137,400215000.0,1123000.0,399092000.0,400215000.0,0.0,57263000.0,0.0,0.023,1.08,332240000.0,389503000.0,0.151,389503000.0,332240000.0,305409000.0,3.78,3.72,3.78,918383000.0,906370750.0,918383000.0,2754110742.0,8.0,7.071,211886000.0,3.689,1.0,869119000.0,0.337,939705000.0,26831000.0,1414553000.0,1522928000.0,352725000.0,0.0,0.0,0.0,1962502000.0,511888000.0,1450614000.0,2634484742.0,178858000.0,54079000.0,-36935000.0,0.0,-61974000.0,-95306000.0,31209000.0,0.0,234756000.0,8199000.0,216993000.0,216993000.0,216993000.0,-21632000.0,828000.0,0.084,558678000.0,310441000.0,182731000.0,0.286,2.869,12.141,12.243,268283000.0,0.0,46.28,1.021,1.031,538804000.0,1250972000.0,2579068000.0,2579068000.0,0.0,0.076,0.239,0.218,0.129,17319000.0,540215000.0,1.0,56924908.0,57443000,58293000.0,44.898,1950173000.0,267461000.0,88416000.0,52539000.0,33.95,668633000.0
35,CR,MRT,2012-09-30,2012-09-30,2012-09-30,2021-09-07,-82311000.0,2872512000.0,2856996000.0,1132477000.0,1740035000.0,0.899,16.179,-24651000.0,280536000.0,280536000.0,1951465000.0,47045000.0,2.173,2.099,400162000.0,1114000.0,399048000.0,400162000.0,0.0,58857000.0,0.0,0.027,1.06,62587000.0,121444000.0,0.047,121444000.0,62587000.0,35743000.0,0.82,0.83,0.82,924165000.0,880163250.0,924165000.0,2437906179.0,39.0,20.074,139420000.0,2.441,1.0,617619000.0,0.24,941781000.0,26844000.0,1529093000.0,1543870250.0,366845000.0,0.0,0.0,0.0,1939760000.0,521264000.0,1418496000.0,2290100179.0,69353000.0,52603000.0,-68270000.0,333000.0,-61033000.0,-125346000.0,27952000.0,0.0,164071000.0,2676000.0,46220000.0,46220000.0,46220000.0,-22509000.0,825000.0,0.018,577366000.0,40253000.0,173328000.0,1.293,2.478,49.548,48.695,271384000.0,0.0,39.93,0.891,0.888,619297000.0,1221304000.0,2569084000.0,2569084000.0,0.0,0.016,0.053,0.041,0.024,16700000.0,532132000.0,1.0,57352872.0,57123000,57873000.0,44.975,1930731000.0,283773000.0,-10477000.0,71163000.0,33.8,611213000.0
36,CR,MRT,2012-06-30,2012-06-30,2012-06-30,2021-09-07,-84946000.0,2861528000.0,2822415250.0,1114051000.0,1747477000.0,0.911,15.507,-28114000.0,252299000.0,252299000.0,1953841000.0,42144000.0,2.143,2.185,400105000.0,1102000.0,399003000.0,400105000.0,0.0,61264000.0,0.0,0.029,1.04,56827000.0,118091000.0,0.046,118091000.0,56827000.0,30127000.0,0.73,0.73,0.73,895742000.0,917456250.0,895742000.0,2343445566.0,41.0,19.844,122597000.0,2.122,1.0,616350000.0,0.24,937636000.0,26700000.0,1551757000.0,1513944500.0,363933000.0,0.0,0.0,0.0,1957025000.0,519941000.0,1437084000.0,2139553566.0,20934000.0,16075000.0,-45357000.0,-473000.0,-60208000.0,-102022000.0,-12039000.0,0.0,150711000.0,-15716000.0,41635000.0,41635000.0,41635000.0,-22795000.0,509000.0,0.016,582391000.0,33959000.0,180809000.0,1.425,2.389,51.388,49.836,273640000.0,0.0,36.38,0.832,0.818,634568000.0,1180100000.0,2570191000.0,2570191000.0,0.0,0.015,0.045,0.038,0.022,16156000.0,537317000.0,1.0,58811258.0,57762000,58614000.0,44.496,1923892000.0,293755000.0,-11508000.0,68953000.0,33.307,594110000.0
37,CR,MRT,2012-03-31,2012-03-31,2012-03-31,2021-09-07,-70721000.0,2850413000.0,2799567500.0,1049210000.0,1801203000.0,0.909,15.326,-33352000.0,195860000.0,195860000.0,1933731000.0,29934000.0,2.151,2.203,399752000.0,794000.0,398958000.0,399752000.0,0.0,61843000.0,0.0,0.021,1.01,47183000.0,109026000.0,0.043,109026000.0,47183000.0,20839000.0,0.52,0.51,0.52,887193000.0,963760000.0,887193000.0,2956848154.0,63.0,27.121,89819000.0,1.552,1.0,611963000.0,0.24,970189000.0,26344000.0,1596309000.0,1485886250.0,368495000.0,0.0,0.0,0.0,1954557000.0,487807000.0,1466750000.0,2801911154.0,-37302000.0,-36590000.0,-30894000.0,-1245000.0,-58608000.0,-85655000.0,-69942000.0,0.0,123171000.0,-4876000.0,29510000.0,29510000.0,29510000.0,-3596000.0,424000.0,0.012,568530000.0,43433000.0,184319000.0,1.942,3.158,94.948,93.269,284289000.0,0.0,48.5,1.101,1.103,625692000.0,1132524000.0,2545694000.0,2545694000.0,0.0,0.011,0.031,0.032,0.019,15476000.0,538203000.0,1.0,57771364.0,57889000,58880000.0,43.975,1880224000.0,302682000.0,-8671000.0,57409000.0,32.48,561403000.0
38,CR,MRT,2011-12-31,2011-12-31,2011-12-31,2021-09-07,-93512000.0,2843531000.0,2774378750.0,1032232000.0,1811299000.0,0.901,13.998,-29944000.0,245089000.0,245089000.0,1894885000.0,26516000.0,1.936,2.485,400026000.0,1112000.0,398914000.0,400026000.0,0.0,62943000.0,0.0,0.021,0.98,44515000.0,107458000.0,0.043,107458000.0,44515000.0,18260000.0,0.45,0.44,0.45,813553000.0,1002356750.0,813553000.0,2904991360.0,65.0,27.034,119868000.0,2.062,1.0,605484000.0,0.242,967051000.0,26255000.0,1498322000.0,1444365750.0,360689000.0,0.0,0.0,0.0,2021475000.0,533095000.0,1488380000.0,2716553360.0,-27852000.0,-35590000.0,-56767000.0,-1003000.0,-56992000.0,-108665000.0,-65534000.0,0.0,149812000.0,-3465000.0,26315000.0,26315000.0,26315000.0,-3700000.0,201000.0,0.011,568913000.0,36571000.0,194158000.0,2.178,3.339,103.232,103.8,284146000.0,0.0,46.71,1.086,1.086,574547000.0,1095953000.0,2500369000.0,2500369000.0,0.0,0.009,0.026,0.031,0.018,14972000.0,538586000.0,1.0,58157854.0,58120000,59204000.0,43.021,1876480000.0,312513000.0,-8055000.0,51833000.0,32.286,499137000.0
39,CR,MRT,2011-09-30,2011-09-30,2011-09-30,2021-09-07,3679000.0,2734189000.0,2740170250.0,1057777000.0,1676412000.0,0.886,18.491,-30237000.0,211183000.0,211183000.0,1592514000.0,190561000.0,1.963,1.54,399621000.0,752000.0,398869000.0,399621000.0,0.0,62453000.0,0.0,0.027,0.95,292550000.0,355003000.0,0.146,355003000.0,292550000.0,266305000.0,3.28,3.22,3.28,1073337000.0,1045204500.0,1073337000.0,2240102567.0,8.0,6.31,108990000.0,1.878,1.0,834283000.0,0.344,974284000.0,26245000.0,1409390000.0,1410285500.0,363751000.0,0.0,0.0,0.0,1652761000.0,538953000.0,1113808000.0,2072178567.0,-104381000.0,-123888000.0,-44037000.0,-1776000.0,-55317000.0,-93954000.0,-154125000.0,0.0,139227000.0,4471000.0,190832000.0,190832000.0,190832000.0,-3107000.0,-271000.0,0.079,550445000.0,283838000.0,180917000.0,0.29,1.931,10.859,10.881,289667000.0,0.0,35.69,0.854,0.854,569574000.0,1236117000.0,2426797000.0,2426797000.0,0.0,0.07,0.183,0.207,0.121,14808000.0,543769000.0,1.0,58060481.0,58048000,59058000.0,41.807,1759905000.0,205552000.0,75473000.0,79882000.0,30.318,518824000.0
40,CR,MRT,2011-06-30,2011-06-30,2011-06-30,2021-09-07,55544000.0,2770137000.0,2730499250.0,1071868000.0,1698269000.0,0.857,18.582,-26062000.0,231365000.0,231365000.0,1537161000.0,179758000.0,2.055,1.555,399289000.0,464000.0,398825000.0,399289000.0,0.0,61623000.0,0.0,0.019,0.92,275174000.0,336797000.0,0.144,336797000.0,275174000.0,248665000.0,3.08,3.03,3.08,1080957000.0,1014624250.0,1080957000.0,3049446572.0,11.0,9.054,58773000.0,1.01,1.0,803262000.0,0.343,977003000.0,26509000.0,1439524000.0,1405823250.0,362113000.0,0.0,0.0,0.0,1680872000.0,521534000.0,1159338000.0,2882912572.0,-104164000.0,-83679000.0,-62987000.0,-136000.0,-53672000.0,-109115000.0,-109741000.0,0.0,84835000.0,29857000.0,179799000.0,179799000.0,179799000.0,-1920000.0,-41000.0,0.077,536835000.0,266427000.0,180216000.0,0.299,2.667,16.034,16.042,284101000.0,0.0,49.41,1.232,1.228,578360000.0,1198675000.0,2340423000.0,2340423000.0,0.0,0.066,0.177,0.196,0.118,14256000.0,530159000.0,1.0,58346743.0,58173000,59348000.0,40.232,1793134000.0,213886000.0,68866000.0,69106000.0,30.824,550334000.0
41,CR,MRT,2011-03-31,2011-03-31,2011-03-31,2021-09-07,43076000.0,2749658000.0,2704680750.0,1045940000.0,1703718000.0,0.836,17.857,-20124000.0,233162000.0,233162000.0,1482955000.0,169384000.0,2.067,1.632,399696000.0,916000.0,398780000.0,399696000.0,0.0,61178000.0,0.0,0.018,0.89,260428000.0,321606000.0,0.142,321606000.0,260428000.0,233691000.0,2.89,2.85,2.89,1041580000.0,966453250.0,1041580000.0,2957563981.0,11.0,9.196,80428000.0,1.379,1.0,777093000.0,0.344,979961000.0,26737000.0,1430227000.0,1386557250.0,347813000.0,0.0,0.0,0.0,1700001000.0,506004000.0,1193997000.0,2830784981.0,-86422000.0,-83679000.0,-49774000.0,231000.0,-52102000.0,-94794000.0,-103803000.0,0.0,100552000.0,11623000.0,169403000.0,169403000.0,169403000.0,-1210000.0,-19000.0,0.075,524213000.0,252880000.0,173798000.0,0.308,2.718,16.71,16.758,283006000.0,0.0,48.43,1.253,1.25,563510000.0,1161653000.0,2260048000.0,2260048000.0,0.0,0.063,0.175,0.188,0.115,13657000.0,517537000.0,1.0,58451063.0,58330000,59552000.0,38.746,1769697000.0,220572000.0,64288000.0,63087000.0,30.339,539936000.0
42,CR,MRT,2010-12-31,2010-12-31,2010-12-31,2021-09-07,11518000.0,2706697000.0,2693657500.0,988661000.0,1718036000.0,0.809,16.808,-20658000.0,272941000.0,272941000.0,1437376000.0,154190000.0,1.983,1.74,399720000.0,984000.0,398736000.0,399720000.0,0.0,59841000.0,0.0,0.021,0.86,237098000.0,296939000.0,0.136,296939000.0,237098000.0,210257000.0,2.63,2.59,2.63,984944000.0,930842500.0,984944000.0,2484953971.0,10.0,8.369,112878000.0,1.926,1.0,741943000.0,0.34,972921000.0,26841000.0,1362001000.0,1380327000.0,319077000.0,0.0,0.0,0.0,1713667000.0,498554000.0,1215113000.0,2400402971.0,-99773000.0,-135846000.0,-27613000.0,-2739000.0,-50371000.0,-77433000.0,-156504000.0,0.0,133536000.0,628000.0,154170000.0,154170000.0,154170000.0,-1210000.0,20000.0,0.071,508643000.0,233300000.0,157051000.0,0.327,2.437,15.57,15.616,280746000.0,0.0,41.07,1.101,1.104,515607000.0,1126630000.0,2179319000.0,2179319000.0,0.0,0.057,0.166,0.172,0.109,13326000.0,501967000.0,1.0,58446627.0,58601000,59562000.0,37.189,1733776000.0,227788000.0,56087000.0,59909000.0,29.586,490107000.0
43,CR,MRT,2010-09-30,2010-09-30,2010-09-30,2021-09-07,-5253000.0,2695505000.0,2695207750.0,1070912000.0,1624593000.0,0.812,16.227,-19049000.0,315564000.0,315564000.0,1436223000.0,162643000.0,2.206,1.826,400115000.0,1424000.0,398691000.0,400115000.0,0.0,58943000.0,0.0,0.022,0.83,252265000.0,311208000.0,0.142,311208000.0,252265000.0,225375000.0,2.78,2.74,2.78,951016000.0,906047000.0,951016000.0,2297266062.0,9.0,7.382,103543000.0,1.767,1.0,752600000.0,0.344,903074000.0,26890000.0,1391541000.0,1387908750.0,315291000.0,0.0,0.0,0.0,1736369000.0,485441000.0,1250928000.0,2233117062.0,10676000.0,-28688000.0,-12269000.0,-2408000.0,-48715000.0,-61479000.0,-47737000.0,0.0,122592000.0,-2700000.0,162453000.0,162453000.0,162453000.0,0.0,190000.0,0.074,501697000.0,250903000.0,155286000.0,0.299,2.348,13.746,13.647,273487000.0,0.0,37.94,1.02,1.016,553401000.0,1100602000.0,2188823000.0,2188823000.0,0.0,0.06,0.179,0.182,0.115,12114000.0,496454000.0,1.0,58859174.0,58608000,59525000.0,37.347,1792431000.0,232508000.0,62922000.0,42886000.0,30.583,585471000.0
44,CR,MRT,2010-06-30,2010-06-30,2010-06-30,2021-09-07,-51783000.0,2666863000.0,2704427750.0,1038410000.0,1628453000.0,0.806,15.079,-16819000.0,335529000.0,335529000.0,1428534000.0,156193000.0,2.183,1.994,399678000.0,1032000.0,398646000.0,399678000.0,0.0,58217000.0,0.0,0.026,0.8,243422000.0,301639000.0,0.138,301639000.0,243422000.0,216449000.0,2.67,2.64,2.67,888273000.0,880962500.0,888273000.0,1864575075.0,8.0,6.181,190360000.0,3.231,1.0,750285000.0,0.344,892849000.0,26973000.0,1362460000.0,1406005250.0,299219000.0,0.0,0.0,0.0,1770855000.0,475703000.0,1295152000.0,1784678075.0,102555000.0,-33303000.0,3222000.0,-4202000.0,-46957000.0,-46744000.0,-50122000.0,0.0,207179000.0,-7758000.0,156054000.0,156054000.0,156054000.0,0.0,139000.0,0.072,506808000.0,243477000.0,152533000.0,0.3,2.009,11.436,11.315,274232000.0,0.0,30.21,0.819,0.817,523261000.0,1072548000.0,2178819000.0,2178819000.0,0.0,0.058,0.177,0.173,0.112,11074000.0,501565000.0,1.0,59075739.0,58909000,59894000.0,36.986,1774014000.0,244777000.0,60395000.0,40076000.0,30.114,562707000.0
45,CR,MRT,2010-03-31,2010-03-31,2010-03-31,2021-09-07,-11446000.0,2705565000.0,2716078750.0,1035936000.0,1669629000.0,0.799,15.331,-19426000.0,319584000.0,319584000.0,1436292000.0,143835000.0,2.199,2.0,399481000.0,879000.0,398602000.0,399481000.0,0.0,57588000.0,0.0,0.023,0.8,225056000.0,282644000.0,0.13,282644000.0,225056000.0,197960000.0,2.46,2.44,2.46,899137000.0,858732750.0,899137000.0,2105752294.0,9.0,7.45,171022000.0,2.916,1.0,735204000.0,0.339,909084000.0,27096000.0,1405306000.0,1446261000.0,296708000.0,0.0,0.0,0.0,1798689000.0,471072000.0,1327617000.0,2078831294.0,109269000.0,-33303000.0,6421000.0,-10204000.0,-46838000.0,-50006000.0,-52729000.0,0.0,190448000.0,21556000.0,143780000.0,143780000.0,143780000.0,0.0,55000.0,0.066,511539000.0,223665000.0,155966000.0,0.325,2.312,14.458,14.431,285715000.0,0.0,35.5,0.957,0.959,547398000.0,1044322000.0,2171496000.0,2171496000.0,0.0,0.053,0.167,0.156,0.104,10276000.0,506296000.0,1.0,58558628.0,58650000,59570000.0,37.025,1796481000.0,249076000.0,54180000.0,34887000.0,30.631,564864000.0
46,CR,MRT,2009-12-31,2009-12-31,2009-12-31,2021-09-07,5130000.0,2712898000.0,2714704250.0,1046346000.0,1666552000.0,0.809,15.148,-23578000.0,372714000.0,372714000.0,1466030000.0,134080000.0,2.242,2.054,399635000.0,1078000.0,398557000.0,399635000.0,0.0,58204000.0,0.0,0.026,0.8,211841000.0,270045000.0,0.123,270045000.0,211841000.0,184702000.0,2.29,2.28,2.29,885762000.0,816525000.0,885762000.0,1885510114.0,9.0,6.982,165436000.0,2.829,1.0,730313000.0,0.333,880709000.0,27139000.0,1392328000.0,1475459250.0,284552000.0,0.0,0.0,0.0,1819196000.0,466782000.0,1352414000.0,1790833114.0,140874000.0,17864000.0,1070000.0,-16474000.0,-46783000.0,-61963000.0,-5714000.0,0.0,189014000.0,19537000.0,133856000.0,133856000.0,133856000.0,0.0,224000.0,0.061,522044000.0,208269000.0,142390000.0,0.349,2.022,13.379,13.371,285224000.0,0.0,30.62,0.815,0.815,530767000.0,1022838000.0,2196343000.0,2196343000.0,0.0,0.049,0.164,0.144,0.096,9166000.0,516801000.0,1.0,58485732.0,58473000,58812000.0,37.562,1832189000.0,263242000.0,50846000.0,33728000.0,31.334,579564000.0
47,CR,MRT,2009-09-30,2009-09-30,2009-09-30,2021-09-07,10473000.0,2732385000.0,2730101750.0,1026150000.0,1706235000.0,0.821,14.548,-28268000.0,304888000.0,304888000.0,1525505000.0,78180000.0,2.2,2.202,399565000.0,952000.0,398613000.0,399565000.0,0.0,57054000.0,0.0,0.031,0.8,125684000.0,182738000.0,0.082,182738000.0,125684000.0,98750000.0,1.34,1.35,1.34,850678000.0,779600000.0,850678000.0,1676509744.0,13.0,9.174,158385000.0,2.709,1.0,715114000.0,0.319,896795000.0,26934000.0,1463927000.0,1510165250.0,303243000.0,0.0,0.0,0.0,1873331000.0,466340000.0,1406991000.0,1509242744.0,26457000.0,-48518000.0,-60049000.0,-18147000.0,-46761000.0,-84218000.0,-76786000.0,0.0,186653000.0,808000.0,77875000.0,77875000.0,77875000.0,0.0,305000.0,0.035,595034000.0,120080000.0,142861000.0,0.597,1.774,19.38,19.261,284715000.0,0.0,25.81,0.674,0.674,571506000.0,986924000.0,2240619000.0,2240619000.0,0.0,0.029,0.1,0.083,0.056,9582000.0,529989000.0,1.0,58475116.0,58472000,58842000.0,38.32,1835590000.0,268961000.0,20875000.0,31060000.0,31.393,559810000.0
48,CR,MRT,2009-06-30,2009-06-30,2009-06-30,2021-09-07,-15710000.0,2713467000.0,2763285750.0,988531000.0,1724936000.0,0.844,13.674,-38415000.0,232974000.0,232974000.0,1594405000.0,79001000.0,2.122,2.384,400241000.0,805000.0,399436000.0,400241000.0,0.0,57299000.0,0.0,0.036,0.8,127670000.0,184969000.0,0.079,184969000.0,127670000.0,101504000.0,1.34,1.35,1.34,799354000.0,798892500.0,799354000.0,1499494511.0,12.0,8.107,109219000.0,1.868,1.0,738182000.0,0.316,891407000.0,26166000.0,1523483000.0,1540037500.0,333660000.0,0.0,0.0,0.0,1905850000.0,465844000.0,1440006000.0,1303779511.0,-88574000.0,-76395000.0,-59890000.0,-19818000.0,-47031000.0,-85643000.0,-114810000.0,0.0,147634000.0,-35755000.0,78849000.0,78849000.0,78849000.0,0.0,152000.0,0.034,618937000.0,119245000.0,143278000.0,0.597,1.631,16.535,16.649,289807000.0,0.0,22.31,0.559,0.559,585998000.0,963452000.0,2332587000.0,2332587000.0,0.0,0.029,0.099,0.083,0.055,10778000.0,553892000.0,1.0,58439243.0,58459000,58728000.0,39.901,1822060000.0,282077000.0,22655000.0,30298000.0,31.168,522687000.0
49,CR,MRT,2009-03-31,2009-03-31,2009-03-31,2021-09-07,-66030000.0,2700067000.0,2819351250.0,989587000.0,1710480000.0,0.88,12.494,-43132000.0,210315000.0,210315000.0,1680515000.0,109916000.0,1.984,2.686,406030000.0,7507000.0,398523000.0,406030000.0,0.0,57232000.0,0.0,0.046,0.78,172007000.0,229239000.0,0.092,229239000.0,172007000.0,145943000.0,1.86,1.85,1.86,730306000.0,841214250.0,730306000.0,1169752828.0,7.0,5.103,119515000.0,2.045,1.0,800063000.0,0.323,874867000.0,26064000.0,1522099000.0,1563153250.0,352056000.0,0.0,0.0,0.0,1961845000.0,498816000.0,1463029000.0,986491828.0,-84413000.0,-74842000.0,-55239000.0,-19724000.0,-46096000.0,-79170000.0,-117974000.0,0.0,162647000.0,-49916000.0,110091000.0,110091000.0,110091000.0,0.0,-175000.0,0.044,640039000.0,160024000.0,156917000.0,0.419,1.351,8.961,9.075,287798000.0,0.0,16.88,0.398,0.398,604852000.0,947381000.0,2480578000.0,2480578000.0,0.0,0.039,0.131,0.11,0.069,11774000.0,574994000.0,1.0,58441459.0,58453000,58543000.0,42.437,1825200000.0,223250000.0,35852000.0,22761000.0,31.225,490771000.0
50,CR,MRT,2008-12-31,2008-12-31,2008-12-31,2021-09-07,-45131000.0,2774488000.0,2871247500.0,1021240000.0,1753248000.0,0.907,12.37,-43265000.0,231840000.0,231840000.0,1751036000.0,134953000.0,1.896,2.749,415101000.0,16622000.0,398479000.0,415101000.0,0.0,57162000.0,0.0,0.044,0.76,209651000.0,266813000.0,0.102,266813000.0,209651000.0,183852000.0,2.27,2.24,2.27,738062000.0,886260500.0,738062000.0,1152432722.0,5.0,4.319,148127000.0,2.483,1.0,853271000.0,0.328,887933000.0,25799000.0,1531152000.0,1585699500.0,349926000.0,0.0,0.0,0.0,2028667000.0,538664000.0,1490003000.0,1031407722.0,-51530000.0,-74421000.0,-51046000.0,-1371000.0,-45203000.0,-95624000.0,-117686000.0,0.0,191392000.0,-29612000.0,135158000.0,135158000.0,135158000.0,0.0,-205000.0,0.052,655782000.0,197489000.0,182147000.0,0.335,1.397,7.631,7.595,290814000.0,0.0,17.24,0.396,0.395,636223000.0,935460000.0,2604307000.0,2604307000.0,0.0,0.047,0.153,0.132,0.081,13327000.0,590737000.0,1.0,59826434.0,59667000,60298000.0,43.647,1886555000.0,283622000.0,48694000.0,24951000.0,31.618,482576000.0
51,CR,MRT,2008-09-30,2008-09-30,2008-09-30,2021-09-07,107088000.0,2865121000.0,2896948500.0,1104268000.0,1760853000.0,0.925,15.513,-9860000.0,278431000.0,278431000.0,2187307000.0,188406000.0,2.133,2.08,399456000.0,1022000.0,398434000.0,399456000.0,0.0,60535000.0,0.0,0.025,0.74,299995000.0,360530000.0,0.134,360530000.0,299995000.0,273969000.0,3.15,3.11,3.15,927848000.0,922945750.0,927848000.0,1857210748.0,6.0,5.151,207119000.0,3.463,1.0,493684000.0,0.184,885020000.0,26026000.0,1583416000.0,1604041250.0,368530000.0,0.0,0.0,0.0,1929462000.0,517710000.0,1411752000.0,1776720748.0,116183000.0,-26235000.0,-36342000.0,-23773000.0,-44344000.0,-90173000.0,-3099000.0,32996000.0,216979000.0,-7524000.0,188696000.0,188696000.0,188696000.0,0.0,-290000.0,0.07,212681000.0,281003000.0,195787000.0,0.235,1.915,9.416,9.432,293606000.0,0.0,29.71,0.663,0.663,669467000.0,951636000.0,2680991000.0,2680991000.0,0.0,0.065,0.204,0.187,0.112,14521000.0,603002000.0,1.0,59802112.0,59811000,60485000.0,44.824,1980101000.0,187189000.0,85273000.0,34087000.0,33.106,586558000.0
52,CR,MRT,2008-06-30,2008-06-30,2008-06-30,2021-09-07,175557000.0,2937729000.0,2909492500.0,1152806000.0,1784923000.0,0.929,16.223,-8094000.0,321548000.0,321548000.0,2198528000.0,-44518000.0,2.251,2.024,402038000.0,3648000.0,398390000.0,402038000.0,0.0,59937000.0,0.0,0.019,0.72,-67985000.0,-8048000.0,-0.003,-8048000.0,-67985000.0,-94803000.0,-0.74,-0.78,-0.74,968641000.0,892522250.0,968641000.0,2411546850.0,-35.0,-299.645,243479000.0,4.078,1.0,503878000.0,0.186,890085000.0,26818000.0,1615946000.0,1647803250.0,358328000.0,0.0,0.0,0.0,1960762000.0,512188000.0,1448574000.0,2298316850.0,186473000.0,-61664000.0,-32997000.0,2747000.0,-43168000.0,-57666000.0,-36762000.0,32996000.0,251573000.0,29328000.0,-44336000.0,-44336000.0,-44336000.0,0.0,-182000.0,-0.016,590110000.0,-86232000.0,191426000.0,-0.973,2.373,-51.839,-52.068,293013000.0,0.0,38.53,0.85,0.851,696308000.0,926120000.0,2702406000.0,2702406000.0,0.0,-0.015,-0.05,-0.041,-0.025,14856000.0,590281000.0,1.0,59650061.0,59707000,60581000.0,45.261,2047644000.0,192288000.0,-50467000.0,42413000.0,34.295,640618000.0
53,CR,MRT,2008-03-31,2008-03-31,2008-03-31,2021-09-07,174762000.0,2907652000.0,2796726000.0,1104418000.0,1803234000.0,0.955,15.165,-11205000.0,294728000.0,294728000.0,2195154000.0,-57502000.0,2.143,1.618,407958000.0,9613000.0,398345000.0,407958000.0,0.0,60717000.0,0.0,0.017,0.69,-85053000.0,-24336000.0,-0.009,-24336000.0,-85053000.0,-112094000.0,-0.96,-1.0,-0.96,910491000.0,894172250.0,910491000.0,2553391380.0,-30.0,-104.922,228868000.0,3.812,1.0,474667000.0,0.178,893308000.0,27041000.0,1612284000.0,1601350250.0,344563000.0,0.0,0.0,0.0,1473402000.0,515290000.0,958112000.0,2437912380.0,160807000.0,-63067000.0,-31001000.0,-1688000.0,-41396000.0,-67689000.0,-41276000.0,32996000.0,240073000.0,29699000.0,-57609000.0,-57609000.0,-57609000.0,0.0,107000.0,-0.022,575373000.0,-100706000.0,197936000.0,-0.719,2.678,-42.318,-42.031,292029000.0,0.0,40.35,0.913,0.907,701332000.0,876075000.0,2669821000.0,2669821000.0,0.0,-0.021,-0.064,-0.053,-0.032,14558000.0,575544000.0,1.0,60419142.0,60040000,60955000.0,44.467,2014344000.0,199373000.0,-54485000.0,34884000.0,33.55,589128000.0
54,CR,MRT,2007-12-31,2007-12-31,2007-12-31,2021-09-07,154077000.0,2877292000.0,2680552250.0,1037622000.0,1839670000.0,0.977,14.738,1268000.0,283370000.0,283370000.0,2166307000.0,-62235000.0,2.102,2.252,398849000.0,548000.0,398301000.0,398849000.0,0.0,61310000.0,0.0,0.015,0.66,-91491000.0,-30181000.0,-0.012,-30181000.0,-91491000.0,-118895000.0,-1.04,-1.04,-1.04,884803000.0,897194000.0,884803000.0,2840053895.0,-31.0,-94.101,234101000.0,3.899,1.0,452864000.0,0.173,894700000.0,27404000.0,1604519000.0,1549144250.0,327719000.0,0.0,0.0,0.0,1992489000.0,493552000.0,1498937000.0,2579013895.0,144763000.0,-63493000.0,-34944000.0,-8992000.0,-39651000.0,-76609000.0,-29229000.0,32996000.0,232833000.0,17768000.0,-62342000.0,-62342000.0,-62342000.0,0.0,107000.0,-0.024,560520000.0,-107656000.0,177978000.0,-0.635,2.915,-41.369,-41.25,289683000.0,0.0,42.9,0.985,0.983,685333000.0,845864000.0,2619171000.0,2619171000.0,0.0,-0.023,-0.069,-0.059,-0.035,15247000.0,560691000.0,1.0,60116874.0,60037000,60037000.0,43.626,1982592000.0,254784000.0,-56553000.0,32611000.0,33.023,544070000.0
55,CR,MRT,2007-09-30,2007-09-30,2007-09-30,2021-09-07,121760000.0,2915297000.0,2570440750.0,988938000.0,1926359000.0,0.986,13.462,-24875000.0,162248000.0,162248000.0,1721214000.0,-69587000.0,1.874,2.606,423288000.0,25032000.0,398256000.0,423288000.0,0.0,59969000.0,0.0,0.013,0.63,-106417000.0,-46448000.0,-0.018,-46448000.0,-106417000.0,-133778000.0,-1.18,-1.22,-1.18,806154000.0,905644000.0,806154000.0,3137624519.0,-29.0,-67.551,200222000.0,3.343,1.0,813645000.0,0.321,890041000.0,27361000.0,1758464000.0,1502129500.0,343079000.0,0.0,0.0,0.0,2101156000.0,527832000.0,1573324000.0,2873571519.0,63171000.0,-111064000.0,-47632000.0,49452000.0,-37959000.0,-44447000.0,-135939000.0,0.0,225097000.0,18460000.0,-69587000.0,-69587000.0,-69587000.0,0.0,0.0,-0.027,932599000.0,-118954000.0,193934000.0,-0.534,3.565,-41.295,-40.653,295520000.0,0.0,47.97,1.134,1.133,741564000.0,809527000.0,2534859000.0,2534859000.0,0.0,-0.027,-0.077,-0.071,-0.042,14768000.0,542449000.0,1.0,59903513.0,59884000,59884000.0,42.329,2025256000.0,299704000.0,-64191000.0,13104000.0,33.82,461106000.0
56,CR,MRT,2007-06-30,2007-06-30,2007-06-30,2021-09-07,93950000.0,2486663000.0,2424443750.0,940203000.0,1546460000.0,1.006,16.317,-18516000.0,135075000.0,135075000.0,1653665000.0,173406000.0,1.947,1.55,399128000.0,917000.0,398211000.0,399128000.0,0.0,58556000.0,0.0,0.013,0.6,276992000.0,335548000.0,0.138,335548000.0,276992000.0,251232000.0,2.86,2.81,2.86,975241000.0,927531500.0,975241000.0,2986423463.0,11.0,8.9,166674000.0,2.789,1.0,784805000.0,0.322,837773000.0,25760000.0,1430134000.0,1397883250.0,331384000.0,0.0,0.0,0.0,1511422000.0,482809000.0,1028613000.0,2716919463.0,34911000.0,-133219000.0,-48627000.0,97184000.0,-36343000.0,-9748000.0,-151735000.0,0.0,185190000.0,11204000.0,173406000.0,173406000.0,173406000.0,0.0,0.0,0.071,519979000.0,264826000.0,184850000.0,0.21,2.786,15.668,15.892,282040000.0,0.0,45.45,1.114,1.114,554264000.0,1015376000.0,2438470000.0,2438470000.0,0.0,0.072,0.187,0.198,0.114,14140000.0,519979000.0,1.0,59778206.0,59767000,60882000.0,40.8,1648890000.0,164962000.0,77826000.0,22024000.0,27.589,457394000.0
57,CR,MRT,2007-03-31,2007-03-31,2007-03-31,2021-09-07,78639000.0,2442957000.0,2363311250.0,904193000.0,1538764000.0,0.988,15.323,-10845000.0,133921000.0,133921000.0,1577815000.0,172133000.0,1.881,1.648,403425000.0,11310000.0,392115000.0,403425000.0,0.0,54596000.0,0.0,0.014,0.575,274690000.0,329286000.0,0.141,329286000.0,274690000.0,250335000.0,2.82,2.77,2.82,922578000.0,899337250.0,922578000.0,2711725525.0,10.0,8.235,190757000.0,3.168,1.0,757909000.0,0.324,828225000.0,24355000.0,1403460000.0,1358930250.0,327623000.0,0.0,0.0,0.0,1520379000.0,480776000.0,1039603000.0,2449067525.0,37420000.0,-171216000.0,-45911000.0,107540000.0,-35023000.0,5308000.0,-182061000.0,0.0,201602000.0,12571000.0,172133000.0,172133000.0,172133000.0,0.0,0.0,0.074,498790000.0,259119000.0,172479000.0,0.204,2.655,14.228,14.333,276683000.0,0.0,40.42,1.049,1.042,543132000.0,976481000.0,2335724000.0,2335724000.0,0.0,0.073,0.191,0.202,0.118,15105000.0,498790000.0,1.0,60590488.0,60209000,61207000.0,38.794,1614732000.0,164297000.0,78202000.0,32436000.0,26.819,423417000.0
58,CR,MRT,2006-12-31,2006-12-31,2006-12-31,2021-09-07,73175000.0,2436846000.0,2294415000.0,880409000.0,1556437000.0,0.984,15.082,-22068000.0,138607000.0,138607000.0,1525633000.0,165887000.0,1.906,1.653,407627000.0,9505000.0,398122000.0,407627000.0,0.0,54285000.0,0.0,0.015,0.55,262349000.0,316634000.0,0.14,316634000.0,262349000.0,239334000.0,2.72,2.67,2.72,918603000.0,866146500.0,918603000.0,2503290492.0,10.0,7.906,159627000.0,2.621,1.0,731256000.0,0.324,827480000.0,23015000.0,1416460000.0,1323557250.0,313259000.0,0.0,0.0,0.0,1518243000.0,461926000.0,1056317000.0,2235958492.0,-41785000.0,-256549000.0,-37128000.0,105605000.0,-33596000.0,42569000.0,-278617000.0,0.0,181695000.0,12568000.0,165887000.0,165887000.0,165887000.0,0.0,0.0,0.074,483320000.0,247936000.0,161270000.0,0.202,2.434,13.479,13.471,289555000.0,0.0,36.64,0.991,0.989,553046000.0,946077000.0,2256889000.0,2256889000.0,0.0,0.072,0.192,0.198,0.116,14883000.0,483320000.0,1.0,61025068.0,60906000,62103000.0,37.055,1609366000.0,204059000.0,73447000.0,114023000.0,26.424,418483000.0
59,CR,MRT,2006-09-30,2006-09-30,2006-09-30,2021-09-07,64579000.0,2331309000.0,2220075000.0,795372000.0,1535937000.0,0.983,14.625,-23755000.0,99077000.0,99077000.0,1473607000.0,163228000.0,1.868,1.609,366409000.0,315000.0,366094000.0,366409000.0,0.0,50558000.0,0.0,0.013,0.525,260359000.0,310917000.0,0.143,310917000.0,260359000.0,238701000.0,2.68,2.64,2.68,893704000.0,824819250.0,893704000.0,2750659657.0,11.0,8.847,156536000.0,2.562,1.0,707968000.0,0.325,831282000.0,21658000.0,1341479000.0,1275671500.0,301963000.0,0.0,0.0,0.0,1437605000.0,425880000.0,1011725000.0,2556602657.0,-14527000.0,-210312000.0,28596000.0,69918000.0,-31998000.0,36592000.0,-234067000.0,0.0,180291000.0,2657000.0,163228000.0,163228000.0,163228000.0,0.0,0.0,0.075,458385000.0,249583000.0,155557000.0,0.196,2.861,15.663,15.597,267236000.0,0.0,41.8,1.172,1.171,557491000.0,915629000.0,2181575000.0,2181575000.0,0.0,0.074,0.198,0.204,0.119,12540000.0,458385000.0,1.0,61162743.0,61110000,62226000.0,35.699,1500027000.0,38426000.0,75473000.0,28984000.0,24.546,369492000.0
60,CR,MRT,2006-06-30,2006-06-30,2006-06-30,2021-09-07,62841000.0,2242133000.0,2171552250.0,770743000.0,1471390000.0,0.984,14.14,-24978000.0,100164000.0,100164000.0,1451611000.0,157227000.0,1.916,1.6,294221000.0,188000.0,294033000.0,294221000.0,0.0,49965000.0,0.0,0.012,0.5,250223000.0,300188000.0,0.141,300188000.0,250223000.0,228245000.0,2.6,2.56,2.6,862464000.0,783278750.0,862464000.0,2725391869.0,11.0,9.079,186859000.0,3.064,1.0,684491000.0,0.32,759516000.0,21978000.0,1274322000.0,1260095250.0,284206000.0,0.0,0.0,0.0,1379669000.0,402352000.0,977317000.0,2528087869.0,40540000.0,-132008000.0,35391000.0,-694000.0,-30334000.0,-13861000.0,-156986000.0,0.0,211837000.0,-450000.0,157227000.0,157227000.0,157227000.0,0.0,0.0,0.074,444312000.0,240179000.0,153964000.0,0.192,2.931,16.079,16.0,260928000.0,0.0,41.6,1.184,1.188,552740000.0,876762000.0,2136102000.0,2136102000.0,0.0,0.072,0.201,0.199,0.117,10950000.0,444312000.0,1.0,60771343.0,60995000,62338000.0,35.021,1482617000.0,39165000.0,71018000.0,19163000.0,24.307,368391000.0
61,CR,MRT,2006-03-31,2006-03-31,2006-03-31,2021-09-07,37397000.0,2167372000.0,2136338250.0,755058000.0,1412314000.0,0.985,13.008,-22659000.0,96501000.0,96501000.0,1438521000.0,148438000.0,1.898,1.744,293805000.0,189000.0,293616000.0,293805000.0,0.0,50932000.0,0.0,0.012,0.475,235651000.0,286583000.0,0.136,286583000.0,235651000.0,213427000.0,2.47,2.44,2.47,789815000.0,739518000.0,789815000.0,2611403562.0,11.0,9.112,181713000.0,2.993,1.0,665049000.0,0.316,704824000.0,22224000.0,1261968000.0,1268355750.0,284884000.0,0.0,0.0,0.0,1377557000.0,397884000.0,979673000.0,2498293562.0,63924000.0,-94161000.0,25259000.0,-3361000.0,-28630000.0,-17057000.0,-116820000.0,0.0,204372000.0,-6571000.0,148438000.0,148438000.0,148438000.0,0.0,0.0,0.071,436062000.0,228987000.0,150690000.0,0.192,3.163,16.831,16.603,265104000.0,0.0,41.01,1.188,1.184,537896000.0,837995000.0,2103570000.0,2103570000.0,0.0,0.069,0.201,0.186,0.112,8833000.0,436062000.0,1.0,60919131.0,60718000,61801000.0,34.645,1462548000.0,43455000.0,64989000.0,24135000.0,24.088,357174000.0
62,CR,MRT,2005-12-31,2005-12-31,2005-12-31,2021-09-07,31090000.0,2139486000.0,2121466500.0,798395000.0,1341091000.0,0.972,12.594,-20825000.0,180392000.0,180392000.0,1418662000.0,136037000.0,2.003,1.84,293502000.0,254000.0,293248000.0,293502000.0,0.0,48011000.0,0.0,0.013,0.45,218939000.0,266950000.0,0.13,266950000.0,218939000.0,196523000.0,2.27,2.25,2.27,753294000.0,710843500.0,753294000.0,2305276891.0,11.0,8.636,160720000.0,2.687,1.0,642587000.0,0.312,629090000.0,22416000.0,1224917000.0,1284627750.0,272354000.0,0.0,0.0,0.0,1386192000.0,398589000.0,987603000.0,2124617891.0,129665000.0,-8823000.0,18624000.0,-4843000.0,-26962000.0,-13181000.0,-29648000.0,0.0,181545000.0,-9051000.0,136037000.0,136037000.0,136037000.0,0.0,0.0,0.066,428965000.0,213622000.0,149647000.0,0.198,2.82,15.618,15.537,263791000.0,0.0,35.27,1.031,1.024,514121000.0,814197000.0,2061249000.0,2061249000.0,0.0,0.064,0.191,0.17,0.106,7704000.0,428965000.0,1.0,60238670.0,59816000,60413000.0,34.46,1510396000.0,157496000.0,60486000.0,19322000.0,25.251,399806000.0
63,CR,MRT,2005-09-30,2005-09-30,2005-09-30,2021-09-07,45703000.0,2137218000.0,2115722000.0,779107000.0,1358111000.0,0.964,12.139,-20088000.0,113604000.0,113604000.0,1359563000.0,147085000.0,1.908,1.938,294263000.0,1330000.0,292933000.0,294263000.0,0.0,46081000.0,0.0,0.014,0.425,237916000.0,283997000.0,0.139,283997000.0,237916000.0,215776000.0,2.47,2.45,2.47,727542000.0,688443500.0,727542000.0,2015442982.0,8.0,7.097,130673000.0,2.18,1.0,680951000.0,0.334,630472000.0,22140000.0,1279174000.0,1305698250.0,275398000.0,0.0,0.0,0.0,1409676000.0,408231000.0,1001445000.0,1782023982.0,81405000.0,8163000.0,13686000.0,-44297000.0,-25347000.0,-54137000.0,-11925000.0,0.0,150761000.0,-3294000.0,147085000.0,147085000.0,147085000.0,0.0,0.0,0.072,462184000.0,218767000.0,144037000.0,0.172,2.449,12.116,12.04,268804000.0,0.0,29.74,0.873,0.874,561145000.0,784871000.0,2040514000.0,2040514000.0,0.0,0.07,0.214,0.182,0.117,10612000.0,422184000.0,1.0,59920107.0,59936000,60490000.0,34.045,1506746000.0,0.0,68691000.0,36766000.0,25.139,370876000.0
64,CR,MRT,2005-06-30,2005-06-30,2005-06-30,2021-09-07,48472000.0,2101277000.0,2090899500.0,726504000.0,1374773000.0,0.954,11.533,-18656000.0,59624000.0,59624000.0,1691368000.0,-98163000.0,1.82,2.057,293043000.0,477000.0,292566000.0,293043000.0,0.0,47770000.0,0.0,0.015,0.4,-135333000.0,-87563000.0,-0.044,-87563000.0,-135333000.0,-157728000.0,-1.68,-1.69,-1.68,687421000.0,652903000.0,687421000.0,1829656051.0,-14.0,-20.895,98914000.0,1.659,1.0,304235000.0,0.152,628141000.0,22395000.0,1307364000.0,1226042500.0,284902000.0,0.0,0.0,0.0,1413856000.0,399191000.0,1014665000.0,1566782051.0,21281000.0,15993000.0,5385000.0,-76539000.0,-23738000.0,-93072000.0,-2663000.0,0.0,117570000.0,-554000.0,-98163000.0,-98163000.0,-98163000.0,0.0,0.0,-0.049,458409000.0,-154174000.0,148083000.0,-0.238,2.279,-15.961,-15.655,271579000.0,0.0,26.3,0.785,0.786,561261000.0,750803000.0,1995603000.0,1995603000.0,0.0,-0.047,-0.15,-0.11,-0.068,9033000.0,418409000.0,1.0,59573462.0,59606000,60091000.0,33.48,1473136000.0,0.0,-59565000.0,31435000.0,24.715,327313000.0
65,CR,MRT,2005-03-31,2005-03-31,2005-03-31,2021-09-07,69708000.0,2107885000.0,2017927250.0,709819000.0,1398066000.0,0.966,11.355,-19119000.0,32577000.0,32577000.0,1652383000.0,-102599000.0,1.749,2.122,295451000.0,3418000.0,292033000.0,295451000.0,0.0,50102000.0,0.0,0.014,0.4,-141217000.0,-91115000.0,-0.047,-91115000.0,-141217000.0,-163557000.0,-1.75,-1.76,-1.75,675117000.0,678317750.0,675117000.0,1960734452.0,-14.0,-21.519,88102000.0,1.482,1.0,296708000.0,0.152,637884000.0,22340000.0,1327056000.0,1166888250.0,294263000.0,0.0,0.0,0.0,1432768000.0,405819000.0,1026949000.0,1714498452.0,-6504000.0,15993000.0,-10599000.0,-78809000.0,-23688000.0,-112051000.0,-3126000.0,0.0,107221000.0,1452000.0,-102599000.0,-102599000.0,-102599000.0,0.0,0.0,-0.053,455025000.0,-158317000.0,156176000.0,-0.229,2.54,-16.711,-16.451,280667000.0,0.0,28.79,0.88,0.878,562116000.0,719463000.0,1949091000.0,1949091000.0,0.0,-0.051,-0.151,-0.121,-0.072,7113000.0,415025000.0,1.0,59551874.0,59455000,60070000.0,32.783,1470001000.0,0.0,-60958000.0,27669000.0,24.725,304000000.0
66,CR,MRT,2004-12-31,2004-12-31,2004-12-31,2021-09-07,80246000.0,2116508000.0,1940600250.0,702806000.0,1413702000.0,0.974,11.201,-18769000.0,50727000.0,50727000.0,1606668000.0,-105421000.0,1.714,2.189,296963000.0,371000.0,296592000.0,296963000.0,0.0,51556000.0,0.0,0.014,0.4,-145009000.0,-93453000.0,-0.049,-93453000.0,-145009000.0,-168170000.0,-1.78,-1.78,-1.78,663694000.0,705447250.0,663694000.0,2011408681.0,-14.0,-21.523,92195000.0,1.556,1.0,283667000.0,0.15,643531000.0,23161000.0,1309199000.0,1104485250.0,284291000.0,0.0,0.0,0.0,1452814000.0,410014000.0,1042800000.0,1703099681.0,-91791000.0,-34637000.0,-28239000.0,-99868000.0,-23686000.0,-151793000.0,-53406000.0,0.0,110964000.0,2444000.0,-105421000.0,-105421000.0,-105421000.0,0.0,0.0,-0.056,445157000.0,-161490000.0,161477000.0,-0.225,2.566,-16.155,-16.202,287596000.0,0.0,28.84,0.901,0.904,553300000.0,706505000.0,1890335000.0,1890335000.0,0.0,-0.054,-0.149,-0.131,-0.077,4160000.0,405157000.0,1.0,59053387.0,59251000,59251000.0,31.904,1472977000.0,46983000.0,-62749000.0,22636000.0,24.86,292792000.0
67,CR,MRT,2004-09-30,2004-09-30,2004-09-30,2021-09-07,51431000.0,2037928000.0,1864417250.0,754754000.0,1283174000.0,0.983,9.921,-20210000.0,32199000.0,32199000.0,1603123000.0,-118126000.0,1.007,2.481,340508000.0,44108000.0,296400000.0,340508000.0,0.0,57312000.0,0.0,0.014,0.4,-164768000.0,-107456000.0,-0.059,-107456000.0,-164768000.0,-189825000.0,-2.01,-2.03,-2.01,585380000.0,736086500.0,585380000.0,2038001753.0,-12.0,-18.966,115458000.0,1.957,1.0,229867000.0,0.125,636401000.0,25057000.0,960551000.0,1040649500.0,278682000.0,0.0,0.0,0.0,1452548000.0,749285000.0,703263000.0,1706254753.0,-38255000.0,-49957000.0,-27703000.0,-56556000.0,-23732000.0,-108713000.0,-70167000.0,0.0,135668000.0,4957000.0,-118126000.0,-118126000.0,-118126000.0,0.0,0.0,-0.064,398463000.0,-168596000.0,146606000.0,-0.199,2.915,-14.444,-14.388,287340000.0,0.0,28.92,0.931,0.931,293678000.0,664457000.0,1832990000.0,1832990000.0,0.0,-0.063,-0.16,-0.158,-0.09,0.0,397863000.0,1.0,58999127.0,59004000,59004000.0,31.066,1401527000.0,0.0,-71699000.0,48814000.0,23.753,5469000.0
68,CR,MRT,2004-06-30,2004-06-30,2004-06-30,2021-09-07,45605000.0,1809388000.0,1775500250.0,631895000.0,1177493000.0,1.003,13.326,-20189000.0,38343000.0,38343000.0,1204209000.0,115214000.0,1.461,1.293,370090000.0,73824000.0,296266000.0,370090000.0,0.0,57442000.0,0.0,0.013,0.4,190225000.0,247667000.0,0.139,247667000.0,190225000.0,166071000.0,1.94,1.92,1.94,789080000.0,771647500.0,789080000.0,2203475430.0,12.0,8.897,119325000.0,2.015,1.0,576752000.0,0.324,637919000.0,24154000.0,1070747000.0,1061142000.0,263004000.0,0.0,0.0,0.0,1020308000.0,432469000.0,587839000.0,1868922430.0,6285000.0,-50630000.0,-26805000.0,-15748000.0,-23762000.0,-67372000.0,-70819000.0,0.0,139514000.0,4962000.0,115214000.0,115214000.0,115214000.0,0.0,0.0,0.065,389396000.0,187356000.0,146094000.0,0.206,2.368,16.221,16.18,292080000.0,0.0,31.39,1.049,1.044,298268000.0,874332000.0,1780961000.0,1780961000.0,0.0,0.065,0.149,0.179,0.107,0.0,388796000.0,1.0,59538784.0,59214000,60042000.0,30.077,1171469000.0,0.0,50857000.0,37901000.0,19.784,199426000.0
69,CR,MRT,2004-03-31,2004-03-31,2004-03-31,2021-09-07,48728000.0,1798577000.0,1735522250.0,608861000.0,1189716000.0,0.984,13.161,-21091000.0,39081000.0,39081000.0,1154218000.0,109983000.0,1.463,1.295,373634000.0,77569000.0,296065000.0,373634000.0,0.0,55459000.0,0.0,0.012,0.4,181653000.0,237112000.0,0.139,237112000.0,181653000.0,159045000.0,1.85,1.84,1.85,783635000.0,749485000.0,783635000.0,2224228708.0,12.0,9.38,116914000.0,1.963,1.0,553609000.0,0.324,639649000.0,22608000.0,1077444000.0,1049744500.0,253683000.0,0.0,0.0,0.0,1014942000.0,416037000.0,598905000.0,1970610708.0,-5176000.0,-219048000.0,-11103000.0,125943000.0,-23776000.0,90611000.0,-240139000.0,0.0,138005000.0,6347000.0,109983000.0,109983000.0,109983000.0,0.0,0.0,0.064,374097000.0,179512000.0,133817000.0,0.216,2.515,17.917,17.838,300054000.0,0.0,33.0,1.154,1.151,280353000.0,855812000.0,1707827000.0,1707827000.0,0.0,0.063,0.147,0.173,0.106,0.0,373497000.0,1.0,59715476.0,59544000,60418000.0,28.682,1158928000.0,0.0,49062000.0,34174000.0,19.463,192824000.0
70,CR,MRT,2003-12-31,2003-12-31,2003-12-31,2021-09-07,51034000.0,1811776000.0,1645518250.0,661776000.0,1150000000.0,0.994,13.238,-22261000.0,142518000.0,142518000.0,1105566000.0,104303000.0,1.581,1.304,396136000.0,100275000.0,295861000.0,396136000.0,0.0,54025000.0,0.0,0.013,0.4,171174000.0,225199000.0,0.138,225199000.0,171174000.0,151164000.0,1.76,1.75,1.76,786251000.0,718586250.0,786251000.0,2153371445.0,13.0,9.562,140467000.0,2.365,1.0,530425000.0,0.324,592964000.0,20010000.0,1053856000.0,977537500.0,235431000.0,0.0,0.0,0.0,1025525000.0,418574000.0,606951000.0,1826669445.0,105929000.0,-167218000.0,-388000.0,149718000.0,-23768000.0,125562000.0,-189479000.0,0.0,162728000.0,7118000.0,104303000.0,104303000.0,104303000.0,0.0,0.0,0.064,361413000.0,169012000.0,116885000.0,0.227,2.323,17.513,17.466,302638000.0,0.0,30.74,1.117,1.116,248492000.0,838678000.0,1635991000.0,1635991000.0,0.0,0.063,0.145,0.175,0.105,0.0,360813000.0,1.0,59423209.0,59394000,59716000.0,27.545,1218812000.0,23313000.0,46861000.0,29976000.0,20.521,243202000.0
71,CR,MRT,2003-09-30,2003-09-30,2003-09-30,2021-09-07,27570000.0,1682260000.0,1545998250.0,629038000.0,1053222000.0,1.019,12.269,-22847000.0,70454000.0,70454000.0,1172892000.0,19428000.0,1.601,1.312,397156000.0,100847000.0,296309000.0,397156000.0,0.0,51481000.0,0.0,0.017,0.4,44094000.0,95575000.0,0.061,95575000.0,44094000.0,27066000.0,0.34,0.34,0.34,727624000.0,684289000.0,727624000.0,1748002918.0,40.0,18.289,127838000.0,2.156,1.0,402051000.0,0.255,573594000.0,17028000.0,1042521000.0,935599500.0,242071000.0,0.0,0.0,0.0,954636000.0,392847000.0,561789000.0,1388235918.0,37228000.0,-199581000.0,-13463000.0,138557000.0,-23754000.0,103449000.0,-222428000.0,0.0,150685000.0,5522000.0,19428000.0,19428000.0,19428000.0,0.0,0.0,0.012,358571000.0,43480000.0,110805000.0,1.176,1.908,71.455,68.853,302415000.0,0.0,23.41,0.881,0.882,261135000.0,809843000.0,1574943000.0,1574943000.0,0.0,0.013,0.028,0.047,0.028,0.0,350898000.0,1.0,59300979.0,59305000,59723000.0,26.557,1108666000.0,0.0,7638000.0,39678000.0,18.694,236191000.0
72,CR,MRT,2003-06-30,2003-06-30,2003-06-30,2021-09-07,24248000.0,1649476000.0,1450669500.0,592447000.0,1057029000.0,1.059,11.814,-23674000.0,32058000.0,32058000.0,1157121000.0,11771000.0,1.433,1.355,391825000.0,125451000.0,266374000.0,391825000.0,0.0,50628000.0,0.0,0.018,0.4,32594000.0,83222000.0,0.054,83222000.0,32594000.0,16253000.0,0.21,0.21,0.21,700430000.0,676698250.0,700430000.0,1552079232.0,48.0,18.65,142245000.0,2.399,1.0,378512000.0,0.246,570538000.0,16341000.0,1025157000.0,880500750.0,246323000.0,0.0,0.0,0.0,949046000.0,413548000.0,535498000.0,1341466232.0,10172000.0,-204281000.0,-14907000.0,103229000.0,-23806000.0,66955000.0,-227955000.0,0.0,165919000.0,5253000.0,11771000.0,11771000.0,11771000.0,0.0,0.0,0.008,347863000.0,30649000.0,113720000.0,1.905,1.915,113.964,107.762,308733000.0,0.0,22.63,0.874,0.874,261475000.0,786534000.0,1535633000.0,1535633000.0,0.0,0.008,0.017,0.037,0.021,0.0,340190000.0,1.0,59278225.0,59287000,59394000.0,25.902,1078938000.0,0.0,4482000.0,37386000.0,18.199,178899000.0
73,CR,MRT,2003-03-31,2003-03-31,2003-03-31,2021-09-07,4381000.0,1438561000.0,1366385500.0,536450000.0,902111000.0,1.113,11.112,-19991000.0,44257000.0,44257000.0,1148733000.0,12327000.0,1.326,1.18,254870000.0,151200000.0,103670000.0,254870000.0,0.0,50152000.0,0.0,0.023,0.4,34024000.0,84176000.0,0.055,84176000.0,34024000.0,17671000.0,0.21,0.21,0.21,660040000.0,672453500.0,660040000.0,1252035156.0,37.0,14.874,172994000.0,2.912,1.0,372540000.0,0.245,455942000.0,16353000.0,788616000.0,842641250.0,221185000.0,0.0,0.0,0.0,778521000.0,404616000.0,373905000.0,1034753156.0,31288000.0,-76670000.0,-11289000.0,-35284000.0,-23859000.0,-71024000.0,-96661000.0,0.0,192985000.0,5988000.0,12327000.0,12327000.0,12327000.0,0.0,0.0,0.008,341503000.0,31037000.0,101673000.0,1.905,1.568,83.942,82.952,273320000.0,0.0,17.42,0.68,0.68,225750000.0,765492000.0,1521273000.0,1521273000.0,0.0,0.009,0.018,0.04,0.022,0.0,333830000.0,1.0,59400296.0,59400000,59455000.0,25.611,982619000.0,0.0,5344000.0,36869000.0,16.542,131834000.0
74,CR,MRT,2002-12-31,2002-12-31,2002-12-31,2021-09-07,-788000.0,1413696000.0,1327002250.0,509477000.0,904219000.0,1.143,10.867,-19868000.0,36589000.0,36589000.0,1146878000.0,-11448000.0,1.766,1.178,253871000.0,48553000.0,205318000.0,253871000.0,0.0,49790000.0,0.0,0.02,0.4,13277000.0,63067000.0,0.042,63067000.0,13277000.0,-3623000.0,-0.19,-0.19,-0.19,649062000.0,673267500.0,649062000.0,1408304551.0,106.0,22.33,177573000.0,2.973,1.0,369469000.0,0.244,456449000.0,16900000.0,886104000.0,864618750.0,214689000.0,0.0,0.0,0.0,764634000.0,288425000.0,476209000.0,1186543551.0,15426000.0,-79520000.0,-5387000.0,-58537000.0,-23897000.0,-87821000.0,-99388000.0,0.0,197441000.0,5194000.0,-11448000.0,-11448000.0,-11448000.0,0.0,0.0,-0.008,329798000.0,39671000.0,91072000.0,-2.105,1.828,-103.646,-104.895,273248000.0,0.0,19.93,0.783,0.785,213850000.0,756801000.0,1516347000.0,1516347000.0,0.0,-0.009,-0.017,0.015,0.009,0.0,322125000.0,1.0,59535552.0,59728000,59728000.0,25.388,957247000.0,33444000.0,7825000.0,22941000.0,16.027,221052000.0
75,CR,MRT,2002-09-30,2002-09-30,2002-09-30,2021-09-07,-14564000.0,1300945000.0,1296607000.0,519859000.0,781086000.0,1.174,11.657,-18711000.0,33226000.0,33226000.0,1087995000.0,57770000.0,1.959,0.866,254987000.0,825000.0,254162000.0,254987000.0,0.0,53701000.0,0.0,0.02,0.4,117757000.0,171458000.0,0.113,171458000.0,117757000.0,99612000.0,0.96,0.96,0.96,697261000.0,673825750.0,697261000.0,1440920768.0,12.0,8.404,172765000.0,2.888,1.0,433795000.0,0.285,435202000.0,18145000.0,822126000.0,869481750.0,220040000.0,0.0,0.0,0.0,603684000.0,265378000.0,338306000.0,1181999768.0,12299000.0,-37197000.0,4534000.0,-101528000.0,-23915000.0,-124117000.0,-55908000.0,0.0,191476000.0,848000.0,57770000.0,57770000.0,57770000.0,0.0,0.0,0.038,289505000.0,144290000.0,97071000.0,0.417,1.695,20.46,20.583,264840000.0,0.0,19.76,0.777,0.777,229387000.0,812794000.0,1521790000.0,1521790000.0,0.0,0.045,0.086,0.135,0.077,0.0,347420000.0,1.0,59817802.0,59815000,60070000.0,25.442,865743000.0,0.0,41842000.0,41366000.0,14.474,254481000.0
76,CR,MRT,2002-06-30,2002-06-30,2002-06-30,2021-09-07,-13099000.0,1312340000.0,1316321500.0,530868000.0,781472000.0,1.187,11.427,-20835000.0,21886000.0,21886000.0,1097531000.0,55162000.0,2.015,0.92,280807000.0,1441000.0,279366000.0,280807000.0,0.0,69438000.0,0.0,0.016,0.4,117206000.0,186644000.0,0.119,186644000.0,117206000.0,97305000.0,0.92,0.92,0.92,683451000.0,659437250.0,683451000.0,1786185727.0,15.0,9.57,180406000.0,3.016,1.0,464490000.0,0.297,434050000.0,19901000.0,873719000.0,913572250.0,227121000.0,0.0,0.0,0.0,628889000.0,263492000.0,365397000.0,1516760727.0,8735000.0,-52092000.0,6292000.0,-99427000.0,-23903000.0,-120240000.0,-72927000.0,0.0,201241000.0,661000.0,55162000.0,55162000.0,55162000.0,0.0,0.0,0.035,305215000.0,159275000.0,98285000.0,0.435,2.219,27.496,27.587,270923000.0,0.0,25.38,0.971,0.972,243603000.0,797386000.0,1562021000.0,1562021000.0,0.0,0.042,0.084,0.128,0.075,0.0,340893000.0,1.0,59762046.0,59808000,60371000.0,26.117,878290000.0,0.0,42143000.0,44511000.0,14.685,267376000.0
77,CR,MRT,2002-03-31,2002-03-31,2002-03-31,2021-09-07,-40449000.0,1281028000.0,1330449250.0,519730000.0,761298000.0,1.187,11.095,-24414000.0,12969000.0,12969000.0,1099003000.0,61062000.0,2.048,0.931,282394000.0,2777000.0,279617000.0,282394000.0,0.0,71252000.0,0.0,0.015,0.4,128483000.0,199735000.0,0.126,199735000.0,128483000.0,107584000.0,1.02,1.02,1.02,663296000.0,642571750.0,663296000.0,1917391304.0,15.0,9.6,171066000.0,2.861,1.0,480439000.0,0.304,420112000.0,20899000.0,876526000.0,951004500.0,236414000.0,0.0,0.0,0.0,617732000.0,253815000.0,363917000.0,1634368304.0,10412000.0,-177435000.0,3345000.0,36963000.0,-23876000.0,16432000.0,-201849000.0,0.0,195480000.0,349000.0,61062000.0,61062000.0,61062000.0,0.0,0.0,0.039,309276000.0,171163000.0,94702000.0,0.392,2.464,26.766,26.804,270382000.0,0.0,27.34,1.035,1.035,232199000.0,802356000.0,1579442000.0,1579442000.0,0.0,0.046,0.095,0.135,0.081,0.0,330768000.0,1.0,59779382.0,59786000,59786000.0,26.418,860916000.0,0.0,46522000.0,46618000.0,14.4,265915000.0
78,CR,MRT,2001-12-31,2001-12-31,2001-12-31,2021-09-07,-34461000.0,1292115000.0,1296360000.0,523257000.0,768858000.0,1.224,10.887,-24218000.0,21163000.0,21163000.0,1092537000.0,88620000.0,2.1,0.984,304186000.0,1818000.0,302368000.0,304186000.0,0.0,74610000.0,0.0,0.016,0.4,157004000.0,231614000.0,0.146,231614000.0,157004000.0,135817000.0,1.48,1.47,1.48,651295000.0,625481250.0,651295000.0,1870969726.0,12.0,8.078,173344000.0,2.898,1.0,494643000.0,0.312,420443000.0,21187000.0,905556000.0,927098250.0,244190000.0,0.0,0.0,0.0,640820000.0,249139000.0,391681000.0,1529856726.0,10237000.0,-183523000.0,-21616000.0,66131000.0,-23918000.0,20597000.0,-207741000.0,0.0,197562000.0,-181000.0,88620000.0,88620000.0,88620000.0,0.0,0.0,0.056,322959000.0,171684000.0,84707000.0,0.27,2.349,17.263,17.324,275793000.0,0.0,25.64,0.964,0.966,217636000.0,789244000.0,1587180000.0,1587180000.0,0.0,0.068,0.142,0.169,0.099,0.0,322959000.0,1.0,59666799.0,59825000,60355000.0,26.53,871672000.0,32279000.0,47197000.0,46812000.0,14.57,274118000.0
79,CR,MRT,2001-09-30,2001-09-30,2001-09-30,2021-09-07,-30043000.0,1379803000.0,1259294000.0,625953000.0,753850000.0,1.247,10.723,-27358000.0,20927000.0,20927000.0,1081763000.0,97446000.0,2.16,1.157,362040000.0,9751000.0,352289000.0,362040000.0,0.0,72083000.0,0.0,0.018,0.4,169671000.0,241754000.0,0.154,241754000.0,169671000.0,149182000.0,1.62,1.62,1.62,639707000.0,614348250.0,639707000.0,1680495219.0,10.0,6.951,174431000.0,2.924,1.0,489106000.0,0.311,432580000.0,20489000.0,998488000.0,893490250.0,263322000.0,0.0,0.0,0.0,740096000.0,289848000.0,450248000.0,1308018219.0,18318000.0,-196904000.0,-22458000.0,86383000.0,-23987000.0,39938000.0,-224262000.0,0.0,201789000.0,853000.0,97446000.0,97446000.0,97446000.0,0.0,0.0,0.062,306203000.0,182903000.0,99288000.0,0.247,2.045,13.423,13.531,257002000.0,0.0,21.92,0.833,0.832,281728000.0,776220000.0,1570869000.0,1570869000.0,0.0,0.077,0.159,0.19,0.108,0.0,289401000.0,1.0,59672364.0,59656000,60475000.0,26.332,947223000.0,0.0,51736000.0,64876000.0,15.878,336105000.0
80,CR,MRT,2001-06-30,2001-06-30,2001-06-30,2021-09-07,-39653000.0,1368851000.0,1200941250.0,615293000.0,753558000.0,1.255,10.333,-27558000.0,13151000.0,13151000.0,1044092000.0,100986000.0,2.217,1.222,385628000.0,8563000.0,377065000.0,385628000.0,0.0,58089000.0,0.0,0.013,0.4,174949000.0,233038000.0,0.155,233038000.0,174949000.0,155368000.0,1.67,1.67,1.67,615989000.0,599210250.0,615989000.0,2081890848.0,12.0,8.934,133058000.0,2.232,1.0,463658000.0,0.308,440374000.0,19581000.0,1023448000.0,848930000.0,282213000.0,0.0,0.0,0.0,752862000.0,277506000.0,475356000.0,1850191848.0,10524000.0,-177309000.0,-33012000.0,111341000.0,-24102000.0,54227000.0,-204867000.0,0.0,160616000.0,548000.0,100986000.0,100986000.0,100986000.0,0.0,0.0,0.067,289999000.0,173659000.0,104328000.0,0.24,3.004,18.321,18.563,267225000.0,0.0,31.0,1.227,1.226,277703000.0,763493000.0,1507750000.0,1507750000.0,0.0,0.084,0.169,0.206,0.116,0.0,281059000.0,1.0,59683608.0,59611000,60240000.0,25.293,928477000.0,0.0,54382000.0,58482000.0,15.576,337787000.0
81,CR,MRT,2001-03-31,2001-03-31,2001-03-31,2021-09-07,-38581000.0,1144671000.0,1150848250.0,506748000.0,637923000.0,1.292,9.881,-28437000.0,2557000.0,2557000.0,1028129000.0,116347000.0,2.119,0.924,234256000.0,14011000.0,220245000.0,234256000.0,0.0,57362000.0,0.0,0.015,0.4,199200000.0,256562000.0,0.173,256562000.0,199200000.0,179007000.0,1.92,1.91,1.92,594934000.0,589769000.0,594934000.0,1795661232.0,9.0,6.999,125090000.0,2.077,1.0,458549000.0,0.308,356274000.0,20193000.0,780901000.0,795104750.0,235388000.0,0.0,0.0,0.0,549737000.0,239195000.0,310542000.0,1577939232.0,312000.0,-11159000.0,-38902000.0,-95283000.0,-24237000.0,-158422000.0,5960000.0,45556000.0,153527000.0,-753000.0,116347000.0,116347000.0,116347000.0,0.0,0.0,0.078,285226000.0,173323000.0,94272000.0,0.208,2.652,13.562,13.568,241755000.0,0.0,26.05,1.061,1.055,229330000.0,739391000.0,1486678000.0,1486678000.0,0.0,0.101,0.197,0.251,0.134,0.0,277013000.0,1.0,60573483.0,60212000,60774000.0,24.691,788397000.0,0.0,62660000.0,51481000.0,13.094,267553000.0
82,CR,MRT,2000-12-31,2000-12-31,2000-12-31,2021-09-07,-31096000.0,1143851000.0,1161579750.0,500152000.0,643699000.0,1.284,9.96,-28198000.0,10926000.0,10926000.0,1031946000.0,123729000.0,2.156,0.885,228648000.0,14858000.0,213790000.0,228648000.0,0.0,55281000.0,0.0,0.014,0.4,211924000.0,267205000.0,0.179,267205000.0,211924000.0,190360000.0,2.03,2.02,2.03,606763000.0,577612500.0,606763000.0,1975488120.0,9.0,7.393,122978000.0,2.019,1.0,459244000.0,0.308,358472000.0,21564000.0,771124000.0,828607000.0,236329000.0,0.0,0.0,0.0,537088000.0,231977000.0,305111000.0,1717144120.0,7681000.0,-11921000.0,-54282000.0,-69983000.0,-24323000.0,-148588000.0,5437000.0,45556000.0,151176000.0,-344000.0,123729000.0,123729000.0,123729000.0,0.0,0.0,0.083,275218000.0,184026000.0,92249000.0,0.197,2.83,13.878,14.01,246111000.0,0.0,28.44,1.152,1.162,209817000.0,720864000.0,1491190000.0,1491190000.0,0.0,0.107,0.214,0.256,0.142,0.0,275218000.0,1.0,60377782.0,60919000,61399000.0,24.478,785379000.0,31455000.0,66631000.0,48895000.0,12.892,268175000.0
83,CR,MRT,2000-09-30,2000-09-30,2000-09-30,2021-09-07,-33671000.0,1146392000.0,1170791250.0,501332000.0,645060000.0,1.28,9.545,-29332000.0,2609000.0,2609000.0,1010286000.0,116131000.0,2.264,0.979,260953000.0,8169000.0,252784000.0,260953000.0,0.0,57234000.0,0.0,0.017,0.4,199312000.0,256546000.0,0.171,256546000.0,199312000.0,175807000.0,1.89,1.89,1.89,579155000.0,567949250.0,579155000.0,1648085301.0,8.0,6.424,120808000.0,1.991,1.0,488715000.0,0.326,363079000.0,23505000.0,820247000.0,853638000.0,235047000.0,0.0,0.0,0.0,567237000.0,221410000.0,345827000.0,1390124301.0,-12404000.0,-36855000.0,-130162000.0,-77270000.0,-24689000.0,-232121000.0,-18602000.0,47585000.0,150140000.0,-753000.0,116131000.0,116131000.0,116131000.0,-5220000.0,0.0,0.077,321308000.0,167407000.0,90059000.0,0.212,2.4,11.97,12.106,244402000.0,0.0,22.88,0.927,0.926,224849000.0,699940000.0,1499001000.0,1499001000.0,0.0,0.099,0.204,0.233,0.133,0.0,264074000.0,1.0,60757181.0,60674000,61168000.0,24.706,783313000.0,0.0,59676000.0,41452000.0,12.91,279922000.0
84,CR,MRT,2000-06-30,2000-06-30,2000-06-30,2021-09-07,-28315000.0,1168479000.0,1216337250.0,516233000.0,652246000.0,1.25,9.525,-27710000.0,2627000.0,2627000.0,1035926000.0,117077000.0,2.073,1.021,260614000.0,10651000.0,249963000.0,260614000.0,0.0,58030000.0,0.0,0.016,0.4,199682000.0,257712000.0,0.17,257712000.0,199682000.0,175186000.0,1.87,1.87,1.87,578224000.0,591840250.0,578224000.0,1803764329.0,9.0,6.999,164178000.0,2.705,1.0,484175000.0,0.319,369292000.0,24496000.0,808147000.0,909588000.0,245818000.0,0.0,0.0,0.0,590255000.0,249027000.0,341228000.0,1473260329.0,-4702000.0,-36855000.0,-147842000.0,-97308000.0,-25310000.0,-270460000.0,-16980000.0,47585000.0,191888000.0,-439000.0,117077000.0,117077000.0,117077000.0,-9228000.0,0.0,0.077,322128000.0,162047000.0,93011000.0,0.214,2.548,12.584,13.011,247912000.0,0.0,24.33,0.969,0.972,228030000.0,683969000.0,1520101000.0,1520101000.0,0.0,0.096,0.198,0.22,0.131,0.0,264098000.0,1.0,60553240.0,60703000,61341000.0,25.042,799187000.0,0.0,58109000.0,61967000.0,13.166,267206000.0
85,CR,MRT,2000-03-31,2000-03-31,2000-03-31,2021-09-07,-23561000.0,1187597000.0,1264492250.0,514058000.0,673539000.0,1.216,8.861,-26999000.0,2245000.0,2245000.0,1049784000.0,108564000.0,2.258,1.174,332865000.0,10768000.0,322097000.0,332865000.0,0.0,60957000.0,0.0,0.017,0.4,186737000.0,247694000.0,0.161,247694000.0,186737000.0,160620000.0,1.66,1.66,1.66,546308000.0,618460500.0,546308000.0,1757297296.0,9.0,7.095,152253000.0,2.469,1.0,487623000.0,0.317,375684000.0,26117000.0,914910000.0,978219250.0,254728000.0,0.0,0.0,0.0,641289000.0,227623000.0,413666000.0,1460114296.0,-22407000.0,-36408000.0,-140048000.0,-65910000.0,-26005000.0,-231963000.0,-56038000.0,7369000.0,179252000.0,464000.0,108564000.0,108564000.0,108564000.0,-12441000.0,0.0,0.071,322886000.0,164737000.0,93143000.0,0.241,2.673,13.449,14.193,252608000.0,0.0,23.56,0.95,0.945,218242000.0,647121000.0,1537407000.0,1537407000.0,0.0,0.086,0.176,0.191,0.121,0.0,261929000.0,1.0,61974291.0,61656000,61936000.0,24.935,811913000.0,0.0,52056000.0,51279000.0,13.168,286435000.0
86,CR,MRT,1999-12-31,1999-12-31,1999-12-31,2021-09-07,-22481000.0,1180697000.0,1314900750.0,505160000.0,675537000.0,1.182,8.482,-22735000.0,3245000.0,3245000.0,1057003000.0,114570000.0,2.163,1.078,300428000.0,13656000.0,286772000.0,300428000.0,0.0,62312000.0,0.0,0.02,0.4,197321000.0,259633000.0,0.167,259633000.0,197321000.0,169467000.0,1.71,1.7,1.71,568110000.0,644058750.0,568110000.0,1635175289.0,8.0,6.298,187969000.0,2.806,1.0,496654000.0,0.32,373117000.0,27854000.0,871248000.0,1024179750.0,259474000.0,0.0,0.0,0.0,612587000.0,233515000.0,379072000.0,1309918289.0,-12950000.0,-27908000.0,-118613000.0,-107508000.0,-26704000.0,-252825000.0,-45282000.0,5361000.0,210704000.0,-638000.0,114570000.0,114570000.0,114570000.0,-13672000.0,0.0,0.074,327100000.0,169554000.0,87611000.0,0.234,2.306,11.433,11.626,256649000.0,0.0,19.88,0.843,0.857,206468000.0,623421000.0,1553657000.0,1553657000.0,0.0,0.087,0.178,0.193,0.127,0.0,264788000.0,1.0,65891262.0,66981000,67460000.0,23.195,807580000.0,25841000.0,54897000.0,42016000.0,12.057,271645000.0
87,CR,MRT,1999-09-30,1999-09-30,1999-09-30,2021-09-07,-18835000.0,1328576000.0,1364659250.0,684192000.0,644384000.0,1.163,10.019,-20070000.0,15013000.0,15013000.0,1054134000.0,130538000.0,2.668,0.969,340270000.0,27061000.0,313209000.0,340270000.0,0.0,61739000.0,0.0,0.018,0.4,224150000.0,285889000.0,0.18,285889000.0,224150000.0,194484000.0,1.92,1.9,1.92,674719000.0,662839750.0,674719000.0,1869816676.0,8.0,6.54,179404000.0,2.664,1.0,532622000.0,0.336,353367000.0,29666000.0,1044047000.0,1085149250.0,260516000.0,0.0,0.0,0.0,653857000.0,256419000.0,397438000.0,1518467676.0,-2364000.0,5974000.0,-46687000.0,-116094000.0,-27169000.0,-189950000.0,-11514000.0,2582000.0,199474000.0,-213000.0,130538000.0,130538000.0,130538000.0,-13365000.0,0.0,0.082,336657000.0,195965000.0,93569000.0,0.208,2.251,11.632,11.688,260141000.0,0.0,22.44,0.957,0.952,227945000.0,650668000.0,1586756000.0,1586756000.0,0.0,0.096,0.197,0.207,0.141,0.0,274918000.0,1.0,67667900.0,67346000,67853000.0,23.561,975209000.0,0.0,63946000.0,41702000.0,14.481,427773000.0
88,CR,MRT,1999-06-30,1999-06-30,1999-06-30,2021-09-07,-22237000.0,1361099000.0,1384690000.0,706729000.0,654370000.0,1.152,10.086,-30374000.0,7329000.0,7329000.0,1038863000.0,144958000.0,2.622,0.988,357390000.0,39857000.0,317533000.0,357390000.0,0.0,58374000.0,0.0,0.012,0.367,245939000.0,304313000.0,0.191,304313000.0,245939000.0,215199000.0,2.13,2.1,2.13,684705000.0,646255750.0,684705000.0,2513423509.0,10.0,8.259,155486000.0,2.29,1.0,556929000.0,0.349,358904000.0,30740000.0,1082672000.0,1110973750.0,274102000.0,0.0,0.0,0.0,676394000.0,269584000.0,406810000.0,2137833509.0,-44132000.0,-155149000.0,-27614000.0,54861000.0,-27371000.0,-124000.0,-182941000.0,2582000.0,185860000.0,652000.0,144958000.0,144958000.0,144958000.0,-14462000.0,0.0,0.091,340682000.0,216247000.0,93976000.0,0.172,3.122,14.748,14.761,260223000.0,0.0,31.44,1.34,1.338,243186000.0,634816000.0,1595792000.0,1595792000.0,0.0,0.105,0.224,0.221,0.154,0.0,280082000.0,1.0,67997249.0,67890000,68511000.0,23.506,1002195000.0,0.0,70241000.0,47862000.0,14.762,437145000.0
89,CR,MRT,1999-03-31,1999-03-31,1999-03-31,2021-09-07,-21173000.0,1389231000.0,1361802250.0,724540000.0,664691000.0,1.288,9.509,-31194000.0,24652000.0,24652000.0,1177365000.0,142204000.0,2.426,1.142,398375000.0,45883000.0,352492000.0,398375000.0,0.0,56226000.0,0.0,0.014,0.35,242503000.0,298729000.0,0.17,298729000.0,242503000.0,212813000.0,2.08,2.06,2.08,648701000.0,621196000.0,648701000.0,2050235677.0,8.0,6.863,158091000.0,2.317,1.0,576558000.0,0.329,365570000.0,29690000.0,1098752000.0,1077716250.0,284429000.0,0.0,0.0,0.0,740530000.0,298632000.0,441898000.0,1655866677.0,-25796000.0,-173236000.0,-32662000.0,93507000.0,-26306000.0,34539000.0,-207188000.0,-2758000.0,189285000.0,-264000.0,142204000.0,142204000.0,142204000.0,-11249000.0,0.0,0.081,355583000.0,220975000.0,101571000.0,0.168,2.553,11.644,11.63,263322000.0,0.0,24.19,0.944,0.941,237709000.0,602565000.0,1753923000.0,1753923000.0,0.0,0.104,0.229,0.225,0.138,0.0,297131000.0,1.0,68452529.0,68218000,68781000.0,25.711,1023661000.0,0.0,70609000.0,58949000.0,15.006,425908000.0
90,CR,MRT,1998-12-31,1998-12-31,1998-12-31,2021-09-07,-18036000.0,1379731000.0,1326013000.0,705116000.0,674615000.0,1.177,9.383,-40730000.0,16195000.0,16195000.0,1018369000.0,138438000.0,2.472,1.145,408579000.0,50869000.0,357710000.0,408579000.0,0.0,55873000.0,0.0,0.011,0.333,234046000.0,289919000.0,0.186,289919000.0,234046000.0,206385000.0,2.02,2.0,2.02,643234000.0,598939250.0,643234000.0,2512900255.0,11.0,8.668,131989000.0,1.925,1.0,542686000.0,0.348,371693000.0,27661000.0,1115126000.0,1034782000.0,287214000.0,0.0,0.0,0.0,736497000.0,285296000.0,451201000.0,2071783255.0,7673000.0,-173236000.0,-12974000.0,118319000.0,-25199000.0,80146000.0,-214716000.0,-750000.0,172719000.0,905000.0,138438000.0,138438000.0,138438000.0,-13596000.0,0.0,0.089,330725000.0,211961000.0,87664000.0,0.165,3.221,14.965,14.946,270261000.0,0.0,30.19,1.327,1.326,236217000.0,574797000.0,1561055000.0,1561055000.0,0.0,0.104,0.231,0.226,0.15,0.0,274852000.0,1.0,68624818.0,68555000,69368000.0,22.771,1008038000.0,0.0,67947000.0,43256000.0,14.704,419820000.0
91,CR,MRT,1998-09-30,1998-09-30,1998-09-30,2021-09-07,-20677000.0,1408699000.0,1277553500.0,735923000.0,672776000.0,1.075,8.86,-40548000.0,17377000.0,17377000.0,868213000.0,132734000.0,2.263,1.315,455772000.0,73551000.0,382221000.0,455772000.0,0.0,49965000.0,0.0,0.013,0.317,221181000.0,271146000.0,0.197,271146000.0,221181000.0,196123000.0,1.94,1.92,1.94,608383000.0,571266750.0,608383000.0,1871490747.0,8.0,6.902,105975000.0,1.543,1.0,505645000.0,0.368,374621000.0,25058000.0,1147345000.0,981644750.0,295842000.0,0.0,0.0,0.0,800316000.0,325128000.0,475188000.0,1615892747.0,-6266000.0,-204818000.0,-23357000.0,177860000.0,-24031000.0,130472000.0,-245366000.0,0.0,146523000.0,-57000.0,132734000.0,132734000.0,132734000.0,-14160000.0,0.0,0.097,308155000.0,197490000.0,104184000.0,0.163,2.656,12.174,12.113,268027000.0,0.0,23.5,1.176,1.175,247649000.0,545152000.0,1373858000.0,1373858000.0,0.0,0.104,0.232,0.225,0.161,0.0,255964000.0,1.0,68761394.0,68670000,69407000.0,20.007,1034078000.0,0.0,63389000.0,46433000.0,15.059,410795000.0
92,CR,MRT,1998-06-30,1998-06-30,1998-06-30,2021-09-07,-20841000.0,1269548000.0,1222544250.0,685071000.0,584477000.0,1.24,8.537,-29843000.0,49921000.0,49921000.0,1003824000.0,127359000.0,2.266,1.172,305519000.0,18218000.0,287301000.0,305519000.0,0.0,52331000.0,0.0,0.01,0.333,215953000.0,268284000.0,0.177,268284000.0,215953000.0,191991000.0,1.86,1.84,1.86,584466000.0,549635250.0,584466000.0,2479043225.0,11.0,9.24,115896000.0,1.693,1.0,511623000.0,0.338,273173000.0,23962000.0,949642000.0,922942750.0,302855000.0,0.0,0.0,0.0,685082000.0,302331000.0,382751000.0,2220614225.0,41427000.0,-55745000.0,-14708000.0,12498000.0,-22865000.0,-25075000.0,-85588000.0,0.0,145739000.0,-872000.0,127359000.0,127359000.0,127359000.0,-9055000.0,0.0,0.084,312466000.0,199157000.0,138575000.0,0.179,3.799,17.436,17.405,280852000.0,0.0,32.373,1.465,1.463,296208000.0,513891000.0,1515447000.0,1515447000.0,0.0,0.104,0.232,0.234,0.143,0.0,260132000.0,1.0,68593932.0,68466000,69398000.0,22.134,996375000.0,0.0,64632000.0,39046000.0,14.553,382740000.0
93,CR,MRT,1998-03-31,1998-03-31,1998-03-31,2021-09-07,-16442000.0,1246074000.0,1197356750.0,671792000.0,574282000.0,0.838,8.184,-33733000.0,48908000.0,48908000.0,637620000.0,97379000.0,2.177,1.226,307337000.0,25554000.0,281783000.0,307337000.0,0.0,51908000.0,0.0,0.009,0.333,163142000.0,215050000.0,0.214,215050000.0,163142000.0,145485000.0,1.423,1.403,1.423,559674000.0,527435750.0,559674000.0,2699477460.0,17.0,12.553,103473000.0,1.513,1.0,365858000.0,0.365,268960000.0,17657000.0,927015000.0,839646500.0,295862000.0,0.0,0.0,0.0,686400000.0,308528000.0,377872000.0,2414511460.0,45090000.0,-42342000.0,-12871000.0,13798000.0,-22874000.0,-21947000.0,-76075000.0,0.0,137206000.0,-1317000.0,97379000.0,97379000.0,97379000.0,-9055000.0,0.0,0.097,218713000.0,147145000.0,134728000.0,0.234,4.314,24.795,24.83,274825000.0,0.0,35.333,2.406,2.408,286807000.0,486280000.0,1003478000.0,1003478000.0,0.0,0.081,0.185,0.194,0.163,0.0,180166000.0,1.0,68335230.0,68387000,69308000.0,14.674,977114000.0,0.0,48106000.0,51236000.0,14.288,363264000.0
94,CR,MRT,1997-12-31,1997-12-31,1997-12-31,2021-09-07,-16550000.0,1185893000.0,1137374000.0,607753000.0,578140000.0,1.241,7.767,-32912000.0,6982000.0,6982000.0,933951000.0,112771000.0,2.055,1.227,291948000.0,31232000.0,260716000.0,291948000.0,0.0,50991000.0,0.0,0.012,0.333,193709000.0,244700000.0,0.173,244700000.0,193709000.0,170077000.0,1.64,1.63,1.64,532544000.0,505852000.0,532544000.0,2280524886.0,12.0,9.32,93979000.0,1.371,1.0,477377000.0,0.338,272470000.0,23632000.0,902577000.0,879184000.0,291084000.0,0.0,0.0,0.0,653349000.0,295812000.0,357537000.0,1991345886.0,-4837000.0,-62162000.0,-17595000.0,-1972000.0,-22870000.0,-42437000.0,-95074000.0,0.0,126891000.0,-1440000.0,112771000.0,112771000.0,112771000.0,-9055000.0,0.0,0.08,300618000.0,176759000.0,122616000.0,0.203,3.739,17.658,17.634,273757000.0,0.0,28.92,1.411,1.405,272262000.0,460682000.0,1411328000.0,1411328000.0,0.0,0.099,0.223,0.22,0.137,0.0,249627000.0,1.0,68857050.0,68565000,69384000.0,20.584,913423000.0,0.0,57306000.0,35976000.0,13.322,311941000.0
95,CR,MRT,1997-09-30,1997-09-30,1997-09-30,2021-09-07,-14381000.0,1188662000.0,,599444000.0,589218000.0,,7.58,,21863000.0,21863000.0,,,2.228,1.278,284275000.0,17359000.0,266916000.0,284275000.0,0.0,,0.0,0.012,0.333,,,,,,,,,,521857000.0,488383250.0,521857000.0,2177239311.0,,,,,1.0,,,269458000.0,,912537000.0,,272255000.0,0.0,0.0,0.0,666805000.0,269079000.0,397726000.0,1888060311.0,,,,,,,,,,,,,,,,,,,125232000.0,,3.618,,,265130000.0,,27.42,,,272817000.0,436023000.0,,,,,,,,,,1.0,68857050.0,68844000,,,919204000.0,0.0,,64937000.0,13.352,330365000.0
96,CR,MRT,1997-06-30,1997-06-30,1997-06-30,2021-09-07,0.0,1168798000.0,1096351500.0,580951000.0,587847000.0,1.733,7.22,-44239000.0,8254000.0,8254000.0,1380934000.0,99228000.0,2.105,1.308,0.0,30070000.0,267363000.0,0.0,0.0,52252000.0,0.0,0.012,0.333,179509000.0,231761000.0,0.122,231761000.0,179509000.0,155871000.0,1.457,,1.457,495668000.0,,495668000.0,2210971071.0,12.0,9.54,84061000.0,1.224,1.0,519330000.0,0.273,268060000.0,23638000.0,616457000.0,696454000.0,273154000.0,0.0,0.0,0.0,648169000.0,276027000.0,372142000.0,1917807071.0,-14240000.0,-26580000.0,-28286000.0,-19873000.0,-22782000.0,-70941000.0,-70819000.0,0.0,128300000.0,-780000.0,99228000.0,99228000.0,99228000.0,0.0,0.0,0.052,345502000.0,173828000.0,0.0,0.229,3.869,19.327,19.163,265277000.0,0.0,27.92,1.009,1.009,266326000.0,431080000.0,1900264000.0,1900264000.0,0.0,0.091,,0.258,0.094,0.0,294335000.0,1.0,68689365.0,68650500,,27.68,900738000.0,0.0,56643000.0,0.0,13.121,304924000.0
97,CR,MRT,1997-03-31,1997-03-31,1997-03-31,2021-09-07,-11545000.0,,,558767000.0,,,6.924,,3578000.0,3578000.0,,,2.027,1.37,296742000.0,29867000.0,266875000.0,296742000.0,0.0,,0.0,0.016,0.333,,,,,,,,,,473339000.0,,473339000.0,1710372601.0,,,,,1.0,,,271362000.0,,,,270631000.0,,0.0,0.0,648389000.0,275623000.0,372766000.0,1428968601.0,,,,,,,,,,,,,,,,,,,117123000.0,,3.019,,,862313000.0,,20.92,,,250294000.0,412742000.0,,,,,,,,,,1.0,68306338.0,68367000,,,,,,48514000.0,,283144000.0
98,CR,MRT,1996-12-31,1996-12-31,1996-12-31,2021-09-07,-7368000.0,1088855000.0,1043633000.0,540014000.0,548841000.0,1.77,6.744,-38712000.0,11579000.0,11579000.0,1344745000.0,92110000.0,2.127,1.353,292983000.0,25188000.0,267795000.0,292983000.0,0.0,49402000.0,0.0,0.017,0.332,168440000.0,217842000.0,0.118,217842000.0,168440000.0,145020000.0,1.35,1.34,1.35,462669000.0,418699000.0,462669000.0,,,,83444000.0,1.216,1.0,502987000.0,0.272,260615000.0,23420000.0,855791000.0,837556000.0,267274000.0,0.0,0.0,0.0,626186000.0,253853000.0,372333000.0,1320589211.0,6103000.0,-969000.0,-21641000.0,-31983000.0,-22710000.0,-76334000.0,-39681000.0,0.0,122156000.0,-38000.0,92110000.0,92110000.0,92110000.0,0.0,0.0,0.05,336834000.0,166153000.0,105082000.0,0.246,2.854,14.337,14.321,258347000.0,0.0,19.333,0.715,0.718,253729000.0,394621000.0,1847732000.0,1847732000.0,0.0,0.088,0.22,0.201,0.091,0.0,287432000.0,1.0,68306338.0,68600000,68600000.0,26.935,828240000.0,0.0,52910000.0,36869000.0,12.073,286161000.0
99,CR,MRT,1996-06-30,1996-06-30,1996-06-30,2021-09-07,0.0,1023905000.0,,530999000.0,492906000.0,,,,22494000.0,22494000.0,,,,,0.0,,,0.0,0.0,,0.0,0.018,0.332,,,,,,,,,,,,,,,,,,1.0,,,224960000.0,,776451000.0,,246230000.0,0.0,0.0,0.0,,,,,,,,,,,,,,,,,,,,,,,0.0,,,,,240866000.0,,18.389,,,255184000.0,,,,,,,,,,,1.0,,69234000,,,798945000.0,0.0,,0.0,11.54,
100,CR,MRT,1996-03-31,1996-03-31,1996-03-31,2021-09-07,,,,510007000.0,,,,,4748000.0,4748000.0,,,,,,,,,,,,0.018,0.332,,,,,,,,,,,,,,,,,,1.0,,,227522000.0,,,,247925000.0,,0.0,0.0,,,,,,,,,,,,,,,,,,,,,,,,,,,,787424000.0,,18.0,,,250001000.0,,,,,,,,,,,1.0,,68670000,,,,,,,,
101,CR,MRT,1995-12-31,1995-12-31,1995-12-31,2021-09-07,-10009000.0,998411000.0,,498038000.0,500373000.0,,5.503,-18385000.0,5476000.0,5476000.0,1316321000.0,76337000.0,2.064,1.664,297223000.0,16130000.0,281093000.0,297223000.0,0.0,48765000.0,0.0,0.02,0.332,148381000.0,197146000.0,0.111,197146000.0,148381000.0,121468000.0,1.12,1.113,1.12,374729000.0,,374729000.0,,,,88233000.0,1.296,1.0,465989000.0,0.261,229561000.0,26913000.0,819321000.0,,245001000.0,0.0,0.0,0.0,623682000.0,241276000.0,382406000.0,,3404000.0,-9419000.0,-9156000.0,-57925000.0,-22755000.0,-89836000.0,-13431000.0,14373000.0,106618000.0,53000.0,76337000.0,76337000.0,76337000.0,0.0,0.0,0.043,323041000.0,142948000.0,96873000.0,0.296,,,14.635,243938000.0,0.0,16.391,,0.626,240787000.0,327015000.0,1782310000.0,1782310000.0,0.0,,,,0.083,0.0,274276000.0,1.0,,68095500,68095500.0,26.174,768850000.0,0.0,45131000.0,40736000.0,11.291,256762000.0
102,CR,MRT,1994-12-31,1994-12-31,1994-12-31,2021-09-07,,,,,,,,-12141000.0,,,1253412000.0,55933000.0,,,,,,,,44691000.0,,0.028,0.332,115398000.0,160089000.0,0.097,160089000.0,115398000.0,91227000.0,0.827,,0.827,,,,,,,105193000.0,1.551,1.0,400054000.0,0.242,,24171000.0,,,,,,,,,,,-10520000.0,-158844000.0,1081000.0,64420000.0,-22518000.0,42983000.0,-170936000.0,49000.0,117334000.0,99000.0,55933000.0,55933000.0,55933000.0,0.0,0.0,0.034,290165000.0,109889000.0,,0.401,,,14.242,,0.0,11.778,,0.483,,,1653466000.0,1653466000.0,0.0,,,,0.07,0.0,245474000.0,1.0,,67828500,,24.377,,,35294000.0,,,
