None,ticker,dimension,calendardate,datekey,reportperiod,lastupdated,accoci,assets,assetsavg,assetsc,assetsnc,assetturnover,bvps,capex,cashneq,cashnequsd,cor,consolinc,currentratio,de,debt,debtc,debtnc,debtusd,deferredrev,depamor,deposits,divyield,dps,ebit,ebitda,ebitdamargin,ebitdausd,ebitusd,ebt,eps,epsdil,epsusd,equity,equityavg,equityusd,ev,evebit,evebitda,fcf,fcfps,fxusd,gp,grossmargin,intangibles,intexp,invcap,invcapavg,inventory,investments,investmentsc,investmentsnc,liabilities,liabilitiesc,liabilitiesnc,marketcap,ncf,ncfbus,ncfcommon,ncfdebt,ncfdiv,ncff,ncfi,ncfinv,ncfo,ncfx,netinc,netinccmn,netinccmnusd,netincdis,netincnci,netmargin,opex,opinc,payables,payoutratio,pb,pe,pe1,ppnenet,prefdivis,price,ps,ps1,receivables,retearn,revenue,revenueusd,rnd,roa,roe,roic,ros,sbcomp,sgna,sharefactor,sharesbas,shareswa,shareswadil,sps,tangibles,taxassets,taxexp,taxliabilities,tbvps,workingcapital
0,NBL,MRY,2019-12-31,2019-12-31,2019-12-31,2021-09-14,-31000000.0,20647000000.0,21405000000.0,1362000000.0,19285000000.0,0.207,17.594,-2524000000.0,484000000.0,484000000.0,1568000000.0,-1433000000.0,0.692,1.366,7477000000.0,0.0,7477000000.0,7477000000.0,0.0,2197000000.0,0.0,0.019,0.47,-1595000000.0,602000000.0,0.136,602000000.0,-1595000000.0,-1855000000.0,-3.16,-3.16,-3.16,8410000000.0,8878500000.0,8410000000.0,18348922469.0,-12.0,30.48,-526000000.0,-1.1,1.0,2870000000.0,0.647,0.0,260000000.0,25671000000.0,25719750000.0,0.0,0.0,0.0,0.0,11486000000.0,1969000000.0,9517000000.0,11880922469.0,-235000000.0,173000000.0,0.0,882000000.0,-227000000.0,905000000.0,-3138000000.0,-799000000.0,1998000000.0,0.0,-1512000000.0,-1512000000.0,-1512000000.0,0.0,79000000.0,-0.341,4189000000.0,-1319000000.0,1250000000.0,-0.149,1.413,-7.858,-7.861,17451000000.0,0.0,24.84,2.677,2.675,730000000.0,241000000.0,4438000000.0,4438000000.0,202000000.0,-0.071,-0.17,-0.062,-0.359,68000000.0,416000000.0,1.0,478298006.0,478000000.0,478000000.0,9.285,20647000000.0,0.0,-343000000.0,662000000.0,43.195,-607000000.0
1,NBL,MRY,2018-12-31,2018-12-31,2018-12-31,2021-09-14,-32000000.0,21010000000.0,21864750000.0,1750000000.0,19260000000.0,0.228,19.516,-3279000000.0,716000000.0,716000000.0,1493000000.0,14000000.0,1.014,1.117,6574000000.0,0.0,6574000000.0,6574000000.0,0.0,1934000000.0,0.0,0.023,0.43,342000000.0,2276000000.0,0.456,2276000000.0,342000000.0,60000000.0,-0.14,-0.14,-0.14,9426000000.0,10096500000.0,9426000000.0,14852029240.0,43.0,6.525,-943000000.0,-1.952,1.0,3493000000.0,0.701,0.0,282000000.0,25142000000.0,24661500000.0,0.0,0.0,0.0,0.0,10526000000.0,1726000000.0,8800000000.0,9001029240.0,6000000.0,1346000000.0,-295000000.0,-139000000.0,-208000000.0,-399000000.0,-1931000000.0,0.0,2336000000.0,0.0,-66000000.0,-66000000.0,-66000000.0,0.0,80000000.0,-0.013,3985000000.0,-492000000.0,1207000000.0,-3.071,0.955,-136.379,-134.0,18419000000.0,0.0,18.76,1.805,1.817,616000000.0,1980000000.0,4986000000.0,4986000000.0,129000000.0,-0.003,-0.007,0.014,0.069,62000000.0,385000000.0,1.0,479799000.0,483000000.0,483000000.0,10.323,21010000000.0,0.0,126000000.0,1061000000.0,43.499,24000000.0
2,NBL,MRY,2017-12-31,2017-12-31,2017-12-31,2021-09-14,-30000000.0,21476000000.0,21426750000.0,2203000000.0,19273000000.0,0.199,21.186,-2649000000.0,675000000.0,675000000.0,1141000000.0,-1050000000.0,1.267,1.093,6746000000.0,0.0,6746000000.0,6746000000.0,0.0,2053000000.0,0.0,0.014,0.4,-1905000000.0,148000000.0,0.035,148000000.0,-1905000000.0,-2259000000.0,-2.38,-2.38,-2.38,9936000000.0,9582250000.0,9936000000.0,21102736256.0,-11.0,142.586,-698000000.0,-1.488,1.0,3115000000.0,0.732,1310000000.0,354000000.0,24498000000.0,25289750000.0,0.0,0.0,0.0,0.0,10857000000.0,1739000000.0,9118000000.0,14179736256.0,-497000000.0,1119000000.0,0.0,-858000000.0,-190000000.0,-831000000.0,-1617000000.0,-68000000.0,1951000000.0,0.0,-1118000000.0,-1118000000.0,-1118000000.0,0.0,68000000.0,-0.263,5243000000.0,-2128000000.0,1161000000.0,-0.168,1.427,-12.683,-12.244,17502000000.0,0.0,29.14,3.332,3.211,748000000.0,2248000000.0,4256000000.0,4256000000.0,188000000.0,-0.052,-0.117,-0.075,-0.448,104000000.0,415000000.0,1.0,486607284.0,469000000.0,469000000.0,9.075,20166000000.0,0.0,-1141000000.0,1127000000.0,42.998,464000000.0
3,NBL,MRY,2016-12-31,2016-12-31,2016-12-31,2021-09-14,-31000000.0,21011000000.0,22352250000.0,1955000000.0,19056000000.0,0.156,21.6,-1541000000.0,1180000000.0,1180000000.0,1100000000.0,-985000000.0,1.323,1.229,7011000000.0,0.0,7011000000.0,7011000000.0,0.0,2454000000.0,0.0,0.011,0.4,-1457000000.0,997000000.0,0.286,997000000.0,-1457000000.0,-1785000000.0,-2.32,-2.32,-2.32,9288000000.0,9649500000.0,9288000000.0,22389450965.0,-15.0,22.457,-190000000.0,-0.442,1.0,2391000000.0,0.685,0.0,328000000.0,25364000000.0,27196250000.0,0.0,0.0,0.0,0.0,11411000000.0,1478000000.0,9933000000.0,16354450965.0,182000000.0,1058000000.0,0.0,-833000000.0,-172000000.0,-768000000.0,-401000000.0,0.0,1351000000.0,0.0,-998000000.0,-998000000.0,-998000000.0,0.0,13000000.0,-0.286,4005000000.0,-1614000000.0,736000000.0,-0.172,1.761,-16.387,-16.405,18548000000.0,0.0,38.06,4.685,4.688,615000000.0,3556000000.0,3491000000.0,3491000000.0,925000000.0,-0.045,-0.103,-0.054,-0.417,77000000.0,399000000.0,1.0,429701812.0,430000000.0,430000000.0,8.119,21011000000.0,0.0,-787000000.0,1819000000.0,48.863,477000000.0
4,NBL,MRY,2015-12-31,2015-12-31,2015-12-31,2021-09-14,-33000000.0,24196000000.0,24026750000.0,2276000000.0,21920000000.0,0.132,25.796,-2979000000.0,1028000000.0,1028000000.0,996000000.0,-2441000000.0,1.261,1.333,7976000000.0,0.0,7976000000.0,7976000000.0,0.0,2131000000.0,0.0,0.022,0.72,-1956000000.0,175000000.0,0.055,175000000.0,-1956000000.0,-2219000000.0,-6.07,-6.07,-6.07,10370000000.0,11346500000.0,10370000000.0,21117288423.0,-11.0,120.67,-917000000.0,-2.281,1.0,2187000000.0,0.687,0.0,263000000.0,29339000000.0,27256000000.0,0.0,0.0,0.0,0.0,13826000000.0,1805000000.0,12021000000.0,14112288423.0,-155000000.0,151000000.0,0.0,-82000000.0,-291000000.0,654000000.0,-2871000000.0,0.0,2062000000.0,0.0,-2441000000.0,-2441000000.0,-2441000000.0,0.0,0.0,-0.767,4659000000.0,-2472000000.0,1128000000.0,-0.119,1.361,-5.781,-5.425,21300000000.0,0.0,32.93,4.434,4.159,450000000.0,4726000000.0,3183000000.0,3183000000.0,488000000.0,-0.102,-0.215,-0.072,-0.615,86000000.0,396000000.0,1.0,428554158.0,402000000.0,402000000.0,7.918,24196000000.0,0.0,222000000.0,2826000000.0,60.189,471000000.0
5,NBL,MRY,2014-12-31,2014-12-31,2014-12-31,2021-09-14,-90000000.0,22518000000.0,21117750000.0,3075000000.0,19443000000.0,0.242,28.601,-4871000000.0,1183000000.0,1183000000.0,945000000.0,1214000000.0,1.219,1.181,6068000000.0,0.0,6068000000.0,6068000000.0,0.0,1759000000.0,0.0,0.014,0.68,1920000000.0,3679000000.0,0.719,3679000000.0,1920000000.0,1710000000.0,3.36,3.27,3.36,10325000000.0,9794500000.0,10325000000.0,21491861004.0,11.0,5.842,-1365000000.0,-3.781,1.0,4170000000.0,0.815,620000000.0,210000000.0,24261000000.0,22468500000.0,0.0,0.0,0.0,0.0,12193000000.0,2522000000.0,9671000000.0,17162861004.0,66000000.0,321000000.0,0.0,1223000000.0,-249000000.0,1025000000.0,-4465000000.0,85000000.0,3506000000.0,0.0,1214000000.0,1214000000.0,1214000000.0,0.0,0.0,0.237,3252000000.0,918000000.0,1578000000.0,0.202,1.662,14.137,14.116,18143000000.0,0.0,47.43,3.355,3.347,857000000.0,7458000000.0,5115000000.0,5115000000.0,498000000.0,0.057,0.124,0.085,0.375,87000000.0,503000000.0,1.0,361856652.0,361000000.0,367000000.0,14.169,21898000000.0,0.0,496000000.0,2516000000.0,60.659,553000000.0
6,NBL,MRY,2013-12-31,2013-12-31,2013-12-31,2021-09-14,-117000000.0,19642000000.0,18554500000.0,2611000000.0,17031000000.0,0.27,25.582,-3947000000.0,1117000000.0,1117000000.0,844000000.0,978000000.0,1.115,1.139,4566000000.0,0.0,4566000000.0,4566000000.0,0.0,1570000000.0,0.0,0.008,0.545,1573000000.0,3143000000.0,0.627,3143000000.0,1573000000.0,1415000000.0,2.72,2.69,2.72,9184000000.0,8909250000.0,9184000000.0,27884352656.0,18.0,8.872,-1010000000.0,-2.813,1.0,4171000000.0,0.832,627000000.0,158000000.0,20122000000.0,18582000000.0,0.0,0.0,0.0,0.0,10458000000.0,2342000000.0,8116000000.0,24470352656.0,-270000000.0,327000000.0,37000000.0,609000000.0,-198000000.0,468000000.0,-3675000000.0,-48000000.0,2937000000.0,0.0,978000000.0,978000000.0,978000000.0,-71000000.0,0.0,0.195,2515000000.0,1656000000.0,1354000000.0,0.2,2.664,25.021,25.04,15725000000.0,0.0,68.11,4.879,4.876,947000000.0,6493000000.0,5015000000.0,5015000000.0,415000000.0,0.053,0.11,0.085,0.314,80000000.0,433000000.0,1.0,359276944.0,359000000.0,363000000.0,13.969,19015000000.0,0.0,437000000.0,2441000000.0,52.967,269000000.0
7,NBL,MRY,2012-12-31,2012-12-31,2012-12-31,2021-09-14,-113000000.0,17554000000.0,17114750000.0,2771000000.0,14783000000.0,0.247,23.197,-3650000000.0,1387000000.0,1387000000.0,673000000.0,1027000000.0,1.094,1.126,3736000000.0,0.0,3736000000.0,3736000000.0,0.0,1403000000.0,0.0,0.009,0.455,1543000000.0,2946000000.0,0.698,2946000000.0,1543000000.0,1418000000.0,2.89,2.86,2.89,8258000000.0,7901000000.0,8258000000.0,20228627593.0,13.0,6.866,-717000000.0,-2.014,1.0,3550000000.0,0.841,635000000.0,125000000.0,16736000000.0,16764250000.0,0.0,0.0,0.0,0.0,9296000000.0,2532000000.0,6764000000.0,18098627593.0,-68000000.0,1160000000.0,43000000.0,-373000000.0,-164000000.0,-474000000.0,-2527000000.0,-41000000.0,2933000000.0,0.0,1027000000.0,1027000000.0,1027000000.0,-62000000.0,0.0,0.243,2292000000.0,1258000000.0,1508000000.0,0.157,2.192,17.623,17.602,13551000000.0,0.0,50.87,4.286,4.288,964000000.0,5713000000.0,4223000000.0,4223000000.0,409000000.0,0.06,0.13,0.092,0.365,65000000.0,384000000.0,1.0,355781946.0,356000000.0,359000000.0,11.862,16919000000.0,0.0,391000000.0,2218000000.0,47.525,239000000.0
8,NBL,MRY,2011-12-31,2011-12-31,2011-12-31,2021-09-14,-100000000.0,16444000000.0,15145750000.0,2418000000.0,14026000000.0,0.225,20.581,-2594000000.0,1455000000.0,1455000000.0,558000000.0,453000000.0,1.066,1.263,4100000000.0,0.0,4100000000.0,4100000000.0,0.0,965000000.0,0.0,0.008,0.4,608000000.0,1573000000.0,0.462,1573000000.0,608000000.0,543000000.0,1.28,1.27,1.28,7265000000.0,7220250000.0,7265000000.0,18928576579.0,31.0,12.033,-424000000.0,-1.201,1.0,2846000000.0,0.836,696000000.0,65000000.0,16125000000.0,14580750000.0,0.0,0.0,0.0,0.0,9179000000.0,2268000000.0,6911000000.0,16673576579.0,374000000.0,-450000000.0,21000000.0,1475000000.0,-143000000.0,1317000000.0,-3113000000.0,-69000000.0,2170000000.0,0.0,453000000.0,453000000.0,453000000.0,-41000000.0,0.0,0.133,2337000000.0,509000000.0,1343000000.0,0.312,2.295,36.807,36.871,12782000000.0,0.0,47.195,4.898,4.894,783000000.0,4850000000.0,3404000000.0,3404000000.0,277000000.0,0.03,0.063,0.042,0.179,58000000.0,339000000.0,1.0,353291166.0,353000000.0,357000000.0,9.643,15748000000.0,0.0,90000000.0,2059000000.0,44.612,150000000.0
9,NBL,MRY,2010-12-31,2010-12-31,2010-12-31,2021-09-14,-104000000.0,13282000000.0,12959000000.0,1838000000.0,11444000000.0,0.209,19.566,-1885000000.0,1081000000.0,1081000000.0,515000000.0,725000000.0,1.293,0.94,2272000000.0,0.0,2272000000.0,2272000000.0,0.0,883000000.0,0.0,0.008,0.36,1014000000.0,1897000000.0,0.699,1897000000.0,1014000000.0,942000000.0,2.075,2.05,2.075,6848000000.0,6630250000.0,6848000000.0,16117168906.0,16.0,8.496,61000000.0,0.174,1.0,2198000000.0,0.81,696000000.0,72000000.0,12355000000.0,12252250000.0,0.0,0.0,0.0,0.0,6434000000.0,1422000000.0,5012000000.0,15072168906.0,67000000.0,106000000.0,34000000.0,-32000000.0,-127000000.0,-100000000.0,-1779000000.0,0.0,1946000000.0,0.0,725000000.0,725000000.0,725000000.0,-94000000.0,0.0,0.267,1542000000.0,656000000.0,927000000.0,0.173,2.201,20.789,20.742,10264000000.0,0.0,43.04,5.556,5.553,556000000.0,4540000000.0,2713000000.0,2713000000.0,242000000.0,0.056,0.109,0.083,0.374,54000000.0,273000000.0,1.0,350189798.0,350000000.0,354000000.0,7.751,12586000000.0,0.0,217000000.0,2110000000.0,35.96,416000000.0
10,NBL,MRY,2009-12-31,2009-12-31,2009-12-31,2021-09-14,-75000000.0,11807000000.0,11833750000.0,1678000000.0,10129000000.0,0.195,17.795,-1268000000.0,1014000000.0,1014000000.0,525000000.0,-131000000.0,1.695,0.918,2037000000.0,0.0,2037000000.0,2037000000.0,0.0,816000000.0,0.0,0.01,0.36,-180000000.0,636000000.0,0.275,636000000.0,-180000000.0,-264000000.0,-0.375,-0.375,-0.375,6157000000.0,6124750000.0,6157000000.0,13590054944.0,-76.0,21.368,240000000.0,0.694,1.0,1788000000.0,0.773,758000000.0,84000000.0,11082000000.0,11371750000.0,0.0,0.0,0.0,0.0,5650000000.0,990000000.0,4660000000.0,12355054944.0,-126000000.0,3000000.0,16000000.0,-235000000.0,-126000000.0,-369000000.0,-1265000000.0,0.0,1508000000.0,0.0,-131000000.0,-131000000.0,-131000000.0,0.0,0.0,-0.057,1868000000.0,-80000000.0,548000000.0,-0.96,2.007,-94.313,-94.96,8916000000.0,0.0,35.61,5.342,5.327,465000000.0,3942000000.0,2313000000.0,2313000000.0,144000000.0,-0.011,-0.021,-0.016,-0.078,49000000.0,237000000.0,1.0,346954646.0,346000000.0,346000000.0,6.685,11049000000.0,0.0,-133000000.0,2076000000.0,31.934,688000000.0
11,NBL,MRY,2008-12-31,2008-12-31,2008-12-31,2021-09-14,-110000000.0,12384000000.0,11929750000.0,2158000000.0,10226000000.0,0.327,18.234,-1840000000.0,1140000000.0,1140000000.0,594000000.0,1350000000.0,1.838,0.963,2241000000.0,0.0,2241000000.0,2241000000.0,0.0,791000000.0,0.0,0.013,0.33,2130000000.0,2921000000.0,0.749,2921000000.0,2130000000.0,2061000000.0,3.915,3.79,3.915,6309000000.0,5585500000.0,6309000000.0,9561532329.0,4.0,3.273,445000000.0,1.286,1.0,3307000000.0,0.848,759000000.0,69000000.0,11552000000.0,10554250000.0,0.0,0.0,0.0,0.0,6075000000.0,1174000000.0,4901000000.0,8502532329.0,480000000.0,-292000000.0,24000000.0,426000000.0,-115000000.0,327000000.0,-2132000000.0,0.0,2285000000.0,0.0,1350000000.0,1350000000.0,1350000000.0,0.0,0.0,0.346,1672000000.0,1635000000.0,579000000.0,0.084,1.348,6.298,6.286,9004000000.0,0.0,24.61,2.18,2.183,423000000.0,4199000000.0,3901000000.0,3901000000.0,217000000.0,0.113,0.242,0.202,0.546,0.0,236000000.0,1.0,345490952.0,346000000.0,352000000.0,11.275,11625000000.0,0.0,711000000.0,2174000000.0,33.598,984000000.0
12,NBL,MRY,2007-12-31,2007-12-31,2007-12-31,2021-09-14,-284000000.0,10831000000.0,10193169750.0,1569000000.0,9262000000.0,0.321,14.061,-1403000000.0,660000000.0,660000000.0,488000000.0,944000000.0,0.959,1.252,1851000000.0,0.0,1851000000.0,1851000000.0,0.0,736000000.0,0.0,0.005,0.217,1481000000.0,2217000000.0,0.678,2217000000.0,1481000000.0,1368000000.0,2.76,2.725,2.76,4809000000.0,4494883750.0,4809000000.0,15648895031.0,11.0,7.059,614000000.0,1.795,1.0,2784000000.0,0.851,761000000.0,113000000.0,9625000000.0,10031903250.0,0.0,0.0,0.0,0.0,6022000000.0,1636000000.0,4386000000.0,13633679031.0,507000000.0,0.0,-77000000.0,25000000.0,-75000000.0,-107000000.0,-1403000000.0,0.0,2017000000.0,0.0,944000000.0,944000000.0,944000000.0,0.0,0.0,0.289,1289000000.0,1495000000.0,781000000.0,0.079,2.835,14.442,14.406,7945000000.0,0.0,39.76,4.167,4.156,594000000.0,2964000000.0,3272000000.0,3272000000.0,219000000.0,0.093,0.21,0.148,0.453,0.0,206000000.0,1.0,342899372.0,342000000.0,346000000.0,9.567,10070000000.0,131000000.0,424000000.0,2036000000.0,29.444,-67000000.0
13,NBL,MRY,2006-12-31,2006-12-31,2006-12-31,2021-09-14,-140509000.0,9588625000.0,9577066250.0,1068546000.0,8520079000.0,0.307,11.687,-837000000.0,153408000.0,153408000.0,455000000.0,678000000.0,0.902,1.331,2384310000.0,254625000.0,2129685000.0,2384310000.0,0.0,633000000.0,0.0,0.006,0.137,1213000000.0,1846000000.0,0.628,1846000000.0,1213000000.0,1096000000.0,1.93,1.895,1.93,4113817000.0,3841307000.0,4113817000.0,10745841265.0,9.0,5.821,893000000.0,2.537,1.0,2485000000.0,0.845,781290000.0,117000000.0,9853975000.0,10087230750.0,0.0,0.0,0.0,0.0,5474808000.0,1184262000.0,4290546000.0,8529072265.0,43000000.0,-412000000.0,-336000000.0,-230000000.0,-49000000.0,-589000000.0,-1098000000.0,151000000.0,1730000000.0,0.0,678000000.0,678000000.0,678000000.0,0.0,0.0,0.231,866000000.0,1619000000.0,518609000.0,0.071,2.073,12.58,12.712,7170757000.0,0.0,24.535,2.901,2.938,586882000.0,2095361000.0,2940000000.0,2940000000.0,168000000.0,0.071,0.177,0.12,0.413,0.0,165000000.0,1.0,347628786.0,352000000.0,358000000.0,8.352,8807335000.0,99835000.0,418000000.0,1865588000.0,25.021,-115716000.0
14,NBL,MRY,2005-12-31,2005-12-31,2005-12-31,2021-09-14,-783499000.0,8878033000.0,7399734000.0,1175511000.0,7702522000.0,0.296,10.048,-772431000.0,110321000.0,110321000.0,313327000.0,645720000.0,0.948,1.873,3233981000.0,445939000.0,2788042000.0,3233981000.0,0.0,424875000.0,0.0,0.004,0.075,1056201000.0,1481076000.0,0.677,1481076000.0,1056201000.0,968660000.0,2.1,2.06,2.1,3090144000.0,2511755000.0,3090144000.0,10468150698.0,10.0,7.068,467447000.0,1.52,1.0,1873396000.0,0.857,862868000.0,87541000.0,9898680000.0,8327167000.0,0.0,0.0,0.0,0.0,5787889000.0,1240145000.0,4547744000.0,7050202698.0,-69473000.0,-1111099000.0,67657000.0,539135000.0,-23655000.0,583137000.0,-1892488000.0,-8958000.0,1239878000.0,0.0,645720000.0,645720000.0,645720000.0,0.0,0.0,0.295,784515000.0,1088881000.0,519971000.0,0.036,2.282,10.918,9.595,6198916000.0,0.0,20.15,3.224,2.834,566206000.0,1465857000.0,2186723000.0,2186723000.0,178426000.0,0.087,0.257,0.127,0.483,18447000.0,100125000.0,1.0,349885990.0,307546000.0,313518000.0,7.11,8015165000.0,237045000.0,322940000.0,1266327000.0,26.062,-64634000.0
15,NBL,MRY,2004-12-31,2004-12-31,2004-12-31,2021-09-14,-14787000.0,3435784000.0,3118692750.0,733561000.0,2702223000.0,0.433,6.263,-491188000.0,179794000.0,179794000.0,200936000.0,328710000.0,1.111,1.353,940238000.0,50304000.0,889934000.0,940238000.0,0.0,346933000.0,0.0,0.003,0.05,581328000.0,928261000.0,0.687,928261000.0,581328000.0,527868000.0,1.41,1.39,1.41,1459988000.0,1307493250.0,1459988000.0,4346676702.0,7.0,4.683,216998000.0,0.931,1.0,1150115000.0,0.851,0.0,53460000.0,3535675000.0,3264823500.0,12109000.0,406117000.0,28733000.0,377384000.0,1975796000.0,660553000.0,1315243000.0,3626588702.0,117420000.0,0.0,62591000.0,-53611000.0,-11645000.0,-2665000.0,-588101000.0,-96913000.0,708186000.0,0.0,328710000.0,328710000.0,328710000.0,-14860000.0,0.0,0.243,583375000.0,566740000.0,428401000.0,0.035,2.484,11.033,10.933,2180715000.0,0.0,15.415,2.684,2.66,406608000.0,843792000.0,1351051000.0,1351051000.0,117001000.0,0.105,0.251,0.178,0.43,869000.0,61852000.0,1.0,235263620.0,233100000.0,236904000.0,5.796,3435784000.0,13039000.0,199158000.0,243936000.0,14.74,73008000.0
16,NBL,MRY,2003-12-31,2003-12-31,2003-12-31,2021-09-14,-10886000.0,2842649000.0,2900575500.0,470415000.0,2372234000.0,0.348,4.712,-430350000.0,62374000.0,62374000.0,271597000.0,77992000.0,0.726,1.648,989445000.0,213424000.0,776021000.0,989445000.0,0.0,369082000.0,0.0,0.004,0.043,176186000.0,545268000.0,0.541,545268000.0,176186000.0,128505000.0,0.34,0.34,0.34,1073573000.0,1055978500.0,1073573000.0,3456855740.0,20.0,6.34,172420000.0,0.757,1.0,736629000.0,0.731,0.0,47681000.0,3121791000.0,3287752500.0,11083000.0,275755000.0,48086000.0,227669000.0,1769076000.0,647929000.0,1121147000.0,2521484740.0,46932000.0,0.0,24685000.0,-89340000.0,-9755000.0,-111036000.0,-444802000.0,-15952000.0,602770000.0,0.0,77992000.0,77992000.0,77992000.0,6061000.0,0.0,0.077,548543000.0,188086000.0,388428000.0,0.126,2.349,32.33,32.669,2099741000.0,0.0,11.107,2.501,2.51,303822000.0,526727000.0,1008226000.0,1008226000.0,148818000.0,0.027,0.074,0.054,0.175,0.0,54907000.0,1.0,227007404.0,227856000.0,230156000.0,4.425,2842649000.0,7501000.0,50513000.0,169694000.0,12.476,-177514000.0
17,NBL,MRY,2002-12-31,2002-12-31,2002-12-31,2021-09-14,-14603000.0,2730015000.0,2623487000.0,310374000.0,2419641000.0,0.267,4.412,-575376000.0,15442000.0,15442000.0,191727000.0,17652000.0,0.658,1.705,1019035000.0,41919000.0,977116000.0,1019035000.0,0.0,266593000.0,0.0,0.004,0.04,101493000.0,368086000.0,0.525,368086000.0,101493000.0,37453000.0,0.077,0.077,0.077,1009386000.0,1002306000.0,1009386000.0,3185598117.0,31.0,8.654,-68421000.0,-0.299,1.0,509605000.0,0.727,0.0,64040000.0,3261854000.0,3249061000.0,10663000.0,234668000.0,0.0,234668000.0,1720629000.0,471754000.0,1248875000.0,2151271117.0,-57795000.0,-2152000.0,7692000.0,14233000.0,-9147000.0,12778000.0,-577528000.0,0.0,506955000.0,0.0,17652000.0,17652000.0,17652000.0,-9557000.0,0.0,0.025,434000000.0,75605000.0,351856000.0,0.519,2.131,121.871,121.916,2139785000.0,0.0,9.387,3.067,3.062,232924000.0,458490000.0,701332000.0,701332000.0,150701000.0,0.007,0.018,0.031,0.145,0.0,47664000.0,1.0,229163368.0,228784000.0,231052000.0,3.065,2730015000.0,0.0,19801000.0,211474000.0,11.933,-161380000.0
18,NBL,MRY,2001-12-31,2001-12-31,2001-12-31,2021-09-14,5070000.0,2604255000.0,2239374000.0,351571000.0,2252684000.0,0.353,4.466,-737272000.0,73237000.0,73237000.0,171600000.0,133575000.0,0.923,1.578,1005625000.0,44507000.0,961118000.0,1005625000.0,0.0,250729000.0,0.0,0.005,0.04,252502000.0,503231000.0,0.637,503231000.0,252502000.0,198542000.0,0.59,0.583,0.59,1010198000.0,1008244000.0,1010198000.0,2614985594.0,10.0,5.196,-109118000.0,-0.482,1.0,617913000.0,0.783,0.0,53960000.0,3155592000.0,2522794750.0,10828000.0,242142000.0,0.0,242142000.0,1594057000.0,381051000.0,1213006000.0,1997367594.0,50085000.0,-134433000.0,12283000.0,290395000.0,-9042000.0,293636000.0,-871705000.0,0.0,628154000.0,0.0,133575000.0,133575000.0,133575000.0,-48412000.0,0.0,0.169,429776000.0,188137000.0,295454000.0,0.068,1.977,14.953,14.953,1953211000.0,0.0,8.822,2.53,2.528,216403000.0,449985000.0,789513000.0,789513000.0,152096000.0,0.06,0.132,0.1,0.32,0.0,44164000.0,1.0,226394740.0,226196000.0,229212000.0,3.49,2604255000.0,0.0,64967000.0,176259000.0,11.513,-29480000.0
19,NBL,MRY,2000-12-31,2000-12-31,2000-12-31,2021-09-14,0.0,1879280000.0,1643976000.0,271261000.0,1608019000.0,0.859,3.793,-524293000.0,23152000.0,23152000.0,705373000.0,191597000.0,0.834,1.212,525494000.0,0.0,525494000.0,525494000.0,0.0,230800000.0,0.0,0.003,0.04,349506000.0,580306000.0,0.411,580306000.0,349506000.0,299483000.0,0.855,0.845,0.855,849682000.0,755035750.0,849682000.0,3036787326.0,9.0,5.233,34022000.0,0.152,1.0,706139000.0,0.5,0.0,50023000.0,2056205000.0,1889843750.0,4645000.0,74159000.0,0.0,74159000.0,1029598000.0,325417000.0,704181000.0,2574053326.0,20227000.0,-45026000.0,-16566000.0,56755000.0,-8958000.0,31231000.0,-569319000.0,0.0,558315000.0,0.0,191597000.0,191597000.0,191597000.0,0.0,0.0,0.136,362959000.0,343180000.0,279379000.0,0.047,3.029,13.435,13.45,1485123000.0,0.0,11.5,1.824,1.825,235843000.0,325452000.0,1411512000.0,1411512000.0,84868000.0,0.117,0.254,0.185,0.248,0.0,47291000.0,1.0,223830724.0,223996000.0,227020000.0,6.302,1879280000.0,0.0,107886000.0,132356000.0,8.39,-54156000.0
20,NBL,MRY,1999-12-31,1999-12-31,1999-12-31,2021-09-14,0.0,1420351000.0,1577742250.0,117914000.0,1302437000.0,0.577,2.998,-83987000.0,2925000.0,2925000.0,440012000.0,49461000.0,0.763,1.078,445319000.0,0.0,445319000.0,445319000.0,0.0,254515000.0,0.0,0.007,0.04,126566000.0,381081000.0,0.419,381081000.0,126566000.0,77631000.0,0.217,0.215,0.217,683609000.0,654100250.0,683609000.0,1827786799.0,14.0,4.796,259113000.0,1.136,1.0,469830000.0,0.516,0.0,48935000.0,1708274000.0,2041384250.0,5517000.0,15625000.0,0.0,15625000.0,736742000.0,154471000.0,582271000.0,1223055799.0,-16175000.0,10025000.0,1188000.0,-277381000.0,-9120000.0,-285313000.0,-73962000.0,0.0,343100000.0,0.0,49461000.0,49461000.0,49461000.0,0.0,0.0,0.054,349158000.0,120672000.0,103753000.0,0.184,1.789,24.728,24.7,1242370000.0,0.0,5.36,1.344,1.343,98794000.0,142813000.0,909842000.0,909842000.0,46784000.0,0.031,0.076,0.062,0.139,0.0,47859000.0,1.0,228182052.0,228020000.0,229396000.0,3.99,1420351000.0,0.0,28170000.0,85578000.0,6.229,-36557000.0
21,NBL,MRY,1998-12-31,1998-12-31,1998-12-31,2021-09-14,0.0,1686080000.0,1884916750.0,188289000.0,1497791000.0,0.484,2.818,-486040000.0,19100000.0,19100000.0,419856000.0,-164025000.0,1.353,1.626,745143000.0,0.0,745143000.0,745143000.0,0.0,313191000.0,0.0,0.006,0.04,-196197000.0,116994000.0,0.128,116994000.0,-196197000.0,-246708000.0,-0.72,-0.72,-0.72,642080000.0,778266500.0,642080000.0,2113375722.0,-11.0,18.064,-104030000.0,-0.457,1.0,491760000.0,0.539,0.0,50511000.0,2272957000.0,2380784000.0,3006000.0,25061000.0,0.0,25061000.0,1044000000.0,139166000.0,904834000.0,1403347722.0,-35975000.0,-25061000.0,2229000.0,100000000.0,-9113000.0,93116000.0,-511101000.0,0.0,382010000.0,0.0,-164025000.0,-164025000.0,-164025000.0,0.0,0.0,-0.18,694710000.0,-202950000.0,108538000.0,-0.056,2.186,-8.556,-8.552,1429667000.0,0.0,6.157,1.539,1.539,106513000.0,102472000.0,911616000.0,911616000.0,110158000.0,-0.087,-0.211,-0.082,-0.215,0.0,48110000.0,1.0,227908684.0,227820000.0,227820000.0,4.001,1686080000.0,0.0,-82683000.0,108636000.0,7.401,49123000.0
22,NBL,MRY,1997-12-31,1997-12-31,1997-12-31,2021-09-14,0.0,1852782000.0,1875777000.0,235932000.0,1616850000.0,0.595,3.574,-272415000.0,55075000.0,55075000.0,474572000.0,99278000.0,1.214,1.279,644967000.0,0.0,644967000.0,644967000.0,0.0,300354000.0,0.0,0.005,0.04,210693000.0,511047000.0,0.458,511047000.0,210693000.0,157685000.0,0.438,0.432,0.438,812989000.0,780517750.0,812989000.0,2607867464.0,12.0,5.103,173156000.0,0.761,1.0,642051000.0,0.575,0.0,53008000.0,2248356000.0,2292628250.0,2805000.0,0.0,0.0,0.0,1039793000.0,194318000.0,845475000.0,2005673464.0,-39693000.0,0.0,2744000.0,-206493000.0,-9100000.0,-212849000.0,-272415000.0,0.0,445571000.0,0.0,99278000.0,99278000.0,99278000.0,0.0,0.0,0.089,437597000.0,204454000.0,163563000.0,0.091,2.467,20.203,20.12,1546426000.0,0.0,8.812,1.796,1.795,162667000.0,275610000.0,1116623000.0,1116623000.0,86698000.0,0.053,0.127,0.092,0.189,0.0,50545000.0,1.0,227594152.0,227488000.0,229684000.0,4.908,1852782000.0,0.0,58407000.0,146382000.0,8.145,41614000.0
23,NBL,MRY,1996-12-31,1996-12-31,1996-12-31,2021-09-14,0.0,1956938000.0,1473057000.0,316803000.0,1640135000.0,0.602,3.501,-230961000.0,94768000.0,94768000.0,379573000.0,83880000.0,1.132,1.718,848028000.0,50000000.0,798028000.0,848028000.0,0.0,233604000.0,0.0,0.003,0.04,174763000.0,408367000.0,0.46,408367000.0,174763000.0,136289000.0,0.407,0.388,0.407,720067000.0,565989000.0,720067000.0,,,,149984000.0,0.729,1.0,507630000.0,0.572,0.0,38474000.0,2430392000.0,1843476500.0,4489000.0,0.0,0.0,0.0,1236871000.0,279806000.0,957065000.0,2722184267.0,82339000.0,-768185000.0,7851000.0,701000000.0,-8311000.0,700540000.0,-999146000.0,0.0,380945000.0,0.0,83880000.0,83880000.0,83880000.0,0.0,0.0,0.095,335032000.0,172598000.0,143408000.0,0.098,3.78,32.453,29.41,1571764000.0,0.0,11.97,3.068,2.775,206151000.0,185432000.0,887203000.0,887203000.0,49861000.0,0.057,0.148,0.095,0.197,0.0,51567000.0,1.0,227417232.0,205656000.0,228892000.0,4.314,1956938000.0,0.0,52409000.0,119096000.0,9.516,36997000.0
24,NBL,MRY,1995-12-31,1995-12-31,1995-12-31,2021-09-14,0.0,989176000.0,,117512000.0,871664000.0,,2.058,-244443000.0,12429000.0,12429000.0,189602000.0,4086000.0,1.209,1.401,376992000.0,0.0,376992000.0,376992000.0,0.0,200914000.0,0.0,0.005,0.04,29869000.0,230783000.0,0.474,230783000.0,29869000.0,7998000.0,0.02,0.02,0.02,411911000.0,,411911000.0,,,,-5523000.0,-0.028,1.0,297416000.0,0.611,0.0,21871000.0,1256561000.0,,2855000.0,0.0,0.0,0.0,577265000.0,97178000.0,480087000.0,,-9763000.0,0.0,3766000.0,0.0,-8006000.0,-4240000.0,-244443000.0,0.0,238920000.0,0.0,4086000.0,4086000.0,4086000.0,0.0,0.0,0.008,270674000.0,26742000.0,73536000.0,2.0,,,373.5,843945000.0,0.0,7.47,,3.07,79478000.0,109863000.0,487018000.0,487018000.0,33246000.0,,,,0.061,0.0,36514000.0,1.0,,200184000.0,201864000.0,2.433,989176000.0,0.0,3912000.0,72881000.0,4.941,20334000.0
25,NBL,MRY,1994-12-31,1994-12-31,1994-12-31,2021-09-14,,,,,,,,-163729000.0,,,117419000.0,3166000.0,,,,,,,,127470000.0,,0.006,0.04,29954000.0,157424000.0,0.439,157424000.0,29954000.0,5225000.0,0.015,0.015,0.015,,,,,,,24892000.0,0.125,1.0,240970000.0,0.672,,24729000.0,,,,,,,,,,,-154240000.0,0.0,1463000.0,-172600000.0,-7995000.0,-179132000.0,-163729000.0,0.0,188621000.0,0.0,3166000.0,3166000.0,3166000.0,0.0,0.0,0.009,218199000.0,22771000.0,,2.667,,,412.5,,0.0,6.188,,3.451,,,358389000.0,358389000.0,54321000.0,,,,0.084,0.0,36408000.0,1.0,,199880000.0,199880000.0,1.793,,,2059000.0,,,
0,NBL,MRQ,2020-06-30,2020-06-30,2020-06-30,2021-09-14,-29000000.0,15899000000.0,,1003000000.0,14896000000.0,,8.357,-245000000.0,324000000.0,324000000.0,277000000.0,-387000000.0,0.726,2.779,7936000000.0,0.0,7936000000.0,7936000000.0,0.0,320000000.0,0.0,0.042,0.02,-410000000.0,-90000000.0,-0.158,-90000000.0,-410000000.0,-497000000.0,-0.85,-0.85,-0.85,4003000000.0,,4003000000.0,11533100137.0,-2.0,-3.145,-327000000.0,-0.683,1.0,294000000.0,0.515,0.0,87000000.0,22129000000.0,,0.0,0.0,0.0,0.0,11124000000.0,1382000000.0,9742000000.0,4298100137.0,-1073000000.0,1000000.0,0.0,-690000000.0,-10000000.0,-722000000.0,-269000000.0,-2000000.0,-82000000.0,0.0,-408000000.0,-408000000.0,-408000000.0,0.0,21000000.0,-0.715,522000000.0,-228000000.0,676000000.0,-0.024,1.074,-0.773,-0.772,12986000000.0,0.0,8.96,1.107,1.105,465000000.0,-4198000000.0,571000000.0,571000000.0,15000000.0,,,,,0.0,63000000.0,1.0,479698676.0,479000000.0,479000000.0,1.192,15899000000.0,0.0,-89000000.0,518000000.0,33.192,-379000000.0
1,NBL,MRQ,2020-03-31,2020-03-31,2020-03-31,2021-09-14,-30000000.0,17458000000.0,,2312000000.0,15146000000.0,,9.18,-479000000.0,1397000000.0,1397000000.0,415000000.0,-4007000000.0,1.321,2.798,8632000000.0,0.0,8632000000.0,8632000000.0,0.0,492000000.0,0.0,0.079,0.12,-3893000000.0,-3401000000.0,-3.334,-3401000000.0,-3893000000.0,-3974000000.0,-8.27,-8.27,-8.27,4397000000.0,,4397000000.0,9883196583.0,-2.0,-3.321,3000000.0,0.006,1.0,605000000.0,0.593,0.0,81000000.0,22943000000.0,,0.0,0.0,0.0,0.0,12303000000.0,1750000000.0,10553000000.0,2890196583.0,913000000.0,17000000.0,0.0,1155000000.0,-58000000.0,1127000000.0,-696000000.0,-226000000.0,482000000.0,0.0,-3963000000.0,-3963000000.0,-3963000000.0,0.0,-44000000.0,-3.885,4938000000.0,-4333000000.0,1099000000.0,-0.015,0.657,-0.56,-0.561,13221000000.0,0.0,6.04,0.656,0.657,562000000.0,-3780000000.0,1020000000.0,1020000000.0,1504000000.0,,,,,0.0,85000000.0,1.0,478509368.0,479000000.0,479000000.0,2.129,17458000000.0,0.0,-11000000.0,615000000.0,36.447,562000000.0
2,NBL,MRQ,2019-12-31,2019-12-31,2019-12-31,2021-09-14,-31000000.0,20647000000.0,,1362000000.0,19285000000.0,,17.594,-526000000.0,484000000.0,484000000.0,410000000.0,-1188000000.0,0.692,1.366,7477000000.0,0.0,7477000000.0,7477000000.0,0.0,578000000.0,0.0,0.019,0.12,-1436000000.0,-858000000.0,-0.731,-858000000.0,-1436000000.0,-1500000000.0,-2.52,-2.52,-2.52,8410000000.0,,8410000000.0,18348922469.0,-12.0,30.48,-57000000.0,-0.119,1.0,764000000.0,0.651,0.0,64000000.0,25671000000.0,,0.0,0.0,0.0,0.0,11486000000.0,1969000000.0,9517000000.0,11880922469.0,11000000.0,42000000.0,0.0,-10000000.0,-59000000.0,152000000.0,-610000000.0,-113000000.0,469000000.0,0.0,-1206000000.0,-1206000000.0,-1206000000.0,0.0,18000000.0,-1.027,2015000000.0,-1251000000.0,1250000000.0,-0.048,1.413,-7.858,-7.861,17451000000.0,0.0,24.84,2.677,2.675,730000000.0,241000000.0,1174000000.0,1174000000.0,202000000.0,,,,,68000000.0,118000000.0,1.0,478298006.0,478000000.0,478000000.0,2.456,20647000000.0,0.0,-294000000.0,662000000.0,43.195,-607000000.0
3,NBL,MRQ,2019-09-30,2019-09-30,2019-09-30,2021-09-14,-30000000.0,22004000000.0,,1427000000.0,20577000000.0,,18.837,-593000000.0,473000000.0,473000000.0,393000000.0,36000000.0,0.552,1.313,6941000000.0,0.0,6941000000.0,6941000000.0,0.0,583000000.0,0.0,0.02,0.12,99000000.0,682000000.0,0.609,682000000.0,99000000.0,32000000.0,0.04,0.04,0.04,9004000000.0,,9004000000.0,17137565098.0,-21.0,13.183,-156000000.0,-0.326,1.0,726000000.0,0.649,0.0,67000000.0,25887000000.0,,0.0,0.0,0.0,0.0,11818000000.0,2585000000.0,9233000000.0,10741565098.0,-129000000.0,8000000.0,0.0,351000000.0,-57000000.0,265000000.0,-831000000.0,-271000000.0,437000000.0,0.0,17000000.0,17000000.0,17000000.0,0.0,19000000.0,0.015,735000000.0,-9000000.0,1395000000.0,3.0,1.193,-9.506,-9.598,18797000000.0,0.0,22.46,2.408,2.407,677000000.0,1506000000.0,1119000000.0,1119000000.0,0.0,,,,,0.0,91000000.0,1.0,478253121.0,478000000.0,480000000.0,2.341,22004000000.0,0.0,15000000.0,954000000.0,46.033,-1158000000.0
4,NBL,MRQ,2019-06-30,2019-06-30,2019-06-30,2021-09-14,-31000000.0,21649000000.0,,1358000000.0,20291000000.0,,18.889,-642000000.0,470000000.0,470000000.0,373000000.0,8000000.0,0.588,1.268,6866000000.0,0.0,6866000000.0,6866000000.0,0.0,528000000.0,0.0,0.02,0.12,73000000.0,601000000.0,0.55,601000000.0,73000000.0,10000000.0,-0.02,-0.02,-0.02,9029000000.0,,9029000000.0,16922385309.0,-29.0,11.599,-78000000.0,-0.163,1.0,720000000.0,0.659,0.0,63000000.0,25734000000.0,,0.0,0.0,0.0,0.0,11445000000.0,2311000000.0,9134000000.0,10712385309.0,72000000.0,0.0,0.0,380000000.0,-58000000.0,294000000.0,-786000000.0,-144000000.0,564000000.0,0.0,-10000000.0,-10000000.0,-10000000.0,0.0,18000000.0,-0.009,688000000.0,32000000.0,1313000000.0,-6.0,1.186,-11.644,-11.728,18775000000.0,0.0,22.4,2.321,2.32,575000000.0,1546000000.0,1093000000.0,1093000000.0,33000000.0,,,,,0.0,105000000.0,1.0,478231487.0,478000000.0,478000000.0,2.287,21649000000.0,0.0,20000000.0,961000000.0,45.291,-953000000.0
5,NBL,MRQ,2019-03-31,2019-03-31,2019-03-31,2021-09-14,-32000000.0,21320000000.0,,1243000000.0,20077000000.0,,18.977,-763000000.0,528000000.0,528000000.0,392000000.0,-289000000.0,0.64,1.221,6738000000.0,0.0,6738000000.0,6738000000.0,0.0,508000000.0,0.0,0.018,0.11,-331000000.0,177000000.0,0.168,177000000.0,-331000000.0,-397000000.0,-0.65,-0.65,-0.65,9071000000.0,,9071000000.0,17670121900.0,-30.0,12.721,-235000000.0,-0.492,1.0,660000000.0,0.627,0.0,66000000.0,25587000000.0,,0.0,0.0,0.0,0.0,11080000000.0,1943000000.0,9137000000.0,11812121900.0,-189000000.0,123000000.0,0.0,170000000.0,-53000000.0,194000000.0,-911000000.0,-271000000.0,528000000.0,0.0,-313000000.0,-313000000.0,-313000000.0,0.0,24000000.0,-0.298,751000000.0,-91000000.0,1284000000.0,-0.169,1.302,-12.66,-12.747,18701000000.0,0.0,24.73,2.486,2.488,573000000.0,1614000000.0,1052000000.0,1052000000.0,24000000.0,,,,,0.0,102000000.0,1.0,477643425.0,478000000.0,478000000.0,2.201,21320000000.0,0.0,-84000000.0,961000000.0,44.603,-700000000.0
6,NBL,MRQ,2018-12-31,2018-12-31,2018-12-31,2021-09-14,-32000000.0,21010000000.0,,1750000000.0,19260000000.0,,19.637,-690000000.0,716000000.0,716000000.0,403000000.0,-802000000.0,1.014,1.117,6574000000.0,0.0,6574000000.0,6574000000.0,0.0,516000000.0,0.0,0.023,0.11,-676000000.0,-160000000.0,-0.134,-160000000.0,-676000000.0,-742000000.0,-1.71,-1.7,-1.71,9426000000.0,,9426000000.0,14852029240.0,43.0,6.525,-130000000.0,-0.271,1.0,794000000.0,0.663,0.0,66000000.0,25142000000.0,,0.0,0.0,0.0,0.0,10526000000.0,1726000000.0,8800000000.0,9001029240.0,-2000000.0,259000000.0,-72000000.0,10000000.0,-52000000.0,-133000000.0,-429000000.0,0.0,560000000.0,0.0,-824000000.0,-824000000.0,-824000000.0,0.0,22000000.0,-0.688,1976000000.0,-1182000000.0,1207000000.0,-0.064,0.955,-136.379,-134.0,18419000000.0,0.0,18.76,1.805,1.817,616000000.0,1980000000.0,1197000000.0,1197000000.0,129000000.0,,,,,62000000.0,69000000.0,1.0,479799000.0,480000000.0,474000000.0,2.494,21010000000.0,0.0,82000000.0,1061000000.0,43.771,24000000.0
7,NBL,MRQ,2018-09-30,2018-09-30,2018-09-30,2021-09-14,-27000000.0,22147000000.0,,1727000000.0,20420000000.0,,21.465,-807000000.0,720000000.0,720000000.0,349000000.0,248000000.0,0.813,1.039,6571000000.0,0.0,6571000000.0,6571000000.0,0.0,485000000.0,0.0,0.013,0.11,356000000.0,841000000.0,0.661,841000000.0,356000000.0,286000000.0,0.47,0.47,0.47,10346000000.0,,10346000000.0,21002475060.0,15.0,6.388,-110000000.0,-0.228,1.0,924000000.0,0.726,1401000000.0,70000000.0,24473000000.0,,0.0,0.0,0.0,0.0,10753000000.0,2124000000.0,8629000000.0,15068475060.0,100000000.0,355000000.0,-93000000.0,20000000.0,-54000000.0,-145000000.0,-452000000.0,0.0,697000000.0,0.0,227000000.0,227000000.0,227000000.0,0.0,21000000.0,0.178,619000000.0,305000000.0,1239000000.0,0.234,1.456,12.036,11.77,18245000000.0,0.0,31.19,3.02,3.013,698000000.0,2850000000.0,1273000000.0,1273000000.0,0.0,,,,,0.0,107000000.0,1.0,483118790.0,482000000.0,484000000.0,2.641,20746000000.0,0.0,59000000.0,983000000.0,43.041,-397000000.0
8,NBL,MRQ,2018-06-30,2018-06-30,2018-06-30,2021-09-14,-28000000.0,21854000000.0,,1551000000.0,20303000000.0,,21.182,-995000000.0,621000000.0,621000000.0,361000000.0,-6000000.0,0.755,1.031,6555000000.0,0.0,6555000000.0,6555000000.0,0.0,465000000.0,0.0,0.012,0.11,66000000.0,531000000.0,0.432,531000000.0,66000000.0,-7000000.0,-0.05,-0.05,-0.05,10252000000.0,,10252000000.0,22957066943.0,26.0,8.115,-499000000.0,-1.031,1.0,869000000.0,0.707,1402000000.0,73000000.0,24333000000.0,,0.0,0.0,0.0,0.0,10573000000.0,2053000000.0,8520000000.0,17091066943.0,-401000000.0,517000000.0,-63000000.0,-289000000.0,-54000000.0,-419000000.0,-478000000.0,0.0,496000000.0,0.0,-23000000.0,-23000000.0,-23000000.0,0.0,17000000.0,-0.019,604000000.0,265000000.0,1308000000.0,-2.2,1.667,19.225,18.568,17917000000.0,0.0,35.28,3.654,3.651,743000000.0,2677000000.0,1230000000.0,1230000000.0,0.0,,,,,0.0,105000000.0,1.0,484440673.0,484000000.0,484000000.0,2.541,20452000000.0,0.0,16000000.0,970000000.0,42.256,-502000000.0
9,NBL,MRQ,2018-03-31,2018-03-31,2018-03-31,2021-09-14,-29000000.0,22448000000.0,,2594000000.0,19854000000.0,,21.277,-787000000.0,992000000.0,992000000.0,376000000.0,574000000.0,1.172,1.067,6858000000.0,0.0,6858000000.0,6858000000.0,0.0,468000000.0,0.0,0.013,0.1,596000000.0,1064000000.0,0.827,1064000000.0,596000000.0,523000000.0,1.14,1.14,1.14,10362000000.0,,10362000000.0,20824158082.0,-14.0,37.931,-204000000.0,-0.419,1.0,910000000.0,0.708,1402000000.0,73000000.0,24698000000.0,,0.0,0.0,0.0,0.0,11061000000.0,2214000000.0,8847000000.0,14753158082.0,309000000.0,215000000.0,-67000000.0,120000000.0,-48000000.0,298000000.0,-572000000.0,0.0,583000000.0,0.0,554000000.0,554000000.0,554000000.0,0.0,20000000.0,0.431,790000000.0,120000000.0,1423000000.0,0.088,1.424,-24.589,-24.24,17431000000.0,0.0,30.3,3.274,3.275,707000000.0,2754000000.0,1286000000.0,1286000000.0,0.0,,,,,0.0,104000000.0,1.0,486902907.0,487000000.0,488000000.0,2.641,21046000000.0,0.0,-31000000.0,976000000.0,43.216,380000000.0
10,NBL,MRQ,2017-12-31,2017-12-31,2017-12-31,2021-09-14,-30000000.0,21476000000.0,,2203000000.0,19273000000.0,,20.529,-693000000.0,675000000.0,675000000.0,275000000.0,516000000.0,1.267,1.093,6746000000.0,0.0,6746000000.0,6746000000.0,0.0,499000000.0,0.0,0.014,0.1,353000000.0,852000000.0,0.709,852000000.0,353000000.0,270000000.0,1.09,1.09,1.09,9936000000.0,,9936000000.0,21102736256.0,-11.0,142.586,-160000000.0,-0.331,1.0,926000000.0,0.771,1310000000.0,83000000.0,24498000000.0,,0.0,0.0,0.0,0.0,10857000000.0,1739000000.0,9118000000.0,14179736256.0,149000000.0,935000000.0,0.0,-684000000.0,-49000000.0,-607000000.0,223000000.0,0.0,533000000.0,0.0,494000000.0,494000000.0,494000000.0,0.0,22000000.0,0.411,791000000.0,135000000.0,1161000000.0,0.092,1.427,-12.683,-12.244,17502000000.0,0.0,29.14,3.332,3.211,748000000.0,2248000000.0,1201000000.0,1201000000.0,52000000.0,,,,,21000000.0,111000000.0,1.0,486607284.0,484000000.0,484000000.0,2.481,20166000000.0,0.0,-224000000.0,1127000000.0,41.665,464000000.0
11,NBL,MRQ,2017-09-30,2017-09-30,2017-09-30,2021-09-14,-29000000.0,21649000000.0,,1542000000.0,20107000000.0,,19.437,-741000000.0,564000000.0,564000000.0,280000000.0,-115000000.0,0.951,1.237,7487000000.0,0.0,7487000000.0,7487000000.0,0.0,523000000.0,0.0,0.014,0.1,-141000000.0,382000000.0,0.398,382000000.0,-141000000.0,-229000000.0,-0.28,-0.28,-0.28,9466000000.0,,9466000000.0,20391417363.0,-7.0,-35.402,-200000000.0,-0.411,1.0,680000000.0,0.708,1295000000.0,88000000.0,25655000000.0,,0.0,0.0,0.0,0.0,11706000000.0,1622000000.0,10084000000.0,13798417363.0,24000000.0,22000000.0,0.0,231000000.0,-49000000.0,202000000.0,-719000000.0,0.0,541000000.0,0.0,-136000000.0,-136000000.0,-136000000.0,0.0,21000000.0,-0.142,678000000.0,2000000.0,1123000000.0,-0.357,1.458,-7.403,-7.108,18396000000.0,0.0,28.36,3.394,3.398,675000000.0,1803000000.0,960000000.0,960000000.0,64000000.0,,,,,16000000.0,102000000.0,1.0,486545041.0,487000000.0,487000000.0,1.971,20354000000.0,0.0,-93000000.0,1352000000.0,41.795,-80000000.0
12,NBL,MRQ,2017-06-30,2017-06-30,2017-06-30,2021-09-14,-30000000.0,21574000000.0,,1577000000.0,19997000000.0,,20.413,-628000000.0,540000000.0,540000000.0,283000000.0,-1498000000.0,0.989,1.191,7133000000.0,0.0,7133000000.0,7133000000.0,0.0,503000000.0,0.0,0.014,0.1,-2252000000.0,-1749000000.0,-1.652,-1749000000.0,-2252000000.0,-2348000000.0,-3.2,-3.2,-3.2,9635000000.0,,9635000000.0,18417031567.0,-7.0,-34.554,-287000000.0,-0.608,1.0,776000000.0,0.733,1289000000.0,96000000.0,25283000000.0,,0.0,0.0,0.0,0.0,11476000000.0,1595000000.0,9881000000.0,12209031567.0,-247000000.0,468000000.0,0.0,-405000000.0,-48000000.0,-360000000.0,-228000000.0,-68000000.0,341000000.0,0.0,-1512000000.0,-1512000000.0,-1512000000.0,0.0,14000000.0,-1.428,754000000.0,22000000.0,1086000000.0,-0.031,1.267,-6.522,-7.005,18276000000.0,0.0,28.3,3.041,3.327,699000000.0,1988000000.0,1059000000.0,1059000000.0,30000000.0,,,,,67000000.0,103000000.0,1.0,431414543.0,472000000.0,472000000.0,2.244,20285000000.0,0.0,-836000000.0,1469000000.0,42.977,-18000000.0
13,NBL,MRQ,2017-03-31,2017-03-31,2017-03-31,2021-09-14,-31000000.0,21008000000.0,,1445000000.0,19563000000.0,,21.559,-587000000.0,787000000.0,787000000.0,303000000.0,47000000.0,0.968,1.227,6995000000.0,0.0,6995000000.0,6995000000.0,0.0,528000000.0,0.0,0.012,0.1,135000000.0,663000000.0,0.64,663000000.0,135000000.0,48000000.0,0.08,0.08,0.08,9292000000.0,,9292000000.0,20615205836.0,-22.0,14.538,-51000000.0,-0.118,1.0,733000000.0,0.708,0.0,87000000.0,25723000000.0,,0.0,0.0,0.0,0.0,11399000000.0,1493000000.0,9906000000.0,14784205836.0,-423000000.0,-306000000.0,0.0,0.0,-44000000.0,-66000000.0,-893000000.0,0.0,536000000.0,0.0,36000000.0,36000000.0,36000000.0,0.0,11000000.0,0.035,698000000.0,35000000.0,895000000.0,1.25,1.591,-21.903,-21.873,19028000000.0,0.0,34.34,3.888,3.892,523000000.0,3549000000.0,1036000000.0,1036000000.0,42000000.0,,,,,0.0,99000000.0,1.0,430524340.0,431000000.0,434000000.0,2.404,21008000000.0,0.0,12000000.0,1819000000.0,48.742,-48000000.0
14,NBL,MRQ,2016-12-31,2016-12-31,2016-12-31,2021-09-14,-31000000.0,21011000000.0,,1955000000.0,19056000000.0,,21.6,-377000000.0,1180000000.0,1180000000.0,261000000.0,-240000000.0,1.323,1.229,7011000000.0,0.0,7011000000.0,7011000000.0,0.0,595000000.0,0.0,0.011,0.1,-467000000.0,128000000.0,0.127,128000000.0,-467000000.0,-553000000.0,-0.59,-0.59,-0.59,9288000000.0,,9288000000.0,22389450965.0,-15.0,22.457,-80000000.0,-0.186,1.0,749000000.0,0.742,0.0,86000000.0,25364000000.0,,0.0,0.0,0.0,0.0,11411000000.0,1478000000.0,9933000000.0,16354450965.0,-609000000.0,272000000.0,0.0,-850000000.0,-43000000.0,-891000000.0,-15000000.0,8000000.0,297000000.0,0.0,-252000000.0,-252000000.0,-252000000.0,0.0,12000000.0,-0.25,1350000000.0,-601000000.0,736000000.0,-0.169,1.761,-16.387,-16.405,18548000000.0,0.0,38.06,4.685,4.688,615000000.0,3556000000.0,1010000000.0,1010000000.0,549000000.0,,,,,16000000.0,106000000.0,1.0,429701812.0,430000000.0,430000000.0,2.349,21011000000.0,0.0,-301000000.0,1819000000.0,48.863,477000000.0
15,NBL,MRQ,2016-09-30,2016-09-30,2016-09-30,2021-09-14,-32000000.0,22469000000.0,,2777000000.0,19692000000.0,,22.198,-352000000.0,1819000000.0,1819000000.0,282000000.0,-143000000.0,1.817,1.323,7854000000.0,0.0,7854000000.0,7854000000.0,0.0,620000000.0,0.0,0.013,0.1,-195000000.0,425000000.0,0.467,425000000.0,-195000000.0,-281000000.0,-0.33,-0.33,-0.33,9545000000.0,,9545000000.0,21924470597.0,-9.0,1993.134,262000000.0,0.609,1.0,628000000.0,0.69,0.0,86000000.0,26976000000.0,,0.0,0.0,0.0,0.0,12624000000.0,1528000000.0,11096000000.0,15356470597.0,519000000.0,19000000.0,0.0,0.0,-43000000.0,240000000.0,-335000000.0,-2000000.0,614000000.0,0.0,-144000000.0,-144000000.0,-144000000.0,0.0,1000000.0,-0.158,878000000.0,-250000000.0,786000000.0,-0.303,1.609,-5.536,-5.295,19105000000.0,0.0,35.74,4.598,4.601,486000000.0,3851000000.0,910000000.0,910000000.0,125000000.0,,,,,21000000.0,95000000.0,1.0,429671813.0,430000000.0,430000000.0,2.116,22469000000.0,0.0,-137000000.0,2103000000.0,52.253,1249000000.0
16,NBL,MRQ,2016-06-30,2016-06-30,2016-06-30,2021-09-14,-32000000.0,22516000000.0,,2189000000.0,20327000000.0,,22.588,-316000000.0,1300000000.0,1300000000.0,280000000.0,-315000000.0,1.592,1.318,7868000000.0,0.0,7868000000.0,7868000000.0,0.0,622000000.0,0.0,0.016,0.1,-420000000.0,202000000.0,0.238,202000000.0,-420000000.0,-498000000.0,-0.73,-0.73,-0.73,9713000000.0,,9713000000.0,22338474510.0,-9.0,-354.579,-127000000.0,-0.295,1.0,567000000.0,0.669,0.0,78000000.0,27709000000.0,,0.0,0.0,0.0,0.0,12803000000.0,1375000000.0,11428000000.0,15409474510.0,347000000.0,535000000.0,0.0,0.0,-45000000.0,-55000000.0,213000000.0,-6000000.0,189000000.0,0.0,-315000000.0,-315000000.0,-315000000.0,0.0,0.0,-0.372,829000000.0,-262000000.0,780000000.0,-0.137,1.586,-5.29,-5.059,19734000000.0,0.0,35.87,4.743,4.747,476000000.0,4038000000.0,847000000.0,847000000.0,89000000.0,,,,,40000000.0,107000000.0,1.0,429592264.0,430000000.0,430000000.0,1.97,22516000000.0,0.0,-183000000.0,2387000000.0,52.363,814000000.0
17,NBL,MRQ,2016-03-31,2016-03-31,2016-03-31,2021-09-14,-33000000.0,23413000000.0,,2092000000.0,21321000000.0,,23.431,-496000000.0,953000000.0,953000000.0,276000000.0,-287000000.0,1.303,1.329,7882000000.0,0.0,7882000000.0,7882000000.0,0.0,617000000.0,0.0,0.02,0.1,-374000000.0,243000000.0,0.336,243000000.0,-374000000.0,-453000000.0,-0.67,-0.67,-0.67,10052000000.0,,10052000000.0,20417974178.0,-9.0,-385.245,-245000000.0,-0.571,1.0,448000000.0,0.619,0.0,79000000.0,28736000000.0,,0.0,0.0,0.0,0.0,13361000000.0,1606000000.0,11755000000.0,13469974178.0,-75000000.0,232000000.0,0.0,17000000.0,-41000000.0,-62000000.0,-264000000.0,0.0,251000000.0,0.0,-287000000.0,-287000000.0,-287000000.0,0.0,0.0,-0.396,870000000.0,-422000000.0,1005000000.0,-0.149,1.34,-4.976,-4.73,20707000000.0,0.0,31.41,4.29,4.291,531000000.0,4398000000.0,724000000.0,724000000.0,163000000.0,,,,,0.0,91000000.0,1.0,428843495.0,429000000.0,429000000.0,1.688,23413000000.0,0.0,-166000000.0,2640000000.0,54.576,486000000.0
18,NBL,MRQ,2015-12-31,2015-12-31,2015-12-31,2021-09-14,-33000000.0,24196000000.0,,2276000000.0,21920000000.0,,24.005,-460000000.0,1028000000.0,1028000000.0,281000000.0,-2028000000.0,1.261,1.333,7976000000.0,0.0,7976000000.0,7976000000.0,0.0,687000000.0,0.0,0.022,0.18,-1546000000.0,-859000000.0,-1.0,-859000000.0,-1546000000.0,-1626000000.0,-5.02,-5.02,-5.02,10370000000.0,,10370000000.0,21117288423.0,-11.0,120.67,116000000.0,0.269,1.0,578000000.0,0.673,0.0,80000000.0,29339000000.0,,0.0,0.0,0.0,0.0,13826000000.0,1805000000.0,12021000000.0,14112288423.0,0.0,-61000000.0,0.0,53000000.0,-77000000.0,-98000000.0,-478000000.0,86000000.0,576000000.0,0.0,-2028000000.0,-2028000000.0,-2028000000.0,0.0,0.0,-2.361,2289000000.0,-1711000000.0,1128000000.0,-0.036,1.361,-5.781,-5.425,21300000000.0,0.0,32.93,4.434,4.159,450000000.0,4726000000.0,859000000.0,859000000.0,180000000.0,,,,,17000000.0,88000000.0,1.0,428554158.0,432000000.0,432000000.0,1.988,24196000000.0,0.0,402000000.0,2826000000.0,56.009,471000000.0
19,NBL,MRQ,2015-09-30,2015-09-30,2015-09-30,2021-09-14,-37000000.0,25965000000.0,,2530000000.0,23435000000.0,,29.643,-621000000.0,1028000000.0,1028000000.0,247000000.0,-283000000.0,1.209,1.086,8033000000.0,0.0,8033000000.0,8033000000.0,0.0,539000000.0,0.0,0.024,0.18,-188000000.0,351000000.0,0.429,351000000.0,-188000000.0,-259000000.0,-0.67,-0.67,-0.67,12450000000.0,,12450000000.0,16515036480.0,61.0,7.583,-101000000.0,-0.24,1.0,572000000.0,0.698,945000000.0,71000000.0,29933000000.0,,0.0,0.0,0.0,0.0,13515000000.0,2092000000.0,11423000000.0,11681036480.0,-250000000.0,61000000.0,0.0,-1218000000.0,-80000000.0,-189000000.0,-581000000.0,-21000000.0,520000000.0,0.0,-283000000.0,-283000000.0,-283000000.0,0.0,0.0,-0.346,1039000000.0,-467000000.0,1297000000.0,-0.269,0.938,-1061.912,301.8,21749000000.0,0.0,30.18,3.428,3.719,571000000.0,6831000000.0,819000000.0,819000000.0,203000000.0,,,,,31000000.0,109000000.0,1.0,387045609.0,420000000.0,420000000.0,1.95,25020000000.0,0.0,24000000.0,2286000000.0,59.571,438000000.0
20,NBL,MRQ,2015-06-30,2015-06-30,2015-06-30,2021-09-14,-83000000.0,22685000000.0,,2532000000.0,20153000000.0,,28.964,-787000000.0,1278000000.0,1278000000.0,218000000.0,-109000000.0,1.232,1.024,6112000000.0,0.0,6112000000.0,6112000000.0,0.0,451000000.0,0.0,0.017,0.18,-239000000.0,212000000.0,0.287,212000000.0,-239000000.0,-293000000.0,-0.28,-0.28,-0.28,11209000000.0,,11209000000.0,20921352914.0,19.0,7.177,-362000000.0,-0.935,1.0,520000000.0,0.705,616000000.0,54000000.0,24847000000.0,,0.0,0.0,0.0,0.0,11476000000.0,2056000000.0,9420000000.0,16517352914.0,-431000000.0,32000000.0,0.0,-10000000.0,-70000000.0,-80000000.0,-776000000.0,-21000000.0,425000000.0,0.0,-109000000.0,-109000000.0,-109000000.0,0.0,0.0,-0.148,681000000.0,-161000000.0,1222000000.0,-0.643,1.474,23.904,22.114,18823000000.0,0.0,42.68,4.281,4.281,554000000.0,7193000000.0,738000000.0,738000000.0,41000000.0,,,,,17000000.0,104000000.0,1.0,387004520.0,387000000.0,387000000.0,1.907,22069000000.0,0.0,-184000000.0,2278000000.0,57.026,476000000.0
21,NBL,MRQ,2015-03-31,2015-03-31,2015-03-31,2021-09-14,-97000000.0,23261000000.0,,3398000000.0,19863000000.0,,30.695,-1111000000.0,1709000000.0,1709000000.0,254000000.0,-22000000.0,1.586,1.048,6113000000.0,0.0,6113000000.0,6113000000.0,0.0,454000000.0,0.0,0.015,0.18,15000000.0,469000000.0,0.611,469000000.0,15000000.0,-42000000.0,-0.06,-0.06,-0.06,11357000000.0,,11357000000.0,22627976021.0,14.0,6.655,-570000000.0,-1.541,1.0,513000000.0,0.669,617000000.0,57000000.0,24905000000.0,,0.0,0.0,0.0,0.0,11904000000.0,2143000000.0,9761000000.0,17707976021.0,526000000.0,119000000.0,0.0,1093000000.0,-64000000.0,1021000000.0,-1036000000.0,-44000000.0,541000000.0,0.0,-22000000.0,-22000000.0,-22000000.0,0.0,0.0,-0.029,647000000.0,-134000000.0,1269000000.0,-3.0,1.559,17.851,17.847,18462000000.0,0.0,48.9,3.932,4.018,769000000.0,7372000000.0,767000000.0,767000000.0,65000000.0,,,,,21000000.0,94000000.0,1.0,362126299.0,370000000.0,370000000.0,2.073,22644000000.0,0.0,-20000000.0,2491000000.0,61.2,1255000000.0
22,NBL,MRQ,2014-12-31,2014-12-31,2014-12-31,2021-09-14,-90000000.0,22518000000.0,,3075000000.0,19443000000.0,,28.601,-1286000000.0,1183000000.0,1183000000.0,256000000.0,403000000.0,1.219,1.181,6068000000.0,0.0,6068000000.0,6068000000.0,0.0,462000000.0,0.0,0.014,0.18,684000000.0,1146000000.0,1.057,1146000000.0,684000000.0,625000000.0,1.11,1.06,1.11,10325000000.0,,10325000000.0,21491861004.0,11.0,5.842,-483000000.0,-1.338,1.0,828000000.0,0.764,620000000.0,59000000.0,24261000000.0,,0.0,0.0,0.0,0.0,12193000000.0,2522000000.0,9671000000.0,17162861004.0,14000000.0,9000000.0,-30000000.0,565000000.0,-67000000.0,501000000.0,-1290000000.0,143000000.0,803000000.0,0.0,403000000.0,403000000.0,403000000.0,0.0,0.0,0.372,1073000000.0,-245000000.0,1578000000.0,0.162,1.662,14.137,14.116,18143000000.0,0.0,47.43,3.355,3.347,857000000.0,7458000000.0,1084000000.0,1084000000.0,148000000.0,,,,,20000000.0,104000000.0,1.0,361856652.0,361000000.0,367000000.0,3.003,21898000000.0,0.0,222000000.0,2516000000.0,60.659,553000000.0
23,NBL,MRQ,2014-09-30,2014-09-30,2014-09-30,2021-09-14,-107000000.0,21186000000.0,,2270000000.0,18916000000.0,,27.453,-1264000000.0,1169000000.0,1169000000.0,216000000.0,419000000.0,1.017,1.132,5498000000.0,0.0,5498000000.0,5498000000.0,0.0,460000000.0,0.0,0.009,0.18,628000000.0,1088000000.0,0.857,1088000000.0,628000000.0,576000000.0,1.16,1.12,1.16,9938000000.0,,9938000000.0,28930020712.0,19.0,8.896,-318000000.0,-0.878,1.0,1053000000.0,0.83,620000000.0,52000000.0,22663000000.0,,0.0,0.0,0.0,0.0,11248000000.0,2232000000.0,9016000000.0,24728020712.0,211000000.0,166000000.0,4000000.0,286000000.0,-66000000.0,225000000.0,-960000000.0,-18000000.0,946000000.0,0.0,419000000.0,419000000.0,419000000.0,0.0,0.0,0.33,823000000.0,230000000.0,1425000000.0,0.155,2.488,26.14,26.092,17758000000.0,0.0,68.36,4.614,4.618,740000000.0,7122000000.0,1269000000.0,1269000000.0,217000000.0,,,,,22000000.0,132000000.0,1.0,361732310.0,362000000.0,367000000.0,3.506,20566000000.0,0.0,157000000.0,2464000000.0,56.812,38000000.0
24,NBL,MRQ,2014-06-30,2014-06-30,2014-06-30,2021-09-14,-111000000.0,20575000000.0,,2274000000.0,18301000000.0,,26.465,-1163000000.0,958000000.0,958000000.0,244000000.0,192000000.0,1.017,1.154,5160000000.0,0.0,5160000000.0,5160000000.0,0.0,412000000.0,0.0,0.008,0.18,285000000.0,697000000.0,0.504,697000000.0,285000000.0,233000000.0,0.53,0.52,0.53,9554000000.0,,9554000000.0,31599926674.0,25.0,10.737,-335000000.0,-0.928,1.0,1139000000.0,0.824,621000000.0,52000000.0,21921000000.0,,0.0,0.0,0.0,0.0,11021000000.0,2235000000.0,8786000000.0,27942926674.0,-396000000.0,54000000.0,31000000.0,-63000000.0,-66000000.0,-87000000.0,-1137000000.0,-28000000.0,828000000.0,0.0,192000000.0,192000000.0,192000000.0,0.0,0.0,0.139,610000000.0,529000000.0,1369000000.0,0.34,2.925,38.173,38.158,16976000000.0,0.0,77.46,5.095,5.099,1004000000.0,6769000000.0,1383000000.0,1383000000.0,59000000.0,,,,,22000000.0,127000000.0,1.0,360740081.0,361000000.0,366000000.0,3.831,19954000000.0,0.0,41000000.0,2483000000.0,55.274,39000000.0
25,NBL,MRQ,2014-03-31,2014-03-31,2014-03-31,2021-09-14,-114000000.0,20192000000.0,,2764000000.0,17428000000.0,,26.003,-1158000000.0,1354000000.0,1354000000.0,229000000.0,200000000.0,1.257,1.157,5011000000.0,0.0,5011000000.0,5011000000.0,0.0,425000000.0,0.0,0.008,0.14,324000000.0,749000000.0,0.543,749000000.0,324000000.0,277000000.0,0.56,0.55,0.56,9361000000.0,,9361000000.0,29016705972.0,19.0,9.203,-229000000.0,-0.636,1.0,1150000000.0,0.834,621000000.0,47000000.0,21029000000.0,,0.0,0.0,0.0,0.0,10831000000.0,2199000000.0,8632000000.0,25567705972.0,237000000.0,92000000.0,-5000000.0,435000000.0,-50000000.0,386000000.0,-1078000000.0,-12000000.0,929000000.0,0.0,200000000.0,200000000.0,200000000.0,0.0,0.0,0.145,746000000.0,404000000.0,1178000000.0,0.25,2.731,27.882,27.859,16117000000.0,0.0,71.04,4.87,4.871,865000000.0,6643000000.0,1379000000.0,1379000000.0,74000000.0,,,,,23000000.0,140000000.0,1.0,359905771.0,360000000.0,365000000.0,3.831,19571000000.0,0.0,77000000.0,2449000000.0,54.364,565000000.0
26,NBL,MRQ,2013-12-31,2013-12-31,2013-12-31,2021-09-14,-117000000.0,19642000000.0,,2611000000.0,17031000000.0,,25.582,-926000000.0,1117000000.0,1117000000.0,225000000.0,135000000.0,1.115,1.139,4566000000.0,0.0,4566000000.0,4566000000.0,0.0,422000000.0,0.0,0.008,0.14,296000000.0,718000000.0,0.541,718000000.0,296000000.0,242000000.0,0.37,0.36,0.37,9184000000.0,,9184000000.0,27884352656.0,18.0,8.872,-142000000.0,-0.396,1.0,1103000000.0,0.831,627000000.0,54000000.0,20122000000.0,,0.0,0.0,0.0,0.0,10458000000.0,2342000000.0,8116000000.0,24470352656.0,179000000.0,208000000.0,12000000.0,168000000.0,-52000000.0,133000000.0,-738000000.0,-18000000.0,784000000.0,0.0,135000000.0,135000000.0,135000000.0,-13000000.0,0.0,0.102,744000000.0,359000000.0,1354000000.0,0.378,2.664,25.021,25.04,15725000000.0,0.0,68.11,4.879,4.876,947000000.0,6493000000.0,1328000000.0,1328000000.0,204000000.0,,,,,21000000.0,109000000.0,1.0,359276944.0,359000000.0,363000000.0,3.699,19015000000.0,0.0,107000000.0,2441000000.0,52.967,269000000.0
27,NBL,MRQ,2013-09-30,2013-09-30,2013-09-30,2021-09-14,-103000000.0,18868000000.0,,2239000000.0,16629000000.0,,25.248,-1092000000.0,938000000.0,938000000.0,221000000.0,205000000.0,0.981,1.082,4352000000.0,0.0,4352000000.0,4352000000.0,0.0,412000000.0,0.0,0.008,0.14,367000000.0,779000000.0,0.559,779000000.0,367000000.0,321000000.0,0.57,0.56,0.57,9064000000.0,,9064000000.0,26895689395.0,16.0,8.49,-183000000.0,-0.51,1.0,1173000000.0,0.841,631000000.0,46000000.0,19369000000.0,,0.0,0.0,0.0,0.0,9804000000.0,2282000000.0,7522000000.0,24054689395.0,232000000.0,5000000.0,8000000.0,464000000.0,-50000000.0,425000000.0,-1102000000.0,-7000000.0,909000000.0,0.0,205000000.0,205000000.0,205000000.0,-10000000.0,0.0,0.147,650000000.0,523000000.0,1408000000.0,0.246,2.654,21.988,21.899,15357000000.0,0.0,67.01,4.963,4.963,973000000.0,6410000000.0,1394000000.0,1394000000.0,60000000.0,,,,,21000000.0,109000000.0,1.0,358971637.0,359000000.0,363000000.0,3.883,18237000000.0,0.0,116000000.0,2305000000.0,50.799,-43000000.0
28,NBL,MRQ,2013-06-30,2013-06-30,2013-06-30,2021-09-14,-106000000.0,17998000000.0,,1911000000.0,16087000000.0,,24.721,-1123000000.0,706000000.0,706000000.0,210000000.0,377000000.0,0.767,1.028,3547000000.0,0.0,3547000000.0,3547000000.0,0.0,369000000.0,0.0,0.008,0.14,538000000.0,907000000.0,0.789,907000000.0,538000000.0,505000000.0,1.05,1.04,1.05,8875000000.0,,8875000000.0,23950082038.0,15.0,7.662,-584000000.0,-1.627,1.0,939000000.0,0.817,631000000.0,33000000.0,17715000000.0,,0.0,0.0,0.0,0.0,9123000000.0,2493000000.0,6630000000.0,21532082038.0,-599000000.0,38000000.0,9000000.0,-11000000.0,-52000000.0,-51000000.0,-1087000000.0,-3000000.0,539000000.0,0.0,377000000.0,377000000.0,377000000.0,-19000000.0,0.0,0.328,574000000.0,365000000.0,1370000000.0,0.133,2.426,19.398,19.305,14753000000.0,0.0,60.04,4.83,4.835,847000000.0,6256000000.0,1149000000.0,1149000000.0,90000000.0,,,,,20000000.0,104000000.0,1.0,358628948.0,359000000.0,363000000.0,3.201,17367000000.0,0.0,128000000.0,2269000000.0,48.376,-582000000.0
29,NBL,MRQ,2013-03-31,2013-03-31,2013-03-31,2021-09-14,-109000000.0,17710000000.0,,2451000000.0,15259000000.0,,23.782,-806000000.0,1305000000.0,1305000000.0,187000000.0,261000000.0,1.032,1.08,3723000000.0,0.0,3723000000.0,3723000000.0,0.0,367000000.0,0.0,0.008,0.125,372000000.0,739000000.0,0.647,739000000.0,372000000.0,347000000.0,0.73,0.72,0.73,8514000000.0,,8514000000.0,23019161749.0,15.0,7.694,-101000000.0,-0.282,1.0,956000000.0,0.836,632000000.0,25000000.0,17122000000.0,,0.0,0.0,0.0,0.0,9196000000.0,2374000000.0,6822000000.0,20670161749.0,-82000000.0,76000000.0,8000000.0,-12000000.0,-44000000.0,-39000000.0,-748000000.0,-20000000.0,705000000.0,0.0,261000000.0,261000000.0,261000000.0,-29000000.0,0.0,0.228,531000000.0,425000000.0,1388000000.0,0.171,2.428,20.166,20.08,13995000000.0,0.0,57.83,4.836,4.844,776000000.0,5930000000.0,1143000000.0,1143000000.0,61000000.0,,,,,18000000.0,112000000.0,1.0,357429738.0,358000000.0,362000000.0,3.193,17078000000.0,0.0,86000000.0,2249000000.0,47.704,77000000.0
30,NBL,MRQ,2012-12-31,2012-12-31,2012-12-31,2021-09-14,-113000000.0,17554000000.0,,2771000000.0,14783000000.0,,23.197,-965000000.0,1387000000.0,1387000000.0,181000000.0,251000000.0,1.094,1.126,3736000000.0,0.0,3736000000.0,3736000000.0,0.0,383000000.0,0.0,0.009,0.125,360000000.0,743000000.0,0.64,743000000.0,360000000.0,330000000.0,0.71,0.71,0.71,8258000000.0,,8258000000.0,20228627593.0,13.0,6.866,-203000000.0,-0.57,1.0,980000000.0,0.844,635000000.0,30000000.0,16736000000.0,,0.0,0.0,0.0,0.0,9296000000.0,2532000000.0,6764000000.0,18098627593.0,-230000000.0,-1000000.0,28000000.0,-13000000.0,-45000000.0,-24000000.0,-968000000.0,-6000000.0,762000000.0,0.0,251000000.0,251000000.0,251000000.0,27000000.0,0.0,0.216,605000000.0,375000000.0,1508000000.0,0.176,2.192,17.623,17.602,13551000000.0,0.0,50.87,4.286,4.288,964000000.0,5713000000.0,1161000000.0,1161000000.0,87000000.0,,,,,14000000.0,98000000.0,1.0,355781946.0,356000000.0,353000000.0,3.261,16919000000.0,0.0,79000000.0,2218000000.0,47.525,239000000.0
31,NBL,MRQ,2012-09-30,2012-09-30,2012-09-30,2021-09-14,-94000000.0,16860000000.0,,2725000000.0,14135000000.0,,22.494,-785000000.0,1617000000.0,1617000000.0,158000000.0,221000000.0,1.207,1.105,3747000000.0,0.0,3747000000.0,3747000000.0,0.0,369000000.0,0.0,0.009,0.11,368000000.0,737000000.0,0.733,737000000.0,368000000.0,332000000.0,0.62,0.61,0.62,8008000000.0,,8008000000.0,19858413855.0,29.0,9.939,139000000.0,0.39,1.0,847000000.0,0.843,635000000.0,36000000.0,16098000000.0,,0.0,0.0,0.0,0.0,8852000000.0,2257000000.0,6595000000.0,16486413855.0,915000000.0,1151000000.0,2000000.0,-338000000.0,-40000000.0,-375000000.0,366000000.0,0.0,924000000.0,0.0,221000000.0,221000000.0,221000000.0,-57000000.0,0.0,0.22,554000000.0,293000000.0,1243000000.0,0.177,2.059,34.347,34.723,12875000000.0,0.0,46.355,4.168,4.173,686000000.0,5507000000.0,1005000000.0,1005000000.0,95000000.0,,,,,18000000.0,93000000.0,1.0,355655568.0,356000000.0,359000000.0,2.823,16225000000.0,0.0,111000000.0,2157000000.0,45.576,468000000.0
32,NBL,MRQ,2012-06-30,2012-06-30,2012-06-30,2021-09-14,-97000000.0,16981000000.0,,2218000000.0,14763000000.0,,21.924,-882000000.0,702000000.0,702000000.0,168000000.0,292000000.0,0.948,1.176,4074000000.0,0.0,4074000000.0,4074000000.0,0.0,339000000.0,0.0,0.01,0.11,434000000.0,773000000.0,0.801,773000000.0,434000000.0,407000000.0,0.82,0.79,0.82,7805000000.0,,7805000000.0,18024929049.0,18.0,8.388,-376000000.0,-1.056,1.0,797000000.0,0.826,696000000.0,27000000.0,17318000000.0,,0.0,0.0,0.0,0.0,9176000000.0,2339000000.0,6837000000.0,15079929049.0,-441000000.0,10000000.0,-1000000.0,-14000000.0,-40000000.0,-54000000.0,-893000000.0,-21000000.0,506000000.0,0.0,292000000.0,292000000.0,292000000.0,-17000000.0,0.0,0.303,659000000.0,138000000.0,1279000000.0,0.134,1.932,21.543,21.583,13425000000.0,0.0,42.41,3.938,3.943,824000000.0,5327000000.0,965000000.0,965000000.0,167000000.0,,,,,17000000.0,96000000.0,1.0,355574842.0,356000000.0,361000000.0,2.711,16285000000.0,0.0,115000000.0,2080000000.0,45.744,-121000000.0
33,NBL,MRQ,2012-03-31,2012-03-31,2012-03-31,2021-09-14,-98000000.0,17064000000.0,,2392000000.0,14672000000.0,,21.28,-1018000000.0,1143000000.0,1143000000.0,163000000.0,263000000.0,0.993,1.265,4088000000.0,0.0,4088000000.0,4088000000.0,0.0,312000000.0,0.0,0.009,0.11,381000000.0,693000000.0,0.637,693000000.0,381000000.0,349000000.0,0.74,0.735,0.74,7533000000.0,,7533000000.0,19948005748.0,21.0,9.91,-277000000.0,-0.782,1.0,925000000.0,0.85,696000000.0,32000000.0,16905000000.0,,0.0,0.0,0.0,0.0,9531000000.0,2408000000.0,7123000000.0,17303005748.0,-312000000.0,0.0,14000000.0,-8000000.0,-39000000.0,-21000000.0,-1032000000.0,-14000000.0,741000000.0,0.0,263000000.0,263000000.0,263000000.0,-14000000.0,0.0,0.242,463000000.0,462000000.0,1457000000.0,0.149,2.297,24.648,24.754,13384000000.0,0.0,48.89,4.669,4.67,919000000.0,5074000000.0,1088000000.0,1088000000.0,60000000.0,,,,,16000000.0,97000000.0,1.0,353917074.0,354000000.0,360000000.0,3.073,16368000000.0,0.0,86000000.0,2216000000.0,46.237,-16000000.0
34,NBL,MRQ,2011-12-31,2011-12-31,2011-12-31,2021-09-14,-100000000.0,16444000000.0,,2418000000.0,14026000000.0,,20.407,-726000000.0,1455000000.0,1455000000.0,152000000.0,-296000000.0,1.066,1.263,4100000000.0,0.0,4100000000.0,4100000000.0,0.0,284000000.0,0.0,0.008,0.11,-489000000.0,-205000000.0,-0.229,-205000000.0,-489000000.0,-503000000.0,-0.845,-0.79,-0.845,7265000000.0,,7265000000.0,18928576579.0,31.0,12.033,-341000000.0,-0.958,1.0,745000000.0,0.831,696000000.0,14000000.0,16125000000.0,,0.0,0.0,0.0,0.0,9179000000.0,2268000000.0,6911000000.0,16673576579.0,203000000.0,-8000000.0,5000000.0,589000000.0,-39000000.0,548000000.0,-730000000.0,4000000.0,385000000.0,0.0,-296000000.0,-296000000.0,-296000000.0,-19000000.0,0.0,-0.33,1090000000.0,-345000000.0,1343000000.0,-0.13,2.295,36.807,36.871,12782000000.0,0.0,47.195,4.898,4.894,783000000.0,4850000000.0,897000000.0,897000000.0,84000000.0,,,,,58000000.0,86000000.0,1.0,353291166.0,356000000.0,354000000.0,2.52,15748000000.0,0.0,-207000000.0,2059000000.0,44.236,150000000.0
35,NBL,MRQ,2011-09-30,2011-09-30,2011-09-30,2021-09-14,-85000000.0,15833000000.0,,2077000000.0,13756000000.0,,21.418,-607000000.0,1252000000.0,1252000000.0,142000000.0,441000000.0,1.061,1.088,3507000000.0,0.0,3507000000.0,3507000000.0,0.0,225000000.0,0.0,0.011,0.11,663000000.0,888000000.0,1.01,888000000.0,663000000.0,649000000.0,1.25,1.195,1.25,7582000000.0,,7582000000.0,13767170739.0,12.0,6.843,-51000000.0,-0.144,1.0,737000000.0,0.838,696000000.0,14000000.0,15434000000.0,,0.0,0.0,0.0,0.0,8251000000.0,1958000000.0,6293000000.0,12497170739.0,-275000000.0,-519000000.0,6000000.0,400000000.0,-40000000.0,368000000.0,-1199000000.0,-73000000.0,556000000.0,0.0,441000000.0,441000000.0,441000000.0,50000000.0,0.0,0.502,362000000.0,375000000.0,1132000000.0,0.088,1.648,15.602,15.629,12512000000.0,0.0,35.4,4.039,4.05,546000000.0,5185000000.0,879000000.0,879000000.0,56000000.0,,,,,0.0,89000000.0,1.0,353027422.0,354000000.0,360000000.0,2.483,15137000000.0,0.0,208000000.0,2235000000.0,42.76,119000000.0
36,NBL,MRQ,2011-06-30,2011-06-30,2011-06-30,2021-09-14,-86000000.0,14339000000.0,,2313000000.0,12026000000.0,,20.335,-683000000.0,1527000000.0,1527000000.0,137000000.0,294000000.0,1.54,1.003,2797000000.0,0.0,2797000000.0,2797000000.0,0.0,235000000.0,0.0,0.008,0.09,402000000.0,637000000.0,0.757,637000000.0,402000000.0,381000000.0,0.83,0.805,0.83,7158000000.0,,7158000000.0,17198668912.0,22.0,10.274,62000000.0,0.176,1.0,705000000.0,0.837,696000000.0,21000000.0,13411000000.0,,0.0,0.0,0.0,0.0,7181000000.0,1502000000.0,5679000000.0,15816668912.0,108000000.0,74000000.0,3000000.0,0.0,-32000000.0,-28000000.0,-609000000.0,0.0,745000000.0,0.0,294000000.0,294000000.0,294000000.0,-25000000.0,0.0,0.349,480000000.0,225000000.0,1072000000.0,0.108,2.21,26.717,26.676,10868000000.0,0.0,44.815,5.325,5.311,571000000.0,4784000000.0,842000000.0,842000000.0,67000000.0,,,,,0.0,82000000.0,1.0,352932476.0,352000000.0,358000000.0,2.392,13643000000.0,0.0,87000000.0,2188000000.0,38.759,811000000.0
37,NBL,MRQ,2011-03-31,2011-03-31,2011-03-31,2021-09-14,-87000000.0,13967000000.0,,2191000000.0,11776000000.0,,19.534,-578000000.0,1419000000.0,1419000000.0,142000000.0,14000000.0,1.685,1.031,2801000000.0,0.0,2801000000.0,2801000000.0,0.0,221000000.0,0.0,0.007,0.09,53000000.0,274000000.0,0.305,274000000.0,53000000.0,37000000.0,0.04,0.04,0.04,6876000000.0,,6876000000.0,18176900965.0,26.0,11.425,-94000000.0,-0.267,1.0,757000000.0,0.842,696000000.0,16000000.0,13353000000.0,,0.0,0.0,0.0,0.0,7091000000.0,1300000000.0,5791000000.0,16985900965.0,338000000.0,3000000.0,7000000.0,486000000.0,-32000000.0,429000000.0,-575000000.0,0.0,484000000.0,0.0,14000000.0,14000000.0,14000000.0,0.0,0.0,0.016,410000000.0,347000000.0,897000000.0,2.25,2.47,33.836,33.676,10561000000.0,0.0,48.325,5.9,5.908,565000000.0,4522000000.0,899000000.0,899000000.0,70000000.0,,,,,0.0,83000000.0,1.0,351493036.0,352000000.0,356000000.0,2.554,13271000000.0,0.0,23000000.0,2175000000.0,37.702,891000000.0
38,NBL,MRQ,2010-12-31,2010-12-31,2010-12-31,2021-09-14,-104000000.0,13282000000.0,,1838000000.0,11444000000.0,,19.566,-559000000.0,1081000000.0,1081000000.0,85000000.0,52000000.0,1.293,0.94,2272000000.0,0.0,2272000000.0,2272000000.0,0.0,221000000.0,0.0,0.008,0.09,-8000000.0,213000000.0,0.449,213000000.0,-8000000.0,-20000000.0,0.145,0.15,0.145,6848000000.0,,6848000000.0,16117168906.0,16.0,8.496,-65000000.0,-0.186,1.0,389000000.0,0.821,696000000.0,12000000.0,12355000000.0,,0.0,0.0,0.0,0.0,6434000000.0,1422000000.0,5012000000.0,15072168906.0,-68000000.0,12000000.0,11000000.0,0.0,-32000000.0,-15000000.0,-547000000.0,0.0,494000000.0,0.0,52000000.0,52000000.0,52000000.0,-94000000.0,0.0,0.11,360000000.0,29000000.0,927000000.0,0.621,2.201,20.789,20.742,10264000000.0,0.0,43.04,5.556,5.553,556000000.0,4540000000.0,474000000.0,474000000.0,75000000.0,,,,,54000000.0,79000000.0,1.0,350189798.0,350000000.0,348000000.0,1.354,12586000000.0,0.0,-72000000.0,2110000000.0,35.96,416000000.0
39,NBL,MRQ,2010-09-30,2010-09-30,2010-09-30,2021-09-14,-155000000.0,13089000000.0,,2003000000.0,11086000000.0,,19.249,-544000000.0,1149000000.0,1149000000.0,141000000.0,232000000.0,1.414,0.943,2194000000.0,0.0,2194000000.0,2194000000.0,0.0,231000000.0,0.0,0.01,0.09,319000000.0,550000000.0,0.728,550000000.0,319000000.0,298000000.0,0.665,0.655,0.665,6737000000.0,,6737000000.0,14692758131.0,13.0,7.335,64000000.0,0.183,1.0,614000000.0,0.813,696000000.0,21000000.0,12021000000.0,,0.0,0.0,0.0,0.0,6352000000.0,1417000000.0,4935000000.0,13125758131.0,132000000.0,560000000.0,7000000.0,-470000000.0,-32000000.0,-492000000.0,16000000.0,0.0,608000000.0,0.0,232000000.0,232000000.0,232000000.0,0.0,0.0,0.307,435000000.0,179000000.0,924000000.0,0.135,1.948,19.274,19.205,9911000000.0,0.0,37.545,4.377,4.382,532000000.0,4520000000.0,755000000.0,755000000.0,35000000.0,,,,,0.0,65000000.0,1.0,349600696.0,350000000.0,354000000.0,2.157,12393000000.0,0.0,66000000.0,2187000000.0,35.409,586000000.0
40,NBL,MRQ,2010-06-30,2010-06-30,2010-06-30,2021-09-14,-128000000.0,13013000000.0,,2187000000.0,10826000000.0,,18.689,-399000000.0,1017000000.0,1017000000.0,150000000.0,204000000.0,1.8,0.989,2584000000.0,0.0,2584000000.0,2584000000.0,0.0,215000000.0,0.0,0.012,0.09,339000000.0,554000000.0,0.738,554000000.0,339000000.0,320000000.0,0.585,0.55,0.585,6541000000.0,,6541000000.0,11870105315.0,13.0,6.609,-143000000.0,-0.409,1.0,601000000.0,0.8,757000000.0,19000000.0,12608000000.0,,0.0,0.0,0.0,0.0,6472000000.0,1215000000.0,5257000000.0,10535105315.0,-14000000.0,0.0,7000000.0,150000000.0,-31000000.0,129000000.0,-399000000.0,0.0,256000000.0,0.0,204000000.0,204000000.0,204000000.0,0.0,0.0,0.272,371000000.0,230000000.0,751000000.0,0.154,1.611,18.948,18.853,9566000000.0,0.0,30.165,3.677,3.685,538000000.0,4320000000.0,751000000.0,751000000.0,52000000.0,,,,,0.0,63000000.0,1.0,349249306.0,350000000.0,356000000.0,2.146,12256000000.0,0.0,116000000.0,2162000000.0,35.017,972000000.0
41,NBL,MRQ,2010-03-31,2010-03-31,2010-03-31,2021-09-14,-78000000.0,12452000000.0,,1597000000.0,10855000000.0,,18.376,-383000000.0,1031000000.0,1031000000.0,139000000.0,237000000.0,1.589,0.947,2366000000.0,0.0,2366000000.0,2366000000.0,0.0,216000000.0,0.0,0.01,0.09,363000000.0,579000000.0,0.79,579000000.0,363000000.0,343000000.0,0.68,0.67,0.68,6395000000.0,,6395000000.0,13757417840.0,26.0,10.035,205000000.0,0.589,1.0,594000000.0,0.81,757000000.0,20000000.0,12025000000.0,,0.0,0.0,0.0,0.0,6057000000.0,1005000000.0,5052000000.0,12734417840.0,17000000.0,-466000000.0,9000000.0,288000000.0,-32000000.0,278000000.0,-849000000.0,0.0,588000000.0,0.0,237000000.0,237000000.0,237000000.0,0.0,0.0,0.323,376000000.0,218000000.0,570000000.0,0.132,1.991,43.168,42.941,9596000000.0,0.0,36.5,4.888,4.876,380000000.0,4147000000.0,733000000.0,733000000.0,80000000.0,,,,,0.0,66000000.0,1.0,348888160.0,348000000.0,354000000.0,2.106,11695000000.0,0.0,106000000.0,2104000000.0,33.606,592000000.0
42,NBL,MRQ,2009-12-31,2009-12-31,2009-12-31,2021-09-14,-75000000.0,11807000000.0,,1678000000.0,10129000000.0,,17.795,-256000000.0,1014000000.0,1014000000.0,135000000.0,8000000.0,1.695,0.918,2037000000.0,0.0,2037000000.0,2037000000.0,0.0,215000000.0,0.0,0.01,0.09,105000000.0,320000000.0,0.421,320000000.0,105000000.0,85000000.0,0.025,0.025,0.025,6157000000.0,,6157000000.0,13590054944.0,-76.0,21.368,266000000.0,0.769,1.0,625000000.0,0.822,758000000.0,20000000.0,11082000000.0,,0.0,0.0,0.0,0.0,5650000000.0,990000000.0,4660000000.0,12355054944.0,88000000.0,3000000.0,2000000.0,-124000000.0,-32000000.0,-181000000.0,-253000000.0,0.0,522000000.0,0.0,8000000.0,8000000.0,8000000.0,0.0,0.0,0.011,533000000.0,92000000.0,548000000.0,3.6,2.007,-94.313,-94.96,8916000000.0,0.0,35.61,5.342,5.327,465000000.0,3942000000.0,760000000.0,760000000.0,42000000.0,,,,,49000000.0,64000000.0,1.0,346954646.0,346000000.0,346000000.0,2.197,11049000000.0,0.0,77000000.0,2076000000.0,31.934,688000000.0
43,NBL,MRQ,2009-09-30,2009-09-30,2009-09-30,2021-09-14,-82000000.0,11635000000.0,,1500000000.0,10135000000.0,,17.798,-235000000.0,926000000.0,926000000.0,131000000.0,107000000.0,1.773,0.889,2161000000.0,0.0,2161000000.0,2161000000.0,0.0,205000000.0,0.0,0.011,0.09,138000000.0,343000000.0,0.552,343000000.0,138000000.0,115000000.0,0.31,0.305,0.31,6158000000.0,,6158000000.0,12897109135.0,59.0,12.657,253000000.0,0.731,1.0,490000000.0,0.789,758000000.0,23000000.0,11266000000.0,,0.0,0.0,0.0,0.0,5477000000.0,846000000.0,4631000000.0,11437109135.0,-30000000.0,0.0,2000000.0,-254000000.0,-31000000.0,-283000000.0,-235000000.0,0.0,488000000.0,0.0,107000000.0,107000000.0,107000000.0,0.0,0.0,0.172,319000000.0,171000000.0,397000000.0,0.29,1.857,68.486,68.0,8896000000.0,0.0,32.98,5.38,5.367,348000000.0,3966000000.0,621000000.0,621000000.0,27000000.0,,,,,0.0,53000000.0,1.0,346789240.0,346000000.0,350000000.0,1.795,10877000000.0,0.0,8000000.0,2043000000.0,31.436,654000000.0
44,NBL,MRQ,2009-06-30,2009-06-30,2009-06-30,2021-09-14,-91000000.0,11851000000.0,,1737000000.0,10114000000.0,,17.512,-378000000.0,956000000.0,956000000.0,129000000.0,-57000000.0,1.952,0.956,2416000000.0,0.0,2416000000.0,2416000000.0,0.0,196000000.0,0.0,0.012,0.09,-67000000.0,129000000.0,0.263,129000000.0,-67000000.0,-90000000.0,-0.165,-0.165,-0.165,6059000000.0,,6059000000.0,11562309033.0,7.0,4.937,-65000000.0,-0.188,1.0,362000000.0,0.737,758000000.0,23000000.0,11663000000.0,,0.0,0.0,0.0,0.0,5792000000.0,890000000.0,4902000000.0,10222309033.0,-61000000.0,0.0,2000000.0,34000000.0,-32000000.0,4000000.0,-378000000.0,0.0,313000000.0,0.0,-57000000.0,-57000000.0,-57000000.0,0.0,0.0,-0.116,286000000.0,76000000.0,493000000.0,-0.545,1.687,9.886,9.845,8881000000.0,0.0,29.485,3.927,3.919,450000000.0,3891000000.0,491000000.0,491000000.0,33000000.0,,,,,0.0,60000000.0,1.0,346695236.0,346000000.0,346000000.0,1.419,11093000000.0,0.0,-33000000.0,2041000000.0,32.061,847000000.0
45,NBL,MRQ,2009-03-31,2009-03-31,2009-03-31,2021-09-14,-100000000.0,12042000000.0,,2047000000.0,9995000000.0,,17.702,-399000000.0,1017000000.0,1017000000.0,130000000.0,-188000000.0,1.782,0.966,2357000000.0,0.0,2357000000.0,2357000000.0,0.0,200000000.0,0.0,0.013,0.09,-356000000.0,-156000000.0,-0.354,-156000000.0,-356000000.0,-374000000.0,-0.545,-0.545,-0.545,6125000000.0,,6125000000.0,10417591772.0,7.0,4.676,-214000000.0,-0.618,1.0,311000000.0,0.705,757000000.0,18000000.0,11476000000.0,,0.0,0.0,0.0,0.0,5917000000.0,1149000000.0,4768000000.0,9316591772.0,-123000000.0,0.0,10000000.0,109000000.0,-31000000.0,91000000.0,-399000000.0,0.0,185000000.0,0.0,-188000000.0,-188000000.0,-188000000.0,0.0,0.0,-0.426,732000000.0,-421000000.0,509000000.0,-0.165,1.521,9.838,9.832,8769000000.0,0.0,26.94,2.809,2.81,493000000.0,3980000000.0,441000000.0,441000000.0,42000000.0,,,,,0.0,59000000.0,1.0,345827460.0,346000000.0,346000000.0,1.275,11285000000.0,0.0,-186000000.0,2187000000.0,32.616,898000000.0
46,NBL,MRQ,2008-12-31,2008-12-31,2008-12-31,2021-09-14,-110000000.0,12384000000.0,,2158000000.0,10226000000.0,,17.923,-119000000.0,1140000000.0,1140000000.0,142000000.0,305000000.0,1.838,0.963,2241000000.0,0.0,2241000000.0,2241000000.0,0.0,198000000.0,0.0,0.013,0.09,505000000.0,703000000.0,1.227,703000000.0,505000000.0,488000000.0,0.885,0.86,0.885,6309000000.0,,6309000000.0,9561532329.0,4.0,3.273,299000000.0,0.849,1.0,431000000.0,0.752,759000000.0,17000000.0,11552000000.0,,0.0,0.0,0.0,0.0,6075000000.0,1174000000.0,4901000000.0,8502532329.0,148000000.0,-292000000.0,0.0,203000000.0,-31000000.0,141000000.0,-411000000.0,0.0,418000000.0,0.0,305000000.0,305000000.0,305000000.0,0.0,0.0,0.532,569000000.0,-138000000.0,579000000.0,0.102,1.348,6.298,6.286,9004000000.0,0.0,24.61,2.18,2.183,423000000.0,4199000000.0,573000000.0,573000000.0,36000000.0,,,,,0.0,52000000.0,1.0,345490952.0,352000000.0,352000000.0,1.628,11625000000.0,0.0,183000000.0,2174000000.0,33.026,984000000.0
47,NBL,MRQ,2008-09-30,2008-09-30,2008-09-30,2021-09-14,-129000000.0,12116000000.0,,1869000000.0,10247000000.0,,17.355,-898000000.0,992000000.0,992000000.0,159000000.0,974000000.0,1.358,1.018,2051000000.0,0.0,2051000000.0,2051000000.0,0.0,194000000.0,0.0,0.011,0.09,1472000000.0,1666000000.0,1.517,1666000000.0,1472000000.0,1454000000.0,2.82,2.685,2.82,6005000000.0,,6005000000.0,10468230399.0,5.0,3.66,-185000000.0,-0.535,1.0,939000000.0,0.855,759000000.0,18000000.0,11040000000.0,,0.0,0.0,0.0,0.0,6111000000.0,1376000000.0,4735000000.0,9600230399.0,9000000.0,0.0,2000000.0,223000000.0,-31000000.0,194000000.0,-898000000.0,0.0,713000000.0,0.0,974000000.0,974000000.0,974000000.0,0.0,0.0,0.887,394000000.0,545000000.0,646000000.0,0.032,1.599,7.138,7.118,8981000000.0,0.0,27.795,2.259,2.263,641000000.0,3925000000.0,1098000000.0,1098000000.0,39000000.0,,,,,0.0,63000000.0,1.0,345394150.0,346000000.0,352000000.0,3.173,11357000000.0,0.0,480000000.0,2169000000.0,32.824,493000000.0
48,NBL,MRQ,2008-06-30,2008-06-30,2008-06-30,2021-09-14,-195000000.0,11937000000.0,,2148000000.0,9789000000.0,,14.491,-468000000.0,983000000.0,983000000.0,155000000.0,-144000000.0,0.974,1.395,1851000000.0,0.0,1851000000.0,1851000000.0,0.0,196000000.0,0.0,0.005,0.09,-181000000.0,15000000.0,0.012,15000000.0,-181000000.0,-198000000.0,-0.42,-0.42,-0.42,4985000000.0,,4985000000.0,18361668184.0,19.0,10.409,180000000.0,0.523,1.0,1050000000.0,0.871,759000000.0,17000000.0,9841000000.0,,0.0,0.0,0.0,0.0,6952000000.0,2205000000.0,4747000000.0,17317668184.0,176000000.0,0.0,14000000.0,0.0,-32000000.0,-4000000.0,-468000000.0,0.0,648000000.0,0.0,-144000000.0,-144000000.0,-144000000.0,0.0,0.0,-0.12,380000000.0,670000000.0,921000000.0,-0.214,3.474,29.154,28.98,8469000000.0,0.0,50.28,4.367,4.361,864000000.0,2982000000.0,1205000000.0,1205000000.0,103000000.0,,,,,0.0,61000000.0,1.0,344424586.0,344000000.0,344000000.0,3.503,11178000000.0,0.0,-54000000.0,1999000000.0,32.494,-57000000.0
49,NBL,MRQ,2008-03-31,2008-03-31,2008-03-31,2021-09-14,-274000000.0,11282000000.0,,1776000000.0,9506000000.0,,14.66,-355000000.0,807000000.0,807000000.0,138000000.0,215000000.0,0.996,1.237,1851000000.0,0.0,1851000000.0,1851000000.0,0.0,203000000.0,0.0,0.007,0.06,333000000.0,536000000.0,0.523,536000000.0,333000000.0,316000000.0,0.625,0.6,0.625,5043000000.0,,5043000000.0,14348867672.0,10.0,6.36,151000000.0,0.439,1.0,887000000.0,0.865,759000000.0,17000000.0,9784000000.0,,0.0,0.0,0.0,0.0,6239000000.0,1783000000.0,4456000000.0,12509623672.0,147000000.0,0.0,8000000.0,0.0,-21000000.0,-4000000.0,-355000000.0,0.0,506000000.0,0.0,215000000.0,215000000.0,215000000.0,0.0,0.0,0.21,330000000.0,557000000.0,731000000.0,0.096,2.481,13.21,13.165,8207000000.0,0.0,36.4,3.519,3.522,727000000.0,3158000000.0,1025000000.0,1025000000.0,40000000.0,,,,,0.0,60000000.0,1.0,343670980.0,344000000.0,350000000.0,2.98,10523000000.0,125000000.0,101000000.0,2019000000.0,30.59,-7000000.0
50,NBL,MRQ,2007-12-31,2007-12-31,2007-12-31,2021-09-14,-284000000.0,10831000000.0,,1569000000.0,9262000000.0,,14.061,-386000000.0,660000000.0,660000000.0,124000000.0,300000000.0,0.959,1.252,1851000000.0,0.0,1851000000.0,1851000000.0,0.0,189000000.0,0.0,0.005,0.06,454000000.0,643000000.0,0.697,643000000.0,454000000.0,428000000.0,0.88,0.865,0.88,4809000000.0,,4809000000.0,15648895031.0,11.0,7.059,310000000.0,0.906,1.0,798000000.0,0.866,761000000.0,26000000.0,9625000000.0,,0.0,0.0,0.0,0.0,6022000000.0,1636000000.0,4386000000.0,13633679031.0,209000000.0,0.0,6000000.0,-90000000.0,-21000000.0,-99000000.0,-388000000.0,-2000000.0,696000000.0,0.0,300000000.0,300000000.0,300000000.0,0.0,0.0,0.325,349000000.0,449000000.0,781000000.0,0.068,2.835,14.442,14.406,7945000000.0,0.0,39.76,4.167,4.156,594000000.0,2964000000.0,922000000.0,922000000.0,74000000.0,,,,,0.0,64000000.0,1.0,342899372.0,342000000.0,346000000.0,2.696,10070000000.0,131000000.0,128000000.0,2036000000.0,29.444,-67000000.0
51,NBL,MRQ,2007-09-30,2007-09-30,2007-09-30,2021-09-14,-177023000.0,10251428000.0,,1198010000.0,9053418000.0,,13.504,-322000000.0,450773000.0,450773000.0,122000000.0,223000000.0,0.973,1.22,2465989000.0,397027000.0,2068962000.0,2465989000.0,0.0,198000000.0,0.0,0.006,0.06,372000000.0,570000000.0,0.7,570000000.0,372000000.0,343000000.0,0.65,0.64,0.65,4618291000.0,,4618291000.0,14266448808.0,11.0,7.173,226000000.0,0.661,1.0,692000000.0,0.85,766249000.0,29000000.0,10269200000.0,,0.0,0.0,0.0,0.0,5633137000.0,1231195000.0,4401942000.0,11984977808.0,149000000.0,0.0,3000000.0,-65000000.0,-21000000.0,-79000000.0,-320000000.0,2000000.0,548000000.0,0.0,223000000.0,223000000.0,223000000.0,0.0,0.0,0.274,316000000.0,376000000.0,588453000.0,0.092,2.595,14.823,14.87,7725899000.0,0.0,35.02,3.91,3.907,555850000.0,2684539000.0,814000000.0,814000000.0,46000000.0,,,,,0.0,49000000.0,1.0,342232376.0,342000000.0,346000000.0,2.38,9485179000.0,64337000.0,120000000.0,1936573000.0,27.734,-33185000.0
52,NBL,MRQ,2007-06-30,2007-06-30,2007-06-30,2021-09-14,-192196000.0,9989060000.0,,1127807000.0,8861253000.0,,12.824,-363000000.0,301750000.0,301750000.0,127000000.0,209000000.0,0.969,1.278,2583221000.0,368418000.0,2214803000.0,2583221000.0,0.0,183000000.0,0.0,0.006,0.06,324000000.0,507000000.0,0.639,507000000.0,324000000.0,293000000.0,0.61,0.605,0.61,4385728000.0,,4385728000.0,12935486100.0,9.0,5.969,-12000000.0,-0.035,1.0,667000000.0,0.84,767121000.0,31000000.0,10339459000.0,,0.0,0.0,0.0,0.0,5603332000.0,1163951000.0,4439381000.0,10660090100.0,53000000.0,0.0,3000000.0,80000000.0,-20000000.0,65000000.0,-363000000.0,0.0,351000000.0,0.0,209000000.0,209000000.0,209000000.0,0.0,0.0,0.263,339000000.0,328000000.0,548147000.0,0.098,2.431,11.797,11.975,7519811000.0,0.0,31.195,3.562,3.565,603094000.0,2482613000.0,794000000.0,794000000.0,54000000.0,,,,,0.0,48000000.0,1.0,341724318.0,342000000.0,346000000.0,2.322,9221939000.0,50912000.0,84000000.0,1807675000.0,26.965,-36144000.0
53,NBL,MRQ,2007-03-31,2007-03-31,2007-03-31,2021-09-14,-211436000.0,9701191000.0,,1095209000.0,8605982000.0,,12.183,-332000000.0,249219000.0,249219000.0,115000000.0,212000000.0,0.833,1.328,2524615000.0,430586000.0,2094029000.0,2524615000.0,0.0,166000000.0,0.0,0.005,0.037,331000000.0,497000000.0,0.669,497000000.0,331000000.0,304000000.0,0.62,0.61,0.62,4166516000.0,,4166516000.0,12395613995.0,11.0,6.787,90000000.0,0.263,1.0,628000000.0,0.845,767214000.0,27000000.0,9893954000.0,,0.0,0.0,0.0,0.0,5534675000.0,1315419000.0,4219256000.0,10164711995.0,96000000.0,0.0,-89000000.0,100000000.0,-13000000.0,6000000.0,-332000000.0,0.0,422000000.0,0.0,212000000.0,212000000.0,212000000.0,0.0,0.0,0.285,285000000.0,343000000.0,530290000.0,0.06,2.44,15.31,15.615,7259331000.0,0.0,29.825,3.421,3.433,633250000.0,2294229000.0,743000000.0,743000000.0,45000000.0,,,,,0.0,45000000.0,1.0,340811802.0,342000000.0,346000000.0,2.173,8933977000.0,51247000.0,92000000.0,1838972000.0,26.123,-220210000.0
54,NBL,MRQ,2006-12-31,2006-12-31,2006-12-31,2021-09-14,-140509000.0,9588625000.0,,1068546000.0,8520079000.0,,11.788,-310829000.0,153408000.0,153408000.0,114567000.0,164554000.0,0.902,1.331,2384310000.0,254625000.0,2129685000.0,2384310000.0,0.0,147100000.0,0.0,0.006,0.037,267903000.0,415003000.0,0.581,415003000.0,267903000.0,246545000.0,0.475,0.47,0.475,4113817000.0,,4113817000.0,10745841265.0,9.0,5.821,78358000.0,0.225,1.0,599537000.0,0.84,781290000.0,21358000.0,9853975000.0,,0.0,0.0,0.0,0.0,5474808000.0,1184262000.0,4290546000.0,8529072265.0,63518000.0,257000.0,-193944000.0,145000000.0,-13224000.0,-54702000.0,-270967000.0,39605000.0,389187000.0,0.0,164554000.0,164554000.0,164554000.0,0.0,0.0,0.23,315357000.0,284180000.0,518609000.0,0.078,2.073,12.58,12.712,7170757000.0,0.0,24.535,2.901,2.938,586882000.0,2095361000.0,714104000.0,714104000.0,75673000.0,,,,,-24993000.0,51284000.0,1.0,347628786.0,348970000.0,351052000.0,2.046,8807335000.0,99835000.0,81991000.0,1865588000.0,25.238,-115716000.0
55,NBL,MRQ,2006-09-30,2006-09-30,2006-09-30,2021-09-14,-184916000.0,9396215000.0,,1056295000.0,8339920000.0,,11.588,86761000.0,89803000.0,89803000.0,112156000.0,318064000.0,0.911,1.301,2306572000.0,263447000.0,2043125000.0,2306572000.0,0.0,174634000.0,0.0,0.005,0.037,573522000.0,748156000.0,1.009,748156000.0,573522000.0,544966000.0,0.9,0.875,0.9,4084037000.0,,4084037000.0,10930119619.0,8.0,5.722,493334000.0,1.4,1.0,629163000.0,0.849,783208000.0,28556000.0,9669951000.0,,0.0,0.0,0.0,0.0,5312178000.0,1159825000.0,4152353000.0,8050897619.0,-91588000.0,0.0,-147663000.0,-470000000.0,-13426000.0,-620155000.0,121994000.0,35233000.0,406573000.0,0.0,318064000.0,318064000.0,318064000.0,0.0,0.0,0.429,61956000.0,567207000.0,493517000.0,0.041,1.971,10.948,10.803,6976559000.0,0.0,22.795,2.751,2.745,605380000.0,1943527000.0,741319000.0,741319000.0,30904000.0,,,,,3930000.0,40657000.0,1.0,353186998.0,352436000.0,362154000.0,2.103,8613007000.0,143510000.0,226902000.0,1780664000.0,24.438,-103530000.0
56,NBL,MRQ,2006-06-30,2006-06-30,2006-06-30,2021-09-14,-398848000.0,9764087000.0,,1506114000.0,8257973000.0,,10.398,-324914000.0,181391000.0,181391000.0,115570000.0,-30705000.0,1.044,1.65,3060613000.0,374527000.0,2686086000.0,3060613000.0,0.0,177159000.0,0.0,0.005,0.037,-10947000.0,166212000.0,0.215,166212000.0,-10947000.0,-44865000.0,-0.085,-0.085,-0.085,3684201000.0,,3684201000.0,11412572800.0,11.0,7.351,81817000.0,0.231,1.0,657010000.0,0.85,895038000.0,33918000.0,10305668000.0,,0.0,0.0,0.0,0.0,6079886000.0,1442603000.0,4637283000.0,8301237800.0,45441000.0,0.0,-14629000.0,-40000000.0,-13424000.0,-65515000.0,-295775000.0,29139000.0,406731000.0,0.0,-30705000.0,-30705000.0,-30705000.0,0.0,0.0,-0.04,266760000.0,390250000.0,556359000.0,-0.435,2.253,13.969,13.662,6788088000.0,0.0,23.43,2.946,2.946,640916000.0,1638889000.0,772580000.0,772580000.0,29400000.0,,,,,8733000.0,37661000.0,1.0,354299522.0,354320000.0,354320000.0,2.18,8869049000.0,242646000.0,-14160000.0,1510787000.0,25.031,63511000.0
57,NBL,MRQ,2006-03-31,2006-03-31,2006-03-31,2021-09-14,-652927000.0,9559338000.0,,1182030000.0,8377308000.0,,9.888,-288018000.0,135950000.0,135950000.0,112707000.0,226087000.0,0.967,1.744,3247285000.0,381729000.0,2865556000.0,3247285000.0,0.0,134107000.0,0.0,0.004,0.025,382521000.0,516628000.0,0.726,516628000.0,382521000.0,349353000.0,0.64,0.63,0.64,3483173000.0,,3483173000.0,10855590526.0,9.0,6.268,239491000.0,0.68,1.0,599290000.0,0.842,929145000.0,33168000.0,10519329000.0,,47335000.0,438093000.0,33486000.0,404607000.0,6076165000.0,1222199000.0,4853966000.0,7731930526.0,25629000.0,-412257000.0,20236000.0,135000000.0,-8926000.0,151372000.0,-653252000.0,47023000.0,527509000.0,0.0,226087000.0,226087000.0,226087000.0,0.0,0.0,0.318,216769000.0,382521000.0,484453000.0,0.039,2.22,10.149,9.674,6819193000.0,0.0,21.96,3.055,3.057,548773000.0,1683018000.0,711997000.0,711997000.0,32022000.0,,,,,12330000.0,35398000.0,1.0,352091554.0,352272000.0,360198000.0,2.021,8630193000.0,242646000.0,123266000.0,1580006000.0,24.499,-40169000.0
58,NBL,MRQ,2005-12-31,2005-12-31,2005-12-31,2021-09-14,-783499000.0,8878033000.0,,1175511000.0,7702522000.0,,8.816,-196531000.0,110321000.0,110321000.0,103438000.0,221919000.0,0.948,1.873,3233981000.0,445939000.0,2788042000.0,3233981000.0,0.0,121885000.0,0.0,0.004,0.025,357148000.0,479033000.0,0.683,479033000.0,357148000.0,328637000.0,0.655,0.64,0.655,3090144000.0,,3090144000.0,10468150698.0,10.0,7.068,76506000.0,0.218,1.0,597542000.0,0.852,862868000.0,28511000.0,9898680000.0,,0.0,0.0,0.0,0.0,5787889000.0,1240145000.0,4547744000.0,7050202698.0,-13415000.0,0.0,3891000.0,-86333000.0,-8867000.0,-91309000.0,-195143000.0,1388000.0,273037000.0,0.0,221919000.0,221919000.0,221919000.0,0.0,0.0,0.317,209835000.0,387707000.0,519971000.0,0.038,2.282,10.918,9.595,6198916000.0,0.0,20.15,3.224,2.834,566206000.0,1465857000.0,700980000.0,700980000.0,51918000.0,,,,,15705000.0,30799000.0,1.0,349885990.0,350512000.0,359088000.0,2.0,8015165000.0,237045000.0,106718000.0,1266327000.0,22.867,-64634000.0
59,NBL,MRQ,2005-09-30,2005-09-30,2005-09-30,2021-09-14,-884429000.0,8695079000.0,,1188010000.0,7507069000.0,,7.925,-265132000.0,123736000.0,123736000.0,89608000.0,176956000.0,0.823,2.14,3541684000.0,656960000.0,2884724000.0,3541684000.0,0.0,120533000.0,0.0,0.003,0.025,270181000.0,390714000.0,0.618,390714000.0,270181000.0,241136000.0,0.505,0.495,0.505,2768944000.0,,2768944000.0,11145656425.0,13.0,9.066,215168000.0,0.616,1.0,542480000.0,0.858,898241000.0,29045000.0,9771079000.0,,36390000.0,300353000.0,70362000.0,229991000.0,5926135000.0,1443707000.0,4482428000.0,8189830425.0,-154413000.0,0.0,16414000.0,-378667000.0,-8874000.0,-371127000.0,-263586000.0,3571000.0,480300000.0,0.0,176956000.0,176956000.0,176956000.0,0.0,0.0,0.28,272558000.0,269922000.0,532870000.0,0.05,2.958,16.019,12.956,6189417000.0,0.0,23.45,4.399,4.401,534761000.0,1252805000.0,632088000.0,632088000.0,77253000.0,,,,,1487000.0,29346000.0,1.0,349246500.0,349406000.0,357494000.0,1.809,7796838000.0,290104000.0,64180000.0,1186759000.0,22.315,-255697000.0
60,NBL,MRQ,2005-06-30,2005-06-30,2005-06-30,2021-09-14,-477263000.0,8478201000.0,,1029819000.0,7448382000.0,,10.204,-179449000.0,278149000.0,278149000.0,72350000.0,136877000.0,1.215,1.838,3233975000.0,235298000.0,2998677000.0,3233975000.0,0.0,102966000.0,0.0,0.003,0.013,242653000.0,345619000.0,0.712,345619000.0,242653000.0,224400000.0,0.47,0.455,0.47,2986939000.0,,2986939000.0,5723097775.0,8.0,5.339,102567000.0,0.35,1.0,413093000.0,0.851,900253000.0,18253000.0,9686179000.0,,28714000.0,241967000.0,11819000.0,230148000.0,5491262000.0,847595000.0,4643667000.0,4481898775.0,96584000.0,-1111099000.0,38294000.0,1069066000.0,-2964000.0,1104396000.0,-1289828000.0,0.0,282016000.0,0.0,136877000.0,136877000.0,136877000.0,0.0,0.0,0.282,170703000.0,242390000.0,393567000.0,0.028,1.5,10.723,11.359,6132282000.0,0.0,18.913,2.892,3.573,430436000.0,1084723000.0,485443000.0,485443000.0,25598000.0,,,,,729000.0,24812000.0,1.0,236980768.0,292712000.0,300660000.0,1.658,7577948000.0,162731000.0,87523000.0,1222176000.0,25.889,182224000.0
61,NBL,MRQ,2005-03-31,2005-03-31,2005-03-31,2021-09-14,-393133000.0,3547623000.0,,801579000.0,2746044000.0,,5.082,-131319000.0,181565000.0,181565000.0,65244000.0,109968000.0,0.959,1.954,1422764000.0,236601000.0,1186163000.0,1422764000.0,0.0,79491000.0,0.0,0.003,0.013,186214000.0,265705000.0,0.722,265705000.0,186214000.0,174482000.0,0.465,0.46,0.465,1200993000.0,,1200993000.0,4766935615.0,8.0,5.009,73206000.0,0.31,1.0,302968000.0,0.823,0.0,11732000.0,3952730000.0,,21072000.0,240076000.0,10527000.0,229549000.0,2346630000.0,836092000.0,1510538000.0,4016169615.0,1771000.0,0.0,9058000.0,-64931000.0,-2950000.0,-58823000.0,-143931000.0,-13917000.0,204525000.0,0.0,109968000.0,109968000.0,109968000.0,0.0,0.0,0.299,116754000.0,186214000.0,404012000.0,0.028,3.344,11.373,11.299,2388647000.0,0.0,17.005,2.868,2.869,385593000.0,950809000.0,368212000.0,368212000.0,23657000.0,,,,,526000.0,15168000.0,1.0,236175808.0,236332000.0,240556000.0,1.558,3547623000.0,82913000.0,64514000.0,129382000.0,15.011,-34513000.0
62,NBL,MRQ,2004-12-31,2004-12-31,2004-12-31,2021-09-14,-14787000.0,3435784000.0,,733561000.0,2702223000.0,,6.197,-70304000.0,179794000.0,179794000.0,-8407000.0,87445000.0,1.111,1.353,940238000.0,50304000.0,889934000.0,940238000.0,0.0,82801000.0,0.0,0.003,0.013,144579000.0,227380000.0,0.605,227380000.0,144579000.0,140092000.0,0.37,0.37,0.37,1459988000.0,,1459988000.0,4346676702.0,7.0,4.683,113868000.0,0.483,1.0,384490000.0,1.022,0.0,4487000.0,3535675000.0,,12109000.0,406117000.0,28733000.0,377384000.0,1975796000.0,660553000.0,1315243000.0,3626588702.0,19695000.0,-3432000.0,9044000.0,68000.0,-2940000.0,6172000.0,-170649000.0,-96913000.0,184172000.0,0.0,87445000.0,87445000.0,87445000.0,-506000.0,0.0,0.233,230490000.0,154000000.0,428401000.0,0.035,2.484,11.033,10.933,2180715000.0,0.0,15.415,2.684,2.66,406608000.0,843792000.0,376083000.0,376083000.0,34901000.0,,,,,869000.0,20334000.0,1.0,235263620.0,235584000.0,239592000.0,1.596,3435784000.0,13039000.0,52647000.0,243936000.0,14.584,73008000.0
63,NBL,MRQ,2004-09-30,2004-09-30,2004-09-30,2021-09-14,-48417000.0,3100066000.0,,599139000.0,2500927000.0,,5.697,-136626000.0,160099000.0,160099000.0,64602000.0,83692000.0,1.19,1.327,880187000.0,0.0,880187000.0,880187000.0,0.0,83867000.0,0.0,0.003,0.013,149273000.0,233140000.0,0.729,233140000.0,149273000.0,131312000.0,0.36,0.35,0.36,1331969000.0,,1331969000.0,4149365539.0,10.0,5.316,15958000.0,0.068,1.0,255161000.0,0.798,0.0,17961000.0,3316693000.0,,14488000.0,222065000.0,0.0,222065000.0,1768097000.0,503461000.0,1264636000.0,3402559539.0,-13213000.0,957000.0,15597000.0,-42802000.0,-2923000.0,-30128000.0,-135669000.0,0.0,152584000.0,0.0,83692000.0,83692000.0,83692000.0,-2721000.0,0.0,0.262,111622000.0,143539000.0,350329000.0,0.036,2.555,15.451,15.407,2238686000.0,0.0,14.56,2.78,2.782,315100000.0,759288000.0,319763000.0,319763000.0,26588000.0,,,,,0.0,13326000.0,1.0,233692276.0,233812000.0,237948000.0,1.368,3100066000.0,24387000.0,47620000.0,236222000.0,13.259,95678000.0
64,NBL,MRQ,2004-06-30,2004-06-30,2004-06-30,2021-09-14,-21759000.0,3001649000.0,,531601000.0,2470048000.0,,5.418,-166643000.0,173312000.0,173312000.0,74992000.0,72027000.0,0.924,1.384,920118000.0,125000000.0,795118000.0,920118000.0,0.0,91134000.0,0.0,0.004,0.013,134236000.0,225370000.0,0.67,225370000.0,134236000.0,117382000.0,0.31,0.305,0.31,1258885000.0,,1258885000.0,3706977245.0,11.0,5.255,-5929000.0,-0.026,1.0,261494000.0,0.777,0.0,16854000.0,3173100000.0,,14802000.0,222487000.0,0.0,222487000.0,1742764000.0,575355000.0,1167409000.0,2960371245.0,33755000.0,1677000.0,8255000.0,32655000.0,-2903000.0,38007000.0,-164966000.0,0.0,160714000.0,0.0,72027000.0,72027000.0,72027000.0,-1399000.0,0.0,0.214,131185000.0,130309000.0,354635000.0,0.042,2.352,17.248,17.23,2212485000.0,0.0,12.75,2.578,2.579,306411000.0,678518000.0,336486000.0,336486000.0,39026000.0,,,,,0.0,13133000.0,1.0,232185980.0,232336000.0,235828000.0,1.448,3001649000.0,0.0,45355000.0,218509000.0,12.919,-43754000.0
65,NBL,MRQ,2004-03-31,2004-03-31,2004-03-31,2021-09-14,-20475000.0,2937272000.0,,545573000.0,2391699000.0,,5.112,-117615000.0,139557000.0,139557000.0,68646000.0,85546000.0,0.839,1.491,886163000.0,140098000.0,746065000.0,886163000.0,0.0,89131000.0,0.0,0.004,0.013,153240000.0,242371000.0,0.763,242371000.0,153240000.0,139082000.0,0.37,0.365,0.37,1179131000.0,,1179131000.0,3585487764.0,14.0,5.705,93101000.0,0.404,1.0,248970000.0,0.784,0.0,14158000.0,3033826000.0,,13730000.0,228357000.0,0.0,228357000.0,1758141000.0,650052000.0,1108089000.0,2718166764.0,77183000.0,798000.0,29695000.0,-43532000.0,-2879000.0,-16716000.0,-116817000.0,0.0,210716000.0,0.0,85546000.0,85546000.0,85546000.0,-10234000.0,0.0,0.269,110078000.0,138892000.0,360701000.0,0.035,2.305,21.123,21.102,2126405000.0,0.0,11.775,2.564,2.562,313971000.0,609393000.0,317616000.0,317616000.0,16486000.0,,,,,0.0,15059000.0,1.0,230842188.0,230652000.0,234124000.0,1.377,2937272000.0,0.0,53536000.0,228821000.0,12.735,-104479000.0
66,NBL,MRQ,2003-12-31,2003-12-31,2003-12-31,2021-09-14,-10886000.0,2842649000.0,,470415000.0,2372234000.0,,4.724,-52802000.0,62374000.0,62374000.0,66527000.0,-21051000.0,0.726,1.648,989445000.0,213424000.0,776021000.0,989445000.0,0.0,104851000.0,0.0,0.004,0.013,-25237000.0,79614000.0,0.318,79614000.0,-25237000.0,-26554000.0,-0.095,-0.09,-0.095,1073573000.0,,1073573000.0,3456855740.0,20.0,6.34,67413000.0,0.297,1.0,183464000.0,0.734,0.0,1317000.0,3121791000.0,,11083000.0,275755000.0,48086000.0,227669000.0,1769076000.0,647929000.0,1121147000.0,2521484740.0,-9008000.0,-900000.0,18674000.0,-40242000.0,-2875000.0,-61069000.0,-68154000.0,-15952000.0,120215000.0,0.0,-21051000.0,-21051000.0,-21051000.0,20854000.0,0.0,-0.084,178269000.0,5195000.0,388428000.0,-0.137,2.349,32.33,32.669,2099741000.0,0.0,11.107,2.501,2.51,303822000.0,526727000.0,249991000.0,249991000.0,53259000.0,,,,,0.0,13838000.0,1.0,227007404.0,227256000.0,230072000.0,1.1,2842649000.0,7501000.0,-5503000.0,169694000.0,12.509,-177514000.0
67,NBL,MRQ,2003-09-30,2003-09-30,2003-09-30,2021-09-14,-1506000.0,2929014000.0,,476821000.0,2452193000.0,,4.799,-128990000.0,71382000.0,71382000.0,67810000.0,35116000.0,0.909,1.701,1006753000.0,60776000.0,945977000.0,1006753000.0,0.0,90922000.0,0.0,0.004,0.01,67193000.0,158115000.0,0.647,158115000.0,67193000.0,51787000.0,0.155,0.152,0.155,1084480000.0,,1084480000.0,3140920528.0,12.0,5.377,41576000.0,0.184,1.0,176534000.0,0.722,0.0,15406000.0,3339735000.0,,11618000.0,229383000.0,0.0,229383000.0,1844534000.0,524650000.0,1319884000.0,2163040528.0,22649000.0,673000.0,2592000.0,-19904000.0,-2288000.0,-19600000.0,-128317000.0,0.0,170566000.0,0.0,35116000.0,35116000.0,35116000.0,-3549000.0,0.0,0.144,117285000.0,59249000.0,355296000.0,0.065,1.995,18.669,18.775,2174048000.0,0.0,9.575,2.248,2.249,268666000.0,550653000.0,244344000.0,244344000.0,25481000.0,,,,,0.0,12495000.0,1.0,225905016.0,225976000.0,228452000.0,1.081,2929014000.0,0.0,16671000.0,253163000.0,12.962,-47829000.0
68,NBL,MRQ,2003-06-30,2003-06-30,2003-06-30,2021-09-14,-16396000.0,2875421000.0,,352573000.0,2522848000.0,,4.522,-128825000.0,48733000.0,48733000.0,64649000.0,29070000.0,0.685,1.78,1026613000.0,85680000.0,940933000.0,1026613000.0,0.0,89977000.0,0.0,0.004,0.01,58392000.0,148369000.0,0.598,148369000.0,58392000.0,42891000.0,0.128,0.125,0.128,1034307000.0,,1034307000.0,3136741285.0,16.0,6.457,24674000.0,0.108,1.0,183541000.0,0.74,0.0,15501000.0,3338714000.0,,15649000.0,230922000.0,0.0,230922000.0,1841114000.0,514587000.0,1326527000.0,2169365285.0,15414000.0,1180000.0,2667000.0,-10810000.0,-2297000.0,-10440000.0,-127645000.0,0.0,153499000.0,0.0,29070000.0,29070000.0,29070000.0,-3260000.0,0.0,0.117,131662000.0,51879000.0,351559000.0,0.078,2.097,27.268,27.155,2250979000.0,0.0,9.45,2.494,2.485,221142000.0,517825000.0,248190000.0,248190000.0,34676000.0,,,,,0.0,14945000.0,1.0,229562464.0,228724000.0,230680000.0,1.085,2875421000.0,0.0,13821000.0,235878000.0,12.572,-162014000.0
69,NBL,MRQ,2003-03-31,2003-03-31,2003-03-31,2021-09-14,-25866000.0,2955218000.0,,423474000.0,2531744000.0,,4.495,-119733000.0,33319000.0,33319000.0,72611000.0,34857000.0,0.741,1.865,1000695000.0,42245000.0,958450000.0,1000695000.0,0.0,83332000.0,0.0,0.005,0.01,75838000.0,159170000.0,0.599,159170000.0,75838000.0,60381000.0,0.152,0.15,0.152,1031554000.0,,1031554000.0,2971307162.0,16.0,6.551,38757000.0,0.169,1.0,193090000.0,0.727,0.0,15457000.0,3350770000.0,,13292000.0,235978000.0,0.0,235978000.0,1923664000.0,571824000.0,1351840000.0,1967714162.0,17877000.0,-953000.0,752000.0,-18384000.0,-2295000.0,-19927000.0,-120686000.0,0.0,158490000.0,0.0,34857000.0,34857000.0,34857000.0,-7984000.0,0.0,0.131,121327000.0,71763000.0,465245000.0,0.066,1.908,29.105,29.059,2243309000.0,0.0,8.572,2.449,2.448,342028000.0,491052000.0,265701000.0,265701000.0,35402000.0,,,,,0.0,13629000.0,1.0,229537960.0,229504000.0,231532000.0,1.158,2955218000.0,0.0,25524000.0,227131000.0,12.877,-148350000.0
70,NBL,MRQ,2002-12-31,2002-12-31,2002-12-31,2021-09-14,-14603000.0,2730015000.0,,310374000.0,2419641000.0,,4.403,-168152000.0,15442000.0,15442000.0,55321000.0,16821000.0,0.658,1.705,1019035000.0,41919000.0,977116000.0,1019035000.0,0.0,66493000.0,0.0,0.004,0.01,52025000.0,118518000.0,0.582,118518000.0,52025000.0,35077000.0,0.075,0.075,0.075,1009386000.0,,1009386000.0,3185598117.0,31.0,8.654,33660000.0,0.147,1.0,148475000.0,0.729,0.0,16948000.0,3261854000.0,,10663000.0,234668000.0,0.0,234668000.0,1720629000.0,471754000.0,1248875000.0,2151271117.0,9035000.0,186000.0,-489000.0,-22030000.0,-2292000.0,-24811000.0,-167966000.0,0.0,201812000.0,0.0,16821000.0,16821000.0,16821000.0,-4854000.0,0.0,0.083,103903000.0,44572000.0,351856000.0,0.133,2.131,121.871,121.916,2139785000.0,0.0,9.387,3.067,3.062,232924000.0,458490000.0,203796000.0,203796000.0,43435000.0,,,,,0.0,9423000.0,1.0,229163368.0,229228000.0,231484000.0,0.889,2730015000.0,0.0,18256000.0,211474000.0,11.91,-161380000.0
71,NBL,MRQ,2002-09-30,2002-09-30,2002-09-30,2021-09-14,-6914000.0,2604880000.0,,250359000.0,2354521000.0,,4.365,-138201000.0,6407000.0,6407000.0,44545000.0,-1190000.0,0.681,1.604,1040734000.0,53629000.0,987105000.0,1040734000.0,0.0,50395000.0,0.0,0.005,0.01,9338000.0,59733000.0,0.392,59733000.0,9338000.0,-5641000.0,-0.007,-0.005,-0.007,1000371000.0,,1000371000.0,2962542753.0,153.0,11.373,-14444000.0,-0.063,1.0,107722000.0,0.707,0.0,14979000.0,3271504000.0,,10202000.0,238643000.0,0.0,238643000.0,1604509000.0,367703000.0,1236806000.0,1946058753.0,4726000.0,-994000.0,509000.0,21947000.0,-2292000.0,20164000.0,-139195000.0,0.0,123757000.0,0.0,-1190000.0,-1190000.0,-1190000.0,-5032000.0,0.0,-0.008,108065000.0,-343000.0,269454000.0,-1.429,1.945,-73.034,-69.611,2063563000.0,0.0,8.492,251.754,251.76,202966000.0,443961000.0,152267000.0,152267000.0,50628000.0,,,,,0.0,14835000.0,1.0,229150280.0,229156000.0,230708000.0,0.664,2604880000.0,0.0,-4451000.0,179043000.0,11.367,-117344000.0
72,NBL,MRQ,2002-06-30,2002-06-30,2002-06-30,2021-09-14,-2017000.0,2563572000.0,,209646000.0,2353926000.0,,4.409,-133571000.0,1681000.0,1681000.0,41628000.0,17119000.0,0.599,1.543,1018165000.0,71153000.0,947012000.0,1018165000.0,0.0,70344000.0,0.0,0.004,0.01,45807000.0,116151000.0,0.639,116151000.0,45807000.0,29113000.0,0.075,0.073,0.075,1008241000.0,,1008241000.0,3055189184.0,107.0,10.616,-26356000.0,-0.115,1.0,140206000.0,0.771,0.0,16694000.0,3229805000.0,,10745000.0,236763000.0,0.0,236763000.0,1555331000.0,350251000.0,1205080000.0,2057535184.0,-31633000.0,3437000.0,6416000.0,-12847000.0,-2283000.0,-8714000.0,-130134000.0,0.0,107215000.0,0.0,17119000.0,17119000.0,17119000.0,329000.0,0.0,0.094,98802000.0,41404000.0,240927000.0,0.133,2.041,-95.045,-91.964,2044334000.0,0.0,9.012,12.836,12.858,175420000.0,447443000.0,181834000.0,181834000.0,20233000.0,,,,,0.0,12083000.0,1.0,228297940.0,228696000.0,233960000.0,0.795,2563572000.0,0.0,11994000.0,180535000.0,11.21,-140605000.0
73,NBL,MRQ,2002-03-31,2002-03-31,2002-03-31,2021-09-14,2219000.0,2595481000.0,,300287000.0,2295194000.0,,4.346,-135452000.0,33314000.0,33314000.0,50233000.0,-15098000.0,0.834,1.618,1030968000.0,51203000.0,979765000.0,1030968000.0,0.0,79361000.0,0.0,0.004,0.01,-5677000.0,73684000.0,0.451,73684000.0,-5677000.0,-21096000.0,-0.065,-0.065,-0.065,991226000.0,,991226000.0,3035168699.0,43.0,9.0,-61281000.0,-0.269,1.0,113202000.0,0.693,0.0,15419000.0,3233081000.0,,9457000.0,244167000.0,0.0,244167000.0,1604255000.0,360054000.0,1244201000.0,2226721699.0,-39923000.0,-4781000.0,1256000.0,27163000.0,-2280000.0,26139000.0,-140233000.0,0.0,74171000.0,0.0,-15098000.0,-15098000.0,-15098000.0,0.0,0.0,-0.092,123230000.0,-10028000.0,269207000.0,-0.154,2.246,177.188,177.545,1989938000.0,0.0,9.765,5.681,5.682,222582000.0,432609000.0,163435000.0,163435000.0,36405000.0,,,,,0.0,11323000.0,1.0,228030896.0,228056000.0,228056000.0,0.717,2595481000.0,0.0,-5998000.0,174699000.0,11.381,-59767000.0
74,NBL,MRQ,2001-12-31,2001-12-31,2001-12-31,2021-09-14,5070000.0,2604255000.0,,351571000.0,2252684000.0,,4.466,-194146000.0,73237000.0,73237000.0,-479430000.0,-27477000.0,0.923,1.578,1005625000.0,44507000.0,961118000.0,1005625000.0,0.0,41082000.0,0.0,0.005,0.01,-30157000.0,10925000.0,-0.022,10925000.0,-30157000.0,-53407000.0,-0.125,-0.117,-0.125,1010198000.0,,1010198000.0,2614985594.0,10.0,5.196,-27954000.0,-0.124,1.0,-10376000.0,0.021,0.0,23250000.0,3155592000.0,,10828000.0,242142000.0,0.0,242142000.0,1594057000.0,381051000.0,1213006000.0,1997367594.0,55229000.0,-90697000.0,-4250000.0,180395000.0,-2265000.0,173880000.0,-284843000.0,0.0,166192000.0,0.0,-27477000.0,-27477000.0,-27477000.0,-48412000.0,0.0,0.056,73768000.0,-84144000.0,295454000.0,-0.08,1.977,14.953,14.953,1953211000.0,0.0,8.822,2.53,2.528,216403000.0,449985000.0,-489806000.0,-489806000.0,37943000.0,,,,,0.0,11957000.0,1.0,226394740.0,226196000.0,,-2.165,2604255000.0,0.0,-25930000.0,176259000.0,11.513,-29480000.0
75,NBL,MRQ,2001-09-30,2001-09-30,2001-09-30,2021-09-14,11468000.0,2202277000.0,,283965000.0,1918312000.0,,4.559,-178199000.0,18008000.0,18008000.0,162787000.0,3808000.0,0.91,1.134,635626000.0,0.0,635626000.0,635626000.0,0.0,68535000.0,0.0,0.005,0.01,18500000.0,87035000.0,0.286,87035000.0,18500000.0,7526000.0,0.018,0.018,0.018,1031957000.0,,1031957000.0,2284826869.0,6.0,3.342,-82749000.0,-0.366,1.0,142049000.0,0.466,0.0,10974000.0,2507901000.0,,21291000.0,118378000.0,0.0,118378000.0,1170320000.0,311994000.0,858326000.0,1753870869.0,-46618000.0,-1616000.0,10000.0,40000000.0,-2263000.0,37747000.0,-179815000.0,0.0,95450000.0,0.0,3808000.0,3808000.0,3808000.0,0.0,0.0,0.012,127124000.0,14925000.0,230604000.0,0.556,1.7,7.57,7.522,1728563000.0,0.0,7.747,1.001,1.001,171128000.0,479726000.0,304836000.0,304836000.0,48862000.0,,,,,0.0,9726000.0,1.0,226378944.0,226378944.0,,1.347,2202277000.0,0.0,3718000.0,158028000.0,9.728,-28029000.0
76,NBL,MRQ,2001-06-30,2001-06-30,2001-06-30,2021-09-14,1460000.0,2172308000.0,,309018000.0,1863290000.0,,4.508,-189817000.0,64626000.0,64626000.0,214320000.0,51334000.0,0.968,1.129,595582000.0,0.0,595582000.0,595582000.0,0.0,76869000.0,0.0,0.005,0.01,88727000.0,165596000.0,0.401,165596000.0,88727000.0,79440000.0,0.228,0.223,0.228,1020395000.0,,1020395000.0,2426552386.0,5.0,3.219,-80634000.0,-0.356,1.0,199148000.0,0.482,0.0,9287000.0,2383904000.0,,15959000.0,115532000.0,0.0,115532000.0,1151913000.0,319360000.0,832553000.0,2000280386.0,35360000.0,-22079000.0,337000.0,140000000.0,-2264000.0,138073000.0,-211896000.0,0.0,109183000.0,0.0,51334000.0,51334000.0,51334000.0,0.0,0.0,0.124,114337000.0,84811000.0,280862000.0,0.044,1.96,7.016,6.97,1656320000.0,0.0,8.838,1.107,1.107,214657000.0,478182000.0,413468000.0,413468000.0,26777000.0,,,,,0.0,10691000.0,1.0,226340072.0,226340072.0,,1.827,2172308000.0,0.0,28106000.0,145260000.0,9.598,-10342000.0
77,NBL,MRQ,2001-03-31,2001-03-31,2001-03-31,2021-09-14,899000.0,1978656000.0,,262231000.0,1716425000.0,,4.307,-175110000.0,29266000.0,29266000.0,273923000.0,105910000.0,0.726,1.039,455538000.0,0.0,455538000.0,455538000.0,0.0,64243000.0,0.0,0.004,0.01,175432000.0,239675000.0,0.427,239675000.0,175432000.0,164983000.0,0.47,0.46,0.47,970426000.0,,970426000.0,2852740893.0,6.0,3.987,82219000.0,0.365,1.0,287092000.0,0.512,0.0,10449000.0,2043782000.0,,9293000.0,94496000.0,0.0,94496000.0,1008230000.0,361146000.0,647084000.0,2350398893.0,6114000.0,-20041000.0,16186000.0,-70000000.0,-2250000.0,-56064000.0,-195151000.0,0.0,257329000.0,0.0,105910000.0,105910000.0,105910000.0,0.0,0.0,0.189,114547000.0,172545000.0,266779000.0,0.021,2.422,8.685,8.658,1562092000.0,0.0,10.432,1.382,1.382,210343000.0,429111000.0,561015000.0,561015000.0,38514000.0,,,,,0.0,11790000.0,1.0,225295844.0,225295844.0,,2.49,1978656000.0,0.0,59073000.0,182948000.0,8.782,-98915000.0
78,NBL,MRQ,2000-12-31,2000-12-31,2000-12-31,2021-09-14,0.0,1879280000.0,,271261000.0,1608019000.0,,3.793,-259279000.0,23152000.0,23152000.0,230653000.0,70640000.0,0.834,1.212,525494000.0,0.0,525494000.0,525494000.0,0.0,65327000.0,0.0,0.003,0.01,125944000.0,191271000.0,0.405,191271000.0,125944000.0,104176000.0,0.315,0.312,0.315,849682000.0,,849682000.0,3036787326.0,9.0,5.233,-12749000.0,-0.057,1.0,241556000.0,0.512,0.0,21768000.0,2056205000.0,,4645000.0,74159000.0,0.0,74159000.0,1029598000.0,325417000.0,704181000.0,2574053326.0,-4564000.0,-7641000.0,6284000.0,11755000.0,-2213000.0,15826000.0,-266920000.0,0.0,246530000.0,0.0,70640000.0,70640000.0,70640000.0,0.0,0.0,0.15,117996000.0,123560000.0,279379000.0,0.032,3.029,13.435,13.45,1485123000.0,0.0,11.5,1.824,1.825,235843000.0,325452000.0,472209000.0,472209000.0,40150000.0,,,,,0.0,12519000.0,1.0,223830724.0,223996000.0,,2.108,1879280000.0,0.0,33536000.0,132356000.0,8.39,-54156000.0
79,NBL,MRQ,2000-09-30,2000-09-30,2000-09-30,2021-09-14,0.0,1638604000.0,,219084000.0,1419520000.0,,3.468,-104728000.0,27716000.0,27716000.0,176807000.0,57217000.0,1.004,1.114,490450000.0,0.0,490450000.0,490450000.0,0.0,57051000.0,0.0,0.004,0.01,100275000.0,157326000.0,0.436,157326000.0,100275000.0,90980000.0,0.255,0.253,0.255,774972000.0,,774972000.0,2539511166.0,9.0,5.058,14282000.0,0.064,1.0,184125000.0,0.51,0.0,9295000.0,1883146000.0,,6650000.0,54237000.0,0.0,54237000.0,863632000.0,218192000.0,645440000.0,2074006166.0,-12185000.0,-12004000.0,2771000.0,-15000000.0,-2234000.0,-14463000.0,-116732000.0,0.0,119010000.0,0.0,57217000.0,57217000.0,57217000.0,0.0,0.0,0.159,85306000.0,98819000.0,163584000.0,0.039,2.676,14.556,14.618,1318141000.0,0.0,9.283,1.732,1.732,173225000.0,257026000.0,360932000.0,360932000.0,17469000.0,,,,,0.0,10786000.0,1.0,223431852.0,223431852.0,,1.615,1638604000.0,0.0,33763000.0,115629000.0,7.334,892000.0
80,NBL,MRQ,2000-06-30,2000-06-30,2000-06-30,2021-09-14,0.0,1569663000.0,,199311000.0,1370352000.0,,3.218,-84112000.0,39901000.0,39901000.0,157565000.0,36861000.0,1.032,1.189,505406000.0,0.0,505406000.0,505406000.0,0.0,56864000.0,0.0,0.004,0.01,70313000.0,127177000.0,0.415,127177000.0,70313000.0,60975000.0,0.165,0.163,0.165,717218000.0,,717218000.0,2550964171.0,11.0,5.547,5661000.0,0.025,1.0,149045000.0,0.486,0.0,9338000.0,1842100000.0,,4745000.0,41897000.0,0.0,41897000.0,852445000.0,193068000.0,659377000.0,2075237171.0,35266000.0,-20726000.0,4315000.0,48245000.0,-2229000.0,50331000.0,-104838000.0,0.0,89773000.0,0.0,36861000.0,36861000.0,36861000.0,0.0,0.0,0.12,80137000.0,68908000.0,156464000.0,0.061,2.893,18.377,18.551,1281027000.0,0.0,9.312,1.901,1.901,145477000.0,202043000.0,306610000.0,306610000.0,11258000.0,,,,,0.0,12015000.0,1.0,222844260.0,222844260.0,,1.376,1569663000.0,0.0,24114000.0,103972000.0,7.044,6243000.0
81,NBL,MRQ,2000-03-31,2000-03-31,2000-03-31,2021-09-14,0.0,1488357000.0,,159982000.0,1328375000.0,,3.01,-76174000.0,4635000.0,4635000.0,140348000.0,26880000.0,0.859,1.194,480362000.0,0.0,480362000.0,480362000.0,0.0,51558000.0,0.0,0.005,0.01,52974000.0,104532000.0,0.385,104532000.0,52974000.0,43352000.0,0.12,0.117,0.12,678271000.0,,678271000.0,2290521028.0,13.0,5.479,26828000.0,0.119,1.0,131413000.0,0.484,0.0,9622000.0,1777924000.0,,3756000.0,20690000.0,0.0,20690000.0,810086000.0,186160000.0,623926000.0,1848127028.0,1710000.0,-4655000.0,-29936000.0,11755000.0,-2282000.0,-20463000.0,-80829000.0,0.0,103002000.0,0.0,26880000.0,26880000.0,26880000.0,0.0,0.0,0.099,79520000.0,51893000.0,110626000.0,0.083,2.725,21.681,21.7,1256036000.0,0.0,8.203,1.841,1.841,112718000.0,167412000.0,271761000.0,271761000.0,15991000.0,,,,,0.0,11971000.0,1.0,225312652.0,225312652.0,,1.206,1488357000.0,0.0,16472000.0,131639000.0,6.606,-26178000.0
82,NBL,MRQ,1999-12-31,1999-12-31,1999-12-31,2021-09-14,0.0,1420351000.0,,117914000.0,1302437000.0,,2.998,-31049000.0,2925000.0,2925000.0,116792000.0,21529000.0,0.763,1.078,445319000.0,0.0,445319000.0,445319000.0,0.0,69135000.0,0.0,0.007,0.01,43891000.0,113026000.0,0.438,113026000.0,43891000.0,32823000.0,0.095,0.092,0.095,683609000.0,,683609000.0,1827786799.0,14.0,4.796,81032000.0,0.355,1.0,141075000.0,0.547,0.0,11068000.0,1708274000.0,,5517000.0,15625000.0,0.0,15625000.0,736742000.0,154471000.0,582271000.0,1223055799.0,-62619000.0,60649000.0,363000.0,-202381000.0,-2282000.0,-204300000.0,29600000.0,0.0,112081000.0,0.0,21529000.0,21529000.0,21529000.0,0.0,0.0,0.083,98633000.0,42442000.0,103753000.0,0.105,1.789,24.728,24.7,1242370000.0,0.0,5.36,1.344,1.343,98794000.0,142813000.0,257867000.0,257867000.0,15382000.0,,,,,0.0,14116000.0,1.0,228182052.0,228020000.0,,1.131,1420351000.0,0.0,11294000.0,85578000.0,6.229,-36557000.0
83,NBL,MRQ,1999-09-30,1999-09-30,1999-09-30,2021-09-14,0.0,1613111000.0,,193582000.0,1419529000.0,,2.913,-19522000.0,65544000.0,65544000.0,117137000.0,27654000.0,1.43,1.429,670275000.0,0.0,670275000.0,670275000.0,0.0,58698000.0,0.0,0.006,0.01,56462000.0,115160000.0,0.451,115160000.0,56462000.0,44318000.0,0.122,0.122,0.122,663999000.0,,663999000.0,2293380892.0,-15.0,19.488,63846000.0,0.28,1.0,138336000.0,0.541,0.0,12144000.0,2082500000.0,,5808000.0,75685000.0,0.0,75685000.0,949112000.0,135342000.0,813770000.0,1652696892.0,-14003000.0,-26300000.0,731000.0,-50000000.0,-2280000.0,-51549000.0,-45822000.0,0.0,83368000.0,0.0,27654000.0,27654000.0,27654000.0,0.0,0.0,0.108,83626000.0,54710000.0,86985000.0,0.082,2.489,-12.081,-12.083,1299561000.0,0.0,7.25,1.931,1.931,97521000.0,123566000.0,255473000.0,255473000.0,14200000.0,,,,,0.0,10728000.0,1.0,227958192.0,227958192.0,,1.121,1613111000.0,0.0,16664000.0,107910000.0,7.076,58240000.0
84,NBL,MRQ,1999-06-30,1999-06-30,1999-06-30,2021-09-14,0.0,1630555000.0,,205924000.0,1424631000.0,,2.799,-20879000.0,79547000.0,79547000.0,116228000.0,9179000.0,1.83,1.556,720231000.0,0.0,720231000.0,720231000.0,0.0,60133000.0,0.0,0.006,0.01,25213000.0,85346000.0,0.39,85346000.0,25213000.0,12525000.0,0.04,0.04,0.04,637893000.0,,637893000.0,2294511366.0,-10.0,39.37,65629000.0,0.288,1.0,102362000.0,0.468,0.0,12688000.0,2158700000.0,,2482000.0,49385000.0,0.0,49385000.0,992662000.0,112539000.0,880123000.0,1606300366.0,22571000.0,-15873000.0,94000.0,-25000000.0,-2279000.0,-27185000.0,-36752000.0,0.0,86508000.0,0.0,9179000.0,9179000.0,9179000.0,0.0,0.0,0.042,78719000.0,23643000.0,83599000.0,0.25,2.518,-8.472,-8.471,1332337000.0,0.0,7.048,1.977,1.977,95204000.0,98191000.0,218590000.0,218590000.0,6962000.0,,,,,0.0,11624000.0,1.0,227924848.0,227924848.0,,0.959,1630555000.0,0.0,3346000.0,107118000.0,7.154,93385000.0
85,NBL,MRQ,1999-03-31,1999-03-31,1999-03-31,2021-09-14,0.0,1646952000.0,,193334000.0,1453618000.0,,2.768,-12537000.0,56976000.0,56976000.0,89855000.0,-8901000.0,1.623,1.61,745187000.0,0.0,745187000.0,745187000.0,0.0,66549000.0,0.0,0.006,0.01,1000000.0,67549000.0,0.38,67549000.0,1000000.0,-12035000.0,-0.04,-0.04,-0.04,630900000.0,,630900000.0,2378492232.0,-10.0,29.541,48606000.0,0.213,1.0,88057000.0,0.495,0.0,13035000.0,2216063000.0,,2201000.0,33512000.0,0.0,33512000.0,1016052000.0,119100000.0,896952000.0,1652449232.0,37876000.0,-8451000.0,0.0,0.0,-2279000.0,-2279000.0,-20988000.0,0.0,61143000.0,0.0,-8901000.0,-8901000.0,-8901000.0,0.0,0.0,-0.05,88180000.0,-123000.0,84990000.0,-0.25,2.619,-8.853,-8.841,1372945000.0,0.0,7.25,1.964,1.964,81948000.0,91292000.0,177912000.0,177912000.0,10240000.0,,,,,0.0,11391000.0,1.0,227924032.0,227924032.0,,0.781,1646952000.0,0.0,-3134000.0,102175000.0,7.226,74234000.0
86,NBL,MRQ,1998-12-31,1998-12-31,1998-12-31,2021-09-14,0.0,1686080000.0,,188289000.0,1497791000.0,,2.818,-72819000.0,19100000.0,19100000.0,95050000.0,-164728000.0,1.353,1.626,745143000.0,0.0,745143000.0,745143000.0,0.0,84389000.0,0.0,0.006,0.01,-234764000.0,-150375000.0,-0.738,-150375000.0,-234764000.0,-247824000.0,-0.722,-0.722,-0.722,642080000.0,,642080000.0,2113375722.0,-11.0,18.064,11186000.0,0.049,1.0,108716000.0,0.534,0.0,13060000.0,2272957000.0,,3006000.0,25061000.0,0.0,25061000.0,1044000000.0,139166000.0,904834000.0,1403347722.0,-971000.0,-25061000.0,184000.0,15000000.0,-2280000.0,12904000.0,-97880000.0,0.0,84005000.0,0.0,-164728000.0,-164728000.0,-164728000.0,0.0,0.0,-0.808,345115000.0,-236399000.0,108538000.0,-0.014,2.186,-8.556,-8.552,1429667000.0,0.0,6.157,1.539,1.539,106513000.0,102472000.0,203766000.0,203766000.0,27841000.0,,,,,0.0,9634000.0,1.0,227908684.0,227820000.0,,0.894,1686080000.0,0.0,-83096000.0,108636000.0,7.401,49123000.0
87,NBL,MRQ,1998-09-30,1998-09-30,1998-09-30,2021-09-14,0.0,1958053000.0,,186708000.0,1771345000.0,,3.55,-99633000.0,20071000.0,20071000.0,104576000.0,-25150000.0,0.83,1.421,730099000.0,0.0,730099000.0,730099000.0,0.0,83811000.0,0.0,0.005,0.01,-28050000.0,55761000.0,0.263,55761000.0,-28050000.0,-41049000.0,-0.11,-0.11,-0.11,808902000.0,,808902000.0,2497326449.0,24.0,6.049,-26610000.0,-0.117,1.0,107735000.0,0.507,0.0,12999000.0,2443157000.0,,3633000.0,0.0,0.0,0.0,1149151000.0,224924000.0,924227000.0,1816069449.0,-18727000.0,0.0,161000.0,10000000.0,-2278000.0,7883000.0,-99633000.0,0.0,73023000.0,0.0,-25150000.0,-25150000.0,-25150000.0,0.0,0.0,-0.118,137791000.0,-30056000.0,190198000.0,-0.091,2.245,54.555,53.851,1693028000.0,0.0,7.97,1.761,1.761,150040000.0,269478000.0,212311000.0,212311000.0,41575000.0,,,,,0.0,12626000.0,1.0,227863168.0,227863168.0,,0.932,1958053000.0,0.0,-15899000.0,146149000.0,8.593,-38216000.0
88,NBL,MRQ,1998-06-30,1998-06-30,1998-06-30,2021-09-14,0.0,1966988000.0,,198371000.0,1768617000.0,,3.67,-114082000.0,38798000.0,38798000.0,104246000.0,12135000.0,0.931,1.352,720055000.0,0.0,720055000.0,720055000.0,0.0,74679000.0,0.0,0.004,0.01,32901000.0,107580000.0,0.435,107580000.0,32901000.0,19979000.0,0.053,0.053,0.053,836172000.0,,836172000.0,2810295222.0,17.0,6.052,-33248000.0,-0.146,1.0,143155000.0,0.579,0.0,12922000.0,2435213000.0,,4619000.0,0.0,0.0,0.0,1130816000.0,213032000.0,917784000.0,2164205222.0,-10123000.0,0.0,403000.0,25000000.0,-2278000.0,23125000.0,-114082000.0,0.0,80834000.0,0.0,12135000.0,12135000.0,12135000.0,0.0,0.0,0.049,111816000.0,31339000.0,180602000.0,0.189,2.588,29.399,29.412,1707925000.0,0.0,9.5,2.055,2.055,148930000.0,296909000.0,247401000.0,247401000.0,24127000.0,,,,,0.0,12789000.0,1.0,227811076.0,227811076.0,,1.086,1966988000.0,0.0,7844000.0,155442000.0,8.634,-14661000.0
89,NBL,MRQ,1998-03-31,1998-03-31,1998-03-31,2021-09-14,0.0,1928546000.0,,195142000.0,1733404000.0,,3.625,-199506000.0,48921000.0,48921000.0,115984000.0,13718000.0,0.962,1.335,695011000.0,0.0,695011000.0,695011000.0,0.0,70312000.0,0.0,0.004,0.01,33716000.0,104028000.0,0.419,104028000.0,33716000.0,22186000.0,0.06,0.06,0.06,825912000.0,,825912000.0,2961063448.0,18.0,6.409,-55358000.0,-0.243,1.0,132154000.0,0.533,0.0,11530000.0,2371809000.0,,3624000.0,0.0,0.0,0.0,1102634000.0,202827000.0,899807000.0,2371171448.0,-6154000.0,0.0,1481000.0,50000000.0,-2277000.0,49204000.0,-199506000.0,0.0,144148000.0,0.0,13718000.0,13718000.0,13718000.0,0.0,0.0,0.055,99988000.0,32166000.0,164737000.0,0.167,2.871,31.771,31.538,1674413000.0,0.0,10.408,2.275,2.275,137393000.0,287052000.0,248138000.0,248138000.0,16615000.0,,,,,0.0,13061000.0,1.0,227832952.0,227832952.0,,1.089,1928546000.0,0.0,8468000.0,151005000.0,8.465,-7685000.0
90,NBL,MRQ,1997-12-31,1997-12-31,1997-12-31,2021-09-14,0.0,1852782000.0,,235932000.0,1616850000.0,,3.574,-81554000.0,55075000.0,55075000.0,136645000.0,32586000.0,1.214,1.279,644967000.0,0.0,644967000.0,644967000.0,0.0,80541000.0,0.0,0.005,0.01,64906000.0,145447000.0,0.45,145447000.0,64906000.0,51767000.0,0.145,0.143,0.145,812989000.0,,812989000.0,2607867464.0,12.0,5.103,14438000.0,0.063,1.0,186507000.0,0.577,0.0,13139000.0,2248356000.0,,2805000.0,0.0,0.0,0.0,1039793000.0,194318000.0,845475000.0,2005673464.0,-22654000.0,0.0,183000.0,-34999000.0,-2276000.0,-37092000.0,-81554000.0,0.0,95992000.0,0.0,32586000.0,32586000.0,32586000.0,0.0,0.0,0.101,123968000.0,62539000.0,163563000.0,0.069,2.467,20.203,20.12,1546426000.0,0.0,8.812,1.796,1.795,162667000.0,275610000.0,323152000.0,323152000.0,29235000.0,,,,,0.0,14192000.0,1.0,227594152.0,227488000.0,,1.421,1852782000.0,0.0,19181000.0,146382000.0,8.145,41614000.0
91,NBL,MRQ,1997-09-30,1997-09-30,1997-09-30,2021-09-14,0.0,1830605000.0,,216330000.0,1614275000.0,,3.44,-72036000.0,77729000.0,77729000.0,95351000.0,15177000.0,1.191,1.339,679923000.0,0.0,679923000.0,679923000.0,0.0,70785000.0,0.0,0.004,0.01,36517000.0,107302000.0,0.458,107302000.0,36517000.0,24115000.0,0.065,0.065,0.065,782496000.0,,782496000.0,3172319732.0,15.0,6.218,27895000.0,0.123,1.0,138998000.0,0.593,0.0,12402000.0,2251165000.0,,3042000.0,0.0,0.0,0.0,1048109000.0,181634000.0,866475000.0,2544995732.0,-1331000.0,0.0,670000.0,-27621000.0,-2275000.0,-29226000.0,-72036000.0,0.0,99931000.0,0.0,15177000.0,15177000.0,15177000.0,0.0,0.0,0.065,104304000.0,34694000.0,142019000.0,0.154,3.252,26.586,26.2,1538246000.0,0.0,11.188,2.333,2.333,126444000.0,245301000.0,234349000.0,234349000.0,22019000.0,,,,,0.0,11500000.0,1.0,227485652.0,227485652.0,,1.03,1830605000.0,0.0,8938000.0,138302000.0,8.047,34696000.0
92,NBL,MRQ,1997-06-30,1997-06-30,1997-06-30,2021-09-14,0.0,1841477000.0,,231821000.0,1609656000.0,,3.38,-49735000.0,79060000.0,79060000.0,104258000.0,13152000.0,1.29,1.395,706384000.0,0.0,706384000.0,706384000.0,0.0,71308000.0,0.0,0.004,0.01,33932000.0,105240000.0,0.445,105240000.0,33932000.0,20749000.0,0.06,0.057,0.06,768924000.0,,768924000.0,2852675685.0,13.0,5.578,25775000.0,0.113,1.0,132409000.0,0.559,0.0,13183000.0,2289096000.0,,2763000.0,0.0,0.0,0.0,1072553000.0,179705000.0,892848000.0,2203685685.0,-119988000.0,0.0,385000.0,-143873000.0,-2275000.0,-145763000.0,-49735000.0,0.0,75510000.0,0.0,13152000.0,13152000.0,13152000.0,0.0,0.0,0.056,99813000.0,32596000.0,149663000.0,0.167,2.866,22.989,22.017,1537746000.0,0.0,9.688,2.017,2.017,140832000.0,232399000.0,236667000.0,236667000.0,15839000.0,,,,,0.0,12666000.0,1.0,227477232.0,227477232.0,,1.04,1841477000.0,0.0,7597000.0,136339000.0,8.095,52116000.0
93,NBL,MRQ,1997-03-31,1997-03-31,1997-03-31,2021-09-14,0.0,1978244000.0,,352534000.0,1625710000.0,,3.332,-69090000.0,199048000.0,199048000.0,138318000.0,38363000.0,1.437,1.611,848038000.0,50000000.0,798038000.0,848038000.0,0.0,77720000.0,0.0,0.004,0.01,75338000.0,153058000.0,0.475,153058000.0,75338000.0,61054000.0,0.168,0.168,0.168,757662000.0,,757662000.0,2899510127.0,14.0,6.012,105048000.0,0.462,1.0,184137000.0,0.571,0.0,14284000.0,2381896000.0,,2721000.0,0.0,0.0,0.0,1220582000.0,245338000.0,975244000.0,2146250127.0,104280000.0,0.0,1506000.0,0.0,-2274000.0,-768000.0,-69090000.0,0.0,174138000.0,0.0,38363000.0,38363000.0,38363000.0,0.0,0.0,0.119,109512000.0,74625000.0,108355000.0,0.06,2.833,21.556,20.383,1559516000.0,0.0,9.438,2.065,2.065,141562000.0,221522000.0,322455000.0,322455000.0,19605000.0,,,,,0.0,12187000.0,1.0,227417232.0,227417232.0,,1.418,1978244000.0,0.0,22691000.0,135513000.0,8.699,107196000.0
94,NBL,MRQ,1996-12-31,1996-12-31,1996-12-31,2021-09-14,0.0,1956938000.0,,316803000.0,1640135000.0,,3.501,-33254000.0,94768000.0,94768000.0,123590000.0,29036000.0,1.132,1.718,848028000.0,50000000.0,798028000.0,848028000.0,0.0,79936000.0,0.0,0.003,0.01,64611000.0,144547000.0,0.486,144547000.0,64611000.0,49596000.0,0.135,0.128,0.135,720067000.0,,720067000.0,,,,54027000.0,0.263,1.0,173685000.0,0.584,0.0,15015000.0,2430392000.0,,4489000.0,0.0,0.0,0.0,1236871000.0,279806000.0,957065000.0,2722184267.0,4092000.0,0.0,3335000.0,-51000000.0,-2270000.0,-49935000.0,-33254000.0,0.0,87281000.0,0.0,29036000.0,29036000.0,29036000.0,0.0,0.0,0.098,109896000.0,63789000.0,143408000.0,0.074,3.78,32.453,29.41,1571764000.0,0.0,11.97,3.068,2.775,206151000.0,185432000.0,297275000.0,297275000.0,11064000.0,,,,,0.0,18896000.0,1.0,227417232.0,205656000.0,,1.445,1956938000.0,0.0,20560000.0,119096000.0,9.516,36997000.0
95,NBL,MRQ,1996-09-30,1996-09-30,1996-09-30,2021-09-14,,,,,,,,-72231000.0,,,95730000.0,15306000.0,,,,,,,,70742000.0,,0.004,0.01,37799000.0,108541000.0,0.46,108541000.0,37799000.0,25016000.0,0.078,0.073,0.078,,,,,,,65471000.0,,1.0,140203000.0,0.594,,12783000.0,,,,,,,,,,,48878000.0,-768185000.0,1609000.0,752000000.0,-2017000.0,751592000.0,-840416000.0,0.0,137702000.0,0.0,15306000.0,15306000.0,15306000.0,0.0,0.0,0.065,102870000.0,37333000.0,,0.128,,,,,0.0,10.562,,,,,235933000.0,235933000.0,18342000.0,,,,,0.0,13786000.0,1.0,,,,,,,9710000.0,,,
96,NBL,MRQ,1996-06-30,1996-06-30,1996-06-30,2021-09-14,,,,,,,,-67530000.0,,,85609000.0,16859000.0,,,,,,,,44787000.0,,0.004,0.01,31378000.0,76165000.0,0.415,76165000.0,31378000.0,26050000.0,0.083,0.08,0.083,,,,,,,4207000.0,,1.0,97963000.0,0.534,,5328000.0,,,,,,,,,,,3040000.0,0.0,847000.0,0.0,-2014000.0,-1167000.0,-67530000.0,0.0,71737000.0,0.0,16859000.0,16859000.0,16859000.0,0.0,0.0,0.092,66897000.0,31066000.0,,0.12,,,,,0.0,9.062,,,,,183572000.0,183572000.0,12897000.0,,,,,0.0,9213000.0,1.0,,,,,,,9191000.0,,,
97,NBL,MRQ,1996-03-31,1996-03-31,1996-03-31,2021-09-14,,,,,,,,-57946000.0,,,74644000.0,22679000.0,,,,,,,,38139000.0,,0.005,0.01,40975000.0,79114000.0,0.464,79114000.0,40975000.0,35627000.0,0.113,0.107,0.113,,,,,,,26279000.0,,1.0,95779000.0,0.562,,5348000.0,,,,,,,,,,,26329000.0,0.0,2060000.0,0.0,-2010000.0,50000.0,-57946000.0,0.0,84225000.0,0.0,22679000.0,22679000.0,22679000.0,0.0,0.0,0.133,55369000.0,40410000.0,,0.088,,,,,0.0,8.312,,,,,170423000.0,170423000.0,7558000.0,,,,,0.0,9672000.0,1.0,,,,,,,12948000.0,,,
98,NBL,MRQ,1995-12-31,1995-12-31,1995-12-31,2021-09-14,0.0,989176000.0,,117512000.0,871664000.0,,2.058,,12429000.0,12429000.0,,,1.209,1.401,376992000.0,0.0,376992000.0,376992000.0,0.0,,0.0,0.005,0.01,,,,,,,,,,411911000.0,,411911000.0,,,,,,1.0,,,0.0,,1256561000.0,,2855000.0,0.0,0.0,0.0,577265000.0,97178000.0,480087000.0,,,,,,,,,,,,,,,,,,,,73536000.0,,,,373.5,843945000.0,,7.47,,3.07,79478000.0,109863000.0,,,,,,,,,,1.0,,200184000.0,,,989176000.0,0.0,,72881000.0,4.941,20334000.0
0,NBL,MRT,2020-06-30,2020-06-30,2020-06-30,2021-09-14,-29000000.0,15899000000.0,19002000000.0,1003000000.0,14896000000.0,0.204,8.357,-1843000000.0,324000000.0,324000000.0,1495000000.0,-5546000000.0,0.726,2.779,7936000000.0,0.0,7936000000.0,7936000000.0,0.0,1973000000.0,0.0,0.042,0.38,-5640000000.0,-3667000000.0,-0.944,-3667000000.0,-5640000000.0,-5939000000.0,-11.6,-11.6,-11.6,4003000000.0,6453500000.0,4003000000.0,11533100137.0,-2.0,-3.145,-537000000.0,-1.121,1.0,2389000000.0,0.615,0.0,299000000.0,22129000000.0,24157500000.0,0.0,0.0,0.0,0.0,11124000000.0,1382000000.0,9742000000.0,4298100137.0,-278000000.0,68000000.0,0.0,806000000.0,-184000000.0,822000000.0,-2406000000.0,-612000000.0,1306000000.0,0.0,-5560000000.0,-5560000000.0,-5560000000.0,0.0,14000000.0,-1.432,8210000000.0,-5821000000.0,676000000.0,-0.033,1.074,-0.773,-0.772,12986000000.0,0.0,8.96,1.107,1.105,465000000.0,-4198000000.0,3884000000.0,3884000000.0,1721000000.0,-0.293,-0.862,-0.233,-1.452,68000000.0,357000000.0,1.0,479698676.0,479000000.0,479000000.0,8.109,15899000000.0,0.0,-379000000.0,518000000.0,33.192,-379000000.0
1,NBL,MRT,2020-03-31,2020-03-31,2020-03-31,2021-09-14,-30000000.0,17458000000.0,20439500000.0,2312000000.0,15146000000.0,0.216,9.18,-2240000000.0,1397000000.0,1397000000.0,1591000000.0,-5151000000.0,1.321,2.798,8632000000.0,0.0,8632000000.0,8632000000.0,0.0,2181000000.0,0.0,0.079,0.48,-5157000000.0,-2976000000.0,-0.675,-2976000000.0,-5157000000.0,-5432000000.0,-10.77,-10.77,-10.77,4397000000.0,7710000000.0,4397000000.0,9883196583.0,-2.0,-3.321,-288000000.0,-0.601,1.0,2815000000.0,0.639,0.0,275000000.0,22943000000.0,25058750000.0,0.0,0.0,0.0,0.0,12303000000.0,1750000000.0,10553000000.0,2890196583.0,867000000.0,67000000.0,0.0,1876000000.0,-232000000.0,1838000000.0,-2923000000.0,-754000000.0,1952000000.0,0.0,-5162000000.0,-5162000000.0,-5162000000.0,0.0,11000000.0,-1.172,8376000000.0,-5561000000.0,1099000000.0,-0.045,0.657,-0.56,-0.561,13221000000.0,0.0,6.04,0.656,0.657,562000000.0,-3780000000.0,4406000000.0,4406000000.0,1739000000.0,-0.253,-0.67,-0.206,-1.17,68000000.0,399000000.0,1.0,478509368.0,479000000.0,479000000.0,9.198,17458000000.0,0.0,-270000000.0,615000000.0,36.447,562000000.0
2,NBL,MRT,2019-12-31,2019-12-31,2019-12-31,2021-09-14,-31000000.0,20647000000.0,21405000000.0,1362000000.0,19285000000.0,0.207,17.594,-2524000000.0,484000000.0,484000000.0,1568000000.0,-1433000000.0,0.692,1.366,7477000000.0,0.0,7477000000.0,7477000000.0,0.0,2197000000.0,0.0,0.019,0.47,-1595000000.0,602000000.0,0.136,602000000.0,-1595000000.0,-1855000000.0,-3.16,-3.16,-3.16,8410000000.0,8878500000.0,8410000000.0,18348922469.0,-12.0,30.48,-526000000.0,-1.1,1.0,2870000000.0,0.647,0.0,260000000.0,25671000000.0,25719750000.0,0.0,0.0,0.0,0.0,11486000000.0,1969000000.0,9517000000.0,11880922469.0,-235000000.0,173000000.0,0.0,882000000.0,-227000000.0,905000000.0,-3138000000.0,-799000000.0,1998000000.0,0.0,-1512000000.0,-1512000000.0,-1512000000.0,0.0,79000000.0,-0.341,4189000000.0,-1319000000.0,1250000000.0,-0.149,1.413,-7.858,-7.861,17451000000.0,0.0,24.84,2.677,2.675,730000000.0,241000000.0,4438000000.0,4438000000.0,202000000.0,-0.071,-0.17,-0.062,-0.359,68000000.0,416000000.0,1.0,478298006.0,478000000.0,478000000.0,9.285,20647000000.0,0.0,-343000000.0,662000000.0,43.195,-607000000.0
3,NBL,MRT,2019-09-30,2019-09-30,2019-09-30,2021-09-14,-30000000.0,22004000000.0,21495750000.0,1427000000.0,20577000000.0,0.208,18.837,-2688000000.0,473000000.0,473000000.0,1561000000.0,-1047000000.0,0.552,1.313,6941000000.0,0.0,6941000000.0,6941000000.0,0.0,2135000000.0,0.0,0.02,0.46,-835000000.0,1300000000.0,0.291,1300000000.0,-835000000.0,-1097000000.0,-2.34,-2.33,-2.34,9004000000.0,9132500000.0,9004000000.0,17137565098.0,-21.0,13.183,-599000000.0,-1.253,1.0,2900000000.0,0.65,0.0,262000000.0,25887000000.0,25587500000.0,0.0,0.0,0.0,0.0,11818000000.0,2585000000.0,9233000000.0,10741565098.0,-248000000.0,390000000.0,-72000000.0,911000000.0,-220000000.0,620000000.0,-2957000000.0,-686000000.0,2089000000.0,0.0,-1130000000.0,-1130000000.0,-1130000000.0,0.0,83000000.0,-0.253,4150000000.0,-1250000000.0,1395000000.0,-0.197,1.193,-9.506,-9.598,18797000000.0,0.0,22.46,2.408,2.407,677000000.0,1506000000.0,4461000000.0,4461000000.0,186000000.0,-0.053,-0.124,-0.033,-0.187,62000000.0,367000000.0,1.0,478253121.0,478000000.0,480000000.0,9.333,22004000000.0,0.0,33000000.0,954000000.0,46.033,-1158000000.0
4,NBL,MRT,2019-06-30,2019-06-30,2019-06-30,2021-09-14,-31000000.0,21649000000.0,21531500000.0,1358000000.0,20291000000.0,0.214,18.889,-2902000000.0,470000000.0,470000000.0,1517000000.0,-835000000.0,0.588,1.268,6866000000.0,0.0,6866000000.0,6866000000.0,0.0,2037000000.0,0.0,0.02,0.45,-578000000.0,1459000000.0,0.316,1459000000.0,-578000000.0,-843000000.0,-1.91,-1.9,-1.91,9029000000.0,9468000000.0,9029000000.0,16922385309.0,-29.0,11.599,-553000000.0,-1.157,1.0,3098000000.0,0.671,0.0,265000000.0,25734000000.0,25234000000.0,0.0,0.0,0.0,0.0,11445000000.0,2311000000.0,9134000000.0,10712385309.0,-19000000.0,737000000.0,-165000000.0,580000000.0,-217000000.0,210000000.0,-2578000000.0,-415000000.0,2349000000.0,0.0,-920000000.0,-920000000.0,-920000000.0,0.0,85000000.0,-0.199,4034000000.0,-936000000.0,1313000000.0,-0.236,1.186,-11.644,-11.728,18775000000.0,0.0,22.4,2.321,2.32,575000000.0,1546000000.0,4615000000.0,4615000000.0,186000000.0,-0.043,-0.097,-0.023,-0.125,62000000.0,383000000.0,1.0,478231487.0,478000000.0,478000000.0,9.655,21649000000.0,0.0,77000000.0,961000000.0,45.291,-953000000.0
5,NBL,MRT,2019-03-31,2019-03-31,2019-03-31,2021-09-14,-32000000.0,21320000000.0,21582750000.0,1243000000.0,20077000000.0,0.22,18.977,-3255000000.0,528000000.0,528000000.0,1505000000.0,-849000000.0,0.64,1.221,6738000000.0,0.0,6738000000.0,6738000000.0,0.0,1974000000.0,0.0,0.018,0.44,-585000000.0,1389000000.0,0.292,1389000000.0,-585000000.0,-860000000.0,-1.94,-1.93,-1.94,9071000000.0,9773750000.0,9071000000.0,17670121900.0,-30.0,12.721,-974000000.0,-2.038,1.0,3247000000.0,0.683,0.0,275000000.0,25587000000.0,24883750000.0,0.0,0.0,0.0,0.0,11080000000.0,1943000000.0,9137000000.0,11812121900.0,-492000000.0,1254000000.0,-228000000.0,-89000000.0,-213000000.0,-503000000.0,-2270000000.0,-271000000.0,2281000000.0,0.0,-933000000.0,-933000000.0,-933000000.0,0.0,84000000.0,-0.196,3950000000.0,-703000000.0,1284000000.0,-0.227,1.302,-12.66,-12.747,18701000000.0,0.0,24.73,2.486,2.488,573000000.0,1614000000.0,4752000000.0,4752000000.0,153000000.0,-0.043,-0.095,-0.024,-0.123,62000000.0,383000000.0,1.0,477643425.0,478000000.0,478000000.0,9.941,21320000000.0,0.0,73000000.0,961000000.0,44.603,-700000000.0
6,NBL,MRT,2018-12-31,2018-12-31,2018-12-31,2021-09-14,-32000000.0,21010000000.0,21864750000.0,1750000000.0,19260000000.0,0.228,19.516,-3279000000.0,716000000.0,716000000.0,1493000000.0,14000000.0,1.014,1.117,6574000000.0,0.0,6574000000.0,6574000000.0,0.0,1934000000.0,0.0,0.023,0.43,342000000.0,2276000000.0,0.456,2276000000.0,342000000.0,60000000.0,-0.14,-0.14,-0.14,9426000000.0,10096500000.0,9426000000.0,14852029240.0,43.0,6.525,-943000000.0,-1.952,1.0,3493000000.0,0.701,0.0,282000000.0,25142000000.0,24661500000.0,0.0,0.0,0.0,0.0,10526000000.0,1726000000.0,8800000000.0,9001029240.0,6000000.0,1346000000.0,-295000000.0,-139000000.0,-208000000.0,-399000000.0,-1931000000.0,0.0,2336000000.0,0.0,-66000000.0,-66000000.0,-66000000.0,0.0,80000000.0,-0.013,3985000000.0,-492000000.0,1207000000.0,-3.071,0.955,-136.379,-134.0,18419000000.0,0.0,18.76,1.805,1.817,616000000.0,1980000000.0,4986000000.0,4986000000.0,129000000.0,-0.003,-0.007,0.014,0.069,62000000.0,385000000.0,1.0,479799000.0,483000000.0,483000000.0,10.323,21010000000.0,0.0,126000000.0,1061000000.0,43.499,24000000.0
7,NBL,MRT,2018-09-30,2018-09-30,2018-09-30,2021-09-14,-27000000.0,22147000000.0,21981250000.0,1727000000.0,20420000000.0,0.227,21.465,-3282000000.0,720000000.0,720000000.0,1361000000.0,1332000000.0,0.813,1.039,6571000000.0,0.0,6571000000.0,6571000000.0,0.0,1917000000.0,0.0,0.013,0.42,1371000000.0,3288000000.0,0.659,3288000000.0,1371000000.0,1072000000.0,2.65,2.65,2.65,10346000000.0,10224000000.0,10346000000.0,21002475060.0,15.0,6.388,-973000000.0,-2.019,1.0,3629000000.0,0.727,1401000000.0,299000000.0,24473000000.0,24500500000.0,0.0,0.0,0.0,0.0,10753000000.0,2124000000.0,8629000000.0,15068475060.0,157000000.0,2022000000.0,-223000000.0,-833000000.0,-205000000.0,-873000000.0,-1279000000.0,0.0,2309000000.0,0.0,1252000000.0,1252000000.0,1252000000.0,0.0,80000000.0,0.251,2804000000.0,825000000.0,1239000000.0,0.158,1.456,12.036,11.77,18245000000.0,0.0,31.19,3.02,3.013,698000000.0,2850000000.0,4990000000.0,4990000000.0,52000000.0,0.057,0.122,0.056,0.275,21000000.0,427000000.0,1.0,483118790.0,482000000.0,484000000.0,10.353,20746000000.0,0.0,-180000000.0,983000000.0,43.041,-397000000.0
8,NBL,MRT,2018-06-30,2018-06-30,2018-06-30,2021-09-14,-28000000.0,21854000000.0,21856750000.0,1551000000.0,20303000000.0,0.214,21.182,-3216000000.0,621000000.0,621000000.0,1292000000.0,969000000.0,0.755,1.031,6555000000.0,0.0,6555000000.0,6555000000.0,0.0,1955000000.0,0.0,0.012,0.41,874000000.0,2829000000.0,0.605,2829000000.0,874000000.0,557000000.0,1.9,1.9,1.9,10252000000.0,10004000000.0,10252000000.0,22957066943.0,26.0,8.115,-1063000000.0,-2.196,1.0,3385000000.0,0.724,1402000000.0,317000000.0,24333000000.0,24796000000.0,0.0,0.0,0.0,0.0,10573000000.0,2053000000.0,8520000000.0,17091066943.0,81000000.0,1689000000.0,-130000000.0,-622000000.0,-200000000.0,-526000000.0,-1546000000.0,0.0,2153000000.0,0.0,889000000.0,889000000.0,889000000.0,0.0,80000000.0,0.19,2863000000.0,522000000.0,1308000000.0,0.216,1.667,19.225,18.568,17917000000.0,0.0,35.28,3.654,3.651,743000000.0,2677000000.0,4677000000.0,4677000000.0,116000000.0,0.041,0.089,0.035,0.187,37000000.0,422000000.0,1.0,484440673.0,484000000.0,484000000.0,9.663,20452000000.0,0.0,-332000000.0,970000000.0,42.256,-502000000.0
9,NBL,MRT,2018-03-31,2018-03-31,2018-03-31,2021-09-14,-29000000.0,22448000000.0,21786750000.0,2594000000.0,19854000000.0,0.207,21.277,-2849000000.0,992000000.0,992000000.0,1214000000.0,-523000000.0,1.172,1.067,6858000000.0,0.0,6858000000.0,6858000000.0,0.0,1993000000.0,0.0,0.013,0.4,-1444000000.0,549000000.0,0.122,549000000.0,-1444000000.0,-1784000000.0,-1.25,-1.25,-1.25,10362000000.0,9849750000.0,10362000000.0,20824158082.0,-14.0,37.931,-851000000.0,-1.747,1.0,3292000000.0,0.731,1402000000.0,340000000.0,24698000000.0,25033500000.0,0.0,0.0,0.0,0.0,11061000000.0,2214000000.0,8847000000.0,14753158082.0,235000000.0,1640000000.0,-67000000.0,-738000000.0,-194000000.0,-467000000.0,-1296000000.0,-68000000.0,1998000000.0,0.0,-600000000.0,-600000000.0,-600000000.0,0.0,77000000.0,-0.133,3013000000.0,279000000.0,1423000000.0,-0.32,1.424,-24.589,-24.24,17431000000.0,0.0,30.3,3.274,3.275,707000000.0,2754000000.0,4506000000.0,4506000000.0,146000000.0,-0.028,-0.061,-0.058,-0.32,104000000.0,420000000.0,1.0,486902907.0,487000000.0,488000000.0,9.253,21046000000.0,0.0,-1184000000.0,976000000.0,43.216,380000000.0
10,NBL,MRT,2017-12-31,2017-12-31,2017-12-31,2021-09-14,-30000000.0,21476000000.0,21426750000.0,2203000000.0,19273000000.0,0.199,21.186,-2649000000.0,675000000.0,675000000.0,1141000000.0,-1050000000.0,1.267,1.093,6746000000.0,0.0,6746000000.0,6746000000.0,0.0,2053000000.0,0.0,0.014,0.4,-1905000000.0,148000000.0,0.035,148000000.0,-1905000000.0,-2259000000.0,-2.38,-2.38,-2.38,9936000000.0,9582250000.0,9936000000.0,21102736256.0,-11.0,142.586,-698000000.0,-1.488,1.0,3115000000.0,0.732,1310000000.0,354000000.0,24498000000.0,25289750000.0,0.0,0.0,0.0,0.0,10857000000.0,1739000000.0,9118000000.0,14179736256.0,-497000000.0,1119000000.0,0.0,-858000000.0,-190000000.0,-831000000.0,-1617000000.0,-68000000.0,1951000000.0,0.0,-1118000000.0,-1118000000.0,-1118000000.0,0.0,68000000.0,-0.263,5243000000.0,-2128000000.0,1161000000.0,-0.168,1.427,-12.683,-12.244,17502000000.0,0.0,29.14,3.332,3.211,748000000.0,2248000000.0,4256000000.0,4256000000.0,188000000.0,-0.052,-0.117,-0.075,-0.448,104000000.0,415000000.0,1.0,486607284.0,469000000.0,469000000.0,9.075,20166000000.0,0.0,-1141000000.0,1127000000.0,42.998,464000000.0
11,NBL,MRT,2017-09-30,2017-09-30,2017-09-30,2021-09-14,-29000000.0,21649000000.0,21310500000.0,1542000000.0,20107000000.0,0.191,19.437,-2333000000.0,564000000.0,564000000.0,1127000000.0,-1806000000.0,0.951,1.237,7487000000.0,0.0,7487000000.0,7487000000.0,0.0,2149000000.0,0.0,0.014,0.4,-2725000000.0,-576000000.0,-0.142,-576000000.0,-2725000000.0,-3082000000.0,-3.99,-3.99,-3.99,9466000000.0,9420250000.0,9466000000.0,20391417363.0,-7.0,-35.402,-618000000.0,-1.269,1.0,2938000000.0,0.723,1295000000.0,357000000.0,25655000000.0,25506250000.0,0.0,0.0,0.0,0.0,11706000000.0,1622000000.0,10084000000.0,13798417363.0,-1255000000.0,456000000.0,0.0,-1024000000.0,-184000000.0,-1115000000.0,-1855000000.0,-60000000.0,1715000000.0,0.0,-1864000000.0,-1864000000.0,-1864000000.0,0.0,58000000.0,-0.459,3480000000.0,-542000000.0,1123000000.0,-0.1,1.458,-7.403,-7.108,18396000000.0,0.0,28.36,3.394,3.398,675000000.0,1803000000.0,4065000000.0,4065000000.0,685000000.0,-0.087,-0.198,-0.107,-0.67,99000000.0,410000000.0,1.0,486545041.0,487000000.0,487000000.0,8.347,20354000000.0,0.0,-1218000000.0,1352000000.0,41.795,-80000000.0
12,NBL,MRT,2017-06-30,2017-06-30,2017-06-30,2021-09-14,-30000000.0,21574000000.0,21515500000.0,1577000000.0,19997000000.0,0.187,20.413,-1944000000.0,540000000.0,540000000.0,1129000000.0,-1834000000.0,0.989,1.191,7133000000.0,0.0,7133000000.0,7133000000.0,0.0,2246000000.0,0.0,0.014,0.4,-2779000000.0,-533000000.0,-0.133,-533000000.0,-2779000000.0,-3134000000.0,-4.04,-4.04,-4.04,9635000000.0,9440000000.0,9635000000.0,18417031567.0,-7.0,-34.554,-156000000.0,-0.331,1.0,2886000000.0,0.719,1289000000.0,355000000.0,25283000000.0,25836500000.0,0.0,0.0,0.0,0.0,11476000000.0,1595000000.0,9881000000.0,12209031567.0,-760000000.0,453000000.0,0.0,-1255000000.0,-178000000.0,-1077000000.0,-1471000000.0,-62000000.0,1788000000.0,0.0,-1872000000.0,-1872000000.0,-1872000000.0,0.0,38000000.0,-0.466,3680000000.0,-794000000.0,1086000000.0,-0.099,1.267,-6.522,-7.005,18276000000.0,0.0,28.3,3.041,3.327,699000000.0,1988000000.0,4015000000.0,4015000000.0,746000000.0,-0.087,-0.198,-0.108,-0.692,104000000.0,403000000.0,1.0,431414543.0,472000000.0,472000000.0,8.506,20285000000.0,0.0,-1262000000.0,1469000000.0,42.977,-18000000.0
13,NBL,MRT,2017-03-31,2017-03-31,2017-03-31,2021-09-14,-31000000.0,21008000000.0,21751000000.0,1445000000.0,19563000000.0,0.175,21.559,-1632000000.0,787000000.0,787000000.0,1126000000.0,-651000000.0,0.968,1.227,6995000000.0,0.0,6995000000.0,6995000000.0,0.0,2365000000.0,0.0,0.012,0.4,-947000000.0,1418000000.0,0.373,1418000000.0,-947000000.0,-1284000000.0,-1.57,-1.57,-1.57,9292000000.0,9459500000.0,9292000000.0,20615205836.0,-22.0,14.538,4000000.0,0.009,1.0,2677000000.0,0.704,0.0,337000000.0,25723000000.0,26443000000.0,0.0,0.0,0.0,0.0,11399000000.0,1493000000.0,9906000000.0,14784205836.0,-166000000.0,520000000.0,0.0,-850000000.0,-175000000.0,-772000000.0,-1030000000.0,0.0,1636000000.0,0.0,-675000000.0,-675000000.0,-675000000.0,0.0,24000000.0,-0.177,3755000000.0,-1078000000.0,895000000.0,-0.255,1.591,-21.903,-21.873,19028000000.0,0.0,34.34,3.888,3.892,523000000.0,3549000000.0,3803000000.0,3803000000.0,805000000.0,-0.031,-0.071,-0.036,-0.249,77000000.0,407000000.0,1.0,430524340.0,431000000.0,434000000.0,8.824,21008000000.0,0.0,-609000000.0,1819000000.0,48.742,-48000000.0
14,NBL,MRT,2016-12-31,2016-12-31,2016-12-31,2021-09-14,-31000000.0,21011000000.0,22352250000.0,1955000000.0,19056000000.0,0.156,21.6,-1541000000.0,1180000000.0,1180000000.0,1100000000.0,-985000000.0,1.323,1.229,7011000000.0,0.0,7011000000.0,7011000000.0,0.0,2454000000.0,0.0,0.011,0.4,-1457000000.0,997000000.0,0.286,997000000.0,-1457000000.0,-1785000000.0,-2.32,-2.32,-2.32,9288000000.0,9649500000.0,9288000000.0,22389450965.0,-15.0,22.457,-190000000.0,-0.442,1.0,2391000000.0,0.685,0.0,328000000.0,25364000000.0,27196250000.0,0.0,0.0,0.0,0.0,11411000000.0,1478000000.0,9933000000.0,16354450965.0,182000000.0,1058000000.0,0.0,-833000000.0,-172000000.0,-768000000.0,-401000000.0,0.0,1351000000.0,0.0,-998000000.0,-998000000.0,-998000000.0,0.0,13000000.0,-0.286,4005000000.0,-1614000000.0,736000000.0,-0.172,1.761,-16.387,-16.405,18548000000.0,0.0,38.06,4.685,4.688,615000000.0,3556000000.0,3491000000.0,3491000000.0,925000000.0,-0.045,-0.103,-0.054,-0.417,77000000.0,399000000.0,1.0,429701812.0,430000000.0,430000000.0,8.119,21011000000.0,0.0,-787000000.0,1819000000.0,48.863,477000000.0
15,NBL,MRT,2016-09-30,2016-09-30,2016-09-30,2021-09-14,-32000000.0,22469000000.0,23148500000.0,2777000000.0,19692000000.0,0.144,22.198,-1624000000.0,1819000000.0,1819000000.0,1119000000.0,-2773000000.0,1.817,1.323,7854000000.0,0.0,7854000000.0,7854000000.0,0.0,2546000000.0,0.0,0.013,0.48,-2535000000.0,11000000.0,0.003,11000000.0,-2535000000.0,-2858000000.0,-6.75,-6.75,-6.75,9545000000.0,9920000000.0,9545000000.0,21924470597.0,-9.0,1993.134,6000000.0,0.014,1.0,2221000000.0,0.665,0.0,323000000.0,26976000000.0,28190000000.0,0.0,0.0,0.0,0.0,12624000000.0,1528000000.0,11096000000.0,15356470597.0,791000000.0,725000000.0,0.0,70000000.0,-206000000.0,25000000.0,-864000000.0,78000000.0,1630000000.0,0.0,-2774000000.0,-2774000000.0,-2774000000.0,0.0,1000000.0,-0.831,4866000000.0,-2645000000.0,786000000.0,-0.071,1.609,-5.536,-5.295,19105000000.0,0.0,35.74,4.598,4.601,486000000.0,3851000000.0,3340000000.0,3340000000.0,557000000.0,-0.12,-0.28,-0.09,-0.759,78000000.0,381000000.0,1.0,429671813.0,430000000.0,430000000.0,7.767,22469000000.0,0.0,-84000000.0,2103000000.0,52.253,1249000000.0
16,NBL,MRT,2016-06-30,2016-06-30,2016-06-30,2021-09-14,-32000000.0,22516000000.0,24022500000.0,2189000000.0,20327000000.0,0.135,22.588,-1893000000.0,1300000000.0,1300000000.0,1084000000.0,-2913000000.0,1.592,1.318,7868000000.0,0.0,7868000000.0,7868000000.0,0.0,2465000000.0,0.0,0.016,0.56,-2528000000.0,-63000000.0,-0.019,-63000000.0,-2528000000.0,-2836000000.0,-7.09,-7.09,-7.09,9713000000.0,10646250000.0,9713000000.0,22338474510.0,-9.0,-354.579,-357000000.0,-0.83,1.0,2165000000.0,0.666,0.0,308000000.0,27709000000.0,28929250000.0,0.0,0.0,0.0,0.0,12803000000.0,1375000000.0,11428000000.0,15409474510.0,22000000.0,767000000.0,0.0,-1148000000.0,-243000000.0,-404000000.0,-1110000000.0,59000000.0,1536000000.0,0.0,-2913000000.0,-2913000000.0,-2913000000.0,0.0,0.0,-0.897,5027000000.0,-2862000000.0,780000000.0,-0.079,1.586,-5.29,-5.059,19734000000.0,0.0,35.87,4.743,4.747,476000000.0,4038000000.0,3249000000.0,3249000000.0,635000000.0,-0.121,-0.274,-0.087,-0.778,88000000.0,395000000.0,1.0,429592264.0,430000000.0,430000000.0,7.556,22516000000.0,0.0,77000000.0,2387000000.0,52.363,814000000.0
17,NBL,MRT,2016-03-31,2016-03-31,2016-03-31,2021-09-14,-33000000.0,23413000000.0,24064750000.0,2092000000.0,21321000000.0,0.13,23.431,-2364000000.0,953000000.0,953000000.0,1022000000.0,-2707000000.0,1.303,1.329,7882000000.0,0.0,7882000000.0,7882000000.0,0.0,2294000000.0,0.0,0.02,0.64,-2347000000.0,-53000000.0,-0.017,-53000000.0,-2347000000.0,-2631000000.0,-6.64,-6.64,-6.64,10052000000.0,11020250000.0,10052000000.0,20417974178.0,-9.0,-385.245,-592000000.0,-1.38,1.0,2118000000.0,0.675,0.0,284000000.0,28736000000.0,28213750000.0,0.0,0.0,0.0,0.0,13361000000.0,1606000000.0,11755000000.0,13469974178.0,-756000000.0,264000000.0,0.0,-1158000000.0,-268000000.0,-429000000.0,-2099000000.0,44000000.0,1772000000.0,0.0,-2707000000.0,-2707000000.0,-2707000000.0,0.0,0.0,-0.862,4879000000.0,-2761000000.0,1005000000.0,-0.096,1.34,-4.976,-4.73,20707000000.0,0.0,31.41,4.29,4.291,531000000.0,4398000000.0,3140000000.0,3140000000.0,587000000.0,-0.112,-0.246,-0.083,-0.747,65000000.0,392000000.0,1.0,428843495.0,429000000.0,429000000.0,7.319,23413000000.0,0.0,76000000.0,2640000000.0,54.576,486000000.0
18,NBL,MRT,2015-12-31,2015-12-31,2015-12-31,2021-09-14,-33000000.0,24196000000.0,24026750000.0,2276000000.0,21920000000.0,0.132,25.796,-2979000000.0,1028000000.0,1028000000.0,996000000.0,-2441000000.0,1.261,1.333,7976000000.0,0.0,7976000000.0,7976000000.0,0.0,2131000000.0,0.0,0.022,0.72,-1956000000.0,175000000.0,0.055,175000000.0,-1956000000.0,-2219000000.0,-6.07,-6.07,-6.07,10370000000.0,11346500000.0,10370000000.0,21117288423.0,-11.0,120.67,-917000000.0,-2.281,1.0,2187000000.0,0.687,0.0,263000000.0,29339000000.0,27256000000.0,0.0,0.0,0.0,0.0,13826000000.0,1805000000.0,12021000000.0,14112288423.0,-155000000.0,151000000.0,0.0,-82000000.0,-291000000.0,654000000.0,-2871000000.0,0.0,2062000000.0,0.0,-2441000000.0,-2441000000.0,-2441000000.0,0.0,0.0,-0.767,4659000000.0,-2472000000.0,1128000000.0,-0.119,1.361,-5.781,-5.425,21300000000.0,0.0,32.93,4.434,4.159,450000000.0,4726000000.0,3183000000.0,3183000000.0,488000000.0,-0.102,-0.215,-0.072,-0.615,86000000.0,396000000.0,1.0,428554158.0,402000000.0,402000000.0,7.918,24196000000.0,0.0,222000000.0,2826000000.0,60.189,471000000.0
19,NBL,MRT,2015-09-30,2015-09-30,2015-09-30,2021-09-14,-37000000.0,25965000000.0,23607250000.0,2530000000.0,23435000000.0,0.144,29.643,-3805000000.0,1028000000.0,1028000000.0,975000000.0,-11000000.0,1.209,1.086,8033000000.0,0.0,8033000000.0,8033000000.0,0.0,1906000000.0,0.0,0.024,0.72,272000000.0,2178000000.0,0.639,2178000000.0,272000000.0,31000000.0,0.1,0.05,0.1,12450000000.0,11335250000.0,12450000000.0,16515036480.0,61.0,7.583,-1516000000.0,-3.61,1.0,2433000000.0,0.714,945000000.0,241000000.0,29933000000.0,25986500000.0,0.0,0.0,0.0,0.0,13515000000.0,2092000000.0,11423000000.0,11681036480.0,-141000000.0,221000000.0,-30000000.0,430000000.0,-281000000.0,1253000000.0,-3683000000.0,57000000.0,2289000000.0,0.0,-11000000.0,-11000000.0,-11000000.0,0.0,0.0,-0.003,3440000000.0,-1007000000.0,1297000000.0,7.2,0.938,-1061.912,301.8,21749000000.0,0.0,30.18,3.428,3.719,571000000.0,6831000000.0,3408000000.0,3408000000.0,457000000.0,0.0,-0.001,0.01,0.08,89000000.0,411000000.0,1.0,387045609.0,420000000.0,420000000.0,8.114,25020000000.0,0.0,42000000.0,2286000000.0,59.571,438000000.0
20,NBL,MRT,2015-06-30,2015-06-30,2015-06-30,2021-09-14,-83000000.0,22685000000.0,22412500000.0,2532000000.0,20153000000.0,0.172,28.964,-4448000000.0,1278000000.0,1278000000.0,944000000.0,691000000.0,1.232,1.024,6112000000.0,0.0,6112000000.0,6112000000.0,0.0,1827000000.0,0.0,0.017,0.72,1088000000.0,2915000000.0,0.756,2915000000.0,1088000000.0,866000000.0,1.93,1.84,1.93,11209000000.0,10707250000.0,11209000000.0,20921352914.0,19.0,7.177,-1733000000.0,-4.478,1.0,2914000000.0,0.755,616000000.0,222000000.0,24847000000.0,24169000000.0,0.0,0.0,0.0,0.0,11476000000.0,2056000000.0,9420000000.0,16517352914.0,320000000.0,326000000.0,-26000000.0,1934000000.0,-267000000.0,1667000000.0,-4062000000.0,60000000.0,2715000000.0,0.0,691000000.0,691000000.0,691000000.0,0.0,0.0,0.179,3224000000.0,-310000000.0,1222000000.0,0.373,1.474,23.904,22.114,18823000000.0,0.0,42.68,4.281,4.281,554000000.0,7193000000.0,3858000000.0,3858000000.0,471000000.0,0.031,0.065,0.045,0.282,80000000.0,434000000.0,1.0,387004520.0,387000000.0,387000000.0,9.969,22069000000.0,0.0,175000000.0,2278000000.0,57.026,476000000.0
21,NBL,MRT,2015-03-31,2015-03-31,2015-03-31,2021-09-14,-97000000.0,23261000000.0,21885000000.0,3398000000.0,19863000000.0,0.206,30.695,-4824000000.0,1709000000.0,1709000000.0,970000000.0,992000000.0,1.586,1.048,6113000000.0,0.0,6113000000.0,6113000000.0,0.0,1788000000.0,0.0,0.015,0.72,1612000000.0,3400000000.0,0.755,3400000000.0,1612000000.0,1392000000.0,2.74,2.64,2.74,11357000000.0,10293500000.0,11357000000.0,22627976021.0,14.0,6.655,-1706000000.0,-4.611,1.0,3533000000.0,0.785,617000000.0,220000000.0,24905000000.0,23437500000.0,0.0,0.0,0.0,0.0,11904000000.0,2143000000.0,9761000000.0,17707976021.0,355000000.0,348000000.0,5000000.0,1881000000.0,-263000000.0,1660000000.0,-4423000000.0,53000000.0,3118000000.0,0.0,992000000.0,992000000.0,992000000.0,0.0,0.0,0.22,3153000000.0,380000000.0,1269000000.0,0.263,1.559,17.851,17.847,18462000000.0,0.0,48.9,3.932,4.018,769000000.0,7372000000.0,4503000000.0,4503000000.0,489000000.0,0.045,0.096,0.069,0.358,85000000.0,457000000.0,1.0,362126299.0,370000000.0,370000000.0,12.17,22644000000.0,0.0,400000000.0,2491000000.0,61.2,1255000000.0
22,NBL,MRT,2014-12-31,2014-12-31,2014-12-31,2021-09-14,-90000000.0,22518000000.0,21117750000.0,3075000000.0,19443000000.0,0.242,28.601,-4871000000.0,1183000000.0,1183000000.0,945000000.0,1214000000.0,1.219,1.181,6068000000.0,0.0,6068000000.0,6068000000.0,0.0,1759000000.0,0.0,0.014,0.68,1920000000.0,3679000000.0,0.719,3679000000.0,1920000000.0,1710000000.0,3.36,3.27,3.36,10325000000.0,9794500000.0,10325000000.0,21491861004.0,11.0,5.842,-1365000000.0,-3.781,1.0,4170000000.0,0.815,620000000.0,210000000.0,24261000000.0,22468500000.0,0.0,0.0,0.0,0.0,12193000000.0,2522000000.0,9671000000.0,17162861004.0,66000000.0,321000000.0,0.0,1223000000.0,-249000000.0,1025000000.0,-4465000000.0,85000000.0,3506000000.0,0.0,1214000000.0,1214000000.0,1214000000.0,0.0,0.0,0.237,3252000000.0,918000000.0,1578000000.0,0.202,1.662,14.137,14.116,18143000000.0,0.0,47.43,3.355,3.347,857000000.0,7458000000.0,5115000000.0,5115000000.0,498000000.0,0.057,0.124,0.085,0.375,87000000.0,503000000.0,1.0,361856652.0,361000000.0,367000000.0,14.169,21898000000.0,0.0,496000000.0,2516000000.0,60.659,553000000.0
23,NBL,MRT,2014-09-30,2014-09-30,2014-09-30,2021-09-14,-107000000.0,21186000000.0,20398750000.0,2270000000.0,18916000000.0,0.263,27.453,-4511000000.0,1169000000.0,1169000000.0,914000000.0,946000000.0,1.017,1.132,5498000000.0,0.0,5498000000.0,5498000000.0,0.0,1719000000.0,0.0,0.009,0.64,1533000000.0,3252000000.0,0.607,3252000000.0,1533000000.0,1328000000.0,2.62,2.55,2.62,9938000000.0,9509250000.0,9938000000.0,28930020712.0,19.0,8.896,-1024000000.0,-2.829,1.0,4445000000.0,0.829,620000000.0,205000000.0,22663000000.0,21433750000.0,0.0,0.0,0.0,0.0,11248000000.0,2232000000.0,9016000000.0,24728020712.0,231000000.0,520000000.0,42000000.0,826000000.0,-234000000.0,657000000.0,-3913000000.0,-76000000.0,3487000000.0,0.0,946000000.0,946000000.0,946000000.0,-13000000.0,0.0,0.177,2923000000.0,1522000000.0,1425000000.0,0.244,2.488,26.14,26.092,17758000000.0,0.0,68.36,4.614,4.618,740000000.0,7122000000.0,5359000000.0,5359000000.0,554000000.0,0.046,0.099,0.072,0.286,88000000.0,508000000.0,1.0,361732310.0,362000000.0,367000000.0,14.804,20566000000.0,0.0,382000000.0,2464000000.0,56.812,38000000.0
24,NBL,MRT,2014-06-30,2014-06-30,2014-06-30,2021-09-14,-111000000.0,20575000000.0,19819250000.0,2274000000.0,18301000000.0,0.277,26.465,-4339000000.0,958000000.0,958000000.0,919000000.0,732000000.0,1.017,1.154,5160000000.0,0.0,5160000000.0,5160000000.0,0.0,1671000000.0,0.0,0.008,0.6,1272000000.0,2943000000.0,0.537,2943000000.0,1272000000.0,1073000000.0,2.03,1.99,2.03,9554000000.0,9290750000.0,9554000000.0,31599926674.0,25.0,10.737,-889000000.0,-2.463,1.0,4565000000.0,0.832,621000000.0,199000000.0,21921000000.0,20610250000.0,0.0,0.0,0.0,0.0,11021000000.0,2235000000.0,8786000000.0,27942926674.0,252000000.0,359000000.0,46000000.0,1004000000.0,-218000000.0,857000000.0,-4055000000.0,-65000000.0,3450000000.0,0.0,732000000.0,732000000.0,732000000.0,-23000000.0,0.0,0.133,2750000000.0,1815000000.0,1369000000.0,0.296,2.925,38.173,38.158,16976000000.0,0.0,77.46,5.095,5.099,1004000000.0,6769000000.0,5484000000.0,5484000000.0,397000000.0,0.037,0.079,0.062,0.232,87000000.0,485000000.0,1.0,360740081.0,361000000.0,366000000.0,15.191,19954000000.0,0.0,341000000.0,2483000000.0,55.274,39000000.0
25,NBL,MRT,2014-03-31,2014-03-31,2014-03-31,2021-09-14,-114000000.0,20192000000.0,19175000000.0,2764000000.0,17428000000.0,0.274,26.003,-4299000000.0,1354000000.0,1354000000.0,885000000.0,917000000.0,1.257,1.157,5011000000.0,0.0,5011000000.0,5011000000.0,0.0,1628000000.0,0.0,0.008,0.56,1525000000.0,3153000000.0,0.601,3153000000.0,1525000000.0,1345000000.0,2.55,2.51,2.55,9361000000.0,9121000000.0,9361000000.0,29016705972.0,19.0,9.203,-1138000000.0,-3.161,1.0,4365000000.0,0.831,621000000.0,180000000.0,21029000000.0,19558750000.0,0.0,0.0,0.0,0.0,10831000000.0,2199000000.0,8632000000.0,25567705972.0,49000000.0,343000000.0,24000000.0,1056000000.0,-204000000.0,893000000.0,-4005000000.0,-40000000.0,3161000000.0,0.0,917000000.0,917000000.0,917000000.0,-42000000.0,0.0,0.175,2714000000.0,1651000000.0,1178000000.0,0.22,2.731,27.882,27.859,16117000000.0,0.0,71.04,4.87,4.871,865000000.0,6643000000.0,5250000000.0,5250000000.0,428000000.0,0.048,0.101,0.078,0.29,85000000.0,462000000.0,1.0,359905771.0,360000000.0,365000000.0,14.583,19571000000.0,0.0,428000000.0,2449000000.0,54.364,565000000.0
26,NBL,MRT,2013-12-31,2013-12-31,2013-12-31,2021-09-14,-117000000.0,19642000000.0,18554500000.0,2611000000.0,17031000000.0,0.27,25.582,-3947000000.0,1117000000.0,1117000000.0,844000000.0,978000000.0,1.115,1.139,4566000000.0,0.0,4566000000.0,4566000000.0,0.0,1570000000.0,0.0,0.008,0.545,1573000000.0,3143000000.0,0.627,3143000000.0,1573000000.0,1415000000.0,2.72,2.69,2.72,9184000000.0,8909250000.0,9184000000.0,27884352656.0,18.0,8.872,-1010000000.0,-2.813,1.0,4171000000.0,0.832,627000000.0,158000000.0,20122000000.0,18582000000.0,0.0,0.0,0.0,0.0,10458000000.0,2342000000.0,8116000000.0,24470352656.0,-270000000.0,327000000.0,37000000.0,609000000.0,-198000000.0,468000000.0,-3675000000.0,-48000000.0,2937000000.0,0.0,978000000.0,978000000.0,978000000.0,-71000000.0,0.0,0.195,2515000000.0,1656000000.0,1354000000.0,0.2,2.664,25.021,25.04,15725000000.0,0.0,68.11,4.879,4.876,947000000.0,6493000000.0,5015000000.0,5015000000.0,415000000.0,0.053,0.11,0.085,0.314,80000000.0,433000000.0,1.0,359276944.0,359000000.0,363000000.0,13.969,19015000000.0,0.0,437000000.0,2441000000.0,52.967,269000000.0
27,NBL,MRT,2013-09-30,2013-09-30,2013-09-30,2021-09-14,-103000000.0,18868000000.0,18032500000.0,2239000000.0,16629000000.0,0.269,25.248,-3986000000.0,938000000.0,938000000.0,799000000.0,1094000000.0,0.981,1.082,4352000000.0,0.0,4352000000.0,4352000000.0,0.0,1531000000.0,0.0,0.008,0.53,1637000000.0,3168000000.0,0.654,3168000000.0,1637000000.0,1503000000.0,3.06,3.03,3.06,9064000000.0,8677750000.0,9064000000.0,26895689395.0,16.0,8.49,-1071000000.0,-2.983,1.0,4048000000.0,0.835,631000000.0,134000000.0,19369000000.0,17735500000.0,0.0,0.0,0.0,0.0,9804000000.0,2282000000.0,7522000000.0,24054689395.0,-679000000.0,118000000.0,53000000.0,428000000.0,-191000000.0,311000000.0,-3905000000.0,-36000000.0,2915000000.0,0.0,1094000000.0,1094000000.0,1094000000.0,-31000000.0,0.0,0.226,2360000000.0,1688000000.0,1408000000.0,0.173,2.654,21.988,21.899,15357000000.0,0.0,67.01,4.963,4.963,973000000.0,6410000000.0,4847000000.0,4847000000.0,298000000.0,0.061,0.126,0.092,0.338,73000000.0,423000000.0,1.0,358971637.0,359000000.0,363000000.0,13.501,18237000000.0,0.0,409000000.0,2305000000.0,50.799,-43000000.0
28,NBL,MRT,2013-06-30,2013-06-30,2013-06-30,2021-09-14,-106000000.0,17998000000.0,17530500000.0,1911000000.0,16087000000.0,0.254,24.721,-3679000000.0,706000000.0,706000000.0,736000000.0,1110000000.0,0.767,1.028,3547000000.0,0.0,3547000000.0,3547000000.0,0.0,1488000000.0,0.0,0.008,0.5,1638000000.0,3126000000.0,0.701,3126000000.0,1638000000.0,1514000000.0,3.11,3.08,3.11,8875000000.0,8413750000.0,8875000000.0,23950082038.0,15.0,7.662,-749000000.0,-2.086,1.0,3722000000.0,0.835,631000000.0,124000000.0,17715000000.0,16917750000.0,0.0,0.0,0.0,0.0,9123000000.0,2493000000.0,6630000000.0,21532082038.0,4000000.0,1264000000.0,47000000.0,-374000000.0,-181000000.0,-489000000.0,-2437000000.0,-29000000.0,2930000000.0,0.0,1110000000.0,1110000000.0,1110000000.0,-78000000.0,0.0,0.249,2264000000.0,1458000000.0,1370000000.0,0.161,2.426,19.398,19.305,14753000000.0,0.0,60.04,4.83,4.835,847000000.0,6256000000.0,4458000000.0,4458000000.0,333000000.0,0.063,0.132,0.097,0.367,70000000.0,407000000.0,1.0,358628948.0,359000000.0,363000000.0,12.418,17367000000.0,0.0,404000000.0,2269000000.0,48.376,-582000000.0
29,NBL,MRT,2013-03-31,2013-03-31,2013-03-31,2021-09-14,-109000000.0,17710000000.0,17276250000.0,2451000000.0,15259000000.0,0.247,23.782,-3438000000.0,1305000000.0,1305000000.0,694000000.0,1025000000.0,1.032,1.08,3723000000.0,0.0,3723000000.0,3723000000.0,0.0,1458000000.0,0.0,0.008,0.47,1534000000.0,2992000000.0,0.7,2992000000.0,1534000000.0,1416000000.0,2.88,2.83,2.88,8514000000.0,8146250000.0,8514000000.0,23019161749.0,15.0,7.694,-541000000.0,-1.511,1.0,3580000000.0,0.838,632000000.0,118000000.0,17122000000.0,16818500000.0,0.0,0.0,0.0,0.0,9196000000.0,2374000000.0,6822000000.0,20670161749.0,162000000.0,1236000000.0,37000000.0,-377000000.0,-169000000.0,-492000000.0,-2243000000.0,-47000000.0,2897000000.0,0.0,1025000000.0,1025000000.0,1025000000.0,-76000000.0,0.0,0.24,2349000000.0,1231000000.0,1388000000.0,0.163,2.428,20.166,20.08,13995000000.0,0.0,57.83,4.836,4.844,776000000.0,5930000000.0,4274000000.0,4274000000.0,410000000.0,0.059,0.126,0.091,0.359,67000000.0,399000000.0,1.0,357429738.0,358000000.0,362000000.0,11.939,17078000000.0,0.0,391000000.0,2249000000.0,47.704,77000000.0
30,NBL,MRT,2012-12-31,2012-12-31,2012-12-31,2021-09-14,-113000000.0,17554000000.0,17114750000.0,2771000000.0,14783000000.0,0.247,23.197,-3650000000.0,1387000000.0,1387000000.0,673000000.0,1027000000.0,1.094,1.126,3736000000.0,0.0,3736000000.0,3736000000.0,0.0,1403000000.0,0.0,0.009,0.455,1543000000.0,2946000000.0,0.698,2946000000.0,1543000000.0,1418000000.0,2.89,2.86,2.89,8258000000.0,7901000000.0,8258000000.0,20228627593.0,13.0,6.866,-717000000.0,-2.014,1.0,3550000000.0,0.841,635000000.0,125000000.0,16736000000.0,16764250000.0,0.0,0.0,0.0,0.0,9296000000.0,2532000000.0,6764000000.0,18098627593.0,-68000000.0,1160000000.0,43000000.0,-373000000.0,-164000000.0,-474000000.0,-2527000000.0,-41000000.0,2933000000.0,0.0,1027000000.0,1027000000.0,1027000000.0,-62000000.0,0.0,0.243,2292000000.0,1258000000.0,1508000000.0,0.157,2.192,17.623,17.602,13551000000.0,0.0,50.87,4.286,4.288,964000000.0,5713000000.0,4223000000.0,4223000000.0,409000000.0,0.06,0.13,0.092,0.365,65000000.0,384000000.0,1.0,355781946.0,356000000.0,359000000.0,11.862,16919000000.0,0.0,391000000.0,2218000000.0,47.525,239000000.0
31,NBL,MRT,2012-09-30,2012-09-30,2012-09-30,2021-09-14,-94000000.0,16860000000.0,16837250000.0,2725000000.0,14135000000.0,0.235,22.494,-3411000000.0,1617000000.0,1617000000.0,641000000.0,480000000.0,1.207,1.105,3747000000.0,0.0,3747000000.0,3747000000.0,0.0,1304000000.0,0.0,0.009,0.44,694000000.0,1998000000.0,0.505,1998000000.0,694000000.0,585000000.0,1.335,1.345,1.335,8008000000.0,7652750000.0,8008000000.0,19858413855.0,29.0,9.939,-855000000.0,-2.402,1.0,3314000000.0,0.838,635000000.0,109000000.0,16098000000.0,16611500000.0,0.0,0.0,0.0,0.0,8852000000.0,2257000000.0,6595000000.0,16486413855.0,365000000.0,1153000000.0,20000000.0,229000000.0,-158000000.0,98000000.0,-2289000000.0,-31000000.0,2556000000.0,0.0,480000000.0,480000000.0,480000000.0,-107000000.0,0.0,0.121,2766000000.0,548000000.0,1243000000.0,0.33,2.059,34.347,34.723,12875000000.0,0.0,46.355,4.168,4.173,686000000.0,5507000000.0,3955000000.0,3955000000.0,406000000.0,0.029,0.063,0.042,0.175,109000000.0,372000000.0,1.0,355655568.0,356000000.0,359000000.0,11.11,16225000000.0,0.0,105000000.0,2157000000.0,45.576,468000000.0
32,NBL,MRT,2012-06-30,2012-06-30,2012-06-30,2021-09-14,-97000000.0,16981000000.0,16580500000.0,2218000000.0,14763000000.0,0.231,21.924,-3233000000.0,702000000.0,702000000.0,625000000.0,700000000.0,0.948,1.176,4074000000.0,0.0,4074000000.0,4074000000.0,0.0,1160000000.0,0.0,0.01,0.44,989000000.0,2149000000.0,0.561,2149000000.0,989000000.0,902000000.0,1.965,1.93,1.965,7805000000.0,7546250000.0,7805000000.0,18024929049.0,18.0,8.388,-1045000000.0,-2.935,1.0,3204000000.0,0.837,696000000.0,87000000.0,17318000000.0,16445500000.0,0.0,0.0,0.0,0.0,9176000000.0,2339000000.0,6837000000.0,15079929049.0,-825000000.0,-517000000.0,24000000.0,967000000.0,-158000000.0,841000000.0,-3854000000.0,-104000000.0,2188000000.0,0.0,700000000.0,700000000.0,700000000.0,0.0,0.0,0.183,2574000000.0,630000000.0,1279000000.0,0.224,1.932,21.543,21.583,13425000000.0,0.0,42.41,3.938,3.943,824000000.0,5327000000.0,3829000000.0,3829000000.0,367000000.0,0.042,0.093,0.06,0.258,91000000.0,368000000.0,1.0,355574842.0,356000000.0,361000000.0,10.756,16285000000.0,0.0,202000000.0,2080000000.0,45.744,-121000000.0
33,NBL,MRT,2012-03-31,2012-03-31,2012-03-31,2021-09-14,-98000000.0,17064000000.0,15920000000.0,2392000000.0,14672000000.0,0.233,21.28,-3034000000.0,1143000000.0,1143000000.0,594000000.0,702000000.0,0.993,1.265,4088000000.0,0.0,4088000000.0,4088000000.0,0.0,1056000000.0,0.0,0.009,0.42,957000000.0,2013000000.0,0.543,2013000000.0,957000000.0,876000000.0,1.975,1.945,1.975,7533000000.0,7384500000.0,7533000000.0,19948005748.0,21.0,9.91,-607000000.0,-1.715,1.0,3112000000.0,0.84,696000000.0,81000000.0,16905000000.0,15468750000.0,0.0,0.0,0.0,0.0,9531000000.0,2408000000.0,7123000000.0,17303005748.0,-276000000.0,-453000000.0,28000000.0,981000000.0,-150000000.0,867000000.0,-3570000000.0,-83000000.0,2427000000.0,0.0,702000000.0,702000000.0,702000000.0,-8000000.0,0.0,0.189,2395000000.0,717000000.0,1457000000.0,0.213,2.297,24.648,24.754,13384000000.0,0.0,48.89,4.669,4.67,919000000.0,5074000000.0,3706000000.0,3706000000.0,267000000.0,0.044,0.095,0.062,0.258,74000000.0,354000000.0,1.0,353917074.0,354000000.0,360000000.0,10.469,16368000000.0,0.0,174000000.0,2216000000.0,46.237,-16000000.0
34,NBL,MRT,2011-12-31,2011-12-31,2011-12-31,2021-09-14,-100000000.0,16444000000.0,15145750000.0,2418000000.0,14026000000.0,0.225,20.581,-2594000000.0,1455000000.0,1455000000.0,558000000.0,453000000.0,1.066,1.263,4100000000.0,0.0,4100000000.0,4100000000.0,0.0,965000000.0,0.0,0.008,0.4,608000000.0,1573000000.0,0.462,1573000000.0,608000000.0,543000000.0,1.28,1.27,1.28,7265000000.0,7220250000.0,7265000000.0,18928576579.0,31.0,12.033,-424000000.0,-1.201,1.0,2846000000.0,0.836,696000000.0,65000000.0,16125000000.0,14580750000.0,0.0,0.0,0.0,0.0,9179000000.0,2268000000.0,6911000000.0,16673576579.0,374000000.0,-450000000.0,21000000.0,1475000000.0,-143000000.0,1317000000.0,-3113000000.0,-69000000.0,2170000000.0,0.0,453000000.0,453000000.0,453000000.0,-41000000.0,0.0,0.133,2337000000.0,509000000.0,1343000000.0,0.312,2.295,36.807,36.871,12782000000.0,0.0,47.195,4.898,4.894,783000000.0,4850000000.0,3404000000.0,3404000000.0,277000000.0,0.03,0.063,0.042,0.179,58000000.0,339000000.0,1.0,353291166.0,353000000.0,357000000.0,9.643,15748000000.0,0.0,90000000.0,2059000000.0,44.612,150000000.0
35,NBL,MRT,2011-09-30,2011-09-30,2011-09-30,2021-09-14,-85000000.0,15833000000.0,14355250000.0,2077000000.0,13756000000.0,0.216,21.418,-2427000000.0,1252000000.0,1252000000.0,506000000.0,801000000.0,1.061,1.088,3507000000.0,0.0,3507000000.0,3507000000.0,0.0,902000000.0,0.0,0.011,0.38,1110000000.0,2012000000.0,0.65,2012000000.0,1110000000.0,1047000000.0,2.265,2.19,2.265,7582000000.0,7116000000.0,7582000000.0,13767170739.0,12.0,6.843,-148000000.0,-0.418,1.0,2588000000.0,0.836,696000000.0,63000000.0,15434000000.0,13638250000.0,0.0,0.0,0.0,0.0,8251000000.0,1958000000.0,6293000000.0,12497170739.0,103000000.0,-430000000.0,27000000.0,886000000.0,-136000000.0,754000000.0,-2930000000.0,-73000000.0,2279000000.0,0.0,801000000.0,801000000.0,801000000.0,-69000000.0,0.0,0.259,1612000000.0,976000000.0,1132000000.0,0.168,1.648,15.602,15.629,12512000000.0,0.0,35.4,4.039,4.05,546000000.0,5185000000.0,3094000000.0,3094000000.0,268000000.0,0.056,0.113,0.081,0.359,54000000.0,333000000.0,1.0,353027422.0,354000000.0,360000000.0,8.74,15137000000.0,0.0,246000000.0,2235000000.0,42.76,119000000.0
36,NBL,MRT,2011-06-30,2011-06-30,2011-06-30,2021-09-14,-86000000.0,14339000000.0,13669250000.0,2313000000.0,12026000000.0,0.217,20.335,-2364000000.0,1527000000.0,1527000000.0,505000000.0,592000000.0,1.54,1.003,2797000000.0,0.0,2797000000.0,2797000000.0,0.0,908000000.0,0.0,0.008,0.36,766000000.0,1674000000.0,0.564,1674000000.0,766000000.0,696000000.0,1.68,1.65,1.68,7158000000.0,6904750000.0,7158000000.0,17198668912.0,22.0,10.274,-33000000.0,-0.094,1.0,2465000000.0,0.83,696000000.0,70000000.0,13411000000.0,12785000000.0,0.0,0.0,0.0,0.0,7181000000.0,1502000000.0,5679000000.0,15816668912.0,510000000.0,649000000.0,28000000.0,16000000.0,-128000000.0,-106000000.0,-1715000000.0,0.0,2331000000.0,0.0,592000000.0,592000000.0,592000000.0,-119000000.0,0.0,0.199,1685000000.0,780000000.0,1072000000.0,0.214,2.21,26.717,26.676,10868000000.0,0.0,44.815,5.325,5.311,571000000.0,4784000000.0,2970000000.0,2970000000.0,247000000.0,0.043,0.086,0.06,0.258,54000000.0,309000000.0,1.0,352932476.0,352000000.0,358000000.0,8.438,13643000000.0,0.0,104000000.0,2188000000.0,38.759,811000000.0
37,NBL,MRT,2011-03-31,2011-03-31,2011-03-31,2021-09-14,-87000000.0,13967000000.0,13337750000.0,2191000000.0,11776000000.0,0.216,19.534,-2080000000.0,1419000000.0,1419000000.0,518000000.0,502000000.0,1.685,1.031,2801000000.0,0.0,2801000000.0,2801000000.0,0.0,888000000.0,0.0,0.007,0.36,703000000.0,1591000000.0,0.553,1591000000.0,703000000.0,635000000.0,1.435,1.395,1.435,6876000000.0,6750500000.0,6876000000.0,18176900965.0,26.0,11.425,-238000000.0,-0.676,1.0,2361000000.0,0.82,696000000.0,68000000.0,13353000000.0,12584250000.0,0.0,0.0,0.0,0.0,7091000000.0,1300000000.0,5791000000.0,16985900965.0,388000000.0,575000000.0,32000000.0,166000000.0,-127000000.0,51000000.0,-1505000000.0,0.0,1842000000.0,0.0,502000000.0,502000000.0,502000000.0,-94000000.0,0.0,0.174,1576000000.0,785000000.0,897000000.0,0.251,2.47,33.836,33.676,10561000000.0,0.0,48.325,5.9,5.908,565000000.0,4522000000.0,2879000000.0,2879000000.0,232000000.0,0.038,0.074,0.056,0.244,54000000.0,290000000.0,1.0,351493036.0,352000000.0,356000000.0,8.179,13271000000.0,0.0,133000000.0,2175000000.0,37.702,891000000.0
38,NBL,MRT,2010-12-31,2010-12-31,2010-12-31,2021-09-14,-104000000.0,13282000000.0,12959000000.0,1838000000.0,11444000000.0,0.209,19.566,-1885000000.0,1081000000.0,1081000000.0,515000000.0,725000000.0,1.293,0.94,2272000000.0,0.0,2272000000.0,2272000000.0,0.0,883000000.0,0.0,0.008,0.36,1014000000.0,1897000000.0,0.699,1897000000.0,1014000000.0,942000000.0,2.075,2.05,2.075,6848000000.0,6630250000.0,6848000000.0,16117168906.0,16.0,8.496,61000000.0,0.174,1.0,2198000000.0,0.81,696000000.0,72000000.0,12355000000.0,12252250000.0,0.0,0.0,0.0,0.0,6434000000.0,1422000000.0,5012000000.0,15072168906.0,67000000.0,106000000.0,34000000.0,-32000000.0,-127000000.0,-100000000.0,-1779000000.0,0.0,1946000000.0,0.0,725000000.0,725000000.0,725000000.0,-94000000.0,0.0,0.267,1542000000.0,656000000.0,927000000.0,0.173,2.201,20.789,20.742,10264000000.0,0.0,43.04,5.556,5.553,556000000.0,4540000000.0,2713000000.0,2713000000.0,242000000.0,0.056,0.109,0.083,0.374,54000000.0,273000000.0,1.0,350189798.0,350000000.0,354000000.0,7.751,12586000000.0,0.0,217000000.0,2110000000.0,35.96,416000000.0
39,NBL,MRT,2010-09-30,2010-09-30,2010-09-30,2021-09-14,-155000000.0,13089000000.0,12590250000.0,2003000000.0,11086000000.0,0.238,19.249,-1582000000.0,1149000000.0,1149000000.0,565000000.0,681000000.0,1.414,0.943,2194000000.0,0.0,2194000000.0,2194000000.0,0.0,877000000.0,0.0,0.01,0.36,1126000000.0,2003000000.0,0.668,2003000000.0,1126000000.0,1046000000.0,1.955,1.9,1.955,6737000000.0,6457500000.0,6737000000.0,14692758131.0,13.0,7.335,392000000.0,1.12,1.0,2434000000.0,0.812,696000000.0,80000000.0,12021000000.0,11934000000.0,0.0,0.0,0.0,0.0,6352000000.0,1417000000.0,4935000000.0,13125758131.0,223000000.0,97000000.0,25000000.0,-156000000.0,-127000000.0,-266000000.0,-1485000000.0,0.0,1974000000.0,0.0,681000000.0,681000000.0,681000000.0,0.0,0.0,0.227,1715000000.0,719000000.0,924000000.0,0.184,1.948,19.274,19.205,9911000000.0,0.0,37.545,4.377,4.382,532000000.0,4520000000.0,2999000000.0,2999000000.0,209000000.0,0.054,0.105,0.094,0.375,49000000.0,258000000.0,1.0,349600696.0,350000000.0,354000000.0,8.569,12393000000.0,0.0,365000000.0,2187000000.0,35.409,586000000.0
40,NBL,MRT,2010-06-30,2010-06-30,2010-06-30,2021-09-14,-128000000.0,13013000000.0,12226750000.0,2187000000.0,10826000000.0,0.234,18.689,-1273000000.0,1017000000.0,1017000000.0,555000000.0,556000000.0,1.8,0.989,2584000000.0,0.0,2584000000.0,2584000000.0,0.0,851000000.0,0.0,0.012,0.36,945000000.0,1796000000.0,0.627,1796000000.0,945000000.0,863000000.0,1.6,1.55,1.6,6541000000.0,6312750000.0,6541000000.0,11870105315.0,13.0,6.609,581000000.0,1.66,1.0,2310000000.0,0.806,757000000.0,82000000.0,12608000000.0,11745250000.0,0.0,0.0,0.0,0.0,6472000000.0,1215000000.0,5257000000.0,10535105315.0,61000000.0,-463000000.0,20000000.0,60000000.0,-126000000.0,-57000000.0,-1736000000.0,0.0,1854000000.0,0.0,556000000.0,556000000.0,556000000.0,0.0,0.0,0.194,1599000000.0,711000000.0,751000000.0,0.225,1.611,18.948,18.853,9566000000.0,0.0,30.165,3.677,3.685,538000000.0,4320000000.0,2865000000.0,2865000000.0,201000000.0,0.045,0.088,0.08,0.33,49000000.0,246000000.0,1.0,349249306.0,350000000.0,356000000.0,8.186,12256000000.0,0.0,307000000.0,2162000000.0,35.017,972000000.0
41,NBL,MRT,2010-03-31,2010-03-31,2010-03-31,2021-09-14,-78000000.0,12452000000.0,11936250000.0,1597000000.0,10855000000.0,0.218,18.376,-1252000000.0,1031000000.0,1031000000.0,534000000.0,295000000.0,1.589,0.947,2366000000.0,0.0,2366000000.0,2366000000.0,0.0,832000000.0,0.0,0.01,0.36,539000000.0,1371000000.0,0.526,1371000000.0,539000000.0,453000000.0,0.85,0.835,0.85,6395000000.0,6192250000.0,6395000000.0,13757417840.0,26.0,10.035,659000000.0,1.894,1.0,2071000000.0,0.795,757000000.0,86000000.0,12025000000.0,11509000000.0,0.0,0.0,0.0,0.0,6057000000.0,1005000000.0,5052000000.0,12734417840.0,14000000.0,-463000000.0,15000000.0,-56000000.0,-127000000.0,-182000000.0,-1715000000.0,0.0,1911000000.0,0.0,295000000.0,295000000.0,295000000.0,0.0,0.0,0.113,1514000000.0,557000000.0,570000000.0,0.424,1.991,43.168,42.941,9596000000.0,0.0,36.5,4.888,4.876,380000000.0,4147000000.0,2605000000.0,2605000000.0,182000000.0,0.025,0.048,0.047,0.207,49000000.0,243000000.0,1.0,348888160.0,348000000.0,354000000.0,7.486,11695000000.0,0.0,158000000.0,2104000000.0,33.606,592000000.0
42,NBL,MRT,2009-12-31,2009-12-31,2009-12-31,2021-09-14,-75000000.0,11807000000.0,11833750000.0,1678000000.0,10129000000.0,0.195,17.795,-1268000000.0,1014000000.0,1014000000.0,525000000.0,-131000000.0,1.695,0.918,2037000000.0,0.0,2037000000.0,2037000000.0,0.0,816000000.0,0.0,0.01,0.36,-180000000.0,636000000.0,0.275,636000000.0,-180000000.0,-264000000.0,-0.375,-0.375,-0.375,6157000000.0,6124750000.0,6157000000.0,13590054944.0,-76.0,21.368,240000000.0,0.694,1.0,1788000000.0,0.773,758000000.0,84000000.0,11082000000.0,11371750000.0,0.0,0.0,0.0,0.0,5650000000.0,990000000.0,4660000000.0,12355054944.0,-126000000.0,3000000.0,16000000.0,-235000000.0,-126000000.0,-369000000.0,-1265000000.0,0.0,1508000000.0,0.0,-131000000.0,-131000000.0,-131000000.0,0.0,0.0,-0.057,1868000000.0,-80000000.0,548000000.0,-0.96,2.007,-94.313,-94.96,8916000000.0,0.0,35.61,5.342,5.327,465000000.0,3942000000.0,2313000000.0,2313000000.0,144000000.0,-0.011,-0.021,-0.016,-0.078,49000000.0,237000000.0,1.0,346954646.0,346000000.0,346000000.0,6.685,11049000000.0,0.0,-133000000.0,2076000000.0,31.934,688000000.0
43,NBL,MRT,2009-09-30,2009-09-30,2009-09-30,2021-09-14,-82000000.0,11635000000.0,11978000000.0,1500000000.0,10135000000.0,0.177,17.798,-1131000000.0,926000000.0,926000000.0,532000000.0,167000000.0,1.773,0.889,2161000000.0,0.0,2161000000.0,2161000000.0,0.0,799000000.0,0.0,0.011,0.36,220000000.0,1019000000.0,0.479,1019000000.0,220000000.0,139000000.0,0.485,0.455,0.485,6158000000.0,6162750000.0,6158000000.0,12897109135.0,59.0,12.657,273000000.0,0.789,1.0,1594000000.0,0.75,758000000.0,81000000.0,11266000000.0,11489250000.0,0.0,0.0,0.0,0.0,5477000000.0,846000000.0,4631000000.0,11437109135.0,-66000000.0,-292000000.0,14000000.0,92000000.0,-125000000.0,-47000000.0,-1423000000.0,0.0,1404000000.0,0.0,167000000.0,167000000.0,167000000.0,0.0,0.0,0.079,1906000000.0,-312000000.0,397000000.0,0.742,1.857,68.486,68.0,8896000000.0,0.0,32.98,5.38,5.367,348000000.0,3966000000.0,2126000000.0,2126000000.0,138000000.0,0.014,0.027,0.019,0.103,0.0,224000000.0,1.0,346789240.0,346000000.0,350000000.0,6.145,10877000000.0,0.0,-28000000.0,2043000000.0,31.436,654000000.0
44,NBL,MRT,2009-06-30,2009-06-30,2009-06-30,2021-09-14,-91000000.0,11851000000.0,12098250000.0,1737000000.0,10114000000.0,0.215,17.512,-1794000000.0,956000000.0,956000000.0,560000000.0,1034000000.0,1.952,0.956,2416000000.0,0.0,2416000000.0,2416000000.0,0.0,788000000.0,0.0,0.012,0.36,1554000000.0,2342000000.0,0.9,2342000000.0,1554000000.0,1478000000.0,2.995,2.835,2.995,6059000000.0,6124500000.0,6059000000.0,11562309033.0,7.0,4.937,-165000000.0,-0.477,1.0,2043000000.0,0.785,758000000.0,76000000.0,11663000000.0,11432750000.0,0.0,0.0,0.0,0.0,5792000000.0,890000000.0,4902000000.0,10222309033.0,-27000000.0,-292000000.0,14000000.0,569000000.0,-125000000.0,430000000.0,-2086000000.0,0.0,1629000000.0,0.0,1034000000.0,1034000000.0,1034000000.0,0.0,0.0,0.397,1981000000.0,62000000.0,493000000.0,0.12,1.687,9.886,9.845,8881000000.0,0.0,29.485,3.927,3.919,450000000.0,3891000000.0,2603000000.0,2603000000.0,150000000.0,0.085,0.169,0.136,0.597,0.0,234000000.0,1.0,346695236.0,346000000.0,346000000.0,7.523,11093000000.0,0.0,444000000.0,2041000000.0,32.061,847000000.0
45,NBL,MRT,2009-03-31,2009-03-31,2009-03-31,2021-09-14,-100000000.0,12042000000.0,12119750000.0,2047000000.0,9995000000.0,0.274,17.702,-1884000000.0,1017000000.0,1017000000.0,586000000.0,947000000.0,1.782,0.966,2357000000.0,0.0,2357000000.0,2357000000.0,0.0,788000000.0,0.0,0.013,0.36,1440000000.0,2228000000.0,0.672,2228000000.0,1440000000.0,1370000000.0,2.74,2.58,2.74,6125000000.0,5856000000.0,6125000000.0,10417591772.0,7.0,4.676,80000000.0,0.231,1.0,2731000000.0,0.823,757000000.0,70000000.0,11476000000.0,10977250000.0,0.0,0.0,0.0,0.0,5917000000.0,1149000000.0,4768000000.0,9316591772.0,210000000.0,-292000000.0,26000000.0,535000000.0,-125000000.0,422000000.0,-2176000000.0,0.0,1964000000.0,0.0,947000000.0,947000000.0,947000000.0,0.0,0.0,0.285,2075000000.0,656000000.0,509000000.0,0.131,1.521,9.838,9.832,8769000000.0,0.0,26.94,2.809,2.81,493000000.0,3980000000.0,3317000000.0,3317000000.0,220000000.0,0.078,0.162,0.131,0.434,0.0,235000000.0,1.0,345827460.0,346000000.0,346000000.0,9.587,11285000000.0,0.0,423000000.0,2187000000.0,32.616,898000000.0
46,NBL,MRT,2008-12-31,2008-12-31,2008-12-31,2021-09-14,-110000000.0,12384000000.0,11929750000.0,2158000000.0,10226000000.0,0.327,18.234,-1840000000.0,1140000000.0,1140000000.0,594000000.0,1350000000.0,1.838,0.963,2241000000.0,0.0,2241000000.0,2241000000.0,0.0,791000000.0,0.0,0.013,0.33,2130000000.0,2921000000.0,0.749,2921000000.0,2130000000.0,2061000000.0,3.915,3.79,3.915,6309000000.0,5585500000.0,6309000000.0,9561532329.0,4.0,3.273,445000000.0,1.286,1.0,3307000000.0,0.848,759000000.0,69000000.0,11552000000.0,10554250000.0,0.0,0.0,0.0,0.0,6075000000.0,1174000000.0,4901000000.0,8502532329.0,480000000.0,-292000000.0,24000000.0,426000000.0,-115000000.0,327000000.0,-2132000000.0,0.0,2285000000.0,0.0,1350000000.0,1350000000.0,1350000000.0,0.0,0.0,0.346,1672000000.0,1635000000.0,579000000.0,0.084,1.348,6.298,6.286,9004000000.0,0.0,24.61,2.18,2.183,423000000.0,4199000000.0,3901000000.0,3901000000.0,217000000.0,0.113,0.242,0.202,0.546,0.0,236000000.0,1.0,345490952.0,346000000.0,352000000.0,11.275,11625000000.0,0.0,711000000.0,2174000000.0,33.598,984000000.0
47,NBL,MRT,2008-09-30,2008-09-30,2008-09-30,2021-09-14,-129000000.0,12116000000.0,11541500000.0,1869000000.0,10247000000.0,0.368,17.355,-2107000000.0,992000000.0,992000000.0,576000000.0,1345000000.0,1.358,1.018,2051000000.0,0.0,2051000000.0,2051000000.0,0.0,782000000.0,0.0,0.011,0.3,2078000000.0,2860000000.0,0.673,2860000000.0,2078000000.0,2000000000.0,3.905,3.73,3.905,6005000000.0,5210500000.0,6005000000.0,10468230399.0,5.0,3.66,456000000.0,1.318,1.0,3674000000.0,0.864,759000000.0,78000000.0,11040000000.0,10072500000.0,0.0,0.0,0.0,0.0,6111000000.0,1376000000.0,4735000000.0,9600230399.0,541000000.0,0.0,30000000.0,133000000.0,-105000000.0,87000000.0,-2109000000.0,-2000000.0,2563000000.0,0.0,1345000000.0,1345000000.0,1345000000.0,0.0,0.0,0.316,1453000000.0,2221000000.0,646000000.0,0.077,1.599,7.138,7.118,8981000000.0,0.0,27.795,2.259,2.263,641000000.0,3925000000.0,4250000000.0,4250000000.0,256000000.0,0.117,0.258,0.206,0.489,0.0,248000000.0,1.0,345394150.0,346000000.0,352000000.0,12.283,11357000000.0,0.0,655000000.0,2169000000.0,32.824,493000000.0
48,NBL,MRT,2008-06-30,2008-06-30,2008-06-30,2021-09-14,-195000000.0,11937000000.0,11075357000.0,2148000000.0,9789000000.0,0.358,14.491,-1531000000.0,983000000.0,983000000.0,539000000.0,594000000.0,0.974,1.395,1851000000.0,0.0,1851000000.0,1851000000.0,0.0,786000000.0,0.0,0.005,0.27,978000000.0,1764000000.0,0.445,1764000000.0,978000000.0,889000000.0,1.735,1.685,1.735,4985000000.0,4863822750.0,4985000000.0,18361668184.0,19.0,10.409,867000000.0,2.52,1.0,3427000000.0,0.864,759000000.0,89000000.0,9841000000.0,9879800000.0,0.0,0.0,0.0,0.0,6952000000.0,2205000000.0,4747000000.0,17317668184.0,681000000.0,0.0,31000000.0,-155000000.0,-95000000.0,-186000000.0,-1531000000.0,0.0,2398000000.0,0.0,594000000.0,594000000.0,594000000.0,0.0,0.0,0.15,1375000000.0,2052000000.0,921000000.0,0.156,3.474,29.154,28.98,8469000000.0,0.0,50.28,4.367,4.361,864000000.0,2982000000.0,3966000000.0,3966000000.0,263000000.0,0.054,0.122,0.099,0.247,0.0,234000000.0,1.0,344424586.0,344000000.0,344000000.0,11.529,11178000000.0,0.0,295000000.0,1999000000.0,32.494,-57000000.0
49,NBL,MRT,2008-03-31,2008-03-31,2008-03-31,2021-09-14,-274000000.0,11282000000.0,10588372000.0,1776000000.0,9506000000.0,0.336,14.66,-1426000000.0,807000000.0,807000000.0,511000000.0,947000000.0,0.996,1.237,1851000000.0,0.0,1851000000.0,1851000000.0,0.0,773000000.0,0.0,0.007,0.24,1483000000.0,2256000000.0,0.635,2256000000.0,1483000000.0,1380000000.0,2.765,2.71,2.765,5043000000.0,4714004750.0,5043000000.0,14348867672.0,10.0,6.36,675000000.0,1.962,1.0,3044000000.0,0.856,759000000.0,103000000.0,9784000000.0,10004414750.0,0.0,0.0,0.0,0.0,6239000000.0,1783000000.0,4456000000.0,12509623672.0,558000000.0,0.0,20000000.0,-75000000.0,-83000000.0,-117000000.0,-1426000000.0,0.0,2101000000.0,0.0,947000000.0,947000000.0,947000000.0,0.0,0.0,0.266,1334000000.0,1710000000.0,731000000.0,0.087,2.481,13.21,13.165,8207000000.0,0.0,36.4,3.519,3.522,727000000.0,3158000000.0,3555000000.0,3555000000.0,214000000.0,0.089,0.201,0.148,0.417,0.0,221000000.0,1.0,343670980.0,344000000.0,350000000.0,10.334,10523000000.0,125000000.0,433000000.0,2019000000.0,30.59,-7000000.0
50,NBL,MRT,2007-12-31,2007-12-31,2007-12-31,2021-09-14,-284000000.0,10831000000.0,10193169750.0,1569000000.0,9262000000.0,0.321,14.061,-1403000000.0,660000000.0,660000000.0,488000000.0,944000000.0,0.959,1.252,1851000000.0,0.0,1851000000.0,1851000000.0,0.0,736000000.0,0.0,0.005,0.217,1481000000.0,2217000000.0,0.678,2217000000.0,1481000000.0,1368000000.0,2.76,2.725,2.76,4809000000.0,4494883750.0,4809000000.0,15648895031.0,11.0,7.059,614000000.0,1.795,1.0,2784000000.0,0.851,761000000.0,113000000.0,9625000000.0,10031903250.0,0.0,0.0,0.0,0.0,6022000000.0,1636000000.0,4386000000.0,13633679031.0,507000000.0,0.0,-77000000.0,25000000.0,-75000000.0,-107000000.0,-1403000000.0,0.0,2017000000.0,0.0,944000000.0,944000000.0,944000000.0,0.0,0.0,0.289,1289000000.0,1495000000.0,781000000.0,0.079,2.835,14.442,14.406,7945000000.0,0.0,39.76,4.167,4.156,594000000.0,2964000000.0,3272000000.0,3272000000.0,219000000.0,0.093,0.21,0.148,0.453,0.0,206000000.0,1.0,342899372.0,342000000.0,346000000.0,9.567,10070000000.0,131000000.0,424000000.0,2036000000.0,29.444,-67000000.0
51,NBL,MRT,2007-09-30,2007-09-30,2007-09-30,2021-09-14,-177023000.0,10251428000.0,9882576000.0,1198010000.0,9053418000.0,0.31,13.504,-1327829000.0,450773000.0,450773000.0,478567000.0,808554000.0,0.973,1.22,2465989000.0,397027000.0,2068962000.0,2465989000.0,0.0,694100000.0,0.0,0.006,0.195,1294903000.0,1989003000.0,0.649,1989003000.0,1294903000.0,1186545000.0,2.355,2.325,2.355,4618291000.0,4321088000.0,4618291000.0,14266448808.0,11.0,7.173,382358000.0,1.118,1.0,2586537000.0,0.844,766249000.0,108358000.0,10269200000.0,10089147000.0,0.0,0.0,0.0,0.0,5633137000.0,1231195000.0,4401942000.0,11984977808.0,361518000.0,257000.0,-276944000.0,260000000.0,-67224000.0,-62702000.0,-1285967000.0,41605000.0,1710187000.0,0.0,808554000.0,808554000.0,808554000.0,0.0,0.0,0.264,1255357000.0,1331180000.0,588453000.0,0.083,2.595,14.823,14.87,7725899000.0,0.0,35.02,3.91,3.907,555850000.0,2684539000.0,3065104000.0,3065104000.0,220673000.0,0.082,0.187,0.128,0.422,-24993000.0,193284000.0,1.0,342232376.0,342000000.0,346000000.0,8.962,9485179000.0,64337000.0,377991000.0,1936573000.0,27.734,-33185000.0
52,NBL,MRT,2007-06-30,2007-06-30,2007-06-30,2021-09-14,-192196000.0,9989060000.0,9668772750.0,1127807000.0,8861253000.0,0.309,12.824,-919068000.0,301750000.0,301750000.0,468723000.0,903618000.0,0.969,1.278,2583221000.0,368418000.0,2214803000.0,2583221000.0,0.0,670734000.0,0.0,0.006,0.173,1496425000.0,2167159000.0,0.724,2167159000.0,1496425000.0,1388511000.0,2.605,2.56,2.605,4385728000.0,4187524500.0,4385728000.0,12935486100.0,9.0,5.969,649692000.0,1.9,1.0,2523700000.0,0.843,767121000.0,107914000.0,10339459000.0,9939334750.0,0.0,0.0,0.0,0.0,5603332000.0,1163951000.0,4439381000.0,10660090100.0,120930000.0,257000.0,-427607000.0,-145000000.0,-59650000.0,-603857000.0,-843973000.0,74838000.0,1568760000.0,0.0,903618000.0,903618000.0,903618000.0,0.0,0.0,0.302,1001313000.0,1522387000.0,548147000.0,0.066,2.431,11.797,11.975,7519811000.0,0.0,31.195,3.562,3.565,603094000.0,2482613000.0,2992423000.0,2992423000.0,205577000.0,0.093,0.216,0.151,0.5,-21063000.0,184941000.0,1.0,341724318.0,342000000.0,346000000.0,8.75,9221939000.0,50912000.0,484893000.0,1807675000.0,26.965,-36144000.0
53,NBL,MRT,2007-03-31,2007-03-31,2007-03-31,2021-09-14,-211436000.0,9701191000.0,9612529500.0,1095209000.0,8605982000.0,0.309,12.183,-880982000.0,249219000.0,249219000.0,457293000.0,663913000.0,0.833,1.328,2524615000.0,430586000.0,2094029000.0,2524615000.0,0.0,664893000.0,0.0,0.005,0.15,1161478000.0,1826371000.0,0.615,1826371000.0,1161478000.0,1050646000.0,1.91,1.87,1.91,4166516000.0,4012142750.0,4166516000.0,12395613995.0,11.0,6.787,743509000.0,2.174,1.0,2513710000.0,0.846,767214000.0,110832000.0,9893954000.0,9930887000.0,0.0,0.0,0.0,0.0,5534675000.0,1315419000.0,4219256000.0,10164711995.0,113371000.0,257000.0,-445236000.0,-265000000.0,-53074000.0,-734372000.0,-776748000.0,103977000.0,1624491000.0,0.0,663913000.0,663913000.0,663913000.0,0.0,0.0,0.223,929073000.0,1584637000.0,530290000.0,0.079,2.44,15.31,15.615,7259331000.0,0.0,29.825,3.421,3.433,633250000.0,2294229000.0,2971003000.0,2971003000.0,180977000.0,0.069,0.165,0.117,0.391,-12330000.0,174602000.0,1.0,340811802.0,342000000.0,346000000.0,8.687,8933977000.0,51247000.0,386733000.0,1838972000.0,26.123,-220210000.0
54,NBL,MRT,2006-12-31,2006-12-31,2006-12-31,2021-09-14,-140509000.0,9588625000.0,9577066250.0,1068546000.0,8520079000.0,0.307,11.687,-837000000.0,153408000.0,153408000.0,455000000.0,678000000.0,0.902,1.331,2384310000.0,254625000.0,2129685000.0,2384310000.0,0.0,633000000.0,0.0,0.006,0.137,1213000000.0,1846000000.0,0.628,1846000000.0,1213000000.0,1096000000.0,1.93,1.895,1.93,4113817000.0,3841307000.0,4113817000.0,10745841265.0,9.0,5.821,893000000.0,2.537,1.0,2485000000.0,0.845,781290000.0,117000000.0,9853975000.0,10087230750.0,0.0,0.0,0.0,0.0,5474808000.0,1184262000.0,4290546000.0,8529072265.0,43000000.0,-412000000.0,-336000000.0,-230000000.0,-49000000.0,-589000000.0,-1098000000.0,151000000.0,1730000000.0,0.0,678000000.0,678000000.0,678000000.0,0.0,0.0,0.231,866000000.0,1619000000.0,518609000.0,0.071,2.073,12.58,12.712,7170757000.0,0.0,24.535,2.901,2.938,586882000.0,2095361000.0,2940000000.0,2940000000.0,168000000.0,0.071,0.177,0.12,0.413,0.0,165000000.0,1.0,347628786.0,352000000.0,358000000.0,8.352,8807335000.0,99835000.0,418000000.0,1865588000.0,25.021,-115716000.0
55,NBL,MRT,2006-09-30,2006-09-30,2006-09-30,2021-09-14,-184916000.0,9396215000.0,9399418250.0,1056295000.0,8339920000.0,0.311,11.588,-722702000.0,89803000.0,89803000.0,443871000.0,735365000.0,0.911,1.301,2306572000.0,263447000.0,2043125000.0,2306572000.0,0.0,607785000.0,0.0,0.005,0.125,1302244000.0,1910029000.0,0.653,1910029000.0,1302244000.0,1178091000.0,2.11,2.06,2.11,4084037000.0,3585388750.0,4084037000.0,10930119619.0,8.0,5.722,891148000.0,2.529,1.0,2483005000.0,0.848,783208000.0,124153000.0,9669951000.0,10098407000.0,0.0,0.0,0.0,0.0,5312178000.0,1159825000.0,4152353000.0,8050897619.0,-33933000.0,-412257000.0,-138165000.0,-461333000.0,-44643000.0,-625607000.0,-1022176000.0,112783000.0,1613850000.0,0.0,735365000.0,735365000.0,735365000.0,0.0,0.0,0.251,755320000.0,1727685000.0,493517000.0,0.059,1.971,10.948,10.803,6976559000.0,0.0,22.795,2.751,2.745,605380000.0,1943527000.0,2926876000.0,2926876000.0,144244000.0,0.078,0.205,0.129,0.445,40698000.0,144515000.0,1.0,353186998.0,352436000.0,362154000.0,8.305,8613007000.0,143510000.0,442726000.0,1780664000.0,24.438,-103530000.0
56,NBL,MRT,2006-06-30,2006-06-30,2006-06-30,2021-09-14,-398848000.0,9764087000.0,9224134250.0,1506114000.0,8257973000.0,0.305,10.398,-1074595000.0,181391000.0,181391000.0,421323000.0,594257000.0,1.044,1.65,3060613000.0,374527000.0,2686086000.0,3060613000.0,0.0,553684000.0,0.0,0.005,0.112,998903000.0,1552587000.0,0.551,1552587000.0,998903000.0,874261000.0,1.715,1.68,1.715,3684201000.0,3256615500.0,3684201000.0,11412572800.0,11.0,7.351,612982000.0,1.73,1.0,2396322000.0,0.85,895038000.0,124642000.0,10305668000.0,10123689000.0,0.0,0.0,0.0,0.0,6079886000.0,1442603000.0,4637283000.0,8301237800.0,-96758000.0,-412257000.0,25912000.0,-370000000.0,-40091000.0,-376579000.0,-1407756000.0,81121000.0,1687577000.0,0.0,594257000.0,594257000.0,594257000.0,0.0,0.0,0.211,965922000.0,1430400000.0,556359000.0,0.065,2.253,13.969,13.662,6788088000.0,0.0,23.43,2.946,2.946,640916000.0,1638889000.0,2817645000.0,2817645000.0,190593000.0,0.064,0.182,0.099,0.355,38255000.0,133204000.0,1.0,354299522.0,354320000.0,354320000.0,7.952,8869049000.0,242646000.0,280004000.0,1510787000.0,25.031,63511000.0
57,NBL,MRT,2006-03-31,2006-03-31,2006-03-31,2021-09-14,-652927000.0,9559338000.0,8902662750.0,1182030000.0,8377308000.0,0.284,9.888,-929130000.0,135950000.0,135950000.0,378103000.0,761839000.0,0.967,1.744,3247285000.0,381729000.0,2865556000.0,3247285000.0,0.0,479491000.0,0.0,0.004,0.088,1252503000.0,1731994000.0,0.684,1731994000.0,1252503000.0,1143526000.0,2.27,2.22,2.27,3483173000.0,3082300000.0,3483173000.0,10855590526.0,9.0,6.268,633732000.0,1.799,1.0,2152405000.0,0.851,929145000.0,108977000.0,10519329000.0,9968816750.0,47335000.0,438093000.0,33486000.0,404607000.0,6076165000.0,1222199000.0,4853966000.0,7731930526.0,-45615000.0,-1523356000.0,78835000.0,739066000.0,-29631000.0,793332000.0,-2401809000.0,51982000.0,1562862000.0,0.0,761839000.0,761839000.0,761839000.0,0.0,0.0,0.301,869865000.0,1282540000.0,484453000.0,0.039,2.22,10.149,9.674,6819193000.0,0.0,21.96,3.055,3.057,548773000.0,1683018000.0,2530508000.0,2530508000.0,186791000.0,0.086,0.247,0.126,0.495,30251000.0,120355000.0,1.0,352091554.0,352272000.0,360198000.0,7.183,8630193000.0,242646000.0,381687000.0,1580006000.0,24.499,-40169000.0
58,NBL,MRT,2005-12-31,2005-12-31,2005-12-31,2021-09-14,-783499000.0,8878033000.0,7399734000.0,1175511000.0,7702522000.0,0.296,10.048,-772431000.0,110321000.0,110321000.0,313327000.0,645720000.0,0.948,1.873,3233981000.0,445939000.0,2788042000.0,3233981000.0,0.0,424875000.0,0.0,0.004,0.075,1056201000.0,1481076000.0,0.677,1481076000.0,1056201000.0,968660000.0,2.1,2.06,2.1,3090144000.0,2511755000.0,3090144000.0,10468150698.0,10.0,7.068,467447000.0,1.52,1.0,1873396000.0,0.857,862868000.0,87541000.0,9898680000.0,8327167000.0,0.0,0.0,0.0,0.0,5787889000.0,1240145000.0,4547744000.0,7050202698.0,-69473000.0,-1111099000.0,67657000.0,539135000.0,-23655000.0,583137000.0,-1892488000.0,-8958000.0,1239878000.0,0.0,645720000.0,645720000.0,645720000.0,0.0,0.0,0.295,784515000.0,1088881000.0,519971000.0,0.036,2.282,10.918,9.595,6198916000.0,0.0,20.15,3.224,2.834,566206000.0,1465857000.0,2186723000.0,2186723000.0,178426000.0,0.087,0.257,0.127,0.483,18447000.0,100125000.0,1.0,349885990.0,307546000.0,313518000.0,7.11,8015165000.0,237045000.0,322940000.0,1266327000.0,26.062,-64634000.0
59,NBL,MRT,2005-09-30,2005-09-30,2005-09-30,2021-09-14,-884429000.0,8695079000.0,6039171750.0,1188010000.0,7507069000.0,0.308,7.925,-646204000.0,123736000.0,123736000.0,218795000.0,511246000.0,0.823,2.14,3541684000.0,656960000.0,2884724000.0,3541684000.0,0.0,385791000.0,0.0,0.003,0.062,843627000.0,1229418000.0,0.66,1229418000.0,843627000.0,780110000.0,1.81,1.78,1.81,2768944000.0,2104216000.0,2768944000.0,11145656425.0,13.0,9.066,504809000.0,1.445,1.0,1643031000.0,0.882,898241000.0,63517000.0,9771079000.0,6736415750.0,36390000.0,300353000.0,70362000.0,229991000.0,5926135000.0,1443707000.0,4482428000.0,8189830425.0,-36363000.0,-1114531000.0,72810000.0,625536000.0,-17728000.0,680618000.0,-1867994000.0,-107259000.0,1151013000.0,0.0,511246000.0,511246000.0,511246000.0,-506000.0,0.0,0.275,790505000.0,852526000.0,532870000.0,0.034,2.958,16.019,12.956,6189417000.0,0.0,23.45,4.399,4.401,534761000.0,1252805000.0,1861826000.0,1861826000.0,161409000.0,0.085,0.243,0.125,0.453,3611000.0,89660000.0,1.0,349246500.0,349406000.0,357494000.0,5.329,7796838000.0,290104000.0,268864000.0,1186759000.0,22.315,-255697000.0
60,NBL,MRT,2005-06-30,2005-06-30,2005-06-30,2021-09-14,-477263000.0,8478201000.0,4640418500.0,1029819000.0,7448382000.0,0.334,10.204,-517698000.0,278149000.0,278149000.0,193789000.0,417982000.0,1.215,1.838,3233975000.0,235298000.0,2998677000.0,3233975000.0,0.0,349125000.0,0.0,0.003,0.05,722719000.0,1071844000.0,0.692,1071844000.0,722719000.0,670286000.0,1.665,1.635,1.665,2986939000.0,1744972250.0,2986939000.0,5723097775.0,8.0,5.339,305599000.0,1.044,1.0,1355712000.0,0.875,900253000.0,52433000.0,9686179000.0,5122819250.0,28714000.0,241967000.0,11819000.0,230148000.0,5491262000.0,847595000.0,4643667000.0,4481898775.0,104837000.0,-1113574000.0,71993000.0,961401000.0,-11777000.0,1021617000.0,-1740077000.0,-110830000.0,823297000.0,0.0,417982000.0,417982000.0,417982000.0,-3227000.0,0.0,0.27,629569000.0,726143000.0,393567000.0,0.03,1.5,10.723,11.359,6132282000.0,0.0,18.913,2.892,3.573,430436000.0,1084723000.0,1549501000.0,1549501000.0,110744000.0,0.09,0.24,0.141,0.466,2124000.0,73640000.0,1.0,236980768.0,292712000.0,300660000.0,5.294,7577948000.0,162731000.0,252304000.0,1222176000.0,25.889,182224000.0
61,NBL,MRT,2005-03-31,2005-03-31,2005-03-31,2021-09-14,-393133000.0,3547623000.0,3271280500.0,801579000.0,2746044000.0,0.428,5.082,-504892000.0,181565000.0,181565000.0,196431000.0,353132000.0,0.959,1.954,1422764000.0,236601000.0,1186163000.0,1422764000.0,0.0,337293000.0,0.0,0.003,0.05,614302000.0,951595000.0,0.679,951595000.0,614302000.0,563268000.0,1.505,1.485,1.505,1200993000.0,1312958750.0,1200993000.0,4766935615.0,8.0,5.009,197103000.0,0.834,1.0,1204113000.0,0.86,0.0,51034000.0,3952730000.0,3494549500.0,21072000.0,240076000.0,10527000.0,229549000.0,2346630000.0,836092000.0,1510538000.0,4016169615.0,42008000.0,-798000.0,41954000.0,-75010000.0,-11716000.0,-44772000.0,-615215000.0,-110830000.0,701995000.0,0.0,353132000.0,353132000.0,353132000.0,-4626000.0,0.0,0.252,590051000.0,614062000.0,404012000.0,0.033,3.344,11.373,11.299,2388647000.0,0.0,17.005,2.868,2.869,385593000.0,950809000.0,1400544000.0,1400544000.0,124172000.0,0.108,0.269,0.176,0.439,1395000.0,61961000.0,1.0,236175808.0,236332000.0,240556000.0,5.926,3547623000.0,82913000.0,210136000.0,129382000.0,15.011,-34513000.0
62,NBL,MRT,2004-12-31,2004-12-31,2004-12-31,2021-09-14,-14787000.0,3435784000.0,3118692750.0,733561000.0,2702223000.0,0.433,6.263,-491188000.0,179794000.0,179794000.0,200936000.0,328710000.0,1.111,1.353,940238000.0,50304000.0,889934000.0,940238000.0,0.0,346933000.0,0.0,0.003,0.05,581328000.0,928261000.0,0.687,928261000.0,581328000.0,527868000.0,1.41,1.39,1.41,1459988000.0,1307493250.0,1459988000.0,4346676702.0,7.0,4.683,216998000.0,0.931,1.0,1150115000.0,0.851,0.0,53460000.0,3535675000.0,3264823500.0,12109000.0,406117000.0,28733000.0,377384000.0,1975796000.0,660553000.0,1315243000.0,3626588702.0,117420000.0,0.0,62591000.0,-53611000.0,-11645000.0,-2665000.0,-588101000.0,-96913000.0,708186000.0,0.0,328710000.0,328710000.0,328710000.0,-14860000.0,0.0,0.243,583375000.0,566740000.0,428401000.0,0.035,2.484,11.033,10.933,2180715000.0,0.0,15.415,2.684,2.66,406608000.0,843792000.0,1351051000.0,1351051000.0,117001000.0,0.105,0.251,0.178,0.43,869000.0,61852000.0,1.0,235263620.0,233100000.0,236904000.0,5.796,3435784000.0,13039000.0,199158000.0,243936000.0,14.74,73008000.0
63,NBL,MRT,2004-09-30,2004-09-30,2004-09-30,2021-09-14,-48417000.0,3100066000.0,2970409000.0,599139000.0,2500927000.0,0.412,5.697,-473686000.0,160099000.0,160099000.0,274767000.0,220214000.0,1.19,1.327,880187000.0,0.0,880187000.0,880187000.0,0.0,368983000.0,0.0,0.003,0.05,411512000.0,780495000.0,0.638,780495000.0,411512000.0,361222000.0,0.945,0.93,0.945,1331969000.0,1210889500.0,1331969000.0,4149365539.0,10.0,5.316,170543000.0,0.729,1.0,949089000.0,0.775,0.0,50290000.0,3316693000.0,3161352500.0,14488000.0,222065000.0,0.0,222065000.0,1768097000.0,503461000.0,1264636000.0,3402559539.0,88717000.0,2532000.0,72221000.0,-93921000.0,-11580000.0,-69906000.0,-485606000.0,-15952000.0,644229000.0,0.0,220214000.0,220214000.0,220214000.0,6500000.0,0.0,0.18,531154000.0,417935000.0,350329000.0,0.053,2.555,15.451,15.407,2238686000.0,0.0,14.56,2.78,2.782,315100000.0,759288000.0,1223856000.0,1223856000.0,135359000.0,0.074,0.182,0.13,0.336,0.0,55356000.0,1.0,233692276.0,233812000.0,237948000.0,5.234,3100066000.0,24387000.0,141008000.0,236222000.0,13.259,95678000.0
64,NBL,MRT,2004-06-30,2004-06-30,2004-06-30,2021-09-14,-21759000.0,3001649000.0,2927646000.0,531601000.0,2470048000.0,0.392,5.418,-466050000.0,173312000.0,173312000.0,277975000.0,171638000.0,0.924,1.384,920118000.0,125000000.0,795118000.0,920118000.0,0.0,376038000.0,0.0,0.004,0.048,329432000.0,705470000.0,0.614,705470000.0,329432000.0,281697000.0,0.74,0.732,0.74,1258885000.0,1149017250.0,1258885000.0,3706977245.0,11.0,5.255,196161000.0,0.844,1.0,870462000.0,0.758,0.0,47735000.0,3173100000.0,3167113000.0,14802000.0,222487000.0,0.0,222487000.0,1742764000.0,575355000.0,1167409000.0,2960371245.0,124579000.0,2248000.0,59216000.0,-71023000.0,-10945000.0,-59378000.0,-478254000.0,-15952000.0,662211000.0,0.0,171638000.0,171638000.0,171638000.0,5672000.0,0.0,0.149,536817000.0,333645000.0,354635000.0,0.065,2.352,17.248,17.23,2212485000.0,0.0,12.75,2.578,2.579,306411000.0,678518000.0,1148437000.0,1148437000.0,134252000.0,0.059,0.149,0.104,0.287,0.0,54525000.0,1.0,232185980.0,232336000.0,235828000.0,4.943,3001649000.0,0.0,110059000.0,218509000.0,12.919,-43754000.0
65,NBL,MRT,2004-03-31,2004-03-31,2004-03-31,2021-09-14,-20475000.0,2937272000.0,2896089000.0,545573000.0,2391699000.0,0.366,5.112,-428232000.0,139557000.0,139557000.0,267632000.0,128681000.0,0.839,1.491,886163000.0,140098000.0,746065000.0,886163000.0,0.0,374881000.0,0.0,0.004,0.045,253588000.0,628469000.0,0.593,628469000.0,253588000.0,207206000.0,0.558,0.552,0.558,1179131000.0,1092872750.0,1179131000.0,3585487764.0,14.0,5.705,226764000.0,0.983,1.0,792509000.0,0.748,0.0,46382000.0,3033826000.0,3208516500.0,13730000.0,228357000.0,0.0,228357000.0,1758141000.0,650052000.0,1108089000.0,2718166764.0,106238000.0,1751000.0,53628000.0,-114488000.0,-10339000.0,-107825000.0,-440933000.0,-15952000.0,654996000.0,0.0,128681000.0,128681000.0,128681000.0,3811000.0,0.0,0.121,537294000.0,255215000.0,360701000.0,0.081,2.305,21.123,21.102,2126405000.0,0.0,11.775,2.564,2.562,313971000.0,609393000.0,1060141000.0,1060141000.0,129902000.0,0.044,0.118,0.079,0.239,0.0,56337000.0,1.0,230842188.0,230652000.0,234124000.0,4.596,2937272000.0,0.0,78525000.0,228821000.0,12.735,-104479000.0
66,NBL,MRT,2003-12-31,2003-12-31,2003-12-31,2021-09-14,-10886000.0,2842649000.0,2900575500.0,470415000.0,2372234000.0,0.348,4.712,-430350000.0,62374000.0,62374000.0,271597000.0,77992000.0,0.726,1.648,989445000.0,213424000.0,776021000.0,989445000.0,0.0,369082000.0,0.0,0.004,0.043,176186000.0,545268000.0,0.541,545268000.0,176186000.0,128505000.0,0.34,0.34,0.34,1073573000.0,1055978500.0,1073573000.0,3456855740.0,20.0,6.34,172420000.0,0.757,1.0,736629000.0,0.731,0.0,47681000.0,3121791000.0,3287752500.0,11083000.0,275755000.0,48086000.0,227669000.0,1769076000.0,647929000.0,1121147000.0,2521484740.0,46932000.0,0.0,24685000.0,-89340000.0,-9755000.0,-111036000.0,-444802000.0,-15952000.0,602770000.0,0.0,77992000.0,77992000.0,77992000.0,6061000.0,0.0,0.077,548543000.0,188086000.0,388428000.0,0.126,2.349,32.33,32.669,2099741000.0,0.0,11.107,2.501,2.51,303822000.0,526727000.0,1008226000.0,1008226000.0,148818000.0,0.027,0.074,0.054,0.175,0.0,54907000.0,1.0,227007404.0,227856000.0,230156000.0,4.425,2842649000.0,7501000.0,50513000.0,169694000.0,12.476,-177514000.0
67,NBL,MRT,2003-09-30,2003-09-30,2003-09-30,2021-09-14,-1506000.0,2929014000.0,2872417000.0,476821000.0,2452193000.0,0.335,4.799,-545700000.0,71382000.0,71382000.0,260391000.0,115864000.0,0.909,1.701,1006753000.0,60776000.0,945977000.0,1006753000.0,0.0,330724000.0,0.0,0.004,0.04,253448000.0,584172000.0,0.607,584172000.0,253448000.0,190136000.0,0.51,0.502,0.51,1084480000.0,1039931750.0,1084480000.0,3140920528.0,12.0,5.377,138667000.0,0.614,1.0,701640000.0,0.729,0.0,63312000.0,3339735000.0,3322768250.0,11618000.0,229383000.0,0.0,229383000.0,1844534000.0,524650000.0,1319884000.0,2163040528.0,64975000.0,1086000.0,5522000.0,-71128000.0,-9172000.0,-74778000.0,-544614000.0,0.0,684367000.0,0.0,115864000.0,115864000.0,115864000.0,-19647000.0,0.0,0.12,474177000.0,227463000.0,355296000.0,0.078,1.995,18.669,18.775,2174048000.0,0.0,9.575,2.248,2.249,268666000.0,550653000.0,962031000.0,962031000.0,138994000.0,0.04,0.111,0.076,0.263,0.0,50492000.0,1.0,225905016.0,225976000.0,228452000.0,4.257,2929014000.0,0.0,74272000.0,253163000.0,12.962,-47829000.0
68,NBL,MRT,2003-06-30,2003-06-30,2003-06-30,2021-09-14,-16396000.0,2875421000.0,2791383500.0,352573000.0,2522848000.0,0.312,4.522,-554911000.0,48733000.0,48733000.0,237126000.0,79558000.0,0.685,1.78,1026613000.0,85680000.0,940933000.0,1026613000.0,0.0,290197000.0,0.0,0.004,0.04,195593000.0,485790000.0,0.558,485790000.0,195593000.0,132708000.0,0.348,0.345,0.348,1034307000.0,1018904500.0,1034307000.0,3136741285.0,16.0,6.457,82647000.0,0.361,1.0,632828000.0,0.727,0.0,62885000.0,3338714000.0,3305710500.0,15649000.0,230922000.0,0.0,230922000.0,1841114000.0,514587000.0,1326527000.0,2169365285.0,47052000.0,-581000.0,3439000.0,-29277000.0,-9176000.0,-35014000.0,-555492000.0,0.0,637558000.0,0.0,79558000.0,79558000.0,79558000.0,-21130000.0,0.0,0.091,464957000.0,167871000.0,351559000.0,0.115,2.097,27.268,27.155,2250979000.0,0.0,9.45,2.494,2.485,221142000.0,517825000.0,869954000.0,869954000.0,164141000.0,0.029,0.078,0.059,0.225,0.0,52832000.0,1.0,229562464.0,228724000.0,230680000.0,3.804,2875421000.0,0.0,53150000.0,235878000.0,12.572,-162014000.0
69,NBL,MRT,2003-03-31,2003-03-31,2003-03-31,2021-09-14,-25866000.0,2955218000.0,2713421250.0,423474000.0,2531744000.0,0.296,4.495,-559657000.0,33319000.0,33319000.0,214105000.0,67607000.0,0.741,1.865,1000695000.0,42245000.0,958450000.0,1000695000.0,0.0,270564000.0,0.0,0.005,0.04,183008000.0,453572000.0,0.564,453572000.0,183008000.0,118930000.0,0.295,0.292,0.295,1031554000.0,1012388000.0,1031554000.0,2971307162.0,16.0,6.551,31617000.0,0.138,1.0,589493000.0,0.734,0.0,64078000.0,3350770000.0,3278483250.0,13292000.0,235978000.0,0.0,235978000.0,1923664000.0,571824000.0,1351840000.0,1967714162.0,5000.0,1676000.0,7188000.0,-31314000.0,-9162000.0,-33288000.0,-557981000.0,0.0,591274000.0,0.0,67607000.0,67607000.0,67607000.0,-17541000.0,0.0,0.084,432097000.0,157396000.0,465245000.0,0.136,1.908,29.105,29.059,2243309000.0,0.0,8.572,2.449,2.448,342028000.0,491052000.0,803598000.0,803598000.0,149698000.0,0.025,0.067,0.056,0.228,0.0,49970000.0,1.0,229537960.0,229504000.0,231532000.0,3.501,2955218000.0,0.0,51323000.0,227131000.0,12.877,-148350000.0
70,NBL,MRT,2002-12-31,2002-12-31,2002-12-31,2021-09-14,-14603000.0,2730015000.0,2623487000.0,310374000.0,2419641000.0,0.267,4.412,-575376000.0,15442000.0,15442000.0,191727000.0,17652000.0,0.658,1.705,1019035000.0,41919000.0,977116000.0,1019035000.0,0.0,266593000.0,0.0,0.004,0.04,101493000.0,368086000.0,0.525,368086000.0,101493000.0,37453000.0,0.077,0.077,0.077,1009386000.0,1002306000.0,1009386000.0,3185598117.0,31.0,8.654,-68421000.0,-0.299,1.0,509605000.0,0.727,0.0,64040000.0,3261854000.0,3249061000.0,10663000.0,234668000.0,0.0,234668000.0,1720629000.0,471754000.0,1248875000.0,2151271117.0,-57795000.0,-2152000.0,7692000.0,14233000.0,-9147000.0,12778000.0,-577528000.0,0.0,506955000.0,0.0,17652000.0,17652000.0,17652000.0,-9557000.0,0.0,0.025,434000000.0,75605000.0,351856000.0,0.519,2.131,121.871,121.916,2139785000.0,0.0,9.387,3.067,3.062,232924000.0,458490000.0,701332000.0,701332000.0,150701000.0,0.007,0.018,0.031,0.145,0.0,47664000.0,1.0,229163368.0,228784000.0,231052000.0,3.065,2730015000.0,0.0,19801000.0,211474000.0,11.933,-161380000.0
71,NBL,MRT,2002-09-30,2002-09-30,2002-09-30,2021-09-14,-6914000.0,2604880000.0,2592047000.0,250359000.0,2354521000.0,0.003,4.365,-601370000.0,6407000.0,6407000.0,-343024000.0,-26646000.0,0.681,1.604,1040734000.0,53629000.0,987105000.0,1040734000.0,0.0,241182000.0,0.0,0.005,0.04,19311000.0,260493000.0,33.699,260493000.0,19311000.0,-51031000.0,-0.122,-0.115,-0.122,1000371000.0,1002509000.0,1000371000.0,2962542753.0,153.0,11.373,-130035000.0,-0.567,1.0,350754000.0,45.376,0.0,70342000.0,3271504000.0,3222495500.0,10202000.0,238643000.0,0.0,238643000.0,1604509000.0,367703000.0,1236806000.0,1946058753.0,-11601000.0,-93035000.0,3931000.0,216658000.0,-9120000.0,211469000.0,-694405000.0,0.0,471335000.0,0.0,-26646000.0,-26646000.0,-26646000.0,-53115000.0,0.0,-3.447,403865000.0,-53111000.0,269454000.0,-0.328,1.945,-73.034,-69.611,2063563000.0,0.0,8.492,251.754,251.76,202966000.0,443961000.0,7730000.0,7730000.0,145209000.0,-0.01,-0.027,0.006,2.498,0.0,50198000.0,1.0,229150280.0,229156000.0,,0.034,2604880000.0,0.0,-24385000.0,179043000.0,11.367,-117344000.0
72,NBL,MRT,2002-06-30,2002-06-30,2002-06-30,2021-09-14,-2017000.0,2563572000.0,2491396250.0,209646000.0,2353926000.0,0.064,4.409,-641368000.0,1681000.0,1681000.0,-224782000.0,-21648000.0,0.599,1.543,1018165000.0,71153000.0,947012000.0,1018165000.0,0.0,259322000.0,0.0,0.004,0.04,28473000.0,287795000.0,1.795,287795000.0,28473000.0,-37864000.0,-0.098,-0.092,-0.098,1008241000.0,1010405500.0,1008241000.0,3055189184.0,107.0,10.616,-198340000.0,-0.867,1.0,385081000.0,2.402,0.0,66337000.0,3229805000.0,3031594750.0,10745000.0,236763000.0,0.0,236763000.0,1555331000.0,350251000.0,1205080000.0,2057535184.0,-62945000.0,-93657000.0,3432000.0,234711000.0,-9091000.0,229052000.0,-735025000.0,0.0,443028000.0,0.0,-21648000.0,-21648000.0,-21648000.0,-48083000.0,0.0,-0.135,422924000.0,-37843000.0,240927000.0,-0.408,2.041,-95.045,-91.964,2044334000.0,0.0,9.012,12.836,12.858,175420000.0,447443000.0,160299000.0,160299000.0,143443000.0,-0.009,-0.021,0.009,0.178,0.0,45089000.0,1.0,228297940.0,228696000.0,,0.701,2563572000.0,0.0,-16216000.0,180535000.0,11.21,-140605000.0
73,NBL,MRT,2002-03-31,2002-03-31,2002-03-31,2021-09-14,2219000.0,2595481000.0,2393580250.0,300287000.0,2295194000.0,0.164,4.346,-697614000.0,33314000.0,33314000.0,-52090000.0,12567000.0,0.834,1.618,1030968000.0,51203000.0,979765000.0,1030968000.0,0.0,265847000.0,0.0,0.004,0.04,71393000.0,337240000.0,0.86,337240000.0,71393000.0,12463000.0,0.055,0.058,0.055,991226000.0,1013444000.0,991226000.0,3035168699.0,43.0,9.0,-252618000.0,-1.108,1.0,444023000.0,1.133,0.0,58930000.0,3233081000.0,2820119500.0,9457000.0,244167000.0,0.0,244167000.0,1604255000.0,360054000.0,1244201000.0,2226721699.0,4048000.0,-119173000.0,-2647000.0,387558000.0,-9072000.0,375839000.0,-816787000.0,0.0,444996000.0,0.0,12567000.0,12567000.0,12567000.0,-48412000.0,0.0,0.032,438459000.0,5564000.0,269207000.0,0.727,2.246,177.188,177.545,1989938000.0,0.0,9.765,5.681,5.682,222582000.0,432609000.0,391933000.0,391933000.0,149987000.0,0.005,0.012,0.025,0.182,0.0,43697000.0,1.0,228030896.0,228056000.0,,1.719,2595481000.0,0.0,-104000.0,174699000.0,11.381,-59767000.0
74,NBL,MRT,2001-12-31,2001-12-31,2001-12-31,2021-09-14,5070000.0,2604255000.0,2239374000.0,351571000.0,2252684000.0,0.353,4.466,-737272000.0,73237000.0,73237000.0,171600000.0,133575000.0,0.923,1.578,1005625000.0,44507000.0,961118000.0,1005625000.0,0.0,250729000.0,0.0,0.005,0.04,252502000.0,503231000.0,0.637,503231000.0,252502000.0,198542000.0,0.59,0.583,0.59,1010198000.0,1008244000.0,1010198000.0,2614985594.0,10.0,5.196,-109118000.0,-0.482,1.0,617913000.0,0.783,0.0,53960000.0,3155592000.0,2522794750.0,10828000.0,242142000.0,0.0,242142000.0,1594057000.0,381051000.0,1213006000.0,1997367594.0,50085000.0,-134433000.0,12283000.0,290395000.0,-9042000.0,293636000.0,-871705000.0,0.0,628154000.0,0.0,133575000.0,133575000.0,133575000.0,-48412000.0,0.0,0.169,429776000.0,188137000.0,295454000.0,0.068,1.977,14.953,14.953,1953211000.0,0.0,8.822,2.53,2.528,216403000.0,449985000.0,789513000.0,789513000.0,152096000.0,0.06,0.132,0.1,0.32,0.0,44164000.0,1.0,226394740.0,226196000.0,229212000.0,3.49,2604255000.0,0.0,64967000.0,176259000.0,11.513,-29480000.0
75,NBL,MRT,2001-09-30,2001-09-30,2001-09-30,2021-09-14,11468000.0,2202277000.0,2058130250.0,283965000.0,1918312000.0,0.851,4.559,-802405000.0,18008000.0,18008000.0,881683000.0,231692000.0,0.91,1.134,635626000.0,0.0,635626000.0,635626000.0,0.0,274974000.0,0.0,0.005,0.04,408603000.0,683577000.0,0.39,683577000.0,408603000.0,356125000.0,1.03,1.012,1.03,1031957000.0,968115000.0,1031957000.0,2284826869.0,6.0,3.342,-93913000.0,-0.415,1.0,869845000.0,0.497,0.0,52478000.0,2507901000.0,2247948000.0,21291000.0,118378000.0,0.0,118378000.0,1170320000.0,311994000.0,858326000.0,1753870869.0,-9708000.0,-51377000.0,22817000.0,121755000.0,-8990000.0,135582000.0,-853782000.0,0.0,708492000.0,0.0,231692000.0,231692000.0,231692000.0,0.0,0.0,0.132,474004000.0,395841000.0,230604000.0,0.039,1.7,7.57,7.522,1728563000.0,0.0,7.747,1.001,1.001,171128000.0,479726000.0,1751528000.0,1751528000.0,154303000.0,0.113,0.239,0.182,0.233,0.0,44726000.0,1.0,226378944.0,226378944.0,,7.737,2202277000.0,0.0,124433000.0,158028000.0,9.728,-28029000.0
76,NBL,MRT,2001-06-30,2001-06-30,2001-06-30,2021-09-14,1460000.0,2172308000.0,1917212000.0,309018000.0,1863290000.0,0.943,4.508,-728934000.0,64626000.0,64626000.0,895703000.0,285101000.0,0.968,1.129,595582000.0,0.0,595582000.0,595582000.0,0.0,263490000.0,0.0,0.005,0.04,490378000.0,753868000.0,0.417,753868000.0,490378000.0,439579000.0,1.268,1.248,1.268,1020395000.0,903868750.0,1020395000.0,2426552386.0,5.0,3.219,3118000.0,0.014,1.0,911921000.0,0.504,0.0,50799000.0,2383904000.0,2091759250.0,15959000.0,115532000.0,0.0,115532000.0,1151913000.0,319360000.0,832553000.0,2000280386.0,24725000.0,-61765000.0,25578000.0,66755000.0,-8961000.0,83372000.0,-790699000.0,0.0,732052000.0,0.0,285101000.0,285101000.0,285101000.0,0.0,0.0,0.158,432186000.0,479735000.0,280862000.0,0.032,1.96,7.016,6.97,1656320000.0,0.0,8.838,1.107,1.107,214657000.0,478182000.0,1807624000.0,1807624000.0,122910000.0,0.149,0.315,0.234,0.271,0.0,45786000.0,1.0,226340072.0,226340072.0,,7.986,2172308000.0,0.0,154478000.0,145260000.0,9.598,-10342000.0
77,NBL,MRT,2001-03-31,2001-03-31,2001-03-31,2021-09-14,899000.0,1978656000.0,1766550750.0,262231000.0,1716425000.0,0.963,4.307,-623229000.0,29266000.0,29266000.0,838948000.0,270628000.0,0.726,1.039,455538000.0,0.0,455538000.0,455538000.0,0.0,243485000.0,0.0,0.004,0.04,471964000.0,715449000.0,0.421,715449000.0,471964000.0,421114000.0,1.205,1.188,1.205,970426000.0,828074500.0,970426000.0,2852740893.0,6.0,3.987,89413000.0,0.397,1.0,861818000.0,0.507,0.0,50850000.0,2043782000.0,1956308250.0,9293000.0,94496000.0,0.0,94496000.0,1008230000.0,361146000.0,647084000.0,2350398893.0,24631000.0,-60412000.0,29556000.0,-25000000.0,-8926000.0,-4370000.0,-683641000.0,0.0,712642000.0,0.0,270628000.0,270628000.0,270628000.0,0.0,0.0,0.159,397986000.0,463832000.0,266779000.0,0.033,2.422,8.685,8.658,1562092000.0,0.0,10.432,1.382,1.382,210343000.0,429111000.0,1700766000.0,1700766000.0,107391000.0,0.153,0.327,0.241,0.278,0.0,47110000.0,1.0,225295844.0,225295844.0,,7.549,1978656000.0,0.0,150486000.0,182948000.0,8.782,-98915000.0
78,NBL,MRT,2000-12-31,2000-12-31,2000-12-31,2021-09-14,0.0,1879280000.0,1643976000.0,271261000.0,1608019000.0,0.859,3.793,-524293000.0,23152000.0,23152000.0,705373000.0,191597000.0,0.834,1.212,525494000.0,0.0,525494000.0,525494000.0,0.0,230800000.0,0.0,0.003,0.04,349506000.0,580306000.0,0.411,580306000.0,349506000.0,299483000.0,0.855,0.845,0.855,849682000.0,755035750.0,849682000.0,3036787326.0,9.0,5.233,34022000.0,0.152,1.0,706139000.0,0.5,0.0,50023000.0,2056205000.0,1889843750.0,4645000.0,74159000.0,0.0,74159000.0,1029598000.0,325417000.0,704181000.0,2574053326.0,20227000.0,-45026000.0,-16566000.0,56755000.0,-8958000.0,31231000.0,-569319000.0,0.0,558315000.0,0.0,191597000.0,191597000.0,191597000.0,0.0,0.0,0.136,362959000.0,343180000.0,279379000.0,0.047,3.029,13.435,13.45,1485123000.0,0.0,11.5,1.824,1.825,235843000.0,325452000.0,1411512000.0,1411512000.0,84868000.0,0.117,0.254,0.185,0.248,0.0,47291000.0,1.0,223830724.0,223996000.0,227020000.0,6.302,1879280000.0,0.0,107886000.0,132356000.0,8.39,-54156000.0
79,NBL,MRT,2000-09-30,2000-09-30,2000-09-30,2021-09-14,0.0,1638604000.0,1529243750.0,219084000.0,1419520000.0,0.783,3.468,-296063000.0,27716000.0,27716000.0,591512000.0,142487000.0,1.004,1.114,490450000.0,0.0,490450000.0,490450000.0,0.0,234608000.0,0.0,0.004,0.04,267453000.0,502061000.0,0.419,502061000.0,267453000.0,228130000.0,0.635,0.625,0.635,774972000.0,713517500.0,774972000.0,2539511166.0,9.0,5.058,127803000.0,0.572,1.0,605658000.0,0.506,0.0,39323000.0,1883146000.0,1802861000.0,6650000.0,54237000.0,0.0,54237000.0,863632000.0,218192000.0,645440000.0,2074006166.0,-37828000.0,23264000.0,-22487000.0,-157381000.0,-9027000.0,-188895000.0,-272799000.0,0.0,423866000.0,0.0,142487000.0,142487000.0,142487000.0,0.0,0.0,0.119,343596000.0,262062000.0,163584000.0,0.063,2.676,14.556,14.618,1318141000.0,0.0,9.283,1.732,1.732,173225000.0,257026000.0,1197170000.0,1197170000.0,60100000.0,0.093,0.2,0.148,0.223,0.0,48888000.0,1.0,223431852.0,223431852.0,,5.358,1638604000.0,0.0,85643000.0,115629000.0,7.334,892000.0
80,NBL,MRT,2000-06-30,2000-06-30,2000-06-30,2021-09-14,0.0,1569663000.0,1522870500.0,199311000.0,1370352000.0,0.717,3.218,-210857000.0,39901000.0,39901000.0,531842000.0,112924000.0,1.032,1.189,505406000.0,0.0,505406000.0,505406000.0,0.0,236255000.0,0.0,0.004,0.04,223640000.0,459895000.0,0.421,459895000.0,223640000.0,181468000.0,0.502,0.495,0.502,717218000.0,685774250.0,717218000.0,2550964171.0,11.0,5.547,177367000.0,0.796,1.0,559869000.0,0.513,0.0,42172000.0,1842100000.0,1852699500.0,4745000.0,41897000.0,0.0,41897000.0,852445000.0,193068000.0,659377000.0,2075237171.0,-39646000.0,8968000.0,-24527000.0,-192381000.0,-9073000.0,-225981000.0,-201889000.0,0.0,388224000.0,0.0,112924000.0,112924000.0,112924000.0,0.0,0.0,0.103,341916000.0,217953000.0,156464000.0,0.08,2.893,18.377,18.551,1281027000.0,0.0,9.312,1.901,1.901,145477000.0,202043000.0,1091711000.0,1091711000.0,56831000.0,0.074,0.165,0.121,0.205,0.0,48830000.0,1.0,222844260.0,222844260.0,,4.899,1569663000.0,0.0,68544000.0,103972000.0,7.044,6243000.0
81,NBL,MRT,2000-03-31,2000-03-31,2000-03-31,2021-09-14,0.0,1488357000.0,1538093500.0,159982000.0,1328375000.0,0.653,3.01,-147624000.0,4635000.0,4635000.0,490505000.0,85242000.0,0.859,1.194,480362000.0,0.0,480362000.0,480362000.0,0.0,239524000.0,0.0,0.005,0.04,178540000.0,418064000.0,0.417,418064000.0,178540000.0,133018000.0,0.378,0.372,0.378,678271000.0,665943000.0,678271000.0,2290521028.0,13.0,5.479,237335000.0,1.053,1.0,513186000.0,0.511,0.0,45522000.0,1777924000.0,1931849500.0,3756000.0,20690000.0,0.0,20690000.0,810086000.0,186160000.0,623926000.0,1848127028.0,-52341000.0,13821000.0,-28748000.0,-265626000.0,-9123000.0,-303497000.0,-133803000.0,0.0,384959000.0,0.0,85242000.0,85242000.0,85242000.0,0.0,0.0,0.085,340498000.0,172688000.0,110626000.0,0.106,2.725,21.681,21.7,1256036000.0,0.0,8.203,1.841,1.841,112718000.0,167412000.0,1003691000.0,1003691000.0,52535000.0,0.055,0.128,0.092,0.178,0.0,48439000.0,1.0,225312652.0,225312652.0,,4.455,1488357000.0,0.0,47776000.0,131639000.0,6.606,-26178000.0
82,NBL,MRT,1999-12-31,1999-12-31,1999-12-31,2021-09-14,0.0,1420351000.0,1577742250.0,117914000.0,1302437000.0,0.577,2.998,-83987000.0,2925000.0,2925000.0,440012000.0,49461000.0,0.763,1.078,445319000.0,0.0,445319000.0,445319000.0,0.0,254515000.0,0.0,0.007,0.04,126566000.0,381081000.0,0.419,381081000.0,126566000.0,77631000.0,0.217,0.215,0.217,683609000.0,654100250.0,683609000.0,1827786799.0,14.0,4.796,259113000.0,1.136,1.0,469830000.0,0.516,0.0,48935000.0,1708274000.0,2041384250.0,5517000.0,15625000.0,0.0,15625000.0,736742000.0,154471000.0,582271000.0,1223055799.0,-16175000.0,10025000.0,1188000.0,-277381000.0,-9120000.0,-285313000.0,-73962000.0,0.0,343100000.0,0.0,49461000.0,49461000.0,49461000.0,0.0,0.0,0.054,349158000.0,120672000.0,103753000.0,0.184,1.789,24.728,24.7,1242370000.0,0.0,5.36,1.344,1.343,98794000.0,142813000.0,909842000.0,909842000.0,46784000.0,0.031,0.076,0.062,0.139,0.0,47859000.0,1.0,228182052.0,228020000.0,229396000.0,3.99,1420351000.0,0.0,28170000.0,85578000.0,6.229,-36557000.0
83,NBL,MRT,1999-09-30,1999-09-30,1999-09-30,2021-09-14,0.0,1613111000.0,1644174500.0,193582000.0,1419529000.0,0.52,2.913,-125757000.0,65544000.0,65544000.0,418270000.0,-136796000.0,1.43,1.429,670275000.0,0.0,670275000.0,670275000.0,0.0,269769000.0,0.0,0.006,0.04,-152089000.0,117680000.0,0.138,117680000.0,-152089000.0,-203016000.0,-0.6,-0.6,-0.6,663999000.0,643718000.0,663999000.0,2293380892.0,-15.0,19.488,189267000.0,0.83,1.0,437471000.0,0.511,0.0,50927000.0,2082500000.0,2182555000.0,5808000.0,75685000.0,0.0,75685000.0,949112000.0,135342000.0,813770000.0,1652696892.0,45473000.0,-75685000.0,1009000.0,-60000000.0,-9118000.0,-68109000.0,-201442000.0,0.0,315024000.0,0.0,-136796000.0,-136796000.0,-136796000.0,0.0,0.0,-0.16,595640000.0,-158169000.0,86985000.0,-0.067,2.489,-12.081,-12.083,1299561000.0,0.0,7.25,1.931,1.931,97521000.0,123566000.0,855741000.0,855741000.0,59243000.0,-0.083,-0.213,-0.07,-0.178,0.0,43377000.0,1.0,227958192.0,227958192.0,,3.754,1613111000.0,0.0,-66220000.0,107910000.0,7.076,58240000.0
84,NBL,MRT,1999-06-30,1999-06-30,1999-06-30,2021-09-14,0.0,1630555000.0,1730410000.0,205924000.0,1424631000.0,0.47,2.799,-205868000.0,79547000.0,79547000.0,405709000.0,-189600000.0,1.83,1.556,720231000.0,0.0,720231000.0,720231000.0,0.0,294882000.0,0.0,0.006,0.04,-236601000.0,58281000.0,0.072,58281000.0,-236601000.0,-288383000.0,-0.832,-0.832,-0.832,637893000.0,679943750.0,637893000.0,2294511366.0,-10.0,39.37,98811000.0,0.434,1.0,406870000.0,0.501,0.0,51782000.0,2158700000.0,2272719250.0,2482000.0,49385000.0,0.0,49385000.0,992662000.0,112539000.0,880123000.0,1606300366.0,40749000.0,-49385000.0,439000.0,0.0,-9116000.0,-8677000.0,-255253000.0,0.0,304679000.0,0.0,-189600000.0,-189600000.0,-189600000.0,0.0,0.0,-0.233,649805000.0,-242935000.0,83599000.0,-0.048,2.518,-8.472,-8.471,1332337000.0,0.0,7.048,1.977,1.977,95204000.0,98191000.0,812579000.0,812579000.0,86618000.0,-0.11,-0.279,-0.104,-0.291,0.0,45275000.0,1.0,227924848.0,227924848.0,,3.565,1630555000.0,0.0,-98783000.0,107118000.0,7.154,93385000.0
85,NBL,MRT,1999-03-31,1999-03-31,1999-03-31,2021-09-14,0.0,1646952000.0,1814518250.0,193334000.0,1453618000.0,0.464,2.768,-299071000.0,56976000.0,56976000.0,393727000.0,-186644000.0,1.623,1.61,745187000.0,0.0,745187000.0,745187000.0,0.0,309428000.0,0.0,0.006,0.04,-228913000.0,80515000.0,0.096,80515000.0,-228913000.0,-280929000.0,-0.82,-0.82,-0.82,630900000.0,729513500.0,630900000.0,2378492232.0,-10.0,29.541,-66000.0,0.0,1.0,447663000.0,0.532,0.0,52016000.0,2216063000.0,2341847500.0,2201000.0,33512000.0,0.0,33512000.0,1016052000.0,119100000.0,896952000.0,1652449232.0,8055000.0,-33512000.0,748000.0,50000000.0,-9115000.0,41633000.0,-332583000.0,0.0,299005000.0,0.0,-186644000.0,-186644000.0,-186644000.0,0.0,0.0,-0.222,682902000.0,-235239000.0,84990000.0,-0.049,2.619,-8.853,-8.841,1372945000.0,0.0,7.25,1.964,1.964,81948000.0,91292000.0,841390000.0,841390000.0,103783000.0,-0.103,-0.256,-0.098,-0.272,0.0,46440000.0,1.0,227924032.0,227924032.0,,3.692,1646952000.0,0.0,-94285000.0,102175000.0,7.226,74234000.0
86,NBL,MRT,1998-12-31,1998-12-31,1998-12-31,2021-09-14,0.0,1686080000.0,1884916750.0,188289000.0,1497791000.0,0.484,2.818,-486040000.0,19100000.0,19100000.0,419856000.0,-164025000.0,1.353,1.626,745143000.0,0.0,745143000.0,745143000.0,0.0,313191000.0,0.0,0.006,0.04,-196197000.0,116994000.0,0.128,116994000.0,-196197000.0,-246708000.0,-0.72,-0.72,-0.72,642080000.0,778266500.0,642080000.0,2113375722.0,-11.0,18.064,-104030000.0,-0.457,1.0,491760000.0,0.539,0.0,50511000.0,2272957000.0,2380784000.0,3006000.0,25061000.0,0.0,25061000.0,1044000000.0,139166000.0,904834000.0,1403347722.0,-35975000.0,-25061000.0,2229000.0,100000000.0,-9113000.0,93116000.0,-511101000.0,0.0,382010000.0,0.0,-164025000.0,-164025000.0,-164025000.0,0.0,0.0,-0.18,694710000.0,-202950000.0,108538000.0,-0.056,2.186,-8.556,-8.552,1429667000.0,0.0,6.157,1.539,1.539,106513000.0,102472000.0,911616000.0,911616000.0,110158000.0,-0.087,-0.211,-0.082,-0.215,0.0,48110000.0,1.0,227908684.0,227820000.0,227820000.0,4.001,1686080000.0,0.0,-82683000.0,108636000.0,7.401,49123000.0
87,NBL,MRT,1998-09-30,1998-09-30,1998-09-30,2021-09-14,0.0,1958053000.0,1926592250.0,186708000.0,1771345000.0,0.535,3.55,-494775000.0,20071000.0,20071000.0,461451000.0,33289000.0,0.83,1.421,730099000.0,0.0,730099000.0,730099000.0,0.0,309343000.0,0.0,0.005,0.04,103473000.0,412816000.0,0.4,412816000.0,103473000.0,52883000.0,0.148,0.145,0.148,808902000.0,820993750.0,808902000.0,2497326449.0,24.0,6.049,-100778000.0,-0.442,1.0,569551000.0,0.552,0.0,50590000.0,2443157000.0,2374633750.0,3633000.0,0.0,0.0,0.0,1149151000.0,224924000.0,924227000.0,1816069449.0,-57658000.0,0.0,2228000.0,50001000.0,-9109000.0,43120000.0,-494775000.0,0.0,393997000.0,0.0,33289000.0,33289000.0,33289000.0,0.0,0.0,0.032,473563000.0,95988000.0,190198000.0,0.27,2.245,54.555,53.851,1693028000.0,0.0,7.97,1.761,1.761,150040000.0,269478000.0,1031002000.0,1031002000.0,111552000.0,0.017,0.041,0.044,0.1,0.0,52668000.0,1.0,227863168.0,227863168.0,,4.525,1958053000.0,0.0,19594000.0,146149000.0,8.593,-38216000.0
88,NBL,MRT,1998-06-30,1998-06-30,1998-06-30,2021-09-14,0.0,1966988000.0,1894730250.0,198371000.0,1768617000.0,0.556,3.67,-467178000.0,38798000.0,38798000.0,452226000.0,73616000.0,0.931,1.352,720055000.0,0.0,720055000.0,720055000.0,0.0,296317000.0,0.0,0.004,0.04,168040000.0,464357000.0,0.441,464357000.0,168040000.0,118047000.0,0.323,0.32,0.323,836172000.0,814392250.0,836172000.0,2810295222.0,17.0,6.052,-46273000.0,-0.203,1.0,600814000.0,0.571,0.0,49993000.0,2435213000.0,2326635750.0,4619000.0,0.0,0.0,0.0,1130816000.0,213032000.0,917784000.0,2164205222.0,-40262000.0,0.0,2737000.0,12380000.0,-9106000.0,6011000.0,-467178000.0,0.0,420905000.0,0.0,73616000.0,73616000.0,73616000.0,0.0,0.0,0.07,440076000.0,160738000.0,180602000.0,0.124,2.588,29.399,29.412,1707925000.0,0.0,9.5,2.055,2.055,148930000.0,296909000.0,1053040000.0,1053040000.0,91996000.0,0.039,0.09,0.072,0.16,0.0,51542000.0,1.0,227811076.0,227811076.0,,4.622,1966988000.0,0.0,44431000.0,155442000.0,8.634,-14661000.0
89,NBL,MRT,1998-03-31,1998-03-31,1998-03-31,2021-09-14,0.0,1928546000.0,1863352500.0,195142000.0,1733404000.0,0.559,3.625,-402831000.0,48921000.0,48921000.0,452238000.0,74633000.0,0.962,1.335,695011000.0,0.0,695011000.0,695011000.0,0.0,292946000.0,0.0,0.004,0.04,169071000.0,462017000.0,0.443,462017000.0,169071000.0,118817000.0,0.33,0.325,0.33,825912000.0,797580250.0,825912000.0,2961063448.0,18.0,6.409,12750000.0,0.056,1.0,590068000.0,0.566,0.0,50254000.0,2371809000.0,2290106500.0,3624000.0,0.0,0.0,0.0,1102634000.0,202827000.0,899807000.0,2371171448.0,-150127000.0,0.0,2719000.0,-156493000.0,-9103000.0,-162877000.0,-402831000.0,0.0,415581000.0,0.0,74633000.0,74633000.0,74633000.0,0.0,0.0,0.072,428073000.0,161995000.0,164737000.0,0.121,2.871,31.771,31.538,1674413000.0,0.0,10.408,2.275,2.275,137393000.0,287052000.0,1042306000.0,1042306000.0,83708000.0,0.04,0.094,0.074,0.162,0.0,51419000.0,1.0,227832952.0,227832952.0,,4.575,1928546000.0,0.0,44184000.0,151005000.0,8.465,-7685000.0
90,NBL,MRT,1997-12-31,1997-12-31,1997-12-31,2021-09-14,0.0,1852782000.0,1875777000.0,235932000.0,1616850000.0,0.595,3.574,-272415000.0,55075000.0,55075000.0,474572000.0,99278000.0,1.214,1.279,644967000.0,0.0,644967000.0,644967000.0,0.0,300354000.0,0.0,0.005,0.04,210693000.0,511047000.0,0.458,511047000.0,210693000.0,157685000.0,0.438,0.432,0.438,812989000.0,780517750.0,812989000.0,2607867464.0,12.0,5.103,173156000.0,0.761,1.0,642051000.0,0.575,0.0,53008000.0,2248356000.0,2292628250.0,2805000.0,0.0,0.0,0.0,1039793000.0,194318000.0,845475000.0,2005673464.0,-39693000.0,0.0,2744000.0,-206493000.0,-9100000.0,-212849000.0,-272415000.0,0.0,445571000.0,0.0,99278000.0,99278000.0,99278000.0,0.0,0.0,0.089,437597000.0,204454000.0,163563000.0,0.091,2.467,20.203,20.12,1546426000.0,0.0,8.812,1.796,1.795,162667000.0,275610000.0,1116623000.0,1116623000.0,86698000.0,0.053,0.127,0.092,0.189,0.0,50545000.0,1.0,227594152.0,227488000.0,229684000.0,4.908,1852782000.0,0.0,58407000.0,146382000.0,8.145,41614000.0
91,NBL,MRT,1997-09-30,1997-09-30,1997-09-30,2021-09-14,0.0,1830605000.0,1901816000.0,216330000.0,1614275000.0,0.574,3.44,-224115000.0,77729000.0,77729000.0,461517000.0,95728000.0,1.191,1.339,679923000.0,0.0,679923000.0,679923000.0,0.0,299749000.0,0.0,0.004,0.04,210398000.0,510147000.0,0.468,510147000.0,210398000.0,155514000.0,0.427,0.417,0.427,782496000.0,757287250.0,782496000.0,3172319732.0,15.0,6.218,212745000.0,0.935,1.0,629229000.0,0.577,0.0,54884000.0,2251165000.0,2338137250.0,3042000.0,0.0,0.0,0.0,1048109000.0,181634000.0,866475000.0,2544995732.0,-12947000.0,0.0,5896000.0,-222494000.0,-9094000.0,-225692000.0,-224115000.0,0.0,436860000.0,0.0,95728000.0,95728000.0,95728000.0,0.0,0.0,0.088,423525000.0,205704000.0,142019000.0,0.094,3.252,26.586,26.2,1538246000.0,0.0,11.188,2.333,2.333,126444000.0,245301000.0,1090746000.0,1090746000.0,68527000.0,0.05,0.126,0.09,0.193,0.0,55249000.0,1.0,227485652.0,227485652.0,,4.795,1830605000.0,0.0,59786000.0,138302000.0,8.047,34696000.0
92,NBL,MRT,1997-06-30,1997-06-30,1997-06-30,2021-09-14,0.0,1841477000.0,,231821000.0,1609656000.0,,3.38,-224310000.0,79060000.0,79060000.0,461896000.0,95857000.0,1.29,1.395,706384000.0,0.0,706384000.0,706384000.0,0.0,299706000.0,0.0,0.004,0.04,211680000.0,511386000.0,0.468,511386000.0,211680000.0,156415000.0,0.44,0.425,0.44,768924000.0,,768924000.0,2852675685.0,13.0,5.578,250321000.0,1.1,1.0,630434000.0,0.577,0.0,55265000.0,2289096000.0,,2763000.0,0.0,0.0,0.0,1072553000.0,179705000.0,892848000.0,2203685685.0,37262000.0,-768185000.0,6835000.0,557127000.0,-8836000.0,555126000.0,-992495000.0,0.0,474631000.0,0.0,95857000.0,95857000.0,95857000.0,0.0,0.0,0.088,422091000.0,208343000.0,149663000.0,0.091,2.866,22.989,22.017,1537746000.0,0.0,9.688,2.017,2.017,140832000.0,232399000.0,1092330000.0,1092330000.0,64850000.0,,,,0.194,0.0,57535000.0,1.0,227477232.0,227477232.0,,4.802,1841477000.0,0.0,60558000.0,136339000.0,8.095,52116000.0
93,NBL,MRT,1997-03-31,1997-03-31,1997-03-31,2021-09-14,0.0,1978244000.0,,352534000.0,1625710000.0,,3.332,-242105000.0,199048000.0,199048000.0,443247000.0,99564000.0,1.437,1.611,848038000.0,50000000.0,798038000.0,848038000.0,0.0,273185000.0,0.0,0.004,0.04,209126000.0,482311000.0,0.464,482311000.0,209126000.0,161716000.0,0.463,0.448,0.463,757662000.0,,757662000.0,2899510127.0,14.0,6.012,228753000.0,1.006,1.0,595988000.0,0.573,0.0,47410000.0,2381896000.0,,2721000.0,0.0,0.0,0.0,1220582000.0,245338000.0,975244000.0,2146250127.0,160290000.0,-768185000.0,7297000.0,701000000.0,-8575000.0,699722000.0,-1010290000.0,0.0,470858000.0,0.0,99564000.0,99564000.0,99564000.0,0.0,0.0,0.096,389175000.0,206813000.0,108355000.0,0.086,2.833,21.556,20.383,1559516000.0,0.0,9.438,2.065,2.065,141562000.0,221522000.0,1039235000.0,1039235000.0,61908000.0,,,,0.201,0.0,54082000.0,1.0,227417232.0,227417232.0,,4.57,1978244000.0,0.0,62152000.0,135513000.0,8.699,107196000.0
94,NBL,MRT,1996-12-31,1996-12-31,1996-12-31,2021-09-14,0.0,1956938000.0,1473057000.0,316803000.0,1640135000.0,0.602,3.501,-230961000.0,94768000.0,94768000.0,379573000.0,83880000.0,1.132,1.718,848028000.0,50000000.0,798028000.0,848028000.0,0.0,233604000.0,0.0,0.003,0.04,174763000.0,408367000.0,0.46,408367000.0,174763000.0,136289000.0,0.407,0.388,0.407,720067000.0,565989000.0,720067000.0,,,,149984000.0,0.729,1.0,507630000.0,0.572,0.0,38474000.0,2430392000.0,1843476500.0,4489000.0,0.0,0.0,0.0,1236871000.0,279806000.0,957065000.0,2722184267.0,82339000.0,-768185000.0,7851000.0,701000000.0,-8311000.0,700540000.0,-999146000.0,0.0,380945000.0,0.0,83880000.0,83880000.0,83880000.0,0.0,0.0,0.095,335032000.0,172598000.0,143408000.0,0.098,3.78,32.453,29.41,1571764000.0,0.0,11.97,3.068,2.775,206151000.0,185432000.0,887203000.0,887203000.0,49861000.0,0.057,0.148,0.095,0.197,0.0,51567000.0,1.0,227417232.0,205656000.0,228892000.0,4.314,1956938000.0,0.0,52409000.0,119096000.0,9.516,36997000.0
95,NBL,MRT,1996-09-30,1996-09-30,1996-09-30,2021-09-14,,,,,,,,,,,,,,,,,,,,,,0.004,0.04,,,,,,,,,,,,,,,,,,1.0,,,,,,,,,,,,,,,,,,,,,,,,,,,,,,,,,,,,,,,,10.562,,,,,,,,,,,,,,1.0,,,,,,,,,,
96,NBL,MRT,1996-06-30,1996-06-30,1996-06-30,2021-09-14,,,,,,,,,,,,,,,,,,,,,,0.004,0.04,,,,,,,,,,,,,,,,,,1.0,,,,,,,,,,,,,,,,,,,,,,,,,,,,,,,,,,,,,,,,9.062,,,,,,,,,,,,,,1.0,,,,,,,,,,
97,NBL,MRT,1996-03-31,1996-03-31,1996-03-31,2021-09-14,,,,,,,,,,,,,,,,,,,,,,0.005,0.04,,,,,,,,,,,,,,,,,,1.0,,,,,,,,,,,,,,,,,,,,,,,,,,,,,,,,,,,,,,,,8.312,,,,,,,,,,,,,,1.0,,,,,,,,,,
98,NBL,MRT,1995-12-31,1995-12-31,1995-12-31,2021-09-14,0.0,989176000.0,,117512000.0,871664000.0,,2.058,-244443000.0,12429000.0,12429000.0,189602000.0,4086000.0,1.209,1.401,376992000.0,0.0,376992000.0,376992000.0,0.0,200914000.0,0.0,0.005,0.04,29869000.0,230783000.0,0.474,230783000.0,29869000.0,7998000.0,0.02,0.02,0.02,411911000.0,,411911000.0,,,,-5523000.0,-0.028,1.0,297416000.0,0.611,0.0,21871000.0,1256561000.0,,2855000.0,0.0,0.0,0.0,577265000.0,97178000.0,480087000.0,,-9763000.0,0.0,3766000.0,0.0,-8006000.0,-4240000.0,-244443000.0,0.0,238920000.0,0.0,4086000.0,4086000.0,4086000.0,0.0,0.0,0.008,270674000.0,26742000.0,73536000.0,2.0,,,373.5,843945000.0,0.0,7.47,,3.07,79478000.0,109863000.0,487018000.0,487018000.0,33246000.0,,,,0.061,0.0,36514000.0,1.0,,200184000.0,201864000.0,2.433,989176000.0,0.0,3912000.0,72881000.0,4.941,20334000.0
99,NBL,MRT,1994-12-31,1994-12-31,1994-12-31,2021-09-14,,,,,,,,-163729000.0,,,117419000.0,3166000.0,,,,,,,,127470000.0,,0.006,0.04,29954000.0,157424000.0,0.439,157424000.0,29954000.0,5225000.0,0.015,0.015,0.015,,,,,,,24892000.0,0.125,1.0,240970000.0,0.672,,24729000.0,,,,,,,,,,,-154240000.0,0.0,1463000.0,-172600000.0,-7995000.0,-179132000.0,-163729000.0,0.0,188621000.0,0.0,3166000.0,3166000.0,3166000.0,0.0,0.0,0.009,218199000.0,22771000.0,,2.667,,,412.5,,0.0,6.188,,3.451,,,358389000.0,358389000.0,54321000.0,,,,0.084,0.0,36408000.0,1.0,,199880000.0,199880000.0,1.793,,,2059000.0,,,
