None,ticker,dimension,calendardate,datekey,reportperiod,lastupdated,accoci,assets,assetsavg,assetsc,assetsnc,assetturnover,bvps,capex,cashneq,cashnequsd,cor,consolinc,currentratio,de,debt,debtc,debtnc,debtusd,deferredrev,depamor,deposits,divyield,dps,ebit,ebitda,ebitdamargin,ebitdausd,ebitusd,ebt,eps,epsdil,epsusd,equity,equityavg,equityusd,ev,evebit,evebitda,fcf,fcfps,fxusd,gp,grossmargin,intangibles,intexp,invcap,invcapavg,inventory,investments,investmentsc,investmentsnc,liabilities,liabilitiesc,liabilitiesnc,marketcap,ncf,ncfbus,ncfcommon,ncfdebt,ncfdiv,ncff,ncfi,ncfinv,ncfo,ncfx,netinc,netinccmn,netinccmnusd,netincdis,netincnci,netmargin,opex,opinc,payables,payoutratio,pb,pe,pe1,ppnenet,prefdivis,price,ps,ps1,receivables,retearn,revenue,revenueusd,rnd,roa,roe,roic,ros,sbcomp,sgna,sharefactor,sharesbas,shareswa,shareswadil,sps,tangibles,taxassets,taxexp,taxliabilities,tbvps,workingcapital
0,WAB,MRY,2020-12-31,2020-12-31,2020-12-31,2021-07-29,-339100000.0,18454500000.0,18534350000.0,3879800000.0,14574700000.0,0.408,53.303,-115100000.0,598700000.0,598700000.0,5419000000.0,412300000.0,1.203,0.82,4239400000.0,447200000.0,3792200000.0,4239400000.0,0.0,385100000.0,642700000.0,0.007,0.48,758200000.0,1143300000.0,0.151,1143300000.0,758200000.0,559300000.0,2.18,2.17,2.18,10122300000.0,9936650000.0,10122300000.0,17627295554.0,23.0,15.418,668600000.0,3.521,1.0,2137100000.0,0.283,12354400000.0,198900000.0,6514500000.0,6856150000.0,1642100000.0,0.0,0.0,0.0,8301800000.0,3226300000.0,5075500000.0,13931895554.0,-5500000.0,-40300000.0,-207200000.0,-199300000.0,-92500000.0,-619000000.0,-155400000.0,0.0,783700000.0,-14800000.0,414400000.0,414400000.0,414400000.0,0.0,-2100000.0,0.055,1392600000.0,744500000.0,909400000.0,0.22,1.376,33.619,33.578,1601600000.0,0.0,73.2,1.844,1.84,1412500000.0,3588900000.0,7556100000.0,7556100000.0,162100000.0,0.022,0.042,0.111,0.1,19500000.0,948100000.0,1.0,190326442.0,189900000,190400000.0,39.79,6100100000.0,0.0,144900000.0,168400000.0,32.123,653500000.0
1,WAB,MRY,2019-12-31,2019-12-31,2019-12-31,2021-07-29,-382600000.0,18944200000.0,18966399500.0,4192100000.0,14752100000.0,0.432,58.396,-181400000.0,604200000.0,604200000.0,5922000000.0,326500000.0,1.287,0.899,4429300000.0,95700000.0,4333600000.0,4429300000.0,0.0,319200000.0,604200000.0,0.006,0.48,666100000.0,985300000.0,0.12,985300000.0,666100000.0,447000000.0,1.91,1.84,1.91,9956500000.0,9785626500.0,9956500000.0,19070797100.0,29.0,19.355,834100000.0,4.892,1.0,2278000000.0,0.278,12464600000.0,219100000.0,7046700000.0,7437790250.0,1773100000.0,0.0,0.0,0.0,8950600000.0,3258000000.0,5692600000.0,14912897100.0,-1738100000.0,-2996400000.0,0.0,558800000.0,-81700000.0,461500000.0,-3177800000.0,0.0,1015500000.0,-37300000.0,326700000.0,326700000.0,326700000.0,0.0,-200000.0,0.04,1614900000.0,663100000.0,1157500000.0,0.251,1.498,45.647,40.733,1655800000.0,0.0,77.8,1.819,1.618,1663900000.0,3267000000.0,8200000000.0,8200000000.0,209900000.0,0.017,0.033,0.09,0.081,50000000.0,1166600000.0,1.0,191682482.0,170500000,177300000.0,48.094,6479600000.0,0.0,120300000.0,145300000.0,38.004,934100000.0
2,WAB,MRY,2018-12-31,2018-12-31,2018-12-31,2021-07-29,-256600000.0,8649200000.0,7688953250.0,4449600000.0,4199600000.0,0.568,29.846,-82000000.0,2342300000.0,2342300000.0,3129600000.0,291700000.0,2.702,2.017,3856900000.0,64100000.0,3792800000.0,3856900000.0,0.0,109300000.0,373500000.0,0.007,0.48,483000000.0,592300000.0,0.136,592300000.0,483000000.0,370800000.0,3.06,3.05,3.06,2865200000.0,2896692000.0,2865200000.0,8516917956.0,18.0,14.379,232700000.0,2.424,1.0,1233900000.0,0.283,3526400000.0,112200000.0,4990800000.0,4104725250.0,844900000.0,0.0,0.0,0.0,5780100000.0,1646600000.0,4133500000.0,6787199956.0,2108900000.0,-51200000.0,0.0,2026700000.0,-46300000.0,1978100000.0,-147300000.0,0.0,314700000.0,-36600000.0,294900000.0,294900000.0,294900000.0,0.0,-3200000.0,0.068,760500000.0,473400000.0,589400000.0,0.157,2.369,23.015,22.958,563800000.0,0.0,70.25,1.555,1.546,1146800000.0,3022000000.0,4363500000.0,4363500000.0,87500000.0,0.038,0.102,0.118,0.111,25300000.0,633200000.0,1.0,96614946.0,96000000,96500000.0,45.453,5122800000.0,0.0,75900000.0,198300000.0,53.362,2803000000.0
3,WAB,MRY,2017-12-31,2017-12-31,2017-12-31,2021-07-29,-44992000.0,6579980000.0,6374817250.0,2265113000.0,4314867000.0,0.609,29.412,-88200000.0,233401000.0,233401000.0,2816400000.0,262300000.0,1.44,1.336,1870528000.0,47225000.0,1823303000.0,1870528000.0,0.0,103200000.0,369716000.0,0.005,0.44,430000000.0,533200000.0,0.137,533200000.0,430000000.0,352100000.0,2.74,2.72,2.74,2808868000.0,2611254500.0,2808868000.0,9463042765.0,22.0,17.748,100600000.0,1.053,1.0,1065300000.0,0.274,3664535000.0,77900000.0,2979242000.0,3024067250.0,742634000.0,0.0,0.0,0.0,3751448000.0,1573330000.0,2178118000.0,7817218765.0,-909800000.0,-945300000.0,4400000.0,-52800000.0,-42200000.0,-97400000.0,-1033500000.0,0.0,188800000.0,32300000.0,262300000.0,262300000.0,262300000.0,0.0,0.0,0.068,644200000.0,421100000.0,552525000.0,0.161,2.783,29.803,29.719,573972000.0,0.0,81.43,2.014,2.003,1166787000.0,2773300000.0,3881700000.0,3881700000.0,95200000.0,0.041,0.1,0.142,0.111,21300000.0,512500000.0,1.0,95999248.0,95500000,96100000.0,40.646,2915445000.0,0.0,89800000.0,175902000.0,30.528,691783000.0
4,WAB,MRY,2016-12-31,2016-12-31,2016-12-31,2021-07-29,-379605000.0,6581018000.0,4192289000.0,2867631000.0,3713387000.0,0.699,24.413,-49853000.0,398484000.0,398484000.0,2006949000.0,313404000.0,1.982,1.634,1892776000.0,129809000.0,1762967000.0,1892776000.0,0.0,69795000.0,256591000.0,0.004,0.36,454618000.0,524413000.0,0.179,524413000.0,454618000.0,404320000.0,3.37,3.34,3.37,2205977000.0,1833037250.0,2205977000.0,7964398242.0,18.0,15.187,400677000.0,4.434,1.0,924239000.0,0.315,3132625000.0,50298000.0,3496046000.0,2339408500.0,658510000.0,0.0,0.0,0.0,3604193000.0,1446639000.0,2157554000.0,7394876242.0,714099000.0,-183113000.0,-210193000.0,772252000.0,-32430000.0,522971000.0,-232966000.0,0.0,450530000.0,-26436000.0,304887000.0,304887000.0,304887000.0,0.0,8517000.0,0.104,467632000.0,456607000.0,530211000.0,0.107,3.352,24.254,24.635,518376000.0,0.0,83.02,2.523,2.559,942508000.0,2553258000.0,2931188000.0,2931188000.0,71375000.0,0.073,0.166,0.194,0.155,20813000.0,373559000.0,1.0,89073431.0,90359000,91141000.0,32.439,3448393000.0,0.0,99433000.0,245680000.0,38.163,1420992000.0
5,WAB,MRY,2015-12-31,2015-12-31,2015-12-31,2021-07-29,-276719000.0,3229513000.0,3255306250.0,1540020000.0,1689493000.0,1.016,17.691,-47644000.0,226191000.0,226191000.0,2260182000.0,398628000.0,2.317,0.899,692238000.0,0.0,692238000.0,692238000.0,0.0,64734000.0,106127000.0,0.004,0.28,602256000.0,666990000.0,0.202,666990000.0,602256000.0,585368000.0,4.14,4.1,4.14,1699607000.0,1863837250.0,1699607000.0,7104298623.0,12.0,10.651,403200000.0,4.197,1.0,1047816000.0,0.317,1299066000.0,16888000.0,1731718000.0,1534783750.0,478574000.0,0.0,0.0,0.0,1528174000.0,664776000.0,863398000.0,6861520623.0,-199658000.0,-129550000.0,-384690000.0,174720000.0,-26963000.0,-251498000.0,-380136000.0,0.0,450844000.0,-18868000.0,398628000.0,398628000.0,398628000.0,0.0,0.0,0.121,440249000.0,607567000.0,319525000.0,0.068,4.037,17.213,17.179,353193000.0,0.0,71.12,2.074,2.066,598789000.0,2280801000.0,3307998000.0,3307998000.0,71213000.0,0.122,0.214,0.392,0.182,26019000.0,347373000.0,1.0,96478074.0,96074000,97006000.0,34.432,1930447000.0,0.0,186740000.0,72519000.0,20.093,875244000.0
6,WAB,MRY,2014-12-31,2014-12-31,2014-12-31,2021-07-29,-159486000.0,3303841000.0,3153153750.0,1637864000.0,1665977000.0,0.966,18.868,-47241000.0,425849000.0,425849000.0,2108472000.0,351680000.0,2.217,0.828,521195000.0,0.0,521195000.0,521195000.0,0.0,61261000.0,111797000.0,0.002,0.2,525429000.0,586690000.0,0.193,586690000.0,525429000.0,507855000.0,3.66,3.62,3.66,1807242000.0,1759810500.0,1807242000.0,8673082136.0,17.0,14.783,425144000.0,4.439,1.0,935982000.0,0.307,1285149000.0,17574000.0,1375236000.0,1440205000.0,510949000.0,0.0,0.0,0.0,1495543000.0,738802000.0,756741000.0,8363581136.0,140089000.0,-300437000.0,-23420000.0,69581000.0,-19246000.0,25506000.0,-347678000.0,0.0,472385000.0,-10124000.0,351680000.0,351680000.0,351680000.0,0.0,0.0,0.116,408873000.0,527109000.0,399845000.0,0.055,4.628,23.782,23.74,339111000.0,0.0,86.89,2.747,2.734,631226000.0,1909136000.0,3044454000.0,3044454000.0,61886000.0,0.112,0.2,0.365,0.173,23114000.0,324539000.0,1.0,96254818.0,95781000,96885000.0,31.786,2018692000.0,43953000.0,156175000.0,112915000.0,21.076,899062000.0
7,WAB,MRY,2013-12-31,2013-12-31,2013-12-31,2021-07-29,-34856000.0,2821997000.0,2665385500.0,1333047000.0,1488950000.0,0.963,16.606,-35238000.0,285760000.0,285760000.0,1802365000.0,292235000.0,2.301,0.779,450709000.0,0.0,450709000.0,450709000.0,0.0,51193000.0,66573000.0,0.002,0.13,436428000.0,487621000.0,0.19,487621000.0,436428000.0,421087000.0,3.05,3.01,3.05,1585259000.0,1456393250.0,1585259000.0,7411252191.0,17.0,15.199,200415000.0,2.099,1.0,764027000.0,0.298,1172112000.0,15341000.0,1235434000.0,1204084500.0,403229000.0,0.0,0.0,0.0,1234830000.0,579400000.0,655430000.0,7152568191.0,69994000.0,-223454000.0,-27833000.0,129225000.0,-12644000.0,93014000.0,-258692000.0,0.0,235653000.0,19000.0,292235000.0,292235000.0,292235000.0,0.0,0.0,0.114,326717000.0,437310000.0,326666000.0,0.043,4.512,24.475,24.351,276078000.0,0.0,74.27,2.787,2.763,554503000.0,1576702000.0,2566392000.0,2566392000.0,46289000.0,0.11,0.201,0.362,0.17,19841000.0,262718000.0,1.0,96304944.0,95463000,96832000.0,26.884,1649885000.0,50622000.0,128852000.0,114486000.0,17.283,753647000.0
8,WAB,MRY,2012-12-31,2012-12-31,2012-12-31,2021-07-29,-53564000.0,2351542000.0,2324763750.0,1092938000.0,1258604000.0,1.029,13.374,-35030000.0,215766000.0,215766000.0,1696555000.0,251732000.0,1.976,0.838,317896000.0,0.0,317896000.0,317896000.0,0.0,44136000.0,82810000.0,0.002,0.08,391609000.0,435745000.0,0.182,435745000.0,391609000.0,377358000.0,2.62,2.6,2.62,1276830000.0,1193539250.0,1276830000.0,4342905346.0,11.0,9.967,202408000.0,2.12,1.0,694567000.0,0.29,974343000.0,14251000.0,926270000.0,1003086750.0,407039000.0,0.0,0.0,0.0,1069525000.0,553059000.0,516466000.0,4192063346.0,-69849000.0,-149914000.0,-42125000.0,-78057000.0,-7666000.0,-124723000.0,-184944000.0,0.0,237438000.0,2380000.0,251732000.0,251732000.0,251732000.0,0.0,0.0,0.105,302288000.0,392279000.0,248593000.0,0.031,3.283,16.653,16.706,244088000.0,0.0,43.77,1.753,1.748,389915000.0,1297111000.0,2391122000.0,2391122000.0,41307000.0,0.108,0.211,0.39,0.164,16723000.0,245709000.0,1.0,95774808.0,95469000,96742000.0,25.046,1377199000.0,61077000.0,125626000.0,91176000.0,14.426,539879000.0
9,WAB,MRY,2011-12-31,2011-12-31,2011-12-31,2021-07-29,-60897000.0,2158953000.0,2018294000.0,1055782000.0,1103171000.0,0.975,10.928,-37308000.0,285615000.0,285615000.0,1397213000.0,170149000.0,1.95,1.063,395873000.0,0.0,395873000.0,395873000.0,0.0,44849000.0,72811000.0,0.001,0.04,270321000.0,315170000.0,0.16,315170000.0,270321000.0,255314000.0,1.77,1.76,1.77,1045189000.0,1009266250.0,1045189000.0,3540621508.0,13.0,11.234,211318000.0,2.21,1.0,570424000.0,0.29,844886000.0,15007000.0,882940000.0,909408000.0,348174000.0,0.0,0.0,0.0,1111309000.0,541385000.0,569924000.0,3355602508.0,48674000.0,-108874000.0,-21123000.0,-26202000.0,-3849000.0,-46759000.0,-146182000.0,0.0,248626000.0,-7011000.0,170149000.0,170149000.0,170149000.0,0.0,0.0,0.086,299723000.0,270701000.0,244649000.0,0.023,3.211,19.722,19.76,222022000.0,0.0,34.975,1.705,1.7,346281000.0,1053706000.0,1967637000.0,1967637000.0,37193000.0,0.084,0.169,0.297,0.137,14231000.0,247534000.0,1.0,95942888.0,95639000,96657000.0,20.574,1314067000.0,57579000.0,85165000.0,74217000.0,13.74,514397000.0
10,WAB,MRY,2010-12-31,2010-12-31,2010-12-31,2021-07-29,-38077000.0,1803081000.0,1694796250.0,801953000.0,1001128000.0,0.889,9.452,-20425000.0,236941000.0,236941000.0,1057934000.0,123099000.0,2.302,1.0,422075000.0,0.0,422075000.0,422075000.0,0.0,38586000.0,23810000.0,0.001,0.02,202750000.0,241336000.0,0.16,241336000.0,202750000.0,186827000.0,1.285,1.28,1.285,899771000.0,843083250.0,899771000.0,2768731125.0,14.0,11.473,155711000.0,1.636,1.0,449078000.0,0.298,762745000.0,15923000.0,877096000.0,881457250.0,253491000.0,0.0,0.0,0.0,899694000.0,348374000.0,551320000.0,2535697125.0,48282000.0,-135830000.0,-5125000.0,30317000.0,-1914000.0,25848000.0,-156255000.0,0.0,176136000.0,2553000.0,123099000.0,123099000.0,123099000.0,0.0,0.0,0.082,246268000.0,202810000.0,170504000.0,0.016,2.818,20.599,20.58,206225000.0,0.0,26.445,1.683,1.67,258149000.0,887406000.0,1507012000.0,1507012000.0,40203000.0,0.073,0.146,0.23,0.135,9195000.0,195892000.0,1.0,95885692.0,95194000,96010000.0,15.831,1040336000.0,42919000.0,63728000.0,76505000.0,10.929,453579000.0
11,WAB,MRY,2009-12-31,2009-12-31,2009-12-31,2021-07-29,-30546000.0,1585835000.0,1510442250.0,689509000.0,896326000.0,0.928,8.178,-14197000.0,188659000.0,188659000.0,1008290000.0,115055000.0,2.258,1.039,391780000.0,0.0,391780000.0,391780000.0,0.0,35519000.0,44251000.0,0.001,0.02,180033000.0,215552000.0,0.154,215552000.0,180033000.0,163359000.0,1.205,1.195,1.205,776907000.0,722351750.0,776907000.0,2119749826.0,12.0,9.834,148103000.0,1.559,1.0,393326000.0,0.281,670608000.0,16674000.0,813000000.0,820781250.0,239333000.0,0.0,0.0,0.0,806922000.0,305348000.0,501574000.0,1942592826.0,46854000.0,-101024000.0,-17122000.0,4176000.0,-1917000.0,-12957000.0,-115221000.0,0.0,162300000.0,12732000.0,115055000.0,115055000.0,115055000.0,0.0,0.0,0.082,213294000.0,180032000.0,119895000.0,0.017,2.5,16.884,16.946,201707000.0,0.0,20.42,1.386,1.384,208260000.0,766221000.0,1401616000.0,1401616000.0,42447000.0,0.076,0.159,0.219,0.128,1714000.0,160998000.0,1.0,95131872.0,94998000,95954000.0,14.754,915227000.0,45497000.0,48304000.0,52156000.0,9.634,384161000.0
12,WAB,MRY,2008-12-31,2008-12-31,2008-12-31,2021-07-29,-60540000.0,1507520000.0,1306656500.0,725349000.0,782171000.0,1.205,6.69,-19268000.0,141805000.0,141805000.0,1147563000.0,130551000.0,1.869,1.335,387080000.0,0.0,387080000.0,387080000.0,0.0,29826000.0,80353000.0,0.001,0.02,212805000.0,242631000.0,0.154,242631000.0,212805000.0,204297000.0,1.345,1.33,1.345,645371000.0,661103250.0,645371000.0,1891049142.0,9.0,7.794,136532000.0,1.415,1.0,427186000.0,0.271,556189000.0,8508000.0,808555000.0,620630500.0,264158000.0,0.0,0.0,0.0,861713000.0,388051000.0,473662000.0,1927318142.0,-92884000.0,-398173000.0,-43028000.0,235615000.0,-1940000.0,189711000.0,-417441000.0,0.0,155800000.0,-20954000.0,130551000.0,130551000.0,130551000.0,3000.0,0.0,0.083,214670000.0,212516000.0,162633000.0,0.015,2.986,14.763,14.777,207548000.0,0.0,19.875,1.224,1.217,273560000.0,653083000.0,1574749000.0,1574749000.0,38981000.0,0.1,0.197,0.343,0.135,8553000.0,170597000.0,1.0,96971982.0,96464000,97694000.0,16.325,951331000.0,32185000.0,73746000.0,12870000.0,9.862,337298000.0
13,WAB,MRY,2007-12-31,2007-12-31,2007-12-31,2021-07-29,9271000.0,1158702000.0,1085681000.0,665767000.0,492935000.0,1.253,6.395,-19538000.0,234689000.0,234689000.0,990469000.0,109570000.0,2.255,0.877,150250000.0,0.0,150250000.0,150250000.0,0.0,29140000.0,67291000.0,0.001,0.02,176274000.0,205414000.0,0.151,205414000.0,176274000.0,172637000.0,1.13,1.12,1.13,617268000.0,561063500.0,617268000.0,1671765886.0,9.0,8.139,122971000.0,1.274,1.0,369619000.0,0.272,291266000.0,3637000.0,487762000.0,528888500.0,175977000.0,0.0,0.0,0.0,541434000.0,295235000.0,246199000.0,1679791886.0,46710000.0,-74396000.0,-12482000.0,-657000.0,-1944000.0,-12985000.0,-93536000.0,0.0,142509000.0,10722000.0,109570000.0,109570000.0,109570000.0,-183000.0,0.0,0.081,189878000.0,179741000.0,137226000.0,0.018,2.721,15.331,15.239,182437000.0,0.0,17.22,1.235,1.222,222235000.0,524538000.0,1360088000.0,1360088000.0,37434000.0,0.101,0.195,0.333,0.13,9154000.0,148437000.0,1.0,97548890.0,96526000,97746000.0,14.09,867436000.0,29082000.0,63067000.0,9834000.0,8.987,370532000.0
14,WAB,MRY,2006-12-31,2006-12-31,2006-12-31,2021-07-29,-32305000.0,972842000.0,916497500.0,547191000.0,425651000.0,1.187,4.862,-19009000.0,187979000.0,187979000.0,790843000.0,84804000.0,2.245,1.07,150000000.0,0.0,150000000.0,150000000.0,0.0,25304000.0,75537000.0,0.001,0.02,127044000.0,152348000.0,0.14,152348000.0,127044000.0,124867000.0,0.875,0.865,0.875,469889000.0,449618750.0,469889000.0,1390937024.0,11.0,9.13,132018000.0,1.366,1.0,296777000.0,0.273,217745000.0,2177000.0,473327000.0,434502250.0,145481000.0,0.0,0.0,0.0,502953000.0,243791000.0,259162000.0,1488522024.0,46614000.0,-87201000.0,-4244000.0,0.0,-1945000.0,-1807000.0,-104762000.0,0.0,151027000.0,2156000.0,84804000.0,84804000.0,84804000.0,1690000.0,0.0,0.078,166626000.0,130151000.0,92624000.0,0.023,3.168,17.552,17.36,178309000.0,0.0,15.19,1.369,1.35,177345000.0,419603000.0,1087620000.0,1087620000.0,32701000.0,0.093,0.189,0.292,0.117,4809000.0,130294000.0,1.0,97993550.0,96644000,98216000.0,11.254,755097000.0,41361000.0,40063000.0,19505000.0,7.813,303400000.0
15,WAB,MRY,2005-12-31,2005-12-31,2005-12-31,2021-07-29,-26925000.0,836357000.0,793394750.0,482926000.0,353431000.0,1.303,4.047,-21687000.0,141365000.0,141365000.0,774378000.0,55776000.0,2.041,1.206,150000000.0,0.0,150000000.0,150000000.0,0.0,24998000.0,71098000.0,0.001,0.02,96965000.0,121963000.0,0.118,121963000.0,96965000.0,87607000.0,0.595,0.585,0.595,379207000.0,352540500.0,379207000.0,1333193057.0,14.0,10.931,62634000.0,0.669,1.0,259646000.0,0.251,157310000.0,9358000.0,451111000.0,461497000.0,110873000.0,0.0,0.0,0.0,457150000.0,236571000.0,220579000.0,1288973057.0,46108000.0,-35916000.0,29804000.0,-129000.0,-1900000.0,27775000.0,-57607000.0,0.0,84321000.0,-8381000.0,55776000.0,55776000.0,55776000.0,1909000.0,0.0,0.054,157717000.0,101929000.0,93551000.0,0.034,3.399,23.11,22.605,161601000.0,0.0,13.45,1.247,1.219,206891000.0,336744000.0,1034024000.0,1034024000.0,32762000.0,0.07,0.158,0.21,0.094,3302000.0,121696000.0,1.0,95834428.0,93690000,95190000.0,11.037,679047000.0,34266000.0,31831000.0,11808000.0,7.248,246355000.0
16,WAB,MRY,2004-12-31,2004-12-31,2004-12-31,2021-07-29,-9777000.0,713396000.0,685397250.0,359573000.0,353823000.0,1.199,3.472,-17808000.0,95257000.0,95257000.0,616854000.0,32445000.0,1.988,1.283,150594000.0,0.0,150594000.0,150594000.0,0.0,26112000.0,27693000.0,0.002,0.02,54734000.0,80846000.0,0.098,80846000.0,54734000.0,43206000.0,0.36,0.355,0.36,312426000.0,279835000.0,312426000.0,1073715237.0,20.0,13.281,35672000.0,0.396,1.0,205164000.0,0.25,153346000.0,11528000.0,434515000.0,468358250.0,96992000.0,0.0,0.0,0.0,400970000.0,180872000.0,220098000.0,980899237.0,24929000.0,0.0,22774000.0,-40115000.0,-1811000.0,-19152000.0,-17808000.0,0.0,53480000.0,8409000.0,32445000.0,32445000.0,32445000.0,-349000.0,0.0,0.039,149759000.0,55405000.0,92189000.0,0.056,3.14,30.233,29.611,150961000.0,0.0,10.66,1.193,1.167,139843000.0,282868000.0,822018000.0,822018000.0,33795000.0,0.047,0.116,0.117,0.067,1434000.0,112621000.0,1.0,92016814.0,89986000,91574000.0,9.135,560050000.0,51598000.0,10761000.0,17822000.0,6.224,178701000.0
17,WAB,MRY,2003-12-31,2003-12-31,2003-12-31,2021-07-29,-19889000.0,656305000.0,627905250.0,322092000.0,334213000.0,1.143,2.851,-12422000.0,70328000.0,70328000.0,528474000.0,22703000.0,2.108,1.643,193423000.0,0.0,193423000.0,193423000.0,0.0,25284000.0,16818000.0,0.002,0.02,46611000.0,71895000.0,0.1,71895000.0,46611000.0,35493000.0,0.26,0.26,0.26,248293000.0,225775500.0,248293000.0,910982482.0,20.0,12.671,43482000.0,0.499,1.0,189450000.0,0.264,147226000.0,11118000.0,479394000.0,488535750.0,91809000.0,0.0,0.0,0.0,408012000.0,152780000.0,255232000.0,747154482.0,51118000.0,0.0,15876000.0,-4949000.0,-1751000.0,9176000.0,-12549000.0,0.0,55904000.0,-1413000.0,22703000.0,22703000.0,22703000.0,-451000.0,0.0,0.032,139636000.0,49814000.0,79747000.0,0.077,3.009,32.91,32.769,153839000.0,0.0,8.52,1.041,1.033,129074000.0,252234000.0,717924000.0,717924000.0,32929000.0,0.036,0.101,0.095,0.065,0.0,102398000.0,1.0,87694188.0,87076000,87948000.0,8.245,509079000.0,43772000.0,12790000.0,11757000.0,5.846,169312000.0
18,WAB,MRY,2002-12-31,2002-12-31,2002-12-31,2021-07-29,-32092000.0,588865000.0,648992000.0,245223000.0,343642000.0,1.073,2.301,-10464000.0,19210000.0,19210000.0,516724000.0,-45479000.0,1.813,1.955,195151000.0,833000.0,194318000.0,195151000.0,0.0,25513000.0,10827000.0,0.003,0.02,-18750000.0,6763000.0,0.01,6763000.0,-18750000.0,-37885000.0,-0.525,-0.52,-0.525,199262000.0,225657250.0,199262000.0,803473408.0,-43.0,118.804,5194000.0,0.06,1.0,179471000.0,0.258,150974000.0,19135000.0,478569000.0,502273000.0,88470000.0,0.0,0.0,0.0,389603000.0,135263000.0,254340000.0,609909408.0,-34739000.0,-254000.0,3695000.0,-45941000.0,-1808000.0,-44054000.0,-10817000.0,0.0,15658000.0,4474000.0,-45479000.0,-45479000.0,-45479000.0,126000.0,0.0,-0.065,132741000.0,46730000.0,62104000.0,-0.038,3.061,-13.411,-13.371,148592000.0,0.0,7.02,0.876,0.873,108019000.0,231282000.0,696195000.0,696195000.0,33592000.0,-0.07,-0.202,-0.037,-0.027,0.0,93827000.0,1.0,86881682.0,86582000,87234000.0,8.041,437891000.0,49725000.0,7594000.0,12699000.0,5.058,109960000.0
19,WAB,MRY,2001-12-31,2001-12-31,2001-12-31,2021-07-29,-29675000.0,729952000.0,872263000.0,295694000.0,434258000.0,0.898,2.855,-14801000.0,53949000.0,53949000.0,573772000.0,61780000.0,1.588,1.976,241870000.0,782000.0,241088000.0,241870000.0,0.0,33061000.0,10314000.0,0.003,0.02,99746000.0,132807000.0,0.169,132807000.0,99746000.0,66245000.0,0.72,0.715,0.72,245271000.0,217690250.0,245271000.0,985301465.0,10.0,7.419,104296000.0,1.214,1.0,209926000.0,0.268,243136000.0,33501000.0,488516000.0,830741250.0,104930000.0,0.0,0.0,0.0,484681000.0,186221000.0,298460000.0,530350465.0,47878000.0,241290000.0,2774000.0,-298280000.0,-1681000.0,-297187000.0,227413000.0,0.0,119097000.0,-1445000.0,61780000.0,61780000.0,61780000.0,-47818000.0,0.0,0.079,155868000.0,54058000.0,75150000.0,0.028,2.162,8.585,8.542,167695000.0,0.0,6.15,0.677,0.674,106527000.0,278569000.0,783698000.0,783698000.0,33156000.0,0.071,0.284,0.12,0.127,0.0,96723000.0,1.0,86235848.0,85898000,86396000.0,9.124,486816000.0,26820000.0,4465000.0,52806000.0,5.667,109473000.0
20,WAB,MRY,2000-12-31,2000-12-31,2000-12-31,2021-07-29,-15482000.0,984047000.0,999309000.0,447555000.0,536492000.0,0.812,2.267,-30831000.0,6071000.0,6071000.0,575516000.0,25393000.0,2.347,4.011,540197000.0,751000.0,539446000.0,540197000.0,0.0,32416000.0,25125000.0,0.003,0.02,87760000.0,120176000.0,0.148,120176000.0,87760000.0,44111000.0,0.295,0.295,0.295,196371000.0,194797250.0,196371000.0,1065202226.0,12.0,8.864,29383000.0,0.339,1.0,235662000.0,0.291,265394000.0,43649000.0,1062123000.0,1088333000.0,202828000.0,0.0,0.0,0.0,787676000.0,190656000.0,597020000.0,503725226.0,-985000.0,4850000.0,-7924000.0,-28390000.0,-1695000.0,-38009000.0,-21485000.0,0.0,60214000.0,-1705000.0,25393000.0,25393000.0,25393000.0,-6193000.0,0.0,0.031,157871000.0,77791000.0,86316000.0,0.068,2.565,19.837,19.915,214645000.0,0.0,5.875,0.621,0.627,218277000.0,218470000.0,811178000.0,811178000.0,32297000.0,0.025,0.13,0.081,0.108,0.0,94757000.0,1.0,85740464.0,86636000,86764000.0,9.363,718653000.0,30256000.0,18718000.0,25868000.0,8.295,256899000.0
21,WAB,MRY,1999-12-31,1999-12-31,1999-12-31,2021-07-29,-11298000.0,996676000.0,704547500.0,437248000.0,559428000.0,1.198,2.101,-24397000.0,7056000.0,7056000.0,569169000.0,36623000.0,2.251,4.48,568587000.0,743000.0,567844000.0,568587000.0,0.0,33292000.0,31827000.0,0.002,0.02,100300000.0,133592000.0,0.158,133592000.0,100300000.0,58310000.0,0.425,0.415,0.425,181878000.0,43224500.0,181878000.0,1033881193.0,10.0,7.739,52992000.0,0.612,1.0,274910000.0,0.326,277047000.0,41990000.0,1086948000.0,802352500.0,211396000.0,0.0,0.0,0.0,814798000.0,194212000.0,620586000.0,599974193.0,-1927000.0,-14472000.0,-5719000.0,-5028000.0,-986000.0,-11733000.0,-66371000.0,0.0,77389000.0,-1212000.0,36623000.0,36623000.0,36623000.0,-13439000.0,0.0,0.043,187158000.0,87752000.0,87388000.0,0.047,3.299,16.382,20.882,222691000.0,0.0,8.875,0.711,0.91,207444000.0,194772000.0,844079000.0,844079000.0,34414000.0,0.052,0.847,0.125,0.119,0.0,96082000.0,1.0,67602726.0,86574000,88468000.0,9.75,719629000.0,26173000.0,21687000.0,13209000.0,8.312,243036000.0
22,WAB,MRY,1998-12-31,1998-12-31,1998-12-31,2021-07-29,-13155000.0,967382000.0,583925500.0,435084000.0,532298000.0,1.774,1.685,-57838000.0,8983000.0,8983000.0,734426000.0,73851000.0,1.78,5.714,573615000.0,41128000.0,532487000.0,573615000.0,0.0,36615000.0,21600000.0,0.002,0.02,153077000.0,189692000.0,0.183,189692000.0,153077000.0,115966000.0,0.86,0.835,0.86,144076000.0,-6060000.0,144076000.0,1197851581.0,8.0,6.315,15573000.0,0.182,1.0,301701000.0,0.291,261272000.0,37111000.0,1026257000.0,688359500.0,196553000.0,0.0,0.0,0.0,823306000.0,244485000.0,578821000.0,827926581.0,-8750000.0,-180199000.0,3372000.0,158174000.0,-980000.0,161941000.0,-243795000.0,0.0,73411000.0,-307000.0,73851000.0,73851000.0,73851000.0,0.0,0.0,0.071,156672000.0,145029000.0,97267000.0,0.023,5.746,11.211,14.209,219238000.0,0.0,12.22,0.799,1.008,216935000.0,159135000.0,1036127000.0,1036127000.0,31636000.0,0.126,-12.187,0.222,0.148,0.0,113581000.0,1.0,67751766.0,85500000,88282000.0,12.118,706110000.0,19771000.0,42115000.0,12374000.0,8.259,190599000.0
23,WAB,MRY,1997-12-31,1997-12-31,1997-12-31,2021-07-29,-4946000.0,410879000.0,387057500.0,180499000.0,230380000.0,2.249,-0.917,-44197000.0,836000.0,836000.0,611911000.0,57539000.0,1.37,-6.184,364934000.0,32600000.0,332334000.0,364934000.0,0.0,34591000.0,21210000.0,0.002,0.02,127471000.0,162062000.0,0.186,162062000.0,127471000.0,92579000.0,0.665,0.65,0.665,-79263000.0,-77729000.0,-79263000.0,,,,60065000.0,0.695,1.0,258460000.0,0.297,109065000.0,34892000.0,534132000.0,515858000.0,69297000.0,0.0,0.0,0.0,490142000.0,131780000.0,358362000.0,863501604.0,11879000.0,-24770000.0,-38078000.0,24159000.0,-1009000.0,-23758000.0,-66996000.0,0.0,104262000.0,-1629000.0,57539000.0,57539000.0,57539000.0,0.0,0.0,0.066,133867000.0,124593000.0,37582000.0,0.03,-10.894,15.007,19.263,108367000.0,0.0,12.81,0.992,1.272,91438000.0,141617000.0,870371000.0,870371000.0,24386000.0,0.149,-0.74,0.247,0.146,0.0,97908000.0,1.0,67408400.0,86420000,88400000.0,10.071,301814000.0,11169000.0,35040000.0,6049000.0,3.492,48719000.0
24,WAB,MRY,1996-12-31,1996-12-31,1996-12-31,2021-07-29,-3108000.0,363236000.0,,150169000.0,213067000.0,,-1.338,-12855000.0,618000.0,618000.0,300163000.0,32725000.0,1.472,-5.767,341690000.0,29700000.0,311990000.0,341690000.0,0.0,22249000.0,13330000.0,0.004,0.025,79800000.0,102049000.0,0.225,102049000.0,79800000.0,53648000.0,0.575,0.575,0.575,-76195000.0,,-76195000.0,,,,46056000.0,0.809,1.0,153349000.0,0.338,104731000.0,26152000.0,497584000.0,,62355000.0,0.0,0.0,0.0,439431000.0,101993000.0,337438000.0,,408000.0,-78890000.0,-1629000.0,35755000.0,-1127000.0,32507000.0,-91745000.0,0.0,58911000.0,735000.0,32725000.0,32725000.0,32725000.0,0.0,0.0,0.072,73631000.0,79718000.0,23789000.0,0.043,,,10.974,95844000.0,0.0,6.31,,0.792,73507000.0,105363000.0,453512000.0,453512000.0,18244000.0,,,,0.176,0.0,47533000.0,1.0,,56946000,56946000.0,7.964,258505000.0,9517000.0,20923000.0,10049000.0,4.539,48176000.0
25,WAB,MRY,1995-12-31,1995-12-31,1995-12-31,2021-07-29,,,,,,,,-16205000.0,,,278901000.0,33725000.0,,,,,,,,18634000.0,,0.001,0.005,88125000.0,106759000.0,0.251,106759000.0,88125000.0,57127000.0,0.635,0.635,0.635,,,,,,,29676000.0,0.557,1.0,146058000.0,0.344,,30998000.0,,,,,,,,,,,-832000.0,-54900000.0,-192288000.0,227875000.0,-285000.0,24261000.0,-71105000.0,0.0,45881000.0,-131000.0,33725000.0,33725000.0,33725000.0,0.0,0.0,0.079,56756000.0,89302000.0,,0.008,,,8.362,,0.0,5.31,,0.666,,,424959000.0,424959000.0,14577000.0,,,,0.207,0.0,35838000.0,1.0,,53278000,53278000.0,7.976,,,23402000.0,,,
0,WAB,MRQ,2021-06-30,2021-06-30,2021-06-30,2021-07-29,-375800000.0,18512400000.0,,3808200000.0,14704200000.0,,54.583,-29000000.0,453500000.0,453500000.0,1432200000.0,125200000.0,1.339,0.795,4080200000.0,600000.0,4079600000.0,4080200000.0,0.0,119000000.0,597500000.0,0.006,0.12,213200000.0,332200000.0,0.165,332200000.0,213200000.0,168300000.0,0.66,0.66,0.66,10294400000.0,,10294400000.0,19348209229.0,24.0,15.622,194200000.0,1.03,1.0,580100000.0,0.288,12529200000.0,44900000.0,6765200000.0,,1661200000.0,0.0,0.0,0.0,8184600000.0,2844700000.0,5339900000.0,15554509229.0,-30000000.0,-1400000.0,0.0,-198600000.0,-22900000.0,-220200000.0,-30400000.0,0.0,223200000.0,-2600000.0,124800000.0,124800000.0,124800000.0,0.0,400000.0,0.062,376800000.0,203300000.0,994700000.0,0.182,1.511,34.322,34.435,1544300000.0,0.0,82.3,2.012,2.008,1452600000.0,3780100000.0,2012300000.0,2012300000.0,42000000.0,,,,,16000000.0,262100000.0,1.0,188997682.0,188600000,188900000.0,10.67,5983200000.0,0.0,43500000.0,194100000.0,31.724,963500000.0
1,WAB,MRQ,2021-03-31,2021-03-31,2021-03-31,2021-07-29,-409000000.0,18543200000.0,,3779000000.0,14764200000.0,,53.815,-26500000.0,483500000.0,483500000.0,1296000000.0,114700000.0,1.193,0.825,4277200000.0,353900000.0,3923300000.0,4277200000.0,0.0,107400000.0,640700000.0,0.006,0.12,203500000.0,310900000.0,0.17,310900000.0,203500000.0,155900000.0,0.59,0.59,0.59,10144100000.0,,10144100000.0,18593709181.0,25.0,15.85,265700000.0,1.41,1.0,534200000.0,0.292,12552900000.0,47600000.0,6615100000.0,,1671500000.0,0.0,0.0,0.0,8366100000.0,3168900000.0,5197200000.0,14953009181.0,-115200000.0,-395500000.0,-1200000.0,37000000.0,-23000000.0,7700000.0,-422000000.0,0.0,292200000.0,6900000.0,112400000.0,112400000.0,112400000.0,0.0,2300000.0,0.061,342600000.0,191600000.0,955000000.0,0.203,1.474,36.014,36.146,1575500000.0,0.0,79.16,2.005,2.001,1403000000.0,3678300000.0,1830200000.0,1830200000.0,37700000.0,,,,,8200000.0,235400000.0,1.0,188896023.0,188500000,188900000.0,9.709,5990300000.0,0.0,43500000.0,186400000.0,31.779,610100000.0
2,WAB,MRQ,2020-12-31,2020-12-31,2020-12-31,2021-07-29,-339100000.0,18454500000.0,,3879800000.0,14574700000.0,,53.472,-16400000.0,598700000.0,598700000.0,1518200000.0,86800000.0,1.203,0.82,4239400000.0,447200000.0,3792200000.0,4239400000.0,0.0,99700000.0,642700000.0,0.007,0.12,168000000.0,267700000.0,0.132,267700000.0,168000000.0,119400000.0,0.47,0.46,0.47,10122300000.0,,10122300000.0,17627295554.0,23.0,15.418,309200000.0,1.633,1.0,505500000.0,0.25,12354400000.0,48600000.0,6514500000.0,,1642100000.0,0.0,0.0,0.0,8301800000.0,3226300000.0,5075500000.0,13931895554.0,39400000.0,-19100000.0,-101900000.0,-18200000.0,-23300000.0,-258200000.0,-35500000.0,0.0,325600000.0,7500000.0,87900000.0,87900000.0,87900000.0,0.0,-1100000.0,0.043,344400000.0,161100000.0,909400000.0,0.255,1.376,33.619,33.578,1601600000.0,0.0,73.2,1.844,1.84,1412500000.0,3588900000.0,2023700000.0,2023700000.0,38400000.0,,,,,1900000.0,235200000.0,1.0,190326442.0,189300000,189800000.0,10.69,6100100000.0,0.0,31500000.0,168400000.0,32.225,653500000.0
3,WAB,MRQ,2020-09-30,2020-09-30,2020-09-30,2021-07-29,-482200000.0,18444400000.0,,3936200000.0,14508200000.0,,52.776,-40800000.0,559300000.0,559300000.0,1298900000.0,128500000.0,1.219,0.838,4254700000.0,454800000.0,3799900000.0,4254700000.0,0.0,107100000.0,640900000.0,0.008,0.12,220600000.0,327700000.0,0.176,327700000.0,220600000.0,175000000.0,0.67,0.67,0.67,10016900000.0,,10016900000.0,15653636278.0,19.0,13.412,188700000.0,0.994,1.0,566200000.0,0.304,12255700000.0,45600000.0,6655500000.0,,1779700000.0,0.0,0.0,0.0,8392000000.0,3228600000.0,5163400000.0,11775736278.0,-28600000.0,19100000.0,0.0,-214800000.0,-22800000.0,-237300000.0,-21700000.0,0.0,229500000.0,900000.0,128100000.0,128100000.0,128100000.0,0.0,400000.0,0.069,359500000.0,206700000.0,962000000.0,0.179,1.176,25.478,25.257,1603700000.0,0.0,61.88,1.49,1.487,1433500000.0,3524200000.0,1865100000.0,1865100000.0,36500000.0,,,,,11900000.0,252700000.0,1.0,190299552.0,189800000,190200000.0,9.827,6188700000.0,0.0,46900000.0,163100000.0,32.606,707600000.0
4,WAB,MRQ,2020-06-30,2020-06-30,2020-06-30,2021-07-29,-537800000.0,18465400000.0,,3969700000.0,14495700000.0,,51.874,-34300000.0,587900000.0,587900000.0,1250700000.0,85800000.0,1.14,0.872,4465800000.0,697100000.0,3768700000.0,4465800000.0,0.0,100100000.0,619500000.0,0.008,0.12,166700000.0,266800000.0,0.154,266800000.0,166700000.0,115300000.0,0.46,0.46,0.46,9845600000.0,,9845600000.0,15086916026.0,20.0,13.536,276200000.0,1.455,1.0,486700000.0,0.28,12245300000.0,51400000.0,6614800000.0,,1799500000.0,0.0,0.0,0.0,8584800000.0,3483200000.0,5101600000.0,10954916026.0,-28000000.0,-1300000.0,0.0,-284000000.0,-23400000.0,-307000000.0,-35600000.0,0.0,310500000.0,4100000.0,86800000.0,86800000.0,86800000.0,0.0,-1000000.0,0.05,327300000.0,159400000.0,1006000000.0,0.261,1.113,25.764,25.473,1612400000.0,0.0,57.57,1.363,1.359,1410300000.0,3419000000.0,1737400000.0,1737400000.0,38200000.0,,,,,-1600000.0,216800000.0,1.0,190288623.0,189800000,190200000.0,9.154,6220100000.0,0.0,28500000.0,155600000.0,32.772,486500000.0
5,WAB,MRQ,2020-03-31,2020-03-31,2020-03-31,2021-07-29,-560600000.0,18773100000.0,,4241100000.0,14532000000.0,,51.162,-33300000.0,615900000.0,615900000.0,1351200000.0,111200000.0,1.422,0.919,4747900000.0,92800000.0,4655100000.0,4747900000.0,0.0,78200000.0,602800000.0,0.01,0.12,202900000.0,281100000.0,0.146,281100000.0,202900000.0,149600000.0,0.58,0.58,0.58,9761800000.0,,9761800000.0,13052161211.0,16.0,11.333,-115200000.0,-0.604,1.0,578700000.0,0.3,12283700000.0,53300000.0,7639800000.0,,1785700000.0,0.0,0.0,0.0,8975400000.0,2981600000.0,5993800000.0,9227061211.0,11700000.0,-29300000.0,-105300000.0,317700000.0,-23000000.0,183500000.0,-62600000.0,0.0,-81900000.0,-27300000.0,111600000.0,111600000.0,111600000.0,0.0,-400000.0,0.058,361400000.0,217300000.0,1087200000.0,0.207,0.945,20.852,20.223,1623000000.0,0.0,48.13,1.081,1.076,1672000000.0,3355600000.0,1929900000.0,1929900000.0,49000000.0,,,,,7300000.0,243400000.0,1.0,191711224.0,190800000,191400000.0,10.115,6489400000.0,0.0,38000000.0,151400000.0,34.012,1259500000.0
6,WAB,MRQ,2019-12-31,2019-12-31,2019-12-31,2021-07-29,-382600000.0,18944200000.0,,4192100000.0,14752100000.0,,51.749,-68800000.0,604200000.0,604200000.0,1693500000.0,137000000.0,1.287,0.899,4429300000.0,95700000.0,4333600000.0,4429300000.0,0.0,59800000.0,604200000.0,0.006,0.12,231700000.0,291500000.0,0.123,291500000.0,231700000.0,173400000.0,0.74,0.73,0.74,9956500000.0,,9956500000.0,19070797100.0,29.0,19.355,379000000.0,1.97,1.0,674900000.0,0.285,12464600000.0,58300000.0,7046700000.0,,1773100000.0,0.0,0.0,0.0,8950600000.0,3258000000.0,5692600000.0,14912897100.0,16800000.0,800000.0,0.0,-332100000.0,-23500000.0,-355600000.0,-68000000.0,0.0,447800000.0,-7400000.0,135700000.0,135700000.0,135700000.0,0.0,1300000.0,0.057,448800000.0,226100000.0,1157500000.0,0.162,1.498,45.647,40.733,1655800000.0,0.0,77.8,1.819,1.618,1663900000.0,3267000000.0,2368400000.0,2368400000.0,59600000.0,,,,,13900000.0,323700000.0,1.0,191682482.0,192400000,192600000.0,12.31,6479600000.0,0.0,37700000.0,145300000.0,33.678,934100000.0
7,WAB,MRQ,2019-09-30,2019-09-30,2019-09-30,2021-07-29,-468600000.0,18900900000.0,,4410400000.0,14490500000.0,,51.141,-53800000.0,587400000.0,587400000.0,1402300000.0,90600000.0,1.379,0.946,4745300000.0,111800000.0,4633500000.0,4745300000.0,0.0,103700000.0,670600000.0,0.007,0.12,171500000.0,275200000.0,0.137,275200000.0,171500000.0,113800000.0,0.48,0.48,0.48,9696400000.0,,9696400000.0,17692637642.0,34.0,21.757,70100000.0,0.37,1.0,599400000.0,0.299,12310200000.0,57700000.0,7549700000.0,,1957300000.0,0.0,0.0,0.0,9171500000.0,3198900000.0,5972600000.0,13520827642.0,126200000.0,-15600000.0,0.0,117100000.0,-23900000.0,91000000.0,-69400000.0,0.0,123900000.0,-19300000.0,91100000.0,91100000.0,91100000.0,0.0,-500000.0,0.046,430300000.0,169100000.0,1146200000.0,0.25,1.394,60.093,52.453,1622700000.0,0.0,71.86,1.946,1.961,1673300000.0,3154800000.0,2001700000.0,2001700000.0,58600000.0,,,,,12200000.0,292200000.0,1.0,188155130.0,189600000,191500000.0,10.557,6590700000.0,0.0,22700000.0,72600000.0,34.761,1211500000.0
8,WAB,MRQ,2019-06-30,2019-06-30,2019-06-30,2021-07-29,-289180000.0,18942593000.0,,4229140000.0,14713453000.0,,55.283,-29900000.0,461371000.0,461371000.0,1621600000.0,102700000.0,1.317,0.929,4633181000.0,104413000.0,4528768000.0,4633181000.0,0.0,99800000.0,648503000.0,0.007,0.12,204100000.0,303900000.0,0.136,303900000.0,204100000.0,145600000.0,0.58,0.54,0.58,9801760000.0,,9801760000.0,16133514976.0,33.0,23.188,382600000.0,2.158,1.0,614700000.0,0.275,12515027000.0,58500000.0,7388061000.0,,1881791000.0,0.0,0.0,0.0,9107436000.0,3211315000.0,5896121000.0,11683790976.0,-51600000.0,-270900000.0,0.0,-125000000.0,-22600000.0,-156900000.0,-300800000.0,0.0,412500000.0,-6400000.0,104100000.0,104100000.0,104100000.0,0.0,-1400000.0,0.047,414100000.0,200600000.0,1232597000.0,0.207,1.192,52.725,39.867,1646097000.0,0.0,71.76,1.939,2.112,1707409000.0,3087468000.0,2236300000.0,2236300000.0,57200000.0,,,,,15400000.0,290900000.0,1.0,162817600.0,177300000,191500000.0,12.613,6427566000.0,0.0,41500000.0,169861000.0,36.252,1017825000.0
9,WAB,MRQ,2019-03-31,2019-03-31,2019-03-31,2021-07-29,-309000000.0,19077905000.0,,4381137000.0,14696768000.0,,79.933,-28900000.0,512870000.0,512870000.0,1204600000.0,-4000000.0,1.346,0.96,4962594000.0,321308000.0,4641286000.0,4962594000.0,0.0,55900000.0,573244000.0,0.007,0.12,58600000.0,114500000.0,0.072,114500000.0,58600000.0,14000000.0,-0.04,-0.04,-0.04,9687846000.0,,9687846000.0,8636852213.0,21.0,15.874,2400000.0,0.02,1.0,389000000.0,0.244,12506494000.0,44600000.0,7766700000.0,,1947220000.0,0.0,0.0,0.0,9297459000.0,3254435000.0,6043024000.0,7122333213.0,-1829500000.0,-2710700000.0,0.0,898800000.0,-11700000.0,883000000.0,-2739600000.0,0.0,31300000.0,-4200000.0,-4500000.0,-4500000.0,-4500000.0,0.0,500000.0,-0.003,321700000.0,67300000.0,1187261000.0,-3.0,0.735,35.274,35.105,1634966000.0,0.0,73.72,1.453,1.823,1726824000.0,3005809000.0,1593600000.0,1593600000.0,34500000.0,,,,,8500000.0,259800000.0,1.0,96613310.0,121200000,121200000.0,13.149,6571411000.0,0.0,18500000.0,176116000.0,54.22,1126702000.0
10,WAB,MRQ,2018-12-31,2018-12-31,2018-12-31,2021-07-29,-256600000.0,8649200000.0,,4449600000.0,4199600000.0,,29.753,-26900000.0,2342300000.0,2342300000.0,820800000.0,34800000.0,2.702,2.017,3856900000.0,64100000.0,3792800000.0,3856900000.0,0.0,26300000.0,373500000.0,0.007,0.12,93300000.0,119600000.0,0.107,119600000.0,93300000.0,57000000.0,0.35,0.35,0.35,2865200000.0,,2865200000.0,8516917956.0,18.0,14.379,249800000.0,2.594,1.0,297000000.0,0.266,3526400000.0,36300000.0,4990800000.0,,844900000.0,0.0,0.0,0.0,5780100000.0,1646600000.0,4133500000.0,6787199956.0,206900000.0,-2100000.0,-13100000.0,3100000.0,-11600000.0,-17200000.0,-43100000.0,0.0,276700000.0,-9500000.0,34300000.0,34300000.0,34300000.0,0.0,500000.0,0.031,203600000.0,93400000.0,589400000.0,0.343,2.369,23.015,22.958,563800000.0,0.0,70.25,1.555,1.546,1146800000.0,3022000000.0,1117800000.0,1117800000.0,25900000.0,,,,,4800000.0,168000000.0,1.0,96614946.0,96300000,96800000.0,11.607,5122800000.0,0.0,22700000.0,198300000.0,53.196,2803000000.0
11,WAB,MRQ,2018-09-30,2018-09-30,2018-09-30,2021-07-29,-205733000.0,8553226000.0,,4353548000.0,4199678000.0,,30.095,-24277000.0,2135381000.0,2135381000.0,775800000.0,86100000.0,2.845,1.949,3865099000.0,47038000.0,3818061000.0,3865099000.0,0.0,29773000.0,374104000.0,0.005,0.12,128000000.0,157773000.0,0.146,157773000.0,128000000.0,104300000.0,0.91,0.91,0.91,2895170000.0,,2895170000.0,11748350430.0,24.0,19.802,-54181000.0,-0.563,1.0,302000000.0,0.28,3569978000.0,23700000.0,5182673000.0,,866205000.0,0.0,0.0,0.0,5642874000.0,1530293000.0,4112581000.0,10109003430.0,1889827000.0,-10823000.0,6233000.0,1978104000.0,-11604000.0,1972536000.0,-35100000.0,0.0,-29904000.0,-17705000.0,87700000.0,87700000.0,87700000.0,0.0,-1600000.0,0.081,176800000.0,125200000.0,557449000.0,0.132,3.492,32.666,32.571,557423000.0,0.0,104.88,2.339,2.335,1240521000.0,2999139000.0,1077800000.0,1077800000.0,20100000.0,,,,,6517000.0,146800000.0,1.0,96386379.0,96200000,96600000.0,11.204,4983248000.0,0.0,16600000.0,153549000.0,51.801,2823255000.0
12,WAB,MRQ,2018-06-30,2018-06-30,2018-06-30,2021-07-29,-156201000.0,6677606000.0,,2446887000.0,4230719000.0,,29.766,-21255000.0,245574000.0,245574000.0,787713000.0,83271000.0,1.523,1.331,1884921000.0,27115000.0,1857806000.0,1884921000.0,0.0,25373000.0,390126000.0,0.005,0.12,126839000.0,152212000.0,0.137,152212000.0,126839000.0,94919000.0,0.88,0.87,0.88,2857280000.0,,2857280000.0,11162249628.0,24.0,19.875,22449000.0,0.234,1.0,323967000.0,0.291,3602991000.0,31920000.0,3107494000.0,,863793000.0,0.0,0.0,0.0,3802978000.0,1606468000.0,2196510000.0,9491502628.0,-4312000.0,-3980000.0,3994000.0,5233000.0,-11565000.0,-5904000.0,-25235000.0,0.0,43704000.0,-16877000.0,84416000.0,84416000.0,84416000.0,0.0,-1145000.0,0.076,200444000.0,123523000.0,615677000.0,0.136,3.322,32.823,32.751,555834000.0,0.0,98.58,2.259,2.252,1213234000.0,2922986000.0,1111680000.0,1111680000.0,19388000.0,,,,,8287000.0,171157000.0,1.0,96282234.0,95992000,96575000.0,11.581,3074615000.0,0.0,10503000.0,155611000.0,32.03,840419000.0
13,WAB,MRQ,2018-03-31,2018-03-31,2018-03-31,2021-07-29,34016000.0,6875781000.0,,2465814000.0,4409967000.0,,30.99,-9568000.0,249886000.0,249886000.0,745296000.0,87457000.0,1.496,1.309,1920633000.0,49557000.0,1871076000.0,1920633000.0,0.0,27854000.0,378158000.0,0.006,0.12,134774000.0,162628000.0,0.154,162628000.0,134774000.0,114490000.0,0.92,0.92,0.92,2969118000.0,,2969118000.0,9458895165.0,21.0,17.217,14632000.0,0.153,1.0,310881000.0,0.294,3760546000.0,20284000.0,3137934000.0,,829276000.0,0.0,0.0,0.0,3887552000.0,1648048000.0,2239504000.0,7821768165.0,16485000.0,-34297000.0,2873000.0,40263000.0,-11531000.0,28668000.0,-43865000.0,0.0,24200000.0,7482000.0,88366000.0,88366000.0,88366000.0,0.0,-909000.0,0.084,179602000.0,131279000.0,608316000.0,0.13,2.634,28.26,28.264,573401000.0,0.0,81.4,1.945,1.939,1268697000.0,2850135000.0,1056177000.0,1056177000.0,22049000.0,,,,,5696000.0,147201000.0,1.0,96090518.0,95810000,96371000.0,11.024,3115235000.0,0.0,26124000.0,182780000.0,32.515,817766000.0
14,WAB,MRQ,2017-12-31,2017-12-31,2017-12-31,2021-07-29,-44992000.0,6579980000.0,,2265113000.0,4314867000.0,,29.104,-29003000.0,233401000.0,233401000.0,807055000.0,49697000.0,1.44,1.336,1870528000.0,47225000.0,1823303000.0,1870528000.0,0.0,26230000.0,369716000.0,0.005,0.12,94451000.0,120681000.0,0.112,120681000.0,94451000.0,74011000.0,0.51,0.5,0.51,2808868000.0,,2808868000.0,9463042765.0,22.0,17.748,133286000.0,1.381,1.0,268427000.0,0.25,3664535000.0,20440000.0,2979242000.0,,742634000.0,0.0,0.0,0.0,3751448000.0,1573330000.0,2178118000.0,7817218765.0,5352000.0,-98625000.0,1512000.0,-17354000.0,-11507000.0,-27351000.0,-127628000.0,0.0,162289000.0,-1958000.0,48987000.0,48987000.0,48987000.0,0.0,710000.0,0.046,176862000.0,91565000.0,552525000.0,0.235,2.783,29.803,29.719,573972000.0,0.0,81.43,2.014,2.003,1166787000.0,2773300000.0,1075482000.0,1075482000.0,23689000.0,,,,,6761000.0,143712000.0,1.0,95999248.0,96511000,96976000.0,11.144,2915445000.0,0.0,25024000.0,175902000.0,30.208,691783000.0
15,WAB,MRQ,2017-09-30,2017-09-30,2017-09-30,2021-07-29,-91930000.0,6449650000.0,,2277125000.0,4172525000.0,,28.395,-21243000.0,228080000.0,228080000.0,704728000.0,68439000.0,1.554,1.366,1873904000.0,49748000.0,1824156000.0,1873904000.0,0.0,25919000.0,373815000.0,0.006,0.12,100183000.0,126102000.0,0.132,126102000.0,100183000.0,80145000.0,0.7,0.7,0.7,2717702000.0,,2717702000.0,8927596557.0,23.0,18.15,18971000.0,0.198,1.0,253203000.0,0.264,3525145000.0,20038000.0,3104889000.0,,764781000.0,0.0,0.0,0.0,3713281000.0,1465440000.0,2247841000.0,7270821557.0,-100442000.0,0.0,209000.0,-100336000.0,-11516000.0,-111639000.0,-21243000.0,0.0,40214000.0,-7774000.0,67399000.0,67399000.0,67399000.0,0.0,1040000.0,0.07,151537000.0,101666000.0,512905000.0,0.171,2.675,28.953,28.585,550367000.0,0.0,75.75,2.039,2.033,1144339000.0,2735876000.0,957931000.0,957931000.0,24709000.0,,,,,2660000.0,118183000.0,1.0,95984443.0,95709000,96316000.0,10.009,2924505000.0,0.0,12746000.0,282557000.0,30.556,811685000.0
16,WAB,MRQ,2017-06-30,2017-06-30,2017-06-30,2021-07-29,-184550000.0,6438740000.0,,2344809000.0,4093931000.0,,26.838,-18911000.0,328522000.0,328522000.0,658290000.0,72160000.0,1.582,1.502,1985297000.0,50693000.0,1934604000.0,1985297000.0,0.0,25822000.0,373361000.0,0.004,0.1,114158000.0,139980000.0,0.15,139980000.0,114158000.0,96594000.0,0.75,0.75,0.75,2566857000.0,,2566857000.0,10370204024.0,25.0,20.602,-6518000.0,-0.068,1.0,273963000.0,0.294,3472973000.0,17564000.0,3140443000.0,,746236000.0,0.0,0.0,0.0,3854369000.0,1482099000.0,2372270000.0,8780386024.0,48343000.0,-46594000.0,1420000.0,89208000.0,-9605000.0,81063000.0,-65505000.0,0.0,12393000.0,20392000.0,72025000.0,72025000.0,72025000.0,0.0,135000.0,0.077,160606000.0,113357000.0,548150000.0,0.133,3.421,32.99,31.882,547842000.0,0.0,91.5,2.674,2.665,1128991000.0,2679995000.0,932253000.0,932253000.0,23338000.0,,,,,6187000.0,127918000.0,1.0,95960503.0,95641000,96284000.0,9.747,2965767000.0,0.0,24569000.0,287377000.0,31.009,862710000.0
17,WAB,MRQ,2017-03-31,2017-03-31,2017-03-31,2021-07-29,-331652000.0,6030899000.0,,2166233000.0,3864666000.0,,24.69,-19043000.0,280179000.0,280179000.0,646327000.0,72004000.0,1.472,1.557,1869997000.0,87373000.0,1782624000.0,1869997000.0,0.0,25229000.0,351599000.0,0.005,0.1,121208000.0,146437000.0,0.16,146437000.0,121208000.0,101350000.0,0.77,0.77,0.77,2351591000.0,,2351591000.0,8965601326.0,21.0,17.501,-45139000.0,-0.474,1.0,269707000.0,0.294,3277615000.0,19858000.0,2871695000.0,,703881000.0,0.0,0.0,0.0,3662131000.0,1471407000.0,2190724000.0,7471309326.0,-863053000.0,-800081000.0,1259000.0,-24318000.0,-9572000.0,-39473000.0,-819124000.0,0.0,-26096000.0,21640000.0,73889000.0,73889000.0,73889000.0,0.0,-1885000.0,0.081,155195000.0,114512000.0,512230000.0,0.13,3.177,26.251,25.0,524059000.0,0.0,78.0,2.43,2.416,1051542000.0,2617575000.0,916034000.0,916034000.0,23464000.0,,,,,5692000.0,122687000.0,1.0,95786017.0,95243000,95991000.0,9.618,2753284000.0,0.0,27461000.0,258228000.0,28.908,694826000.0
18,WAB,MRQ,2016-12-31,2016-12-31,2016-12-31,2021-07-29,-379605000.0,6581018000.0,,2867631000.0,3713387000.0,,24.566,-18317000.0,398484000.0,398484000.0,540793000.0,46328000.0,1.982,1.634,1892776000.0,129809000.0,1762967000.0,1892776000.0,0.0,20420000.0,256591000.0,0.004,0.1,58944000.0,79364000.0,0.104,79364000.0,58944000.0,24543000.0,0.43,0.42,0.43,2205977000.0,,2205977000.0,7964398242.0,18.0,15.187,185320000.0,2.064,1.0,219189000.0,0.288,3132625000.0,34401000.0,3496046000.0,,658510000.0,0.0,0.0,0.0,3604193000.0,1446639000.0,2157554000.0,7394876242.0,689908000.0,-98758000.0,210000.0,642102000.0,-8907000.0,635307000.0,-117075000.0,0.0,203637000.0,-31961000.0,37811000.0,37811000.0,37811000.0,0.0,8517000.0,0.05,158143000.0,61046000.0,530211000.0,0.233,3.352,24.254,24.635,518376000.0,0.0,83.02,2.523,2.559,942508000.0,2553258000.0,759982000.0,759982000.0,19104000.0,,,,,6471000.0,132441000.0,1.0,89073431.0,89798000,90616000.0,8.463,3448393000.0,0.0,-13268000.0,245680000.0,38.402,1420992000.0
19,WAB,MRQ,2016-09-30,2016-09-30,2016-09-30,2021-07-29,-286055000.0,3428157000.0,,1695132000.0,1733025000.0,,19.278,-12597000.0,250382000.0,250382000.0,463093000.0,82428000.0,2.712,0.983,819904000.0,134000.0,819770000.0,819904000.0,0.0,16282000.0,108718000.0,0.004,0.1,121284000.0,137566000.0,0.204,137566000.0,121284000.0,115227000.0,0.92,0.91,0.92,1727074000.0,,1727074000.0,7799659948.0,14.0,12.678,20320000.0,0.227,1.0,212481000.0,0.315,1334316000.0,6057000.0,2038428000.0,,495998000.0,0.0,0.0,0.0,1697666000.0,624935000.0,1072731000.0,7358340948.0,-52553000.0,-63092000.0,-77316000.0,75649000.0,-8958000.0,-10179000.0,-75689000.0,0.0,32917000.0,398000.0,82428000.0,82428000.0,82428000.0,0.0,0.0,0.122,92385000.0,120096000.0,276539000.0,0.109,4.261,19.949,20.362,357970000.0,0.0,81.65,2.449,2.435,624226000.0,2524354000.0,675574000.0,675574000.0,16289000.0,,,,,4669000.0,70757000.0,1.0,90120526.0,89589000,90293000.0,7.541,2093841000.0,75741000.0,32799000.0,156900000.0,23.372,1070197000.0
20,WAB,MRQ,2016-06-30,2016-06-30,2016-06-30,2021-07-29,-290346000.0,3379196000.0,,1700358000.0,1678838000.0,,19.172,-10519000.0,302935000.0,302935000.0,486212000.0,90485000.0,2.559,0.96,744254000.0,115000.0,744139000.0,744254000.0,0.0,16861000.0,110968000.0,0.005,0.08,132055000.0,148916000.0,0.206,148916000.0,132055000.0,127086000.0,1.0,1.0,1.0,1722537000.0,,1722537000.0,6867321372.0,12.0,10.675,127891000.0,1.423,1.0,237389000.0,0.328,1290358000.0,4969000.0,1865605000.0,,493442000.0,0.0,0.0,0.0,1653357000.0,664552000.0,988805000.0,6328111372.0,40161000.0,-21053000.0,136000.0,-55046000.0,-7210000.0,-62120000.0,-31572000.0,0.0,138410000.0,-4557000.0,90485000.0,90485000.0,90485000.0,0.0,0.0,0.125,104105000.0,133284000.0,305160000.0,0.08,3.674,16.411,17.046,348650000.0,0.0,70.23,2.017,2.011,586351000.0,2450884000.0,723601000.0,723601000.0,18029000.0,,,,,4163000.0,80610000.0,1.0,90105530.0,89846000,90559000.0,8.054,2088838000.0,75705000.0,36601000.0,145572000.0,23.249,1035806000.0
21,WAB,MRQ,2016-03-31,2016-03-31,2016-03-31,2021-07-29,-249097000.0,3380785000.0,,1686565000.0,1694220000.0,,18.372,-8420000.0,262774000.0,262774000.0,516851000.0,94163000.0,2.564,1.015,801984000.0,101000.0,801883000.0,801984000.0,0.0,16232000.0,100740000.0,0.004,0.08,142335000.0,158567000.0,0.205,158567000.0,142335000.0,137464000.0,1.03,1.02,1.03,1676561000.0,,1676561000.0,7758718904.0,13.0,11.677,67146000.0,0.736,1.0,255180000.0,0.331,1304772000.0,4871000.0,1957555000.0,,478723000.0,0.0,0.0,0.0,1702399000.0,657668000.0,1044731000.0,7289182904.0,36583000.0,-210000.0,-133223000.0,109547000.0,-7355000.0,-40037000.0,-8630000.0,0.0,75566000.0,9684000.0,94163000.0,94163000.0,94163000.0,0.0,0.0,0.122,112999000.0,142181000.0,304247000.0,0.078,4.348,18.378,19.014,353873000.0,0.0,79.29,2.235,2.219,619786000.0,2367609000.0,772031000.0,772031000.0,17953000.0,,,,,5510000.0,89751000.0,1.0,91930671.0,91258000,92149000.0,8.46,2076013000.0,72244000.0,43301000.0,141338000.0,22.749,1028897000.0
22,WAB,MRQ,2015-12-31,2015-12-31,2015-12-31,2021-07-29,-276719000.0,3229513000.0,,1540020000.0,1689493000.0,,17.724,-14919000.0,226191000.0,226191000.0,565221000.0,101779000.0,2.317,0.899,692238000.0,0.0,692238000.0,692238000.0,0.0,16567000.0,106127000.0,0.004,0.08,153588000.0,170155000.0,0.204,170155000.0,153588000.0,149398000.0,1.06,1.05,1.06,1699607000.0,,1699607000.0,7104298623.0,12.0,10.651,180619000.0,1.884,1.0,267628000.0,0.321,1299066000.0,4190000.0,1731718000.0,,478574000.0,0.0,0.0,0.0,1528174000.0,664776000.0,863398000.0,6861520623.0,17950000.0,-29442000.0,-365062000.0,244728000.0,-7648000.0,-130665000.0,-38175000.0,0.0,195538000.0,-8748000.0,101779000.0,101779000.0,101779000.0,0.0,0.0,0.122,116419000.0,151209000.0,319525000.0,0.075,4.037,17.213,17.179,353193000.0,0.0,71.12,2.074,2.066,598789000.0,2280801000.0,832849000.0,832849000.0,19361000.0,,,,,8610000.0,91404000.0,1.0,96478074.0,95891000,96538000.0,8.685,1930447000.0,0.0,47619000.0,72519000.0,20.132,875244000.0
23,WAB,MRQ,2015-09-30,2015-09-30,2015-09-30,2021-07-29,-257208000.0,3326082000.0,,1650091000.0,1675991000.0,,20.589,-12043000.0,208241000.0,208241000.0,552458000.0,99181000.0,2.521,0.676,451019000.0,430000.0,450589000.0,451019000.0,0.0,16555000.0,106889000.0,0.003,0.08,149141000.0,165696000.0,0.205,165696000.0,149141000.0,144790000.0,1.03,1.02,1.03,1984147000.0,,1984147000.0,8648135008.0,15.0,13.339,132337000.0,1.373,1.0,257069000.0,0.318,1289986000.0,4351000.0,1624225000.0,,517486000.0,0.0,0.0,0.0,1340641000.0,654649000.0,685992000.0,8512153008.0,-56603000.0,0.0,-21037000.0,50281000.0,-7735000.0,22804000.0,-221171000.0,0.0,144380000.0,-2616000.0,99181000.0,99181000.0,99181000.0,0.0,0.0,0.123,104991000.0,152078000.0,319225000.0,0.078,4.29,21.852,21.741,351234000.0,0.0,88.05,2.583,2.574,625344000.0,2186673000.0,809527000.0,809527000.0,17239000.0,,,,,3808000.0,82206000.0,1.0,96674083.0,96369000,97368000.0,8.4,2036096000.0,46025000.0,45609000.0,113758000.0,21.128,995442000.0
24,WAB,MRQ,2015-06-30,2015-06-30,2015-06-30,2021-07-29,-209696000.0,3298123000.0,,1579966000.0,1718157000.0,,20.297,-12362000.0,264844000.0,264844000.0,579264000.0,101504000.0,2.259,0.686,400826000.0,478000.0,400348000.0,400826000.0,0.0,16043000.0,98636000.0,0.003,0.06,153973000.0,170016000.0,0.201,170016000.0,153973000.0,149932000.0,1.05,1.04,1.05,1955348000.0,,1955348000.0,9276815747.0,16.0,14.596,54903000.0,0.57,1.0,267764000.0,0.316,1319454000.0,4041000.0,1415124000.0,,535002000.0,0.0,0.0,0.0,1341791000.0,699527000.0,642264000.0,9104965747.0,15709000.0,-24395000.0,1012000.0,-20142000.0,-5800000.0,-23856000.0,-36757000.0,0.0,67265000.0,9057000.0,101504000.0,101504000.0,101504000.0,0.0,0.0,0.12,111904000.0,155860000.0,377457000.0,0.057,4.656,23.928,23.798,356970000.0,0.0,94.24,2.773,2.765,680269000.0,2095224000.0,847028000.0,847028000.0,17750000.0,,,,,5152000.0,88992000.0,1.0,96614662.0,96338000,97435000.0,8.792,1978669000.0,44208000.0,48428000.0,118396000.0,20.539,880439000.0
25,WAB,MRQ,2015-03-31,2015-03-31,2015-03-31,2021-07-29,-245585000.0,3167507000.0,,1503933000.0,1663574000.0,,18.871,-8320000.0,249135000.0,249135000.0,563239000.0,96164000.0,2.162,0.743,420985000.0,579000.0,420406000.0,420985000.0,0.0,15569000.0,106881000.0,0.002,0.06,145554000.0,161123000.0,0.197,161123000.0,145554000.0,141248000.0,1.0,0.99,1.0,1816247000.0,,1816247000.0,9248953336.0,17.0,15.103,35341000.0,0.367,1.0,255355000.0,0.312,1275520000.0,4306000.0,1368068000.0,,515945000.0,0.0,0.0,0.0,1350153000.0,695769000.0,654384000.0,9153607336.0,-176714000.0,-75713000.0,397000.0,-100147000.0,-5780000.0,-119781000.0,-84033000.0,0.0,43661000.0,-16561000.0,96164000.0,96164000.0,96164000.0,0.0,0.0,0.117,106935000.0,148420000.0,381285000.0,0.06,5.04,24.894,24.807,349043000.0,0.0,95.01,2.89,2.887,665669000.0,1999519000.0,818594000.0,818594000.0,16863000.0,,,,,8449000.0,84771000.0,1.0,96343620.0,96243000,97385000.0,8.505,1891987000.0,44416000.0,45084000.0,113788000.0,19.658,808164000.0
26,WAB,MRQ,2014-12-31,2014-12-31,2014-12-31,2021-07-29,-159486000.0,3303841000.0,,1637864000.0,1665977000.0,,18.847,-16604000.0,425849000.0,425849000.0,566569000.0,92686000.0,2.217,0.828,521195000.0,0.0,521195000.0,521195000.0,0.0,16284000.0,111797000.0,0.002,0.06,135211000.0,151495000.0,0.185,151495000.0,135211000.0,131206000.0,0.97,0.95,0.97,1807242000.0,,1807242000.0,8673082136.0,17.0,14.783,225617000.0,2.353,1.0,254297000.0,0.31,1285149000.0,4005000.0,1375236000.0,,510949000.0,0.0,0.0,0.0,1495543000.0,738802000.0,756741000.0,8363581136.0,213308000.0,-776000.0,293000.0,-854000.0,-5775000.0,-6055000.0,-17380000.0,0.0,242221000.0,-5478000.0,92686000.0,92686000.0,92686000.0,0.0,0.0,0.113,117334000.0,136963000.0,399845000.0,0.062,4.628,23.782,23.74,339111000.0,0.0,86.89,2.747,2.734,631226000.0,1909136000.0,820866000.0,820866000.0,18328000.0,,,,,6746000.0,93117000.0,1.0,96254818.0,95889000,97038000.0,8.561,2018692000.0,43953000.0,38520000.0,112915000.0,21.052,899062000.0
27,WAB,MRQ,2014-09-30,2014-09-30,2014-09-30,2021-07-29,-84285000.0,3228387000.0,,1533808000.0,1694579000.0,,18.644,-12497000.0,212541000.0,212541000.0,549813000.0,90155000.0,2.273,0.804,522042000.0,955000.0,521087000.0,522042000.0,0.0,17115000.0,74901000.0,0.002,0.06,135823000.0,152938000.0,0.192,152938000.0,135823000.0,131229000.0,0.94,0.93,0.94,1788657000.0,,1788657000.0,8080064237.0,16.0,14.392,80008000.0,0.834,1.0,247458000.0,0.31,1313993000.0,4594000.0,1549147000.0,,489053000.0,0.0,0.0,0.0,1438778000.0,674748000.0,764030000.0,7805071237.0,-13366000.0,-100244000.0,-8935000.0,20233000.0,-5780000.0,6976000.0,-112741000.0,0.0,92505000.0,-106000.0,90155000.0,90155000.0,90155000.0,0.0,0.0,0.113,111481000.0,135977000.0,389284000.0,0.064,4.364,23.436,23.354,342365000.0,0.0,81.04,2.687,2.676,715108000.0,1822225000.0,797271000.0,797271000.0,16391000.0,,,,,5546000.0,88359000.0,1.0,96311343.0,95935000,97004000.0,8.311,1914394000.0,52240000.0,41074000.0,143549000.0,19.955,859060000.0
28,WAB,MRQ,2014-06-30,2014-06-30,2014-06-30,2021-07-29,-25960000.0,3163868000.0,,1526851000.0,1637017000.0,,18.369,-13212000.0,225907000.0,225907000.0,506410000.0,88705000.0,2.284,0.792,500900000.0,681000.0,500219000.0,500900000.0,0.0,14284000.0,72369000.0,0.002,0.04,132566000.0,146850000.0,0.201,146850000.0,132566000.0,128041000.0,0.92,0.91,0.92,1764316000.0,,1764316000.0,8121242421.0,17.0,15.357,98232000.0,1.023,1.0,224658000.0,0.307,1257001000.0,4525000.0,1513444000.0,,481507000.0,0.0,0.0,0.0,1398176000.0,668416000.0,729760000.0,7965712421.0,-69196000.0,-199417000.0,-13506000.0,50269000.0,-3863000.0,33539000.0,-212629000.0,0.0,111444000.0,-1550000.0,88705000.0,88705000.0,88705000.0,0.0,0.0,0.121,92335000.0,132323000.0,397371000.0,0.043,4.515,25.142,25.027,343154000.0,0.0,82.59,2.908,2.896,717050000.0,1737850000.0,731068000.0,731068000.0,14221000.0,,,,,4757000.0,72982000.0,1.0,96448873.0,96048000,97058000.0,7.611,1906867000.0,52517000.0,39336000.0,135565000.0,19.853,858435000.0
29,WAB,MRQ,2014-03-31,2014-03-31,2014-03-31,2021-07-29,-34063000.0,2916519000.0,,1434178000.0,1482341000.0,,17.576,-4928000.0,295103000.0,295103000.0,485680000.0,80134000.0,2.469,0.736,450633000.0,386000.0,450247000.0,450633000.0,0.0,13578000.0,67066000.0,0.002,0.04,121829000.0,135407000.0,0.195,135407000.0,121829000.0,117379000.0,0.84,0.83,0.84,1679027000.0,,1679027000.0,7604711075.0,17.0,14.947,21287000.0,0.223,1.0,209569000.0,0.301,1168151000.0,4450000.0,1322993000.0,,420058000.0,0.0,0.0,0.0,1236131000.0,580905000.0,655226000.0,7439762075.0,9343000.0,0.0,-1272000.0,-67000.0,-3828000.0,-8954000.0,-4928000.0,0.0,26215000.0,-2990000.0,80134000.0,80134000.0,80134000.0,0.0,0.0,0.115,87723000.0,121846000.0,345312000.0,0.048,4.431,24.573,24.525,273647000.0,0.0,77.5,2.812,2.798,636654000.0,1653008000.0,695249000.0,695249000.0,12946000.0,,,,,6065000.0,70081000.0,1.0,95996930.0,95529000,96805000.0,7.278,1748368000.0,51905000.0,37245000.0,118184000.0,18.302,853273000.0
30,WAB,MRQ,2013-12-31,2013-12-31,2013-12-31,2021-07-29,-34856000.0,2821997000.0,,1333047000.0,1488950000.0,,16.564,-17811000.0,285760000.0,285760000.0,481357000.0,74041000.0,2.301,0.779,450709000.0,0.0,450709000.0,450709000.0,0.0,14058000.0,66573000.0,0.002,0.04,112169000.0,126227000.0,0.185,126227000.0,112169000.0,107542000.0,0.77,0.76,0.77,1585259000.0,,1585259000.0,7411252191.0,17.0,15.199,132846000.0,1.388,1.0,200125000.0,0.294,1172112000.0,4627000.0,1235434000.0,,403229000.0,0.0,0.0,0.0,1234830000.0,579400000.0,655430000.0,7152568191.0,4753000.0,-1396000.0,-27083000.0,-89954000.0,-3844000.0,-126060000.0,-19207000.0,0.0,150657000.0,-637000.0,74041000.0,74041000.0,74041000.0,0.0,0.0,0.109,88907000.0,111218000.0,326666000.0,0.052,4.512,24.475,24.351,276078000.0,0.0,74.27,2.787,2.763,554503000.0,1576702000.0,681482000.0,681482000.0,12754000.0,,,,,11690000.0,71142000.0,1.0,96304944.0,95703000,97066000.0,7.121,1649885000.0,50622000.0,33501000.0,114486000.0,17.24,753647000.0
31,WAB,MRQ,2013-09-30,2013-09-30,2013-09-30,2021-07-29,-52079000.0,2816980000.0,,1344434000.0,1472546000.0,,15.782,-8651000.0,281007000.0,281007000.0,443265000.0,73943000.0,2.482,0.859,539691000.0,85000.0,539606000.0,539691000.0,0.0,12116000.0,70896000.0,0.002,0.04,108213000.0,120329000.0,0.191,120329000.0,108213000.0,104384000.0,0.77,0.76,0.77,1512673000.0,,1512673000.0,6235003791.0,15.0,13.123,31249000.0,0.326,1.0,188133000.0,0.298,1166893000.0,3829000.0,1367013000.0,,400295000.0,0.0,0.0,0.0,1299931000.0,541758000.0,758173000.0,6052550791.0,66502000.0,-106987000.0,-3399000.0,140123000.0,-4004000.0,138003000.0,-115638000.0,0.0,39900000.0,4237000.0,73943000.0,73943000.0,73943000.0,0.0,0.0,0.117,78262000.0,109871000.0,288026000.0,0.052,4.001,21.39,21.312,266950000.0,0.0,62.87,2.426,2.415,570276000.0,1506505000.0,631398000.0,631398000.0,10921000.0,,,,,1223000.0,63402000.0,1.0,96270889.0,95848000,97174000.0,6.587,1650087000.0,61208000.0,30441000.0,118460000.0,17.216,802676000.0
32,WAB,MRQ,2013-06-30,2013-06-30,2013-06-30,2021-07-29,-86113000.0,2516390000.0,,1189985000.0,1326405000.0,,14.633,-3046000.0,214505000.0,214505000.0,445121000.0,74638000.0,2.27,0.793,396958000.0,43000.0,396915000.0,396958000.0,0.0,13849000.0,80470000.0,0.002,0.025,112960000.0,126809000.0,0.199,126809000.0,112960000.0,109689000.0,0.78,0.77,0.78,1401260000.0,,1401260000.0,5332116680.0,13.0,11.553,10010000.0,0.105,1.0,192881000.0,0.302,1044788000.0,3271000.0,1129783000.0,,405938000.0,0.0,0.0,0.0,1110684000.0,524272000.0,586412000.0,5139884680.0,-10833000.0,0.0,1060000.0,-20616000.0,-2410000.0,-19096000.0,-3046000.0,0.0,13056000.0,-1747000.0,74638000.0,74638000.0,74638000.0,0.0,0.0,0.117,80327000.0,112554000.0,272519000.0,0.032,3.668,18.896,18.813,240966000.0,0.0,53.43,2.097,2.087,488449000.0,1436566000.0,638002000.0,638002000.0,11280000.0,,,,,2660000.0,63874000.0,1.0,96198478.0,95762000,97102000.0,6.662,1471602000.0,60376000.0,35051000.0,87735000.0,15.367,665713000.0
33,WAB,MRQ,2013-03-31,2013-03-31,2013-03-31,2021-07-29,-79304000.0,2506175000.0,,1168986000.0,1337189000.0,,13.958,-5730000.0,225338000.0,225338000.0,432622000.0,69613000.0,2.084,0.886,417570000.0,43000.0,417527000.0,417570000.0,0.0,11170000.0,84450000.0,0.002,0.025,103086000.0,114256000.0,0.186,114256000.0,103086000.0,99472000.0,0.73,0.72,0.73,1326381000.0,,1326381000.0,4975127164.0,12.0,11.16,26310000.0,0.277,1.0,182888000.0,0.297,1053318000.0,3614000.0,1084108000.0,,428584000.0,0.0,0.0,0.0,1174907000.0,560981000.0,613926000.0,4872997164.0,9572000.0,-115071000.0,1589000.0,99672000.0,-2386000.0,100167000.0,-120801000.0,0.0,32040000.0,-1834000.0,69613000.0,69613000.0,69613000.0,0.0,0.0,0.113,79221000.0,103667000.0,267445000.0,0.034,3.674,18.593,18.701,242716000.0,0.0,51.055,2.011,2.002,432797000.0,1364999000.0,615510000.0,615510000.0,11334000.0,,,,,4268000.0,64300000.0,1.0,95446032.0,95025000,96572000.0,6.477,1452857000.0,60907000.0,29859000.0,89561000.0,15.289,608005000.0
34,WAB,MRQ,2012-12-31,2012-12-31,2012-12-31,2021-07-29,-53564000.0,2351542000.0,,1092938000.0,1258604000.0,,13.372,-11267000.0,215766000.0,215766000.0,429920000.0,64765000.0,1.976,0.838,317896000.0,0.0,317896000.0,317896000.0,0.0,12648000.0,82810000.0,0.002,0.025,101076000.0,113724000.0,0.186,113724000.0,101076000.0,97128000.0,0.67,0.67,0.67,1276830000.0,,1276830000.0,4342905346.0,11.0,9.967,112646000.0,1.18,1.0,180480000.0,0.296,974343000.0,3948000.0,926270000.0,,407039000.0,0.0,0.0,0.0,1069525000.0,553059000.0,516466000.0,4192063346.0,-66289000.0,-47610000.0,-17149000.0,-115065000.0,-2410000.0,-134017000.0,-58877000.0,0.0,123913000.0,2692000.0,64765000.0,64765000.0,64765000.0,0.0,0.0,0.106,80018000.0,100462000.0,248593000.0,0.037,3.283,16.653,16.706,244088000.0,0.0,43.77,1.753,1.748,389915000.0,1297111000.0,610400000.0,610400000.0,10260000.0,,,,,4234000.0,64774000.0,1.0,95774808.0,95484000,96808000.0,6.393,1377199000.0,61077000.0,32363000.0,91176000.0,14.423,539879000.0
35,WAB,MRQ,2012-09-30,2012-09-30,2012-09-30,2021-07-29,-55080000.0,2396042000.0,,1184049000.0,1211993000.0,,12.859,-7395000.0,282055000.0,282055000.0,416314000.0,62994000.0,2.19,0.951,432897000.0,43000.0,432854000.0,432897000.0,0.0,11294000.0,104404000.0,0.002,0.025,95449000.0,106743000.0,0.182,106743000.0,95449000.0,92379000.0,0.66,0.65,0.66,1225266000.0,,1225266000.0,4054138107.0,11.0,9.966,75594000.0,0.793,1.0,171279000.0,0.291,941822000.0,3070000.0,1064370000.0,,391592000.0,0.0,0.0,0.0,1165025000.0,540692000.0,624333000.0,3845112107.0,47950000.0,-13934000.0,-4514000.0,-10257000.0,-2376000.0,-15354000.0,-21329000.0,0.0,82989000.0,1644000.0,62994000.0,62994000.0,62994000.0,0.0,0.0,0.107,74437000.0,96842000.0,235568000.0,0.038,3.138,16.486,16.521,229147000.0,0.0,40.145,1.661,1.652,430230000.0,1235417000.0,587593000.0,587593000.0,10753000.0,,,,,3294000.0,59743000.0,1.0,95780598.0,95286000,96542000.0,6.167,1454220000.0,58592000.0,29385000.0,91281000.0,15.262,643357000.0
36,WAB,MRQ,2012-06-30,2012-06-30,2012-06-30,2021-07-29,-66298000.0,2331897000.0,,1143464000.0,1188433000.0,,12.032,-6270000.0,234105000.0,234105000.0,436393000.0,64712000.0,2.078,1.023,443131000.0,43000.0,443088000.0,443131000.0,0.0,9995000.0,84068000.0,0.002,0.015,101088000.0,111083000.0,0.182,111083000.0,101088000.0,97579000.0,0.67,0.67,0.67,1151066000.0,,1151066000.0,3874277454.0,11.0,10.014,23285000.0,0.243,1.0,173427000.0,0.284,921617000.0,3509000.0,1068992000.0,,388798000.0,0.0,0.0,0.0,1177744000.0,550314000.0,627430000.0,3757707454.0,-35199000.0,-88370000.0,-21468000.0,57264000.0,-1442000.0,34372000.0,-94640000.0,0.0,29555000.0,-4486000.0,64712000.0,64712000.0,64712000.0,0.0,0.0,0.106,72562000.0,100865000.0,249455000.0,0.022,3.265,17.33,17.297,226707000.0,0.0,39.005,1.688,1.676,442141000.0,1174801000.0,609820000.0,609820000.0,10145000.0,,,,,4857000.0,59163000.0,1.0,96339122.0,95671000,96844000.0,6.374,1410280000.0,58812000.0,32867000.0,90421000.0,14.741,593150000.0
37,WAB,MRQ,2012-03-31,2012-03-31,2012-03-31,2021-07-29,-49672000.0,2219574000.0,,1114022000.0,1105552000.0,,11.749,-10098000.0,269304000.0,269304000.0,413928000.0,59261000.0,2.08,0.977,385874000.0,43000.0,385831000.0,385874000.0,0.0,10199000.0,87536000.0,0.001,0.015,93996000.0,104195000.0,0.179,104195000.0,93996000.0,90272000.0,0.62,0.61,0.62,1120995000.0,,1120995000.0,3729996990.0,13.0,10.916,-9117000.0,-0.096,1.0,169381000.0,0.29,847871000.0,3724000.0,952715000.0,,370740000.0,0.0,0.0,0.0,1095694000.0,535558000.0,560136000.0,3619738990.0,-16311000.0,0.0,1006000.0,-9999000.0,-1438000.0,-9724000.0,-10098000.0,0.0,981000.0,2530000.0,59261000.0,59261000.0,59261000.0,0.0,0.0,0.102,75271000.0,94110000.0,236002000.0,0.024,3.229,19.207,19.227,225022000.0,0.0,37.685,1.727,1.716,396490000.0,1111529000.0,583309000.0,583309000.0,10149000.0,,,,,4338000.0,62029000.0,1.0,96052514.0,95414000,96682000.0,6.113,1371703000.0,57411000.0,31011000.0,74963000.0,14.376,578464000.0
38,WAB,MRQ,2011-12-31,2011-12-31,2011-12-31,2021-07-29,-60897000.0,2158953000.0,,1055782000.0,1103171000.0,,10.934,-15382000.0,285615000.0,285615000.0,387305000.0,46263000.0,1.95,1.063,395873000.0,0.0,395873000.0,395873000.0,0.0,11171000.0,72811000.0,0.001,0.015,73608000.0,84779000.0,0.159,84779000.0,73608000.0,69842000.0,0.48,0.48,0.48,1045189000.0,,1045189000.0,3540621508.0,13.0,11.234,133224000.0,1.394,1.0,147334000.0,0.276,844886000.0,3766000.0,882940000.0,,348174000.0,0.0,0.0,0.0,1111309000.0,541385000.0,569924000.0,3355602508.0,64479000.0,-57137000.0,-1897000.0,-10282000.0,-1442000.0,-12895000.0,-72519000.0,0.0,148606000.0,1287000.0,46263000.0,46263000.0,46263000.0,0.0,0.0,0.087,74825000.0,72509000.0,244649000.0,0.031,3.211,19.722,19.76,222022000.0,0.0,34.975,1.705,1.7,346281000.0,1053706000.0,534639000.0,534639000.0,9279000.0,,,,,4698000.0,61099000.0,1.0,95942888.0,95594000,96666000.0,5.593,1314067000.0,57579000.0,23579000.0,74217000.0,13.746,514397000.0
39,WAB,MRQ,2011-09-30,2011-09-30,2011-09-30,2021-07-29,-45996000.0,2005617000.0,,950377000.0,1055240000.0,,10.559,-9401000.0,221136000.0,221136000.0,351689000.0,46600000.0,2.095,0.981,406155000.0,40068000.0,366087000.0,406155000.0,76448000.0,12904000.0,0.0,0.001,0.015,73924000.0,86828000.0,0.174,86828000.0,73924000.0,70160000.0,0.485,0.48,0.485,1011017000.0,,1011017000.0,2725756640.0,11.0,9.277,24573000.0,0.257,1.0,147151000.0,0.295,803048000.0,3764000.0,933995000.0,,324876000.0,0.0,0.0,0.0,991357000.0,453593000.0,537764000.0,2550973640.0,-339000.0,0.0,-17207000.0,9897000.0,-1442000.0,-8752000.0,-9401000.0,0.0,33974000.0,-16160000.0,46600000.0,46600000.0,46600000.0,0.0,0.0,0.093,71698000.0,75453000.0,179411000.0,0.031,2.523,16.472,16.47,209918000.0,0.0,26.435,1.397,1.386,346436000.0,1008886000.0,498840000.0,498840000.0,9894000.0,,,,,3852000.0,57676000.0,1.0,96499854.0,95748000,96732000.0,5.21,1202569000.0,41310000.0,23560000.0,82429000.0,12.56,496784000.0
40,WAB,MRQ,2011-06-30,2011-06-30,2011-06-30,2021-07-29,-10393000.0,2011478000.0,,931932000.0,1079546000.0,,10.582,-5140000.0,221475000.0,221475000.0,336155000.0,36334000.0,2.043,0.979,396258000.0,40068000.0,356190000.0,396258000.0,79013000.0,9956000.0,0.0,0.001,0.005,55952000.0,65908000.0,0.138,65908000.0,55952000.0,52159000.0,0.375,0.375,0.375,1014816000.0,,1014816000.0,3372312909.0,15.0,12.653,44420000.0,0.463,1.0,142744000.0,0.298,821379000.0,3793000.0,908738000.0,,311169000.0,0.0,0.0,0.0,993162000.0,456144000.0,537018000.0,3172930909.0,20788000.0,-20725000.0,-3203000.0,-3809000.0,-484000.0,-4523000.0,-25865000.0,0.0,49560000.0,1616000.0,36334000.0,36334000.0,36334000.0,0.0,0.0,0.076,86382000.0,56362000.0,185871000.0,0.013,3.127,22.858,22.819,218444000.0,0.0,32.86,1.863,1.85,336673000.0,963727000.0,478899000.0,478899000.0,9132000.0,,,,,2978000.0,73943000.0,1.0,96559066.0,95900000,96926000.0,4.994,1190099000.0,42731000.0,15825000.0,83175000.0,12.41,475788000.0
41,WAB,MRQ,2011-03-31,2011-03-31,2011-03-31,2021-07-29,-17595000.0,1897128000.0,,844935000.0,1052193000.0,,10.118,-7385000.0,200687000.0,200687000.0,322064000.0,40952000.0,2.215,0.96,400069000.0,40068000.0,360001000.0,400069000.0,41670000.0,10818000.0,0.0,0.001,0.005,66837000.0,77655000.0,0.171,77655000.0,66837000.0,63153000.0,0.425,0.425,0.425,966043000.0,,966043000.0,3438292070.0,16.0,13.217,9101000.0,0.095,1.0,133195000.0,0.293,803080000.0,3684000.0,911959000.0,,284964000.0,0.0,0.0,0.0,927495000.0,381471000.0,546024000.0,3253158070.0,-36254000.0,-31012000.0,1184000.0,-22008000.0,-481000.0,-20589000.0,-38397000.0,0.0,16486000.0,6246000.0,40952000.0,40952000.0,40952000.0,0.0,0.0,0.09,66818000.0,66377000.0,174542000.0,0.012,3.368,24.334,24.399,216425000.0,0.0,33.915,2.035,2.026,305687000.0,927877000.0,455259000.0,455259000.0,8888000.0,,,,,2703000.0,54816000.0,1.0,95920922.0,95476000,96502000.0,4.768,1094048000.0,42768000.0,22201000.0,80242000.0,11.459,463464000.0
42,WAB,MRQ,2010-12-31,2010-12-31,2010-12-31,2021-07-29,-38077000.0,1803081000.0,,801953000.0,1001128000.0,,9.44,-8120000.0,236941000.0,236941000.0,275253000.0,30980000.0,2.302,1.0,422075000.0,0.0,422075000.0,422075000.0,0.0,11699000.0,23810000.0,0.001,0.005,51715000.0,63414000.0,0.161,63414000.0,51715000.0,47792000.0,0.32,0.32,0.32,899771000.0,,899771000.0,2768731125.0,14.0,11.473,92767000.0,0.973,1.0,117988000.0,0.3,762745000.0,3923000.0,877096000.0,,253491000.0,0.0,0.0,0.0,899694000.0,348374000.0,551320000.0,2535697125.0,60133000.0,-44970000.0,209000.0,12255000.0,-485000.0,12176000.0,-53090000.0,0.0,100887000.0,160000.0,30980000.0,30980000.0,30980000.0,0.0,0.0,0.079,66639000.0,51349000.0,170504000.0,0.016,2.818,20.599,20.58,206225000.0,0.0,26.445,1.683,1.67,258149000.0,887406000.0,393241000.0,393241000.0,9721000.0,,,,,3350000.0,53414000.0,1.0,95885692.0,95314000,96304000.0,4.126,1040336000.0,42919000.0,16812000.0,76505000.0,10.915,453579000.0
43,WAB,MRQ,2010-09-30,2010-09-30,2010-09-30,2021-07-29,-34092000.0,1705680000.0,,743778000.0,961902000.0,,9.117,-5353000.0,176808000.0,176808000.0,266470000.0,30544000.0,2.331,0.958,409842000.0,40070000.0,369772000.0,409842000.0,26064000.0,9711000.0,0.0,0.001,0.005,49842000.0,59553000.0,0.159,59553000.0,49842000.0,45846000.0,0.32,0.315,0.32,869308000.0,,869308000.0,2531713211.0,13.0,11.04,45508000.0,0.477,1.0,109237000.0,0.291,723791000.0,3996000.0,895790000.0,,248795000.0,0.0,0.0,0.0,832539000.0,319133000.0,513406000.0,2290278211.0,10299000.0,-53285000.0,-1670000.0,1892000.0,-480000.0,49000.0,-58638000.0,0.0,50861000.0,18027000.0,30544000.0,30544000.0,30544000.0,0.0,0.0,0.081,58604000.0,50633000.0,129977000.0,0.016,2.635,19.689,19.586,203142000.0,0.0,23.895,1.555,1.547,264793000.0,856911000.0,375707000.0,375707000.0,9362000.0,,,,,2271000.0,46604000.0,1.0,95847592.0,95354000,96128000.0,3.94,981889000.0,46506000.0,15302000.0,56035000.0,10.297,424645000.0
44,WAB,MRQ,2010-06-30,2010-06-30,2010-06-30,2021-07-29,-67985000.0,1632184000.0,,731640000.0,900544000.0,,8.425,-3352000.0,166509000.0,166509000.0,260673000.0,31211000.0,2.357,1.026,407944000.0,38201000.0,369743000.0,407944000.0,0.0,8776000.0,35894000.0,0.001,0.005,50738000.0,59514000.0,0.159,59514000.0,50738000.0,46646000.0,0.325,0.325,0.325,804136000.0,,804136000.0,2154399911.0,11.0,9.662,8669000.0,0.091,1.0,113464000.0,0.303,682268000.0,4092000.0,880898000.0,,239439000.0,0.0,0.0,0.0,825244000.0,310453000.0,514791000.0,1913852911.0,-12391000.0,0.0,-2164000.0,-11497000.0,-481000.0,-13450000.0,-3352000.0,0.0,12021000.0,-7610000.0,31211000.0,31211000.0,31211000.0,0.0,0.0,0.083,63812000.0,49652000.0,123764000.0,0.015,2.38,16.918,16.761,192477000.0,0.0,19.945,1.341,1.333,275201000.0,826847000.0,374137000.0,374137000.0,10425000.0,,,,,2457000.0,51243000.0,1.0,95956526.0,95450000,96178000.0,3.92,949916000.0,45104000.0,15435000.0,53930000.0,9.952,421187000.0
45,WAB,MRQ,2010-03-31,2010-03-31,2010-03-31,2021-07-29,-40596000.0,1638240000.0,,716449000.0,921791000.0,,8.419,-3600000.0,178900000.0,178900000.0,255538000.0,30364000.0,2.311,1.047,419447000.0,34457000.0,384990000.0,419447000.0,0.0,8400000.0,42276000.0,0.001,0.005,50455000.0,58855000.0,0.162,58855000.0,50455000.0,46543000.0,0.32,0.315,0.32,799118000.0,,799118000.0,2208862722.0,13.0,10.572,8767000.0,0.092,1.0,108389000.0,0.298,696751000.0,3912000.0,872045000.0,,241086000.0,0.0,0.0,0.0,836983000.0,309991000.0,526992000.0,2005741722.0,-9759000.0,-37575000.0,-1500000.0,27667000.0,-468000.0,27073000.0,-41175000.0,0.0,12367000.0,-8024000.0,30364000.0,30364000.0,30364000.0,0.0,0.0,0.083,57213000.0,51176000.0,122349000.0,0.016,2.51,17.789,17.697,200155000.0,0.0,21.06,1.445,1.441,247949000.0,796117000.0,363927000.0,363927000.0,10695000.0,,,,,1117000.0,44631000.0,1.0,95239398.0,94922000,95790000.0,3.834,941489000.0,41924000.0,16179000.0,52223000.0,9.919,406458000.0
46,WAB,MRQ,2009-12-31,2009-12-31,2009-12-31,2021-07-29,-30546000.0,1585835000.0,,689509000.0,896326000.0,,8.198,-7020000.0,188659000.0,188659000.0,259526000.0,24205000.0,2.258,1.039,391780000.0,0.0,391780000.0,391780000.0,0.0,10246000.0,44251000.0,0.001,0.005,41150000.0,51396000.0,0.143,51396000.0,41150000.0,36624000.0,0.255,0.25,0.255,776907000.0,,776907000.0,2119749826.0,12.0,9.834,62439000.0,0.659,1.0,99662000.0,0.277,670608000.0,4526000.0,813000000.0,,239333000.0,0.0,0.0,0.0,806922000.0,305348000.0,501574000.0,1942592826.0,-66526000.0,-92807000.0,1795000.0,-40563000.0,-479000.0,-37822000.0,-99827000.0,0.0,69459000.0,1664000.0,24205000.0,24205000.0,24205000.0,0.0,0.0,0.067,57864000.0,41798000.0,119895000.0,0.02,2.5,16.884,16.946,201707000.0,0.0,20.42,1.386,1.384,208260000.0,766221000.0,359188000.0,359188000.0,10966000.0,,,,,-1437000.0,43171000.0,1.0,95131872.0,94770000,95702000.0,3.79,915227000.0,45497000.0,12419000.0,52156000.0,9.657,384161000.0
47,WAB,MRQ,2009-09-30,2009-09-30,2009-09-30,2021-07-29,-29391000.0,1574815000.0,,773093000.0,801722000.0,,7.942,-2117000.0,255185000.0,255185000.0,235629000.0,27348000.0,2.495,1.095,432342000.0,31977000.0,400365000.0,432342000.0,0.0,7048000.0,57475000.0,0.001,0.005,46153000.0,53201000.0,0.161,53201000.0,46153000.0,42466000.0,0.29,0.285,0.29,751128000.0,,751128000.0,2015489845.0,11.0,9.011,52708000.0,0.557,1.0,94826000.0,0.287,585509000.0,3687000.0,856642000.0,,244868000.0,0.0,0.0,0.0,822271000.0,309821000.0,512450000.0,1784935845.0,133852000.0,-3474000.0,614000.0,80432000.0,-476000.0,80890000.0,-5591000.0,0.0,54825000.0,3728000.0,27348000.0,27348000.0,27348000.0,0.0,0.0,0.083,49067000.0,45759000.0,113101000.0,0.017,2.376,14.636,14.718,196051000.0,0.0,18.765,1.233,1.226,230981000.0,742495000.0,330455000.0,330455000.0,10157000.0,,,,,1898000.0,37162000.0,1.0,95120482.0,94578000,95504000.0,3.494,989306000.0,32315000.0,15118000.0,28363000.0,10.46,463272000.0
48,WAB,MRQ,2009-06-30,2009-06-30,2009-06-30,2021-07-29,-48547000.0,1460184000.0,,665480000.0,794704000.0,,7.391,-5259000.0,121333000.0,121333000.0,242350000.0,30836000.0,2.102,1.078,351887000.0,31352000.0,320535000.0,351887000.0,0.0,8899000.0,70269000.0,0.001,0.005,36593000.0,45492000.0,0.136,45492000.0,36593000.0,33068000.0,0.325,0.32,0.325,701949000.0,,701949000.0,1800960416.0,9.0,7.817,38495000.0,0.405,1.0,91663000.0,0.274,577420000.0,3525000.0,796758000.0,,249600000.0,0.0,0.0,0.0,756764000.0,316560000.0,440204000.0,1536572416.0,23241000.0,-4743000.0,-12079000.0,-10635000.0,-482000.0,-23035000.0,-10002000.0,0.0,43754000.0,12524000.0,30836000.0,30836000.0,30836000.0,0.0,0.0,0.092,54936000.0,36727000.0,116689000.0,0.015,2.189,12.025,12.14,194476000.0,0.0,16.085,1.015,1.01,251798000.0,715624000.0,334013000.0,334013000.0,10765000.0,,,,,456000.0,42112000.0,1.0,95528282.0,94974000,96026000.0,3.517,882764000.0,34645000.0,2232000.0,27488000.0,9.295,348920000.0
49,WAB,MRQ,2009-03-31,2009-03-31,2009-03-31,2021-07-29,-72019000.0,1420935000.0,,651598000.0,769337000.0,,6.92,199000.0,98092000.0,98092000.0,270785000.0,32666000.0,2.09,1.155,362480000.0,30727000.0,331753000.0,362480000.0,0.0,9326000.0,61141000.0,0.002,0.005,56137000.0,65463000.0,0.173,65463000.0,56137000.0,51201000.0,0.34,0.34,0.34,659423000.0,,659423000.0,1511432088.0,7.0,6.113,-5539000.0,-0.058,1.0,107175000.0,0.284,556761000.0,4936000.0,816725000.0,,253329000.0,0.0,0.0,0.0,761512000.0,311837000.0,449675000.0,1266157088.0,-43713000.0,0.0,-7452000.0,-25058000.0,-480000.0,-32990000.0,199000.0,0.0,-5738000.0,-5184000.0,32666000.0,32666000.0,32666000.0,0.0,0.0,0.086,51427000.0,55748000.0,126287000.0,0.015,1.92,9.687,9.77,193329000.0,0.0,13.19,0.807,0.801,259607000.0,685269000.0,377960000.0,377960000.0,10559000.0,,,,,797000.0,38553000.0,1.0,95993714.0,95290000,96262000.0,3.966,864174000.0,32172000.0,18535000.0,20980000.0,9.069,339761000.0
50,WAB,MRQ,2008-12-31,2008-12-31,2008-12-31,2021-07-29,-60540000.0,1507520000.0,,725349000.0,782171000.0,,6.706,-6879000.0,141805000.0,141805000.0,299415000.0,31109000.0,1.869,1.335,387080000.0,0.0,387080000.0,387080000.0,0.0,7791000.0,80353000.0,0.001,0.005,51725000.0,59516000.0,0.147,59516000.0,51725000.0,47934000.0,0.32,0.315,0.32,645371000.0,,645371000.0,1891049142.0,9.0,7.794,71626000.0,0.744,1.0,105796000.0,0.261,556189000.0,3791000.0,808555000.0,,264158000.0,0.0,0.0,0.0,861713000.0,388051000.0,473662000.0,1927318142.0,-44585000.0,-315910000.0,-20806000.0,235679000.0,-486000.0,211808000.0,-322789000.0,0.0,78505000.0,-12109000.0,31109000.0,31109000.0,31109000.0,0.0,0.0,0.077,55542000.0,50254000.0,162633000.0,0.016,2.986,14.763,14.777,207548000.0,0.0,19.875,1.224,1.217,273560000.0,653083000.0,405211000.0,405211000.0,9656000.0,,,,,2512000.0,44275000.0,1.0,96971982.0,96242000,97268000.0,4.21,951331000.0,32185000.0,16825000.0,12870000.0,9.885,337298000.0
51,WAB,MRQ,2008-09-30,2008-09-30,2008-09-30,2021-07-29,-8317000.0,1285211000.0,,744527000.0,540684000.0,,7.108,-4601000.0,186390000.0,186390000.0,288343000.0,33170000.0,2.116,0.877,150121000.0,0.0,150121000.0,150121000.0,0.0,7567000.0,99832000.0,0.001,0.005,52354000.0,59921000.0,0.151,59921000.0,52354000.0,50411000.0,0.34,0.34,0.34,684701000.0,,684701000.0,2389766781.0,12.0,10.115,42517000.0,0.441,1.0,107674000.0,0.272,333867000.0,1943000.0,563175000.0,,223367000.0,0.0,0.0,0.0,600510000.0,351900000.0,248610000.0,2481311781.0,-55290000.0,-82263000.0,754000.0,-17000.0,-485000.0,707000.0,-86864000.0,0.0,47118000.0,-16251000.0,33170000.0,33170000.0,33170000.0,0.0,0.0,0.084,55220000.0,52454000.0,154808000.0,0.015,3.624,19.367,19.405,184010000.0,0.0,25.615,1.617,1.608,298683000.0,622454000.0,396017000.0,396017000.0,9713000.0,,,,,2205000.0,43841000.0,1.0,96869482.0,96322000,97654000.0,4.111,951344000.0,28597000.0,17241000.0,13995000.0,9.877,392627000.0
52,WAB,MRQ,2008-06-30,2008-06-30,2008-06-30,2021-07-29,22187000.0,1256100000.0,,757484000.0,498616000.0,,7.055,-3950000.0,241680000.0,241680000.0,281693000.0,33762000.0,2.329,0.851,150135000.0,0.0,150135000.0,150135000.0,0.0,7136000.0,94761000.0,0.001,0.005,55226000.0,62362000.0,0.16,62362000.0,55226000.0,53933000.0,0.35,0.345,0.35,678651000.0,,678651000.0,2328700092.0,12.0,10.159,60116000.0,0.625,1.0,108501000.0,0.278,295552000.0,1293000.0,543779000.0,,196331000.0,0.0,0.0,0.0,577449000.0,325224000.0,252225000.0,2353372092.0,66847000.0,0.0,1205000.0,-28000.0,-481000.0,1767000.0,-3950000.0,0.0,64066000.0,4964000.0,33762000.0,33762000.0,33762000.0,0.0,0.0,0.087,52579000.0,55922000.0,142925000.0,0.014,3.468,19.26,19.294,179156000.0,0.0,24.31,1.576,1.566,284145000.0,589769000.0,390194000.0,390194000.0,9631000.0,,,,,2203000.0,42036000.0,1.0,96806750.0,96190000,97310000.0,4.056,960548000.0,29007000.0,20171000.0,12036000.0,9.986,432260000.0
53,WAB,MRQ,2008-03-31,2008-03-31,2008-03-31,2021-07-29,18057000.0,1177795000.0,,680864000.0,496931000.0,,6.57,-3838000.0,174833000.0,174833000.0,278112000.0,32510000.0,2.343,0.853,150161000.0,0.0,150161000.0,150161000.0,0.0,7332000.0,66096000.0,0.001,0.005,53500000.0,60832000.0,0.159,60832000.0,53500000.0,52019000.0,0.335,0.33,0.335,635690000.0,,635690000.0,1749185223.0,9.0,8.016,-37727000.0,-0.39,1.0,105215000.0,0.274,295524000.0,1481000.0,567013000.0,,186047000.0,0.0,0.0,0.0,542105000.0,290586000.0,251519000.0,1833697223.0,-59856000.0,0.0,-24181000.0,-19000.0,-488000.0,-24571000.0,-3838000.0,0.0,-33889000.0,2442000.0,32510000.0,32510000.0,32510000.0,3000.0,0.0,0.085,51329000.0,53886000.0,130050000.0,0.015,2.885,15.732,15.692,182018000.0,0.0,18.83,1.283,1.275,286350000.0,556488000.0,383327000.0,383327000.0,9981000.0,,,,,1633000.0,40445000.0,1.0,97381690.0,96758000,98074000.0,3.962,882271000.0,28822000.0,19509000.0,27285000.0,9.118,390278000.0
54,WAB,MRQ,2007-12-31,2007-12-31,2007-12-31,2021-07-29,9271000.0,1158702000.0,,665767000.0,492935000.0,,6.486,-6713000.0,234689000.0,234689000.0,268782000.0,28676000.0,2.255,0.877,150250000.0,0.0,150250000.0,150250000.0,0.0,7919000.0,67291000.0,0.001,0.005,45219000.0,53138000.0,0.145,53138000.0,45219000.0,44488000.0,0.295,0.295,0.295,617268000.0,,617268000.0,1671765886.0,9.0,8.139,91260000.0,0.959,1.0,96486000.0,0.264,291266000.0,731000.0,487762000.0,,175977000.0,0.0,0.0,0.0,541434000.0,295235000.0,246199000.0,1679791886.0,76663000.0,-1247000.0,-12937000.0,-657000.0,-481000.0,-13962000.0,-7562000.0,0.0,97973000.0,214000.0,28676000.0,28676000.0,28676000.0,272000.0,0.0,0.079,50718000.0,45768000.0,137226000.0,0.017,2.721,15.331,15.239,182437000.0,0.0,17.22,1.235,1.222,222235000.0,524538000.0,365268000.0,365268000.0,10355000.0,,,,,3572000.0,38898000.0,1.0,97548890.0,95176000,96384000.0,3.838,867436000.0,29082000.0,15812000.0,9834000.0,9.114,370532000.0
55,WAB,MRQ,2007-09-30,2007-09-30,2007-09-30,2021-07-29,-3210000.0,1102762000.0,,596214000.0,506548000.0,,6.009,-4622000.0,158026000.0,158026000.0,259117000.0,27242000.0,2.464,0.883,150000000.0,0.0,150000000.0,150000000.0,0.0,7545000.0,40797000.0,0.001,0.005,45347000.0,52892000.0,0.149,52892000.0,45347000.0,43910000.0,0.28,0.275,0.28,585731000.0,,585731000.0,1835273628.0,11.0,9.551,13691000.0,0.14,1.0,95717000.0,0.27,280021000.0,1437000.0,572781000.0,,185884000.0,0.0,0.0,0.0,517031000.0,241934000.0,275097000.0,1826499628.0,16800000.0,115000.0,-434000.0,0.0,-477000.0,-328000.0,-4507000.0,0.0,18313000.0,3322000.0,27242000.0,27242000.0,27242000.0,-482000.0,0.0,0.077,49925000.0,45792000.0,118383000.0,0.018,3.118,17.048,16.95,181486000.0,0.0,18.73,1.417,1.416,215688000.0,496343000.0,354834000.0,354834000.0,9237000.0,,,,,2339000.0,39679000.0,1.0,97517332.0,97472000,98762000.0,3.64,822741000.0,50228000.0,16668000.0,20979000.0,8.441,354280000.0
56,WAB,MRQ,2007-06-30,2007-06-30,2007-06-30,2021-07-29,-17761000.0,1058589000.0,,568843000.0,489746000.0,,5.562,-4796000.0,141226000.0,141226000.0,234872000.0,28130000.0,2.331,0.955,150000000.0,0.0,150000000.0,150000000.0,0.0,7063000.0,59134000.0,0.001,0.005,44285000.0,51348000.0,0.158,51348000.0,44285000.0,43599000.0,0.29,0.285,0.29,541344000.0,,541344000.0,1722404218.0,12.0,9.898,2675000.0,0.027,1.0,90850000.0,0.279,271844000.0,686000.0,551472000.0,,184605000.0,0.0,0.0,0.0,517245000.0,244047000.0,273198000.0,1778883218.0,-65253000.0,-73264000.0,-678000.0,0.0,-495000.0,-376000.0,-78060000.0,0.0,7471000.0,5712000.0,28130000.0,28130000.0,28130000.0,-5000.0,0.0,0.086,44933000.0,45917000.0,110529000.0,0.017,3.286,18.289,18.174,179644000.0,0.0,18.265,1.478,1.477,201411000.0,469578000.0,325722000.0,325722000.0,9026000.0,,,,,1713000.0,34915000.0,1.0,97393004.0,97332000,98588000.0,3.347,786745000.0,47558000.0,15469000.0,17785000.0,8.083,324796000.0
57,WAB,MRQ,2007-03-31,2007-03-31,2007-03-31,2021-07-29,-28930000.0,1022671000.0,,593383000.0,429288000.0,,5.175,-3407000.0,206479000.0,206479000.0,227698000.0,25522000.0,2.413,1.046,150000000.0,0.0,150000000.0,150000000.0,0.0,6613000.0,76615000.0,0.001,0.005,41423000.0,48036000.0,0.153,48036000.0,41423000.0,40640000.0,0.265,0.26,0.265,499911000.0,,499911000.0,1628503715.0,12.0,10.068,15345000.0,0.159,1.0,86566000.0,0.275,216724000.0,783000.0,503539000.0,,156360000.0,0.0,0.0,0.0,522760000.0,245929000.0,276831000.0,1666482715.0,18500000.0,0.0,1567000.0,0.0,-491000.0,1681000.0,-3407000.0,0.0,18752000.0,1474000.0,25522000.0,25522000.0,25522000.0,32000.0,0.0,0.081,44302000.0,42264000.0,99936000.0,0.019,3.334,18.459,18.444,176116000.0,0.0,17.245,1.463,1.462,197825000.0,441943000.0,314264000.0,314264000.0,8816000.0,,,,,1530000.0,34945000.0,1.0,96635704.0,96604000,97790000.0,3.253,805947000.0,47036000.0,15118000.0,24033000.0,8.343,347454000.0
58,WAB,MRQ,2006-12-31,2006-12-31,2006-12-31,2021-07-29,-32305000.0,972842000.0,,547191000.0,425651000.0,,4.858,-6178000.0,187979000.0,187979000.0,215923000.0,26242000.0,2.245,1.07,150000000.0,0.0,150000000.0,150000000.0,0.0,3674000.0,75537000.0,0.001,0.005,36214000.0,39888000.0,0.135,39888000.0,36214000.0,35385000.0,0.27,0.265,0.27,469889000.0,,469889000.0,1390937024.0,11.0,9.13,34941000.0,0.361,1.0,78497000.0,0.267,217745000.0,829000.0,473327000.0,,145481000.0,0.0,0.0,0.0,502953000.0,243791000.0,259162000.0,1488522024.0,-59606000.0,-90219000.0,-4302000.0,0.0,-487000.0,-4796000.0,-94949000.0,0.0,41119000.0,-980000.0,26242000.0,26242000.0,26242000.0,661000.0,0.0,0.089,41513000.0,36984000.0,92624000.0,0.019,3.168,17.552,17.36,178309000.0,0.0,15.19,1.369,1.35,177345000.0,419603000.0,294420000.0,294420000.0,8495000.0,,,,,1502000.0,32452000.0,1.0,97993550.0,96722000,99434000.0,3.044,755097000.0,41361000.0,9143000.0,19505000.0,7.807,303400000.0
59,WAB,MRQ,2006-09-30,2006-09-30,2006-09-30,2021-07-29,-17219000.0,910261000.0,,566210000.0,344051000.0,,4.744,-3862000.0,247585000.0,247585000.0,202691000.0,17371000.0,2.382,0.971,150000000.0,0.0,150000000.0,150000000.0,0.0,9771000.0,77536000.0,0.001,0.005,24966000.0,34737000.0,0.129,34737000.0,24966000.0,25162000.0,0.18,0.175,0.18,461925000.0,,461925000.0,1234293204.0,10.0,8.437,32841000.0,0.337,1.0,66198000.0,0.246,156137000.0,-196000.0,418864000.0,,135893000.0,0.0,0.0,0.0,448336000.0,237675000.0,210661000.0,1323200204.0,8678000.0,0.0,-10129000.0,0.0,-489000.0,-10444000.0,-3862000.0,0.0,36703000.0,-13719000.0,17371000.0,17371000.0,17371000.0,370000.0,0.0,0.065,40716000.0,25482000.0,78752000.0,0.028,2.865,17.675,17.391,160206000.0,0.0,13.565,1.244,1.242,157215000.0,393739000.0,268889000.0,268889000.0,8068000.0,,,,,1833000.0,31294000.0,1.0,97545168.0,97378000,98586000.0,2.761,754124000.0,34140000.0,7791000.0,17371000.0,7.744,328535000.0
60,WAB,MRQ,2006-06-30,2006-06-30,2006-06-30,2021-07-29,-16482000.0,920449000.0,,569693000.0,350756000.0,,4.684,-5682000.0,238907000.0,238907000.0,184910000.0,21145000.0,2.23,1.028,150000000.0,0.0,150000000.0,150000000.0,0.0,5804000.0,93750000.0,0.001,0.005,33286000.0,39090000.0,0.149,39090000.0,33286000.0,32866000.0,0.22,0.215,0.22,453845000.0,,453845000.0,1773338346.0,15.0,12.367,22540000.0,0.233,1.0,76992000.0,0.294,157370000.0,420000.0,418727000.0,,139737000.0,0.0,0.0,0.0,466604000.0,255445000.0,211159000.0,1814794346.0,47451000.0,967000.0,6110000.0,0.0,-486000.0,8075000.0,-4715000.0,0.0,28222000.0,15869000.0,21145000.0,21145000.0,21145000.0,637000.0,0.0,0.081,41635000.0,35357000.0,80555000.0,0.023,3.999,25.008,24.605,164496000.0,0.0,18.7,1.728,1.725,162993000.0,376974000.0,261902000.0,261902000.0,8023000.0,,,,,-1069000.0,32760000.0,1.0,97047826.0,96902000,98184000.0,2.703,763079000.0,34138000.0,11721000.0,19139000.0,7.875,314248000.0
61,WAB,MRQ,2006-03-31,2006-03-31,2006-03-31,2021-07-29,-26901000.0,862438000.0,,514784000.0,347654000.0,,4.292,-3287000.0,191456000.0,191456000.0,187319000.0,20046000.0,2.172,1.089,150000000.0,0.0,150000000.0,150000000.0,0.0,6055000.0,70826000.0,0.001,0.005,32578000.0,38633000.0,0.147,38633000.0,32578000.0,31454000.0,0.21,0.205,0.21,412816000.0,,412816000.0,1585505606.0,14.0,11.591,41696000.0,0.434,1.0,75090000.0,0.286,156857000.0,1124000.0,427091000.0,,128661000.0,0.0,0.0,0.0,449622000.0,237034000.0,212588000.0,1576870606.0,50091000.0,2051000.0,4077000.0,0.0,-483000.0,5358000.0,-1236000.0,0.0,44983000.0,986000.0,20046000.0,20046000.0,20046000.0,22000.0,0.0,0.076,41762000.0,33328000.0,92807000.0,0.024,3.82,23.686,23.286,161380000.0,0.0,16.3,1.495,1.487,168445000.0,356307000.0,262409000.0,262409000.0,8115000.0,,,,,2543000.0,32788000.0,1.0,96740528.0,96182000,97482000.0,2.728,705581000.0,31821000.0,11408000.0,18900000.0,7.336,277750000.0
62,WAB,MRQ,2005-12-31,2005-12-31,2005-12-31,2021-07-29,-26925000.0,836357000.0,,482926000.0,353431000.0,,4.001,-6198000.0,141365000.0,141365000.0,200767000.0,16301000.0,2.041,1.206,150000000.0,0.0,150000000.0,150000000.0,0.0,5421000.0,71098000.0,0.001,0.005,28412000.0,33833000.0,0.125,33833000.0,28412000.0,25938000.0,0.17,0.17,0.17,379207000.0,,379207000.0,1333193057.0,14.0,10.931,30820000.0,0.325,1.0,69490000.0,0.257,157310000.0,2474000.0,451111000.0,,110873000.0,0.0,0.0,0.0,457150000.0,236571000.0,220579000.0,1288973057.0,35273000.0,428000.0,10148000.0,-9000.0,-484000.0,9655000.0,-5772000.0,0.0,37018000.0,-5628000.0,16301000.0,16301000.0,16301000.0,1612000.0,0.0,0.06,39481000.0,30009000.0,93551000.0,0.029,3.399,23.11,22.605,161601000.0,0.0,13.45,1.247,1.219,206891000.0,336744000.0,270257000.0,270257000.0,7914000.0,,,,,1722000.0,31248000.0,1.0,95834428.0,94776000,96306000.0,2.852,679047000.0,34266000.0,9637000.0,11808000.0,7.165,246355000.0
63,WAB,MRQ,2005-09-30,2005-09-30,2005-09-30,2021-07-29,-15978000.0,808069000.0,,430552000.0,377517000.0,,3.825,-5012000.0,106092000.0,106092000.0,188701000.0,15076000.0,1.925,1.22,150312000.0,0.0,150312000.0,150312000.0,0.0,6225000.0,39550000.0,0.001,0.005,25611000.0,31836000.0,0.125,31836000.0,25611000.0,23376000.0,0.16,0.155,0.16,363940000.0,,363940000.0,1362255759.0,16.0,12.202,12002000.0,0.126,1.0,66969000.0,0.262,163203000.0,2235000.0,465479000.0,,125468000.0,0.0,0.0,0.0,444129000.0,223607000.0,220522000.0,1298781759.0,19240000.0,61000.0,3156000.0,-13000.0,-484000.0,2659000.0,-4951000.0,0.0,17014000.0,4518000.0,15076000.0,15076000.0,15076000.0,420000.0,0.0,0.059,39704000.0,27265000.0,108952000.0,0.031,3.569,26.657,26.231,163156000.0,0.0,13.64,1.314,1.313,173352000.0,320927000.0,255670000.0,255670000.0,7995000.0,,,,,955000.0,30813000.0,1.0,95218604.0,95148000,96622000.0,2.687,644866000.0,49670000.0,8300000.0,31308000.0,6.778,206945000.0
64,WAB,MRQ,2005-06-30,2005-06-30,2005-06-30,2021-07-29,-19150000.0,783042000.0,,407202000.0,375840000.0,,3.667,-5456000.0,86852000.0,86852000.0,200122000.0,15151000.0,1.893,1.279,150326000.0,0.0,150326000.0,150326000.0,0.0,6656000.0,32399000.0,0.002,0.005,25827000.0,32483000.0,0.122,32483000.0,25827000.0,23662000.0,0.16,0.16,0.16,343645000.0,,343645000.0,1088500383.0,16.0,11.249,12524000.0,0.134,1.0,66175000.0,0.249,164272000.0,2165000.0,467149000.0,,117756000.0,10058000.0,10058000.0,0.0,439397000.0,215095000.0,224302000.0,1006241383.0,18702000.0,-826000.0,11471000.0,-107000.0,-466000.0,10915000.0,-6282000.0,0.0,17980000.0,-3911000.0,15151000.0,15151000.0,15151000.0,-218000.0,0.0,0.057,39879000.0,26296000.0,112258000.0,0.031,2.928,23.361,23.097,162012000.0,0.0,10.74,1.076,1.076,168050000.0,306335000.0,266297000.0,266297000.0,8183000.0,,,,,474000.0,30623000.0,1.0,93691004.0,93724000,95088000.0,2.841,618770000.0,49665000.0,8511000.0,26077000.0,6.602,192107000.0
65,WAB,MRQ,2005-03-31,2005-03-31,2005-03-31,2021-07-29,-12644000.0,746111000.0,,363709000.0,382402000.0,,3.495,-5021000.0,68150000.0,68150000.0,184788000.0,9248000.0,1.827,1.307,150409000.0,0.0,150409000.0,150409000.0,0.0,6696000.0,26183000.0,0.002,0.005,17115000.0,23811000.0,0.098,23811000.0,17115000.0,14631000.0,0.1,0.1,0.1,323370000.0,,323370000.0,998049259.0,16.0,11.363,7288000.0,0.079,1.0,57012000.0,0.236,167067000.0,2484000.0,462249000.0,,108268000.0,0.0,0.0,0.0,422741000.0,199054000.0,223687000.0,942712259.0,-27107000.0,-35579000.0,5029000.0,0.0,-466000.0,4546000.0,-40602000.0,0.0,12309000.0,-3360000.0,9248000.0,9248000.0,9248000.0,95000.0,0.0,0.038,38653000.0,18359000.0,111286000.0,0.05,2.915,25.557,25.296,164699000.0,0.0,10.245,1.077,1.083,160025000.0,291650000.0,241800000.0,241800000.0,8670000.0,,,,,151000.0,29012000.0,1.0,92016814.0,92518000,93970000.0,2.614,579044000.0,49991000.0,5383000.0,19851000.0,6.259,164655000.0
66,WAB,MRQ,2004-12-31,2004-12-31,2004-12-31,2021-07-29,-9777000.0,713396000.0,,359573000.0,353823000.0,,3.438,-6088000.0,95257000.0,95257000.0,169299000.0,9247000.0,1.988,1.283,150594000.0,0.0,150594000.0,150594000.0,0.0,7087000.0,27693000.0,0.002,0.005,16427000.0,23514000.0,0.105,23514000.0,16427000.0,14361000.0,0.1,0.1,0.1,312426000.0,,312426000.0,1073715237.0,20.0,13.281,22169000.0,0.244,1.0,55089000.0,0.246,153346000.0,2066000.0,434515000.0,,96992000.0,0.0,0.0,0.0,400970000.0,180872000.0,220098000.0,980899237.0,-2039000.0,0.0,9277000.0,-40004000.0,-460000.0,-31187000.0,-6088000.0,0.0,28257000.0,6979000.0,9247000.0,9247000.0,9247000.0,-349000.0,0.0,0.041,38866000.0,16223000.0,92189000.0,0.05,3.14,30.233,29.611,150961000.0,0.0,10.66,1.193,1.167,139843000.0,282868000.0,224388000.0,224388000.0,8345000.0,,,,,1434000.0,29477000.0,1.0,92016814.0,90880000,92834000.0,2.469,560050000.0,51598000.0,5114000.0,17822000.0,6.163,178701000.0
67,WAB,MRQ,2004-09-30,2004-09-30,2004-09-30,2021-07-29,-17918000.0,693020000.0,,369880000.0,323140000.0,,3.144,-4239000.0,97296000.0,97296000.0,152990000.0,9428000.0,2.234,1.422,190112000.0,0.0,190112000.0,190112000.0,0.0,6663000.0,23377000.0,0.002,0.005,10296000.0,16959000.0,0.084,16959000.0,10296000.0,7160000.0,0.105,0.1,0.105,286150000.0,,286150000.0,946467258.0,19.0,12.342,-475000.0,-0.005,1.0,49904000.0,0.246,145733000.0,3136000.0,474553000.0,,97645000.0,0.0,0.0,0.0,406870000.0,165550000.0,241320000.0,851097258.0,2467000.0,0.0,3997000.0,-88000.0,-454000.0,3455000.0,-4239000.0,0.0,3764000.0,-513000.0,9428000.0,9428000.0,9428000.0,0.0,0.0,0.046,40266000.0,9638000.0,89115000.0,0.048,2.974,29.258,28.754,150870000.0,0.0,9.345,1.059,1.058,136154000.0,274081000.0,202894000.0,202894000.0,8381000.0,,,,,0.0,31114000.0,1.0,91075148.0,91006000,92552000.0,2.229,547287000.0,36493000.0,-2268000.0,6335000.0,6.014,204330000.0
68,WAB,MRQ,2004-06-30,2004-06-30,2004-06-30,2021-07-29,-21748000.0,681136000.0,,350829000.0,330307000.0,,3.0,-3268000.0,94829000.0,94829000.0,153855000.0,8963000.0,2.215,1.534,190199000.0,0.0,190199000.0,190199000.0,0.0,6109000.0,21258000.0,0.002,0.005,17438000.0,23547000.0,0.114,23547000.0,17438000.0,14115000.0,0.1,0.1,0.1,268807000.0,,268807000.0,939009625.0,18.0,12.095,26938000.0,0.301,1.0,52653000.0,0.255,146312000.0,3323000.0,471804000.0,,94378000.0,0.0,0.0,0.0,412329000.0,158390000.0,253939000.0,806863625.0,36764000.0,0.0,8807000.0,-23000.0,-448000.0,8346000.0,-3268000.0,0.0,30206000.0,1480000.0,8963000.0,8963000.0,8963000.0,0.0,0.0,0.043,34592000.0,18061000.0,81293000.0,0.05,3.002,31.937,31.649,151410000.0,0.0,9.02,1.05,1.052,130332000.0,265107000.0,206508000.0,206508000.0,8257000.0,,,,,0.0,25590000.0,1.0,89452730.0,89594000,91052000.0,2.305,534824000.0,41802000.0,5152000.0,11463000.0,5.969,192439000.0
69,WAB,MRQ,2004-03-31,2004-03-31,2004-03-31,2021-07-29,-21276000.0,654037000.0,,321518000.0,332519000.0,,2.821,-4213000.0,58065000.0,58065000.0,140710000.0,4807000.0,2.188,1.596,190211000.0,0.0,190211000.0,190211000.0,0.0,6253000.0,17945000.0,0.003,0.005,10573000.0,16826000.0,0.089,16826000.0,10573000.0,7570000.0,0.055,0.055,0.055,251957000.0,,251957000.0,759449699.0,17.0,10.615,-12960000.0,-0.145,1.0,47518000.0,0.252,146652000.0,3003000.0,492561000.0,,98085000.0,0.0,0.0,0.0,402080000.0,146970000.0,255110000.0,636354699.0,-12263000.0,0.0,693000.0,0.0,-449000.0,234000.0,-4213000.0,0.0,-8747000.0,463000.0,4807000.0,4807000.0,4807000.0,0.0,0.0,0.026,36035000.0,11483000.0,79591000.0,0.091,2.526,29.154,28.48,153186000.0,0.0,7.12,0.864,0.863,130094000.0,256592000.0,188228000.0,188228000.0,8812000.0,,,,,0.0,26440000.0,1.0,89375660.0,89322000,90672000.0,2.107,507385000.0,42281000.0,2763000.0,10879000.0,5.68,174548000.0
70,WAB,MRQ,2003-12-31,2003-12-31,2003-12-31,2021-07-29,-19889000.0,656305000.0,,322092000.0,334213000.0,,2.84,-2778000.0,70328000.0,70328000.0,153169000.0,5891000.0,2.108,1.643,193423000.0,0.0,193423000.0,193423000.0,0.0,6947000.0,16818000.0,0.002,0.005,12405000.0,19352000.0,0.094,19352000.0,12405000.0,9090000.0,0.065,0.07,0.065,248293000.0,,248293000.0,910982482.0,20.0,12.671,31372000.0,0.359,1.0,53187000.0,0.258,147226000.0,3315000.0,479394000.0,,91809000.0,0.0,0.0,0.0,408012000.0,152780000.0,255232000.0,747154482.0,43936000.0,0.0,13194000.0,-5249000.0,-436000.0,12753000.0,-2778000.0,0.0,34150000.0,-189000.0,5891000.0,5891000.0,5891000.0,-325000.0,0.0,0.029,39357000.0,13830000.0,79747000.0,0.077,3.009,32.91,32.769,153839000.0,0.0,8.52,1.041,1.033,129074000.0,252234000.0,206356000.0,206356000.0,8669000.0,,,,,0.0,29508000.0,1.0,87694188.0,87424000,88914000.0,2.36,509079000.0,43772000.0,3199000.0,11757000.0,5.823,169312000.0
71,WAB,MRQ,2003-09-30,2003-09-30,2003-09-30,2021-07-29,-22788000.0,635493000.0,,288497000.0,346996000.0,,2.603,-4280000.0,26392000.0,26392000.0,123764000.0,5603000.0,1.852,1.803,190220000.0,0.0,190220000.0,190220000.0,0.0,6488000.0,19071000.0,0.003,0.005,11426000.0,17914000.0,0.107,17914000.0,11426000.0,8793000.0,0.065,0.065,0.065,226745000.0,,226745000.0,863039893.0,19.0,12.528,6063000.0,0.07,1.0,43425000.0,0.26,148323000.0,2633000.0,495183000.0,,100358000.0,0.0,0.0,0.0,408748000.0,155815000.0,252933000.0,689941893.0,17687000.0,0.0,2110000.0,13000000.0,-438000.0,10087000.0,-4299000.0,0.0,10343000.0,1556000.0,5603000.0,5603000.0,5603000.0,-53000.0,0.0,0.034,32927000.0,10498000.0,77887000.0,0.077,3.043,31.273,31.078,148501000.0,0.0,7.925,1.001,1.002,132437000.0,246779000.0,167189000.0,167189000.0,7746000.0,,,,,0.0,24097000.0,1.0,87058914.0,87106000,88350000.0,1.919,487170000.0,0.0,3190000.0,6667000.0,5.593,132682000.0
72,WAB,MRQ,2003-06-30,2003-06-30,2003-06-30,2021-07-29,-22807000.0,610174000.0,,264489000.0,345685000.0,,2.524,-2560000.0,8705000.0,8705000.0,127294000.0,5526000.0,1.809,1.78,181803000.0,809000.0,180994000.0,181803000.0,0.0,6132000.0,17025000.0,0.003,0.005,11318000.0,17450000.0,0.1,17450000.0,11318000.0,8727000.0,0.065,0.065,0.065,219451000.0,,219451000.0,784322797.0,18.0,11.512,9956000.0,0.114,1.0,47562000.0,0.272,149062000.0,2591000.0,487964000.0,,93467000.0,0.0,0.0,0.0,390723000.0,146246000.0,244477000.0,604905797.0,-4143000.0,0.0,343000.0,-10000000.0,-442000.0,-10568000.0,-2606000.0,0.0,12516000.0,-3485000.0,5526000.0,5526000.0,5526000.0,44000.0,0.0,0.032,34210000.0,13352000.0,72218000.0,0.077,2.756,29.727,29.596,149465000.0,0.0,6.955,0.885,0.885,131669000.0,241614000.0,174856000.0,174856000.0,8246000.0,,,,,0.0,24919000.0,1.0,86974234.0,86956000,87580000.0,2.011,461112000.0,0.0,3201000.0,3205000.0,5.303,118243000.0
73,WAB,MRQ,2003-03-31,2003-03-31,2003-03-31,2021-07-29,-28218000.0,609649000.0,,265614000.0,344035000.0,,2.4,-2804000.0,12848000.0,12848000.0,124247000.0,5683000.0,1.803,1.922,192265000.0,839000.0,191426000.0,192265000.0,0.0,5717000.0,12997000.0,0.003,0.005,11462000.0,17179000.0,0.101,17179000.0,11462000.0,8883000.0,0.065,0.065,0.065,208613000.0,,208613000.0,680515234.0,15.0,9.708,-3909000.0,-0.045,1.0,45276000.0,0.267,150131000.0,2579000.0,491602000.0,,91752000.0,0.0,0.0,0.0,401036000.0,147333000.0,253703000.0,504574234.0,-6362000.0,0.0,229000.0,-2700000.0,-435000.0,-3096000.0,-2866000.0,0.0,-1105000.0,705000.0,5683000.0,5683000.0,5683000.0,-117000.0,0.0,0.034,33142000.0,12134000.0,71900000.0,0.077,2.419,25.686,25.8,148505000.0,0.0,5.805,0.733,0.733,130088000.0,236530000.0,169523000.0,169523000.0,8268000.0,,,,,0.0,23874000.0,1.0,86920626.0,86906000,87198000.0,1.951,459518000.0,0.0,3200000.0,5240000.0,5.288,118281000.0
74,WAB,MRQ,2002-12-31,2002-12-31,2002-12-31,2021-07-29,-32092000.0,588865000.0,,245223000.0,343642000.0,,2.298,-2022000.0,19210000.0,19210000.0,131589000.0,5250000.0,1.813,1.955,195151000.0,833000.0,194318000.0,195151000.0,0.0,6246000.0,10827000.0,0.003,0.005,10098000.0,16344000.0,0.092,16344000.0,10098000.0,6795000.0,0.06,0.06,0.06,199262000.0,,199262000.0,803473408.0,-43.0,118.804,12414000.0,0.143,1.0,46051000.0,0.259,150974000.0,3303000.0,478569000.0,,88470000.0,0.0,0.0,0.0,389603000.0,135263000.0,254340000.0,609909408.0,1170000.0,0.0,683000.0,-191941000.0,-458000.0,-15395000.0,-2068000.0,0.0,14436000.0,4197000.0,5250000.0,5250000.0,5250000.0,-174000.0,0.0,0.03,34258000.0,11793000.0,62104000.0,0.083,3.061,-13.411,-13.371,148592000.0,0.0,7.02,0.876,0.873,108019000.0,231282000.0,177640000.0,177640000.0,8479000.0,,,,,0.0,24703000.0,1.0,86881682.0,86726000,87414000.0,2.048,437891000.0,49725000.0,1545000.0,12699000.0,5.049,109960000.0
75,WAB,MRQ,2002-09-30,2002-09-30,2002-09-30,2021-07-29,-28788000.0,605435000.0,,248311000.0,357124000.0,,2.273,-3115000.0,18040000.0,18040000.0,118138000.0,3890000.0,1.708,2.072,211604000.0,819000.0,210785000.0,211604000.0,0.0,6254000.0,9272000.0,0.003,0.005,10901000.0,17155000.0,0.106,17155000.0,10901000.0,5958000.0,0.045,0.045,0.045,197091000.0,,197091000.0,813211334.0,67.0,20.794,8003000.0,0.092,1.0,43284000.0,0.268,151036000.0,4943000.0,502580000.0,,97128000.0,0.0,0.0,0.0,408344000.0,145383000.0,262961000.0,610555334.0,-20188000.0,0.0,893000.0,147047000.0,-353000.0,-28734000.0,-3132000.0,0.0,11118000.0,560000.0,3890000.0,3890000.0,3890000.0,-48000.0,0.0,0.024,32114000.0,11170000.0,64503000.0,0.111,3.098,-44.687,-44.0,159269000.0,0.0,7.04,0.864,0.864,103772000.0,226490000.0,161422000.0,161422000.0,8532000.0,,,,,0.0,22170000.0,1.0,86726610.0,86722000,87230000.0,1.861,454399000.0,0.0,2068000.0,15701000.0,5.24,102928000.0
76,WAB,MRQ,2002-06-30,2002-06-30,2002-06-30,2021-07-29,-25966000.0,705228000.0,,277857000.0,427371000.0,,2.968,-2753000.0,38228000.0,38228000.0,134452000.0,4821000.0,1.81,1.743,240884000.0,807000.0,240077000.0,240884000.0,0.0,6455000.0,11322000.0,0.003,0.005,12965000.0,19420000.0,0.108,19420000.0,12965000.0,7386000.0,0.055,0.055,0.055,257146000.0,,257146000.0,831130858.0,57.0,18.867,11229000.0,0.13,1.0,45356000.0,0.252,241689000.0,5579000.0,512697000.0,,100269000.0,0.0,0.0,0.0,448082000.0,153498000.0,294584000.0,617189858.0,10684000.0,0.0,589000.0,-636000.0,-576000.0,-623000.0,-2785000.0,0.0,13982000.0,110000.0,4821000.0,4821000.0,4821000.0,-57000.0,0.0,0.027,32056000.0,13300000.0,74620000.0,0.091,2.4,-55.304,-54.808,164410000.0,0.0,7.125,0.844,0.844,107982000.0,284616000.0,179808000.0,179808000.0,8476000.0,,,,,0.0,22231000.0,1.0,86623138.0,86642000,87468000.0,2.075,463539000.0,0.0,2565000.0,14781000.0,5.35,124359000.0
77,WAB,MRQ,2002-03-31,2002-03-31,2002-03-31,2021-07-29,-29149000.0,696440000.0,,268052000.0,428388000.0,,2.884,-2574000.0,27544000.0,27544000.0,132545000.0,-59439000.0,1.758,1.795,241485000.0,788000.0,240697000.0,241485000.0,0.0,6558000.0,11393000.0,0.003,0.005,-52714000.0,-46156000.0,-0.26,-46156000.0,-52714000.0,-58024000.0,-0.69,-0.685,-0.69,249130000.0,,249130000.0,1101288681.0,52.0,20.897,-26452000.0,-0.306,1.0,44780000.0,0.253,242686000.0,5310000.0,515246000.0,,105306000.0,0.0,0.0,0.0,447310000.0,152449000.0,294861000.0,646337681.0,-26405000.0,-254000.0,1530000.0,-411000.0,-421000.0,698000.0,-2832000.0,0.0,-23878000.0,-393000.0,-59439000.0,-59439000.0,-59439000.0,405000.0,0.0,-0.335,34313000.0,10467000.0,73880000.0,-0.007,2.594,-80.601,-83.278,164916000.0,0.0,7.495,0.867,0.868,104480000.0,280372000.0,177325000.0,177325000.0,8105000.0,,,,,0.0,24723000.0,1.0,86235848.0,86396000,87024000.0,2.052,453754000.0,0.0,1415000.0,14958000.0,5.252,115603000.0
78,WAB,MRQ,2001-12-31,2001-12-31,2001-12-31,2021-07-29,-29675000.0,729952000.0,,295694000.0,434258000.0,,2.85,-2963000.0,53949000.0,53949000.0,141268000.0,37065000.0,1.588,1.976,241870000.0,782000.0,241088000.0,241870000.0,0.0,7777000.0,10314000.0,0.003,0.005,40912000.0,48689000.0,0.258,48689000.0,40912000.0,34747000.0,0.43,0.425,0.43,245271000.0,,245271000.0,985301465.0,10.0,7.419,29208000.0,0.339,1.0,47154000.0,0.25,243136000.0,6165000.0,488516000.0,,104930000.0,0.0,0.0,0.0,484681000.0,186221000.0,298460000.0,530350465.0,53888000.0,237913000.0,569000.0,-213146000.0,-423000.0,-213000000.0,235343000.0,0.0,32171000.0,-626000.0,37065000.0,37065000.0,37065000.0,-41367000.0,0.0,0.197,47095000.0,59000.0,75150000.0,0.012,2.162,8.585,8.542,167695000.0,0.0,6.15,0.677,0.674,106527000.0,278569000.0,188422000.0,188422000.0,8011000.0,,,,,0.0,26459000.0,1.0,86235848.0,86054000,86354000.0,2.19,486816000.0,26820000.0,-2318000.0,52806000.0,5.657,109473000.0
79,WAB,MRQ,2001-09-30,2001-09-30,2001-09-30,2021-07-29,-22849000.0,897204000.0,,389527000.0,507677000.0,,2.499,-4206000.0,61000.0,61000.0,138072000.0,6393000.0,2.203,3.175,455012000.0,775000.0,454237000.0,455012000.0,0.0,8704000.0,14783000.0,0.004,0.005,13394000.0,22098000.0,0.119,22098000.0,13394000.0,5397000.0,0.075,0.075,0.075,214886000.0,,214886000.0,933612572.0,13.0,9.506,7670000.0,0.089,1.0,47782000.0,0.257,263609000.0,7997000.0,911709000.0,,186617000.0,0.0,0.0,0.0,682318000.0,176837000.0,505481000.0,469317572.0,-7317000.0,0.0,1655000.0,-16663000.0,-419000.0,-15427000.0,-4320000.0,0.0,11876000.0,554000.0,6393000.0,6393000.0,6393000.0,-2576000.0,0.0,0.034,36850000.0,10932000.0,77048000.0,0.067,2.184,16.07,15.797,202102000.0,0.0,5.45,0.73,0.729,178691000.0,241927000.0,185854000.0,185854000.0,8321000.0,,,,,0.0,23744000.0,1.0,86113316.0,85998000,86608000.0,2.161,633595000.0,0.0,-996000.0,15745000.0,7.368,212690000.0
80,WAB,MRQ,2001-06-30,2001-06-30,2001-06-30,2021-07-29,-19555000.0,905822000.0,,387354000.0,518468000.0,,2.452,-3200000.0,7378000.0,7378000.0,140540000.0,7962000.0,2.261,3.302,471673000.0,761000.0,470912000.0,471673000.0,0.0,8319000.0,19749000.0,0.003,0.005,19751000.0,28070000.0,0.145,28070000.0,19751000.0,11201000.0,0.095,0.09,0.095,210554000.0,,210554000.0,1143804700.0,16.0,11.397,32285000.0,0.376,1.0,53577000.0,0.276,266779000.0,8550000.0,932012000.0,,189844000.0,0.0,0.0,0.0,695268000.0,171326000.0,523942000.0,643841700.0,-572000.0,2877000.0,-20000.0,-36253000.0,-419000.0,-36692000.0,878000.0,0.0,35485000.0,-243000.0,7962000.0,7962000.0,7962000.0,-1583000.0,0.0,0.041,35003000.0,18574000.0,74938000.0,0.053,3.058,33.389,32.609,205779000.0,0.0,7.5,0.904,0.904,173197000.0,235956000.0,194117000.0,194117000.0,8316000.0,,,,,0.0,22288000.0,1.0,85845560.0,85874000,86424000.0,2.26,639043000.0,0.0,3239000.0,12794000.0,7.442,216028000.0
81,WAB,MRQ,2001-03-31,2001-03-31,2001-03-31,2021-07-29,-22451000.0,956074000.0,,425355000.0,530719000.0,,2.332,-4432000.0,7950000.0,7950000.0,153892000.0,10361000.0,2.159,3.779,507913000.0,753000.0,507160000.0,507913000.0,0.0,8261000.0,29034000.0,0.003,0.005,25689000.0,33950000.0,0.158,33950000.0,25689000.0,14900000.0,0.12,0.12,0.12,200050000.0,,200050000.0,1079245306.0,14.0,10.171,35133000.0,0.41,1.0,61413000.0,0.285,268307000.0,10789000.0,990728000.0,,195307000.0,0.0,0.0,0.0,756024000.0,197002000.0,559022000.0,545119306.0,1879000.0,500000.0,570000.0,-32218000.0,-420000.0,-32068000.0,-4488000.0,0.0,39565000.0,-1130000.0,10361000.0,10361000.0,10361000.0,-2292000.0,0.0,0.048,36920000.0,24493000.0,80594000.0,0.042,2.725,28.18,28.222,210504000.0,0.0,6.35,0.71,0.709,207626000.0,228410000.0,215305000.0,215305000.0,8508000.0,,,,,0.0,24232000.0,1.0,85845560.0,85768000,86288000.0,2.51,687767000.0,0.0,4539000.0,12634000.0,8.019,228353000.0
82,WAB,MRQ,2000-12-31,2000-12-31,2000-12-31,2021-07-29,-15482000.0,984047000.0,,447555000.0,536492000.0,,2.272,-12998000.0,6071000.0,6071000.0,23669000.0,4489000.0,2.347,4.011,540197000.0,751000.0,539446000.0,540197000.0,0.0,762000.0,25125000.0,0.003,0.005,13338000.0,14100000.0,0.294,14100000.0,13338000.0,3532000.0,0.055,0.055,0.055,196371000.0,,196371000.0,1065202226.0,12.0,8.864,21344000.0,0.247,1.0,24323000.0,0.507,265394000.0,9806000.0,1062123000.0,,202828000.0,0.0,0.0,0.0,787676000.0,190656000.0,597020000.0,503725226.0,-5046000.0,0.0,-1485000.0,-32397000.0,-418000.0,-34300000.0,-8502000.0,0.0,34342000.0,3414000.0,4489000.0,4489000.0,4489000.0,-6193000.0,0.0,0.094,17440000.0,6883000.0,86316000.0,0.091,2.565,19.837,19.915,214645000.0,0.0,5.875,0.621,0.627,218277000.0,218470000.0,47992000.0,47992000.0,8197000.0,,,,,0.0,8667000.0,1.0,85740464.0,86432000,86458000.0,0.555,718653000.0,30256000.0,-957000.0,25868000.0,8.315,256899000.0
83,WAB,MRQ,2000-09-30,2000-09-30,2000-09-30,2021-07-29,-18950000.0,1006931000.0,,471806000.0,535125000.0,,2.178,-5834000.0,11117000.0,11117000.0,187587000.0,-3529000.0,2.457,4.324,572594000.0,741000.0,571853000.0,572594000.0,0.0,10027000.0,23109000.0,0.004,0.005,14214000.0,24241000.0,0.095,24241000.0,14214000.0,2402000.0,-0.04,-0.04,-0.04,189139000.0,,189139000.0,1075362361.0,23.0,13.515,-1238000.0,-0.014,1.0,67576000.0,0.265,268162000.0,11812000.0,1108196000.0,,218096000.0,0.0,0.0,0.0,817792000.0,192050000.0,625742000.0,521024361.0,4244000.0,-650000.0,-5612000.0,11383000.0,-425000.0,5346000.0,-6484000.0,0.0,4596000.0,786000.0,-3529000.0,-3529000.0,-3529000.0,0.0,0.0,-0.014,51743000.0,15833000.0,88001000.0,-0.125,2.755,-208.243,-167.667,214250000.0,0.0,5.03,0.69,0.578,233708000.0,214396000.0,255163000.0,255163000.0,7813000.0,,,,,0.0,28894000.0,1.0,103583372.0,86830000,86878000.0,2.939,738769000.0,0.0,5931000.0,6947000.0,8.508,279756000.0
84,WAB,MRQ,2000-06-30,2000-06-30,2000-06-30,2021-07-29,-18861000.0,998083000.0,,455321000.0,542762000.0,,2.284,-5089000.0,6873000.0,6873000.0,181894000.0,8023000.0,2.453,4.029,561211000.0,749000.0,560462000.0,561211000.0,0.0,10424000.0,27994000.0,0.004,0.005,23398000.0,33822000.0,0.136,33822000.0,23398000.0,12537000.0,0.09,0.09,0.09,198457000.0,,198457000.0,1086066895.0,15.0,10.279,-2648000.0,-0.03,1.0,67270000.0,0.27,270840000.0,10861000.0,1095942000.0,,222779000.0,0.0,0.0,0.0,799626000.0,185639000.0,613987000.0,537191895.0,-7858000.0,1000000.0,204000.0,-2395000.0,-425000.0,-2616000.0,-4089000.0,0.0,2441000.0,-3594000.0,8023000.0,8023000.0,8023000.0,0.0,0.0,0.032,44934000.0,22336000.0,83967000.0,0.056,2.707,28.516,24.14,217776000.0,0.0,5.19,0.706,0.593,212615000.0,218353000.0,249164000.0,249164000.0,8051000.0,,,,,0.0,27715000.0,1.0,103505182.0,86908000,87020000.0,2.867,727243000.0,0.0,4514000.0,7273000.0,8.368,269682000.0
85,WAB,MRQ,2000-03-31,2000-03-31,2000-03-31,2021-07-29,-13694000.0,1008175000.0,,455453000.0,552722000.0,,2.256,-6910000.0,14731000.0,14731000.0,182366000.0,16410000.0,2.325,4.164,563606000.0,749000.0,562857000.0,563606000.0,0.0,11203000.0,31016000.0,0.004,0.005,36810000.0,48013000.0,0.185,48013000.0,36810000.0,25640000.0,0.19,0.19,0.19,195222000.0,,195222000.0,1111559566.0,12.0,8.681,11925000.0,0.138,1.0,76493000.0,0.296,274123000.0,11170000.0,1087071000.0,,222700000.0,0.0,0.0,0.0,812953000.0,195856000.0,617097000.0,550028566.0,7675000.0,4500000.0,-1031000.0,-4981000.0,-427000.0,-6439000.0,-2410000.0,0.0,18835000.0,-2311000.0,16410000.0,16410000.0,16410000.0,0.0,0.0,0.063,43754000.0,32739000.0,82414000.0,0.026,2.817,16.55,13.792,221023000.0,0.0,5.31,0.684,0.571,206094000.0,210755000.0,258859000.0,258859000.0,8236000.0,,,,,0.0,29481000.0,1.0,103583534.0,86518000,86700000.0,2.992,734052000.0,0.0,9230000.0,10225000.0,8.484,259597000.0
86,WAB,MRQ,1999-12-31,1999-12-31,1999-12-31,2021-07-29,-11298000.0,996676000.0,,437248000.0,559428000.0,,2.104,1119000.0,7056000.0,7056000.0,-24188000.0,-23406000.0,2.251,4.48,568587000.0,743000.0,567844000.0,568587000.0,0.0,1821000.0,31827000.0,0.002,0.005,-28330000.0,-26509000.0,3.345,-26509000.0,-28330000.0,-36573000.0,-0.27,-0.26,-0.27,181878000.0,,181878000.0,1033881193.0,10.0,7.739,10534000.0,0.122,1.0,16264000.0,-2.052,277047000.0,8243000.0,1086948000.0,,211396000.0,0.0,0.0,0.0,814798000.0,194212000.0,620586000.0,599974193.0,-8366000.0,17770000.0,-9913000.0,3304000.0,-245000.0,-6912000.0,-8861000.0,0.0,9415000.0,-2008000.0,-23406000.0,-23406000.0,-23406000.0,-13439000.0,0.0,2.954,58349000.0,-42085000.0,87388000.0,-0.019,3.299,16.382,20.882,222691000.0,0.0,8.875,0.711,0.91,207444000.0,194772000.0,-7924000.0,-7924000.0,7082000.0,,,,,0.0,5299000.0,1.0,67602726.0,86454000,87052000.0,-0.092,719629000.0,26173000.0,-13167000.0,13209000.0,8.324,243036000.0
87,WAB,MRQ,1999-09-30,1999-09-30,1999-09-30,2021-07-29,-5016000.0,605612000.0,,267029000.0,338583000.0,,0.148,-7477000.0,7487000.0,7487000.0,182321000.0,17811000.0,1.778,46.034,441394000.0,27666000.0,413728000.0,441394000.0,0.0,11098000.0,23070000.0,0.002,0.005,39234000.0,50332000.0,0.193,50332000.0,39234000.0,27961000.0,0.205,0.2,0.205,12876000.0,,12876000.0,1063871574.0,5.0,4.138,15889000.0,0.183,1.0,78560000.0,0.301,192441000.0,11273000.0,696921000.0,,110966000.0,0.0,0.0,0.0,592736000.0,150157000.0,442579000.0,620139574.0,2427000.0,0.0,1569000.0,-17463000.0,-248000.0,-15266000.0,-5691000.0,0.0,23366000.0,18000.0,17811000.0,17811000.0,17811000.0,0.0,0.0,0.068,38840000.0,39720000.0,45260000.0,0.024,48.162,6.009,9.624,132948000.0,0.0,9.095,0.444,0.567,123100000.0,219198000.0,260881000.0,260881000.0,8796000.0,,,,,0.0,26167000.0,1.0,68184670.0,87056000,89224000.0,2.997,413171000.0,0.0,10150000.0,8228000.0,4.746,116872000.0
88,WAB,MRQ,1999-06-30,1999-06-30,1999-06-30,2021-07-29,-5600000.0,606442000.0,,268505000.0,337937000.0,,-0.029,-7737000.0,6487000.0,6487000.0,201626000.0,22420000.0,1.698,-244.16,450219000.0,27659000.0,422560000.0,450219000.0,0.0,9774000.0,18402000.0,0.002,0.005,46430000.0,56204000.0,0.192,56204000.0,46430000.0,35246000.0,0.26,0.25,0.26,-2494000.0,,-2494000.0,1346382085.0,7.0,5.659,17787000.0,0.205,1.0,91018000.0,0.311,194547000.0,11184000.0,697515000.0,,111444000.0,0.0,0.0,0.0,608936000.0,158112000.0,450824000.0,880519085.0,-2802000.0,1342000.0,1063000.0,-21908000.0,-247000.0,-20999000.0,-8176000.0,0.0,25524000.0,849000.0,22420000.0,22420000.0,22420000.0,0.0,0.0,0.077,44603000.0,46415000.0,53259000.0,0.019,-353.055,9.149,13.581,130485000.0,0.0,12.97,0.679,0.867,127964000.0,206928000.0,292644000.0,292644000.0,9629000.0,,,,,0.0,31538000.0,1.0,67888904.0,86678000,89364000.0,3.376,411895000.0,0.0,12826000.0,9377000.0,4.752,110393000.0
89,WAB,MRQ,1999-03-31,1999-03-31,1999-03-31,2021-07-29,-7353000.0,609460000.0,,271824000.0,337636000.0,,-0.224,-10302000.0,4627000.0,4627000.0,209410000.0,19798000.0,1.803,-32.477,470490000.0,20264000.0,450226000.0,470490000.0,0.0,10599000.0,17310000.0,0.002,0.005,42966000.0,53565000.0,0.179,53565000.0,42966000.0,31676000.0,0.23,0.225,0.23,-19362000.0,,-19362000.0,1172885981.0,7.0,5.533,8782000.0,0.102,1.0,89068000.0,0.298,196535000.0,11290000.0,728026000.0,,107703000.0,0.0,0.0,0.0,628822000.0,150762000.0,478060000.0,708391981.0,6814000.0,-33584000.0,1562000.0,31039000.0,-246000.0,31444000.0,-43643000.0,0.0,19084000.0,-71000.0,19798000.0,19798000.0,19798000.0,0.0,0.0,0.066,45366000.0,43702000.0,51347000.0,0.022,-36.587,8.556,11.931,128066000.0,0.0,10.44,0.602,0.766,137921000.0,193965000.0,298478000.0,298478000.0,8907000.0,,,,,0.0,33078000.0,1.0,67853638.0,86364000,88704000.0,3.456,412925000.0,0.0,11878000.0,10039000.0,4.781,121062000.0
90,WAB,MRQ,1998-12-31,1998-12-31,1998-12-31,2021-07-29,-13155000.0,967382000.0,,435084000.0,532298000.0,,1.685,-35505000.0,8983000.0,8983000.0,401939000.0,43177000.0,1.78,5.714,573615000.0,41128000.0,532487000.0,573615000.0,0.0,17321000.0,21600000.0,0.002,0.005,79646000.0,96967000.0,0.178,96967000.0,79646000.0,64819000.0,0.25,0.24,0.25,144076000.0,,144076000.0,1197851581.0,8.0,6.315,2657000.0,0.031,1.0,143524000.0,0.263,261272000.0,14827000.0,1026257000.0,,196553000.0,0.0,0.0,0.0,823306000.0,244485000.0,578821000.0,827926581.0,-17747000.0,-160885000.0,1278000.0,144387000.0,-246000.0,146794000.0,-202148000.0,0.0,38162000.0,-555000.0,43177000.0,43177000.0,43177000.0,0.0,0.0,0.079,74515000.0,69009000.0,97267000.0,0.02,5.746,11.211,14.209,219238000.0,0.0,12.22,0.799,1.008,216935000.0,159135000.0,545463000.0,545463000.0,11183000.0,,,,,0.0,57750000.0,1.0,67751766.0,85500000,88282000.0,6.38,706110000.0,19771000.0,21642000.0,12374000.0,8.259,190599000.0
91,WAB,MRQ,1998-09-30,1998-09-30,1998-09-30,2021-07-29,-6834000.0,476542000.0,,227834000.0,248708000.0,,-0.893,-7928000.0,9833000.0,9833000.0,109142000.0,10846000.0,1.747,-11.591,379758000.0,15000000.0,364758000.0,379758000.0,0.0,6295000.0,20275000.0,0.002,0.005,24879000.0,31174000.0,0.194,31174000.0,24879000.0,17493000.0,0.215,0.21,0.215,-44994000.0,,-44994000.0,1039542026.0,8.0,6.153,6695000.0,0.133,1.0,51334000.0,0.32,118479000.0,7386000.0,597592000.0,,88371000.0,0.0,0.0,0.0,521536000.0,130396000.0,391140000.0,668398026.0,4738000.0,-5200000.0,447000.0,2482000.0,-245000.0,2684000.0,-13128000.0,0.0,14623000.0,559000.0,10846000.0,10846000.0,10846000.0,0.0,0.0,0.068,26153000.0,25181000.0,48745000.0,0.023,-14.855,11.054,13.345,119450000.0,0.0,9.875,0.708,0.527,110880000.0,171557000.0,160476000.0,160476000.0,6999000.0,,,,,0.0,17460000.0,1.0,67685876.0,50394000,51392000.0,3.184,358063000.0,0.0,6647000.0,6439000.0,7.105,97438000.0
92,WAB,MRQ,1998-06-30,1998-06-30,1998-06-30,2021-07-29,-6038000.0,457439000.0,,215259000.0,242180000.0,,-1.127,-9076000.0,5095000.0,5095000.0,117005000.0,8970000.0,1.716,-9.083,376239000.0,15000000.0,361239000.0,376239000.0,0.0,6615000.0,18946000.0,0.002,0.005,23666000.0,30281000.0,0.176,30281000.0,23666000.0,16141000.0,0.18,0.17,0.18,-56591000.0,,-56591000.0,1248069598.0,10.0,7.519,-917000.0,-0.018,1.0,55047000.0,0.32,115252000.0,7525000.0,587898000.0,,84872000.0,0.0,0.0,0.0,514030000.0,125433000.0,388597000.0,887515598.0,703000.0,-10214000.0,1103000.0,11320000.0,-245000.0,12178000.0,-19290000.0,0.0,8159000.0,-344000.0,8970000.0,8970000.0,8970000.0,0.0,0.0,0.052,28963000.0,26084000.0,44372000.0,0.028,-15.683,15.182,18.617,116141000.0,0.0,13.125,0.958,0.711,107444000.0,160956000.0,172052000.0,172052000.0,7016000.0,,,,,0.0,19873000.0,1.0,67620236.0,50192000,51674000.0,3.428,342187000.0,0.0,7171000.0,3983000.0,6.818,89826000.0
93,WAB,MRQ,1998-03-31,1998-03-31,1998-03-31,2021-07-29,-4860000.0,434339000.0,,200341000.0,233998000.0,,-1.337,-5329000.0,4392000.0,4392000.0,106340000.0,10858000.0,1.415,-7.509,364946000.0,32600000.0,332346000.0,364946000.0,0.0,6384000.0,19477000.0,0.001,0.005,24886000.0,31270000.0,0.198,31270000.0,24886000.0,17513000.0,0.215,0.21,0.215,-66731000.0,,-66731000.0,1358371900.0,10.0,8.256,7138000.0,0.143,1.0,51796000.0,0.328,111602000.0,7373000.0,541691000.0,,73874000.0,0.0,0.0,0.0,501070000.0,141600000.0,359470000.0,994273900.0,3556000.0,-3900000.0,544000.0,-15000.0,-244000.0,285000.0,-9229000.0,0.0,12467000.0,33000.0,10858000.0,10858000.0,10858000.0,0.0,0.0,0.069,27041000.0,24755000.0,43176000.0,0.023,-14.9,16.907,20.629,109990000.0,0.0,14.75,1.115,0.826,102980000.0,152231000.0,158136000.0,158136000.0,6438000.0,,,,,0.0,18498000.0,1.0,67408400.0,49924000,51338000.0,3.168,322737000.0,0.0,6655000.0,5570000.0,6.465,58741000.0
94,WAB,MRQ,1997-12-31,1997-12-31,1997-12-31,2021-07-29,-4946000.0,410879000.0,,180499000.0,230380000.0,,-0.917,-27503000.0,836000.0,836000.0,332598000.0,29794000.0,1.37,-6.184,364934000.0,32600000.0,332334000.0,364934000.0,0.0,16410000.0,21210000.0,0.002,0.005,59803000.0,76213000.0,0.168,76213000.0,59803000.0,47095000.0,0.13,0.12,0.13,-79263000.0,,-79263000.0,,,,27481000.0,0.318,1.0,120438000.0,0.266,109065000.0,12708000.0,534132000.0,,69297000.0,0.0,0.0,0.0,490142000.0,131780000.0,358362000.0,863501604.0,12241000.0,-11278000.0,5530000.0,-1928000.0,-244000.0,-5472000.0,-36810000.0,0.0,54984000.0,-461000.0,29794000.0,29794000.0,29794000.0,0.0,0.0,0.066,63207000.0,57231000.0,37582000.0,0.038,-10.894,15.007,19.263,108367000.0,0.0,12.81,0.992,1.272,91438000.0,141617000.0,453036000.0,453036000.0,6052000.0,,,,,0.0,51695000.0,1.0,67408400.0,86420000,88400000.0,5.242,301814000.0,11169000.0,17301000.0,6049000.0,3.492,48719000.0
95,WAB,MRQ,1997-09-30,1997-09-30,1997-09-30,2021-07-29,,,,,,,,-4996000.0,,,97202000.0,8836000.0,,,,,,,,6033000.0,,0.002,0.005,22186000.0,28219000.0,0.198,28219000.0,22186000.0,14486000.0,0.18,0.175,0.18,,,,,,,10927000.0,0.22,1.0,45559000.0,0.319,,7700000.0,,,,,,,,,,,-2713000.0,-5762000.0,2460000.0,-9283000.0,-242000.0,-7469000.0,-10758000.0,0.0,15923000.0,-409000.0,8836000.0,8836000.0,8836000.0,0.0,0.0,0.062,23523000.0,22036000.0,,0.028,,,,,0.0,11.56,,,,,142761000.0,142761000.0,6019000.0,,,,,0.0,15500000.0,1.0,,49616000,50564000.0,2.877,,,5650000.0,,,
96,WAB,MRQ,1997-06-30,1997-06-30,1997-06-30,2021-07-29,,,,,,,,-7289000.0,,,91163000.0,9320000.0,,,,,,,,5947000.0,,0.002,0.005,22892000.0,28839000.0,0.209,28839000.0,22892000.0,15279000.0,0.19,0.185,0.19,,,,,,,8719000.0,0.177,1.0,46903000.0,0.34,,7613000.0,,,,,,,,,,,-1017000.0,-7730000.0,-2068000.0,-1650000.0,-242000.0,-1539000.0,-15019000.0,0.0,16008000.0,-467000.0,9320000.0,9320000.0,9320000.0,0.0,0.0,0.068,24119000.0,22784000.0,,0.026,,,,,0.0,10.0,,,,,138066000.0,138066000.0,6318000.0,,,,,0.0,15827000.0,1.0,,49340000,49822000.0,2.798,,,5959000.0,,,
97,WAB,MRQ,1997-03-31,1997-03-31,1997-03-31,2021-07-29,,,,,,,,-4409000.0,,,90948000.0,9589000.0,,,,,,,,6201000.0,,0.003,0.005,22590000.0,28791000.0,0.211,28791000.0,22590000.0,15719000.0,0.17,0.17,0.17,,,,,,,12938000.0,0.227,1.0,45560000.0,0.334,,6871000.0,,,,,,,,,,,3368000.0,0.0,-44000000.0,37020000.0,-281000.0,-9278000.0,-4409000.0,0.0,17347000.0,-292000.0,9589000.0,9589000.0,9589000.0,0.0,0.0,0.07,23018000.0,22542000.0,,0.029,,,,,0.0,6.5,,,,,136508000.0,136508000.0,5997000.0,,,,,0.0,14886000.0,1.0,,57104000,57104000.0,2.391,,,6130000.0,,,
98,WAB,MRQ,1996-12-31,1996-12-31,1996-12-31,2021-07-29,-3108000.0,363236000.0,,150169000.0,213067000.0,,-1.338,,618000.0,618000.0,,,1.472,-5.767,341690000.0,29700000.0,311990000.0,341690000.0,0.0,,13330000.0,0.004,0.005,,,,,,,,,,-76195000.0,,-76195000.0,,,,,,1.0,,,104731000.0,,497584000.0,,62355000.0,0.0,0.0,0.0,439431000.0,101993000.0,337438000.0,,,,,,,,,,,,,,,,,,,,23789000.0,,,,10.974,95844000.0,,6.31,,0.792,73507000.0,105363000.0,,,,,,,,,,1.0,,56946000,,,258505000.0,9517000.0,,10049000.0,4.539,48176000.0
0,WAB,MRT,2021-06-30,2021-06-30,2021-06-30,2021-07-29,-375800000.0,18512400000.0,18488625000.0,3808200000.0,14704200000.0,0.418,54.583,-112700000.0,453500000.0,453500000.0,5545300000.0,455200000.0,1.339,0.795,4080200000.0,600000.0,4079600000.0,4080200000.0,0.0,433200000.0,597500000.0,0.006,0.48,805300000.0,1238500000.0,0.16,1238500000.0,805300000.0,618600000.0,2.39,2.38,2.39,10294400000.0,10144425000.0,10294400000.0,19348209229.0,24.0,15.622,957800000.0,5.078,1.0,2186000000.0,0.283,12529200000.0,186700000.0,6765200000.0,6637575000.0,1661200000.0,0.0,0.0,0.0,8184600000.0,2844700000.0,5339900000.0,15554509229.0,-134400000.0,-396900000.0,-103100000.0,-394600000.0,-92000000.0,-708000000.0,-509600000.0,0.0,1070500000.0,12700000.0,453200000.0,453200000.0,453200000.0,0.0,2000000.0,0.059,1423300000.0,762700000.0,994700000.0,0.201,1.511,34.322,34.435,1544300000.0,0.0,82.3,2.012,2.008,1452600000.0,3780100000.0,7731300000.0,7731300000.0,154600000.0,0.025,0.045,0.121,0.104,38000000.0,985400000.0,1.0,188997682.0,188600000,188900000.0,40.993,5983200000.0,0.0,165400000.0,194100000.0,31.724,963500000.0
1,WAB,MRT,2021-03-31,2021-03-31,2021-03-31,2021-07-29,-409000000.0,18543200000.0,18476875000.0,3779000000.0,14764200000.0,0.404,53.815,-118000000.0,483500000.0,483500000.0,5363800000.0,415800000.0,1.193,0.825,4277200000.0,353900000.0,3923300000.0,4277200000.0,0.0,414300000.0,640700000.0,0.006,0.48,758800000.0,1173100000.0,0.157,1173100000.0,758800000.0,565600000.0,2.19,2.18,2.19,10144100000.0,10032225000.0,10144100000.0,18593709181.0,25.0,15.85,1039800000.0,5.516,1.0,2092600000.0,0.281,12552900000.0,193200000.0,6615100000.0,6599975000.0,1671500000.0,0.0,0.0,0.0,8366100000.0,3168900000.0,5197200000.0,14953009181.0,-132400000.0,-396800000.0,-103100000.0,-480000000.0,-92500000.0,-794800000.0,-514800000.0,0.0,1157800000.0,19400000.0,415200000.0,415200000.0,415200000.0,0.0,600000.0,0.056,1373800000.0,718800000.0,955000000.0,0.219,1.474,36.014,36.146,1575500000.0,0.0,79.16,2.005,2.001,1403000000.0,3678300000.0,7456400000.0,7456400000.0,150800000.0,0.022,0.041,0.115,0.102,20400000.0,940100000.0,1.0,188896023.0,188500000,188900000.0,39.556,5990300000.0,0.0,150400000.0,186400000.0,31.779,610100000.0
2,WAB,MRT,2020-12-31,2020-12-31,2020-12-31,2021-07-29,-339100000.0,18454500000.0,18534350000.0,3879800000.0,14574700000.0,0.408,53.303,-115100000.0,598700000.0,598700000.0,5419000000.0,412300000.0,1.203,0.82,4239400000.0,447200000.0,3792200000.0,4239400000.0,0.0,385100000.0,642700000.0,0.007,0.48,758200000.0,1143300000.0,0.151,1143300000.0,758200000.0,559300000.0,2.18,2.17,2.18,10122300000.0,9936650000.0,10122300000.0,17627295554.0,23.0,15.418,668600000.0,3.521,1.0,2137100000.0,0.283,12354400000.0,198900000.0,6514500000.0,6856150000.0,1642100000.0,0.0,0.0,0.0,8301800000.0,3226300000.0,5075500000.0,13931895554.0,-5500000.0,-40300000.0,-207200000.0,-199300000.0,-92500000.0,-619000000.0,-155400000.0,0.0,783700000.0,-14800000.0,414400000.0,414400000.0,414400000.0,0.0,-2100000.0,0.055,1392600000.0,744500000.0,909400000.0,0.22,1.376,33.619,33.578,1601600000.0,0.0,73.2,1.844,1.84,1412500000.0,3588900000.0,7556100000.0,7556100000.0,162100000.0,0.022,0.042,0.111,0.1,19500000.0,948100000.0,1.0,190326442.0,189900000,190400000.0,39.79,6100100000.0,0.0,144900000.0,168400000.0,32.123,653500000.0
3,WAB,MRT,2020-09-30,2020-09-30,2020-09-30,2021-07-29,-482200000.0,18444400000.0,18656775000.0,3936200000.0,14508200000.0,0.423,52.776,-177200000.0,559300000.0,559300000.0,5594300000.0,462500000.0,1.219,0.838,4254700000.0,454800000.0,3799900000.0,4254700000.0,0.0,345200000.0,640900000.0,0.008,0.48,821900000.0,1167100000.0,0.148,1167100000.0,821900000.0,613300000.0,2.45,2.44,2.45,10016900000.0,9895200000.0,10016900000.0,15653636278.0,19.0,13.412,728700000.0,3.839,1.0,2306500000.0,0.292,12255700000.0,208600000.0,6655500000.0,6989200000.0,1779700000.0,0.0,0.0,0.0,8392000000.0,3228600000.0,5163400000.0,11775736278.0,-28100000.0,-10700000.0,-105300000.0,-513200000.0,-92700000.0,-716400000.0,-187900000.0,0.0,905900000.0,-29700000.0,462200000.0,462200000.0,462200000.0,0.0,300000.0,0.059,1497000000.0,809500000.0,962000000.0,0.196,1.176,25.478,25.257,1603700000.0,0.0,61.88,1.49,1.487,1433500000.0,3524200000.0,7900800000.0,7900800000.0,183300000.0,0.025,0.047,0.118,0.104,31500000.0,1036600000.0,1.0,190299552.0,189800000,190200000.0,41.627,6188700000.0,0.0,151100000.0,163100000.0,32.606,707600000.0
4,WAB,MRT,2020-06-30,2020-06-30,2020-06-30,2021-07-29,-537800000.0,18465400000.0,18770900000.0,3969700000.0,14495700000.0,0.428,51.874,-190200000.0,587900000.0,587900000.0,5697700000.0,424600000.0,1.14,0.872,4465800000.0,697100000.0,3768700000.0,4465800000.0,0.0,341800000.0,619500000.0,0.008,0.48,772800000.0,1114600000.0,0.139,1114600000.0,772800000.0,552100000.0,2.26,2.25,2.26,9845600000.0,9815075000.0,9845600000.0,15086916026.0,20.0,13.536,610100000.0,3.214,1.0,2339700000.0,0.291,12245300000.0,220700000.0,6614800000.0,7212750000.0,1799500000.0,0.0,0.0,0.0,8584800000.0,3483200000.0,5101600000.0,10954916026.0,126700000.0,-45400000.0,-105300000.0,-181300000.0,-93800000.0,-388100000.0,-235600000.0,0.0,800300000.0,-49900000.0,425200000.0,425200000.0,425200000.0,0.0,-600000.0,0.053,1567800000.0,771900000.0,1006000000.0,0.212,1.113,25.764,25.473,1612400000.0,0.0,57.57,1.363,1.359,1410300000.0,3419000000.0,8037400000.0,8037400000.0,205400000.0,0.023,0.043,0.107,0.096,31800000.0,1076100000.0,1.0,190288623.0,189800000,190200000.0,42.347,6220100000.0,0.0,126900000.0,155600000.0,32.772,486500000.0
5,WAB,MRT,2020-03-31,2020-03-31,2020-03-31,2021-07-29,-560600000.0,18773100000.0,18890198250.0,4241100000.0,14532000000.0,0.452,51.162,-185800000.0,615900000.0,615900000.0,6068600000.0,441500000.0,1.422,0.919,4747900000.0,92800000.0,4655100000.0,4747900000.0,0.0,341500000.0,602800000.0,0.01,0.48,810200000.0,1151700000.0,0.135,1151700000.0,810200000.0,582400000.0,2.38,2.33,2.38,9761800000.0,9804115000.0,9761800000.0,13052161211.0,16.0,11.333,716500000.0,3.755,1.0,2467700000.0,0.289,12283700000.0,227800000.0,7639800000.0,7406065250.0,1785700000.0,0.0,0.0,0.0,8975400000.0,2981600000.0,5993800000.0,9227061211.0,103100000.0,-315000000.0,-105300000.0,-22300000.0,-93000000.0,-238000000.0,-500800000.0,0.0,902300000.0,-60400000.0,442500000.0,442500000.0,442500000.0,0.0,-1000000.0,0.052,1654600000.0,813100000.0,1087200000.0,0.202,0.945,20.852,20.223,1623000000.0,0.0,48.13,1.081,1.076,1672000000.0,3355600000.0,8536300000.0,8536300000.0,224400000.0,0.023,0.045,0.109,0.095,48800000.0,1150200000.0,1.0,191711224.0,190800000,191400000.0,44.74,6489400000.0,0.0,139900000.0,151400000.0,34.012,1259500000.0
6,WAB,MRT,2019-12-31,2019-12-31,2019-12-31,2021-07-29,-382600000.0,18944200000.0,18966399500.0,4192100000.0,14752100000.0,0.432,58.396,-181400000.0,604200000.0,604200000.0,5922000000.0,326500000.0,1.287,0.899,4429300000.0,95700000.0,4333600000.0,4429300000.0,0.0,319200000.0,604200000.0,0.006,0.48,666100000.0,985300000.0,0.12,985300000.0,666100000.0,447000000.0,1.91,1.84,1.91,9956500000.0,9785626500.0,9956500000.0,19070797100.0,29.0,19.355,834100000.0,4.892,1.0,2278000000.0,0.278,12464600000.0,219100000.0,7046700000.0,7437790250.0,1773100000.0,0.0,0.0,0.0,8950600000.0,3258000000.0,5692600000.0,14912897100.0,-1738100000.0,-2996400000.0,0.0,558800000.0,-81700000.0,461500000.0,-3177800000.0,0.0,1015500000.0,-37300000.0,326700000.0,326700000.0,326700000.0,0.0,-200000.0,0.04,1614900000.0,663100000.0,1157500000.0,0.251,1.498,45.647,40.733,1655800000.0,0.0,77.8,1.819,1.618,1663900000.0,3267000000.0,8200000000.0,8200000000.0,209900000.0,0.017,0.033,0.09,0.081,50000000.0,1166600000.0,1.0,191682482.0,170500000,177300000.0,48.094,6479600000.0,0.0,120300000.0,145300000.0,38.004,934100000.0
7,WAB,MRT,2019-09-30,2019-09-30,2019-09-30,2021-07-29,-468600000.0,18900900000.0,16392649500.0,4410400000.0,14490500000.0,0.424,51.141,-139500000.0,587400000.0,587400000.0,5049300000.0,224100000.0,1.379,0.946,4745300000.0,111800000.0,4633500000.0,4745300000.0,0.0,285700000.0,670600000.0,0.007,0.48,527500000.0,813200000.0,0.117,813200000.0,527500000.0,330400000.0,1.37,1.33,1.37,9696400000.0,8012801500.0,9696400000.0,17692637642.0,34.0,21.757,704900000.0,3.718,1.0,1900100000.0,0.273,12310200000.0,197100000.0,7549700000.0,6923815250.0,1957300000.0,0.0,0.0,0.0,9171500000.0,3198900000.0,5972600000.0,13520827642.0,-1548000000.0,-2999300000.0,-13100000.0,894000000.0,-69800000.0,799900000.0,-3152900000.0,0.0,844400000.0,-39400000.0,225000000.0,225000000.0,225000000.0,0.0,-900000.0,0.032,1369700000.0,530400000.0,1146200000.0,0.35,1.394,60.093,52.453,1622700000.0,0.0,71.86,1.946,1.961,1673300000.0,3154800000.0,6949400000.0,6949400000.0,176200000.0,0.014,0.028,0.076,0.076,40900000.0,1010900000.0,1.0,188155130.0,189600000,191500000.0,36.653,6590700000.0,0.0,105400000.0,72600000.0,34.761,1211500000.0
8,WAB,MRT,2019-06-30,2019-06-30,2019-06-30,2021-07-29,-289180000.0,18942593000.0,13805731000.0,4229140000.0,14713453000.0,0.436,55.283,-109977000.0,461371000.0,461371000.0,4422800000.0,219600000.0,1.317,0.929,4633181000.0,104413000.0,4528768000.0,4633181000.0,0.0,211773000.0,648503000.0,0.007,0.48,484000000.0,695773000.0,0.115,695773000.0,484000000.0,320900000.0,1.8,1.76,1.8,9801760000.0,6312494000.0,9801760000.0,16133514976.0,33.0,23.188,580619000.0,3.275,1.0,1602700000.0,0.266,12515027000.0,163100000.0,7388061000.0,6332058500.0,1881791000.0,0.0,0.0,0.0,9107436000.0,3211315000.0,5896121000.0,11683790976.0,215627000.0,-2994523000.0,-6867000.0,2755004000.0,-57504000.0,2681436000.0,-3118600000.0,0.0,690596000.0,-37805000.0,221600000.0,221600000.0,221600000.0,0.0,-2000000.0,0.037,1116200000.0,486500000.0,1232597000.0,0.267,1.192,52.725,39.867,1646097000.0,0.0,71.76,1.939,2.112,1707409000.0,3087468000.0,6025500000.0,6025500000.0,137700000.0,0.016,0.035,0.076,0.08,35217000.0,865500000.0,1.0,162817600.0,177300000,191500000.0,33.985,6427566000.0,0.0,99300000.0,169861000.0,36.252,1017825000.0
9,WAB,MRT,2019-03-31,2019-03-31,2019-03-31,2021-07-29,-309000000.0,19077905000.0,10739484250.0,4381137000.0,14696768000.0,0.456,79.933,-101332000.0,512870000.0,512870000.0,3588913000.0,200171000.0,1.346,0.96,4962594000.0,321308000.0,4641286000.0,4962594000.0,0.0,137346000.0,573244000.0,0.007,0.48,406739000.0,544085000.0,0.111,544085000.0,406739000.0,270219000.0,2.1,2.09,2.1,9687846000.0,4576374000.0,9687846000.0,8636852213.0,21.0,15.874,220468000.0,1.819,1.0,1311967000.0,0.268,12506494000.0,136520000.0,7766700000.0,5261916750.0,1947220000.0,0.0,0.0,0.0,9297459000.0,3254435000.0,6043024000.0,7122333213.0,262915000.0,-2727603000.0,-2873000.0,2885237000.0,-46469000.0,2832432000.0,-2843035000.0,0.0,321800000.0,-48282000.0,201916000.0,201916000.0,201916000.0,0.0,-1745000.0,0.041,902544000.0,409423000.0,1187261000.0,0.229,0.735,35.274,35.105,1634966000.0,0.0,73.72,1.453,1.823,1726824000.0,3005809000.0,4900880000.0,4900880000.0,99888000.0,0.019,0.044,0.077,0.083,28104000.0,745757000.0,1.0,96613310.0,121200000,121200000.0,40.436,6571411000.0,0.0,68303000.0,176116000.0,54.22,1126702000.0
10,WAB,MRT,2018-12-31,2018-12-31,2018-12-31,2021-07-29,-256600000.0,8649200000.0,7688953250.0,4449600000.0,4199600000.0,0.568,29.846,-82000000.0,2342300000.0,2342300000.0,3129600000.0,291700000.0,2.702,2.017,3856900000.0,64100000.0,3792800000.0,3856900000.0,0.0,109300000.0,373500000.0,0.007,0.48,483000000.0,592300000.0,0.136,592300000.0,483000000.0,370800000.0,3.06,3.05,3.06,2865200000.0,2896692000.0,2865200000.0,8516917956.0,18.0,14.379,232700000.0,2.424,1.0,1233900000.0,0.283,3526400000.0,112200000.0,4990800000.0,4104725250.0,844900000.0,0.0,0.0,0.0,5780100000.0,1646600000.0,4133500000.0,6787199956.0,2108900000.0,-51200000.0,0.0,2026700000.0,-46300000.0,1978100000.0,-147300000.0,0.0,314700000.0,-36600000.0,294900000.0,294900000.0,294900000.0,0.0,-3200000.0,0.068,760500000.0,473400000.0,589400000.0,0.157,2.369,23.015,22.958,563800000.0,0.0,70.25,1.555,1.546,1146800000.0,3022000000.0,4363500000.0,4363500000.0,87500000.0,0.038,0.102,0.118,0.111,25300000.0,633200000.0,1.0,96614946.0,96000000,96500000.0,45.453,5122800000.0,0.0,75900000.0,198300000.0,53.362,2803000000.0
11,WAB,MRT,2018-09-30,2018-09-30,2018-09-30,2021-07-29,-205733000.0,8553226000.0,7171648250.0,4353548000.0,4199678000.0,0.603,30.095,-84103000.0,2135381000.0,2135381000.0,3115864000.0,306525000.0,2.845,1.949,3865099000.0,47038000.0,3818061000.0,3865099000.0,0.0,109230000.0,374104000.0,0.005,0.48,484064000.0,593294000.0,0.137,593294000.0,484064000.0,387720000.0,3.22,3.2,3.22,2895170000.0,2882609000.0,2895170000.0,11748350430.0,24.0,19.802,116186000.0,1.208,1.0,1205275000.0,0.279,3569978000.0,96344000.0,5182673000.0,3601835750.0,866205000.0,0.0,0.0,0.0,5642874000.0,1530293000.0,4112581000.0,10109003430.0,1907352000.0,-147725000.0,14612000.0,2006246000.0,-46207000.0,1967949000.0,-231828000.0,0.0,200289000.0,-29058000.0,309469000.0,309469000.0,309469000.0,0.0,-2944000.0,0.072,733708000.0,471567000.0,557449000.0,0.149,3.492,32.666,32.571,557423000.0,0.0,104.88,2.339,2.335,1240521000.0,2999139000.0,4321139000.0,4321139000.0,85226000.0,0.043,0.107,0.134,0.112,27261000.0,608870000.0,1.0,96386379.0,96200000,96600000.0,44.918,4983248000.0,0.0,78251000.0,153549000.0,51.801,2823255000.0
12,WAB,MRT,2018-06-30,2018-06-30,2018-06-30,2021-07-29,-156201000.0,6677606000.0,6645754250.0,2446887000.0,4230719000.0,0.632,29.766,-81069000.0,245574000.0,245574000.0,3044792000.0,288864000.0,1.523,1.331,1884921000.0,27115000.0,1857806000.0,1884921000.0,0.0,105376000.0,390126000.0,0.005,0.48,456247000.0,561623000.0,0.134,561623000.0,456247000.0,363565000.0,3.01,2.99,3.01,2857280000.0,2838242000.0,2857280000.0,11162249628.0,24.0,19.875,189338000.0,1.972,1.0,1156478000.0,0.275,3602991000.0,92682000.0,3107494000.0,3082389750.0,863793000.0,0.0,0.0,0.0,3802978000.0,1606468000.0,2196510000.0,9491502628.0,-82917000.0,-136902000.0,8588000.0,-72194000.0,-46119000.0,-116226000.0,-217971000.0,0.0,270407000.0,-19127000.0,289168000.0,289168000.0,289168000.0,0.0,-304000.0,0.069,708445000.0,448033000.0,615677000.0,0.159,3.322,32.823,32.751,555834000.0,0.0,98.58,2.259,2.252,1213234000.0,2922986000.0,4201270000.0,4201270000.0,89835000.0,0.044,0.102,0.148,0.109,23404000.0,580253000.0,1.0,96282234.0,95992000,96575000.0,43.767,3074615000.0,0.0,74397000.0,155611000.0,32.03,840419000.0
13,WAB,MRT,2018-03-31,2018-03-31,2018-03-31,2021-07-29,34016000.0,6875781000.0,6586037750.0,2465814000.0,4409967000.0,0.611,30.99,-78725000.0,249886000.0,249886000.0,2915369000.0,277753000.0,1.496,1.309,1920633000.0,49557000.0,1871076000.0,1920633000.0,0.0,105825000.0,378158000.0,0.006,0.46,443566000.0,549391000.0,0.137,549391000.0,443566000.0,365240000.0,2.88,2.87,2.88,2969118000.0,2765636250.0,2969118000.0,9458895165.0,21.0,17.217,160371000.0,1.674,1.0,1106474000.0,0.275,3760546000.0,78326000.0,3137934000.0,3090627000.0,829276000.0,0.0,0.0,0.0,3887552000.0,1648048000.0,2239504000.0,7821768165.0,-30262000.0,-179516000.0,6014000.0,11781000.0,-44159000.0,-29259000.0,-258241000.0,0.0,239096000.0,18142000.0,276777000.0,276777000.0,276777000.0,0.0,976000.0,0.069,668607000.0,437867000.0,608316000.0,0.16,2.634,28.26,28.264,573401000.0,0.0,81.4,1.945,1.939,1268697000.0,2850135000.0,4021843000.0,4021843000.0,93785000.0,0.042,0.1,0.144,0.11,21304000.0,537014000.0,1.0,96090518.0,95810000,96371000.0,41.977,3115235000.0,0.0,88463000.0,182780000.0,32.515,817766000.0
14,WAB,MRT,2017-12-31,2017-12-31,2017-12-31,2021-07-29,-44992000.0,6579980000.0,6374817250.0,2265113000.0,4314867000.0,0.609,29.412,-88200000.0,233401000.0,233401000.0,2816400000.0,262300000.0,1.44,1.336,1870528000.0,47225000.0,1823303000.0,1870528000.0,0.0,103200000.0,369716000.0,0.005,0.44,430000000.0,533200000.0,0.137,533200000.0,430000000.0,352100000.0,2.74,2.72,2.74,2808868000.0,2611254500.0,2808868000.0,9463042765.0,22.0,17.748,100600000.0,1.053,1.0,1065300000.0,0.274,3664535000.0,77900000.0,2979242000.0,3024067250.0,742634000.0,0.0,0.0,0.0,3751448000.0,1573330000.0,2178118000.0,7817218765.0,-909800000.0,-945300000.0,4400000.0,-52800000.0,-42200000.0,-97400000.0,-1033500000.0,0.0,188800000.0,32300000.0,262300000.0,262300000.0,262300000.0,0.0,0.0,0.068,644200000.0,421100000.0,552525000.0,0.161,2.783,29.803,29.719,573972000.0,0.0,81.43,2.014,2.003,1166787000.0,2773300000.0,3881700000.0,3881700000.0,95200000.0,0.041,0.1,0.142,0.111,21300000.0,512500000.0,1.0,95999248.0,95500000,96100000.0,40.646,2915445000.0,0.0,89800000.0,175902000.0,30.528,691783000.0
15,WAB,MRT,2017-09-30,2017-09-30,2017-09-30,2021-07-29,-91930000.0,6449650000.0,6375076750.0,2277125000.0,4172525000.0,0.559,28.395,-77514000.0,228080000.0,228080000.0,2550138000.0,258931000.0,1.554,1.366,1873904000.0,49748000.0,1824156000.0,1873904000.0,0.0,97390000.0,373815000.0,0.006,0.42,394493000.0,491883000.0,0.138,491883000.0,394493000.0,302632000.0,2.65,2.64,2.65,2717702000.0,2460531750.0,2717702000.0,8927596557.0,23.0,18.15,152634000.0,1.595,1.0,1016062000.0,0.285,3525145000.0,91861000.0,3104889000.0,3153268250.0,764781000.0,0.0,0.0,0.0,3713281000.0,1465440000.0,2247841000.0,7270821557.0,-225244000.0,-945433000.0,3098000.0,606656000.0,-39600000.0,565258000.0,-1022947000.0,0.0,230148000.0,2297000.0,251124000.0,251124000.0,251124000.0,0.0,7807000.0,0.07,625481000.0,390581000.0,512905000.0,0.158,2.675,28.953,28.585,550367000.0,0.0,75.75,2.039,2.033,1144339000.0,2735876000.0,3566200000.0,3566200000.0,90615000.0,0.039,0.102,0.125,0.111,21010000.0,501229000.0,1.0,95984443.0,95709000,96316000.0,37.261,2924505000.0,0.0,51508000.0,282557000.0,30.556,811685000.0
16,WAB,MRT,2017-06-30,2017-06-30,2017-06-30,2021-07-29,-184550000.0,6438740000.0,5619703500.0,2344809000.0,4093931000.0,0.584,26.838,-68868000.0,328522000.0,328522000.0,2308503000.0,272920000.0,1.582,1.502,1985297000.0,50693000.0,1934604000.0,1985297000.0,0.0,87753000.0,373361000.0,0.004,0.4,415594000.0,503347000.0,0.153,503347000.0,415594000.0,337714000.0,2.87,2.85,2.87,2566857000.0,2212874750.0,2566857000.0,10370204024.0,25.0,20.602,153983000.0,1.61,1.0,975340000.0,0.297,3472973000.0,77880000.0,3140443000.0,2886653000.0,746236000.0,0.0,0.0,0.0,3854369000.0,1482099000.0,2372270000.0,8780386024.0,-177355000.0,-1008525000.0,-74427000.0,782641000.0,-37042000.0,666718000.0,-1077393000.0,0.0,222851000.0,10469000.0,266153000.0,266153000.0,266153000.0,0.0,6767000.0,0.081,566329000.0,409011000.0,548150000.0,0.139,3.421,32.99,31.882,547842000.0,0.0,91.5,2.674,2.665,1128991000.0,2679995000.0,3283843000.0,3283843000.0,82195000.0,0.047,0.12,0.144,0.127,23019000.0,453803000.0,1.0,95960503.0,95641000,96284000.0,34.335,2965767000.0,0.0,71561000.0,287377000.0,31.009,862710000.0
17,WAB,MRT,2017-03-31,2017-03-31,2017-03-31,2021-07-29,-331652000.0,6030899000.0,4854817500.0,2166233000.0,3864666000.0,0.633,24.69,-60476000.0,280179000.0,280179000.0,2136425000.0,291245000.0,1.472,1.557,1869997000.0,87373000.0,1782624000.0,1869997000.0,0.0,78792000.0,351599000.0,0.005,0.38,433491000.0,512283000.0,0.167,512283000.0,433491000.0,368206000.0,3.12,3.1,3.12,2351591000.0,2001794750.0,2351591000.0,8965601326.0,21.0,17.501,288392000.0,3.028,1.0,938766000.0,0.305,3277615000.0,65285000.0,2871695000.0,2567943500.0,703881000.0,0.0,0.0,0.0,3662131000.0,1471407000.0,2190724000.0,7471309326.0,-185537000.0,-982984000.0,-75711000.0,638387000.0,-34647000.0,523535000.0,-1043460000.0,0.0,348868000.0,-14480000.0,284613000.0,284613000.0,284613000.0,0.0,6632000.0,0.093,509828000.0,428938000.0,512230000.0,0.122,3.177,26.251,25.0,524059000.0,0.0,78.0,2.43,2.416,1051542000.0,2617575000.0,3075191000.0,3075191000.0,76886000.0,0.059,0.142,0.169,0.141,20995000.0,406495000.0,1.0,95786017.0,95243000,95991000.0,32.288,2753284000.0,0.0,83593000.0,258228000.0,28.908,694826000.0
18,WAB,MRT,2016-12-31,2016-12-31,2016-12-31,2021-07-29,-379605000.0,6581018000.0,4192289000.0,2867631000.0,3713387000.0,0.699,24.413,-49853000.0,398484000.0,398484000.0,2006949000.0,313404000.0,1.982,1.634,1892776000.0,129809000.0,1762967000.0,1892776000.0,0.0,69795000.0,256591000.0,0.004,0.36,454618000.0,524413000.0,0.179,524413000.0,454618000.0,404320000.0,3.37,3.34,3.37,2205977000.0,1833037250.0,2205977000.0,7964398242.0,18.0,15.187,400677000.0,4.434,1.0,924239000.0,0.315,3132625000.0,50298000.0,3496046000.0,2339408500.0,658510000.0,0.0,0.0,0.0,3604193000.0,1446639000.0,2157554000.0,7394876242.0,714099000.0,-183113000.0,-210193000.0,772252000.0,-32430000.0,522971000.0,-232966000.0,0.0,450530000.0,-26436000.0,304887000.0,304887000.0,304887000.0,0.0,8517000.0,0.104,467632000.0,456607000.0,530211000.0,0.107,3.352,24.254,24.635,518376000.0,0.0,83.02,2.523,2.559,942508000.0,2553258000.0,2931188000.0,2931188000.0,71375000.0,0.073,0.166,0.194,0.155,20813000.0,373559000.0,1.0,89073431.0,90359000,91141000.0,32.439,3448393000.0,0.0,99433000.0,245680000.0,38.163,1420992000.0
19,WAB,MRT,2016-09-30,2016-09-30,2016-09-30,2021-07-29,-286055000.0,3428157000.0,3354412750.0,1695132000.0,1733025000.0,0.896,19.278,-46455000.0,250382000.0,250382000.0,2031377000.0,368855000.0,2.712,0.983,819904000.0,134000.0,819770000.0,819904000.0,0.0,65942000.0,108718000.0,0.004,0.34,549262000.0,615204000.0,0.205,615204000.0,549262000.0,529175000.0,4.01,3.98,4.01,1727074000.0,1706444750.0,1727074000.0,7799659948.0,14.0,12.678,395976000.0,4.42,1.0,972678000.0,0.324,1334316000.0,20087000.0,2038428000.0,1898326500.0,495998000.0,0.0,0.0,0.0,1697666000.0,624935000.0,1072731000.0,7358340948.0,42141000.0,-113797000.0,-575465000.0,374878000.0,-31171000.0,-243001000.0,-154066000.0,0.0,442431000.0,-3223000.0,368855000.0,368855000.0,368855000.0,0.0,0.0,0.123,425908000.0,546770000.0,276539000.0,0.085,4.261,19.949,20.362,357970000.0,0.0,81.65,2.449,2.435,624226000.0,2524354000.0,3004055000.0,3004055000.0,71632000.0,0.11,0.216,0.289,0.183,22952000.0,332522000.0,1.0,90120526.0,89589000,90293000.0,33.532,2093841000.0,75741000.0,160320000.0,156900000.0,23.372,1070197000.0
20,WAB,MRT,2016-06-30,2016-06-30,2016-06-30,2021-07-29,-290346000.0,3379196000.0,3328894000.0,1700358000.0,1678838000.0,0.943,19.172,-45901000.0,302935000.0,302935000.0,2120742000.0,385608000.0,2.559,0.96,744254000.0,115000.0,744139000.0,744254000.0,0.0,66215000.0,110968000.0,0.005,0.32,577119000.0,643334000.0,0.205,643334000.0,577119000.0,558738000.0,4.12,4.09,4.12,1722537000.0,1770713000.0,1722537000.0,6867321372.0,12.0,10.675,507993000.0,5.654,1.0,1017266000.0,0.324,1290358000.0,18381000.0,1865605000.0,1794775750.0,493442000.0,0.0,0.0,0.0,1653357000.0,664552000.0,988805000.0,6328111372.0,38091000.0,-50705000.0,-519186000.0,349510000.0,-29948000.0,-210018000.0,-299548000.0,0.0,553894000.0,-6237000.0,385608000.0,385608000.0,385608000.0,0.0,0.0,0.123,438514000.0,578752000.0,305160000.0,0.078,3.674,16.411,17.046,348650000.0,0.0,70.23,2.017,2.011,586351000.0,2450884000.0,3138008000.0,3138008000.0,72582000.0,0.116,0.218,0.322,0.184,22091000.0,343971000.0,1.0,90105530.0,89846000,90559000.0,34.927,2088838000.0,75705000.0,173130000.0,145572000.0,23.249,1035806000.0
21,WAB,MRT,2016-03-31,2016-03-31,2016-03-31,2021-07-29,-249097000.0,3380785000.0,3308625750.0,1686565000.0,1694220000.0,0.986,18.372,-47744000.0,262774000.0,262774000.0,2213794000.0,396627000.0,2.564,1.015,801984000.0,101000.0,801883000.0,801984000.0,0.0,65397000.0,100740000.0,0.004,0.3,599037000.0,664434000.0,0.204,664434000.0,599037000.0,581584000.0,4.17,4.13,4.17,1676561000.0,1828915750.0,1676561000.0,7758718904.0,13.0,11.677,435005000.0,4.767,1.0,1047641000.0,0.321,1304772000.0,17453000.0,1957555000.0,1682155500.0,478723000.0,0.0,0.0,0.0,1702399000.0,657668000.0,1044731000.0,7289182904.0,13639000.0,-54047000.0,-518310000.0,384414000.0,-28538000.0,-171754000.0,-304733000.0,0.0,482749000.0,7377000.0,396627000.0,396627000.0,396627000.0,0.0,0.0,0.122,446313000.0,601328000.0,304247000.0,0.072,4.348,18.378,19.014,353873000.0,0.0,79.29,2.235,2.219,619786000.0,2367609000.0,3261435000.0,3261435000.0,72303000.0,0.12,0.217,0.356,0.184,23080000.0,352353000.0,1.0,91930671.0,91258000,92149000.0,35.739,2076013000.0,72244000.0,184957000.0,141338000.0,22.749,1028897000.0
22,WAB,MRT,2015-12-31,2015-12-31,2015-12-31,2021-07-29,-276719000.0,3229513000.0,3255306250.0,1540020000.0,1689493000.0,1.016,17.691,-47644000.0,226191000.0,226191000.0,2260182000.0,398628000.0,2.317,0.899,692238000.0,0.0,692238000.0,692238000.0,0.0,64734000.0,106127000.0,0.004,0.28,602256000.0,666990000.0,0.202,666990000.0,602256000.0,585368000.0,4.14,4.1,4.14,1699607000.0,1863837250.0,1699607000.0,7104298623.0,12.0,10.651,403200000.0,4.197,1.0,1047816000.0,0.317,1299066000.0,16888000.0,1731718000.0,1534783750.0,478574000.0,0.0,0.0,0.0,1528174000.0,664776000.0,863398000.0,6861520623.0,-199658000.0,-129550000.0,-384690000.0,174720000.0,-26963000.0,-251498000.0,-380136000.0,0.0,450844000.0,-18868000.0,398628000.0,398628000.0,398628000.0,0.0,0.0,0.121,440249000.0,607567000.0,319525000.0,0.068,4.037,17.213,17.179,353193000.0,0.0,71.12,2.074,2.066,598789000.0,2280801000.0,3307998000.0,3307998000.0,71213000.0,0.122,0.214,0.392,0.182,26019000.0,347373000.0,1.0,96478074.0,96074000,97006000.0,34.432,1930447000.0,0.0,186740000.0,72519000.0,20.093,875244000.0
23,WAB,MRT,2015-09-30,2015-09-30,2015-09-30,2021-07-29,-257208000.0,3326082000.0,3273888250.0,1650091000.0,1675991000.0,1.007,20.589,-49329000.0,208241000.0,208241000.0,2261530000.0,389535000.0,2.521,0.676,451019000.0,430000.0,450589000.0,451019000.0,0.0,64451000.0,106889000.0,0.003,0.26,583879000.0,648330000.0,0.197,648330000.0,583879000.0,567176000.0,4.05,4.0,4.05,1984147000.0,1890746000.0,1984147000.0,8648135008.0,15.0,13.339,448198000.0,4.651,1.0,1034485000.0,0.314,1289986000.0,16703000.0,1624225000.0,1445663250.0,517486000.0,0.0,0.0,0.0,1340641000.0,654649000.0,685992000.0,8512153008.0,-4300000.0,-100884000.0,-19335000.0,-70862000.0,-25090000.0,-126888000.0,-359341000.0,0.0,497527000.0,-15598000.0,389535000.0,389535000.0,389535000.0,0.0,0.0,0.118,441164000.0,593321000.0,319225000.0,0.064,4.29,21.852,21.741,351234000.0,0.0,88.05,2.583,2.574,625344000.0,2186673000.0,3296015000.0,3296015000.0,70180000.0,0.119,0.206,0.404,0.177,24155000.0,349086000.0,1.0,96674083.0,96369000,97368000.0,34.202,2036096000.0,46025000.0,177641000.0,113758000.0,21.128,995442000.0
24,WAB,MRT,2015-06-30,2015-06-30,2015-06-30,2021-07-29,-209696000.0,3298123000.0,3249464500.0,1579966000.0,1718157000.0,1.011,20.297,-49783000.0,264844000.0,264844000.0,2258885000.0,380509000.0,2.259,0.686,400826000.0,478000.0,400348000.0,400826000.0,0.0,65011000.0,98636000.0,0.003,0.24,570561000.0,635572000.0,0.194,635572000.0,570561000.0,553615000.0,3.96,3.91,3.96,1955348000.0,1841873500.0,1955348000.0,9276815747.0,16.0,14.596,395869000.0,4.109,1.0,1024874000.0,0.312,1319454000.0,16946000.0,1415124000.0,1426893750.0,535002000.0,0.0,0.0,0.0,1341791000.0,699527000.0,642264000.0,9104965747.0,38937000.0,-201128000.0,-7233000.0,-100910000.0,-23135000.0,-142716000.0,-250911000.0,0.0,445652000.0,-13088000.0,380509000.0,380509000.0,380509000.0,0.0,0.0,0.116,447654000.0,577220000.0,377457000.0,0.061,4.656,23.928,23.798,356970000.0,0.0,94.24,2.773,2.765,680269000.0,2095224000.0,3283759000.0,3283759000.0,69332000.0,0.117,0.207,0.4,0.174,25893000.0,355239000.0,1.0,96614662.0,96338000,97435000.0,34.086,1978669000.0,44208000.0,173106000.0,118396000.0,20.539,880439000.0
25,WAB,MRT,2015-03-31,2015-03-31,2015-03-31,2021-07-29,-245585000.0,3167507000.0,3215900750.0,1503933000.0,1663574000.0,0.985,18.871,-50633000.0,249135000.0,249135000.0,2186031000.0,367710000.0,2.162,0.743,420985000.0,579000.0,420406000.0,420985000.0,0.0,63252000.0,106881000.0,0.002,0.22,549154000.0,612406000.0,0.193,612406000.0,549154000.0,531724000.0,3.83,3.78,3.83,1816247000.0,1794115500.0,1816247000.0,9248953336.0,17.0,15.103,439198000.0,4.563,1.0,981768000.0,0.31,1275520000.0,17430000.0,1368068000.0,1451473750.0,515945000.0,0.0,0.0,0.0,1350153000.0,695769000.0,654384000.0,9153607336.0,-45968000.0,-376150000.0,-21751000.0,-30499000.0,-21198000.0,-85321000.0,-426783000.0,0.0,489831000.0,-23695000.0,367710000.0,367710000.0,367710000.0,0.0,0.0,0.116,428085000.0,553683000.0,381285000.0,0.057,5.04,24.894,24.807,349043000.0,0.0,95.01,2.89,2.887,665669000.0,1999519000.0,3167799000.0,3167799000.0,65803000.0,0.114,0.205,0.378,0.173,25498000.0,339229000.0,1.0,96343620.0,96243000,97385000.0,32.915,1891987000.0,44416000.0,164014000.0,113788000.0,19.658,808164000.0
26,WAB,MRT,2014-12-31,2014-12-31,2014-12-31,2021-07-29,-159486000.0,3303841000.0,3153153750.0,1637864000.0,1665977000.0,0.966,18.868,-47241000.0,425849000.0,425849000.0,2108472000.0,351680000.0,2.217,0.828,521195000.0,0.0,521195000.0,521195000.0,0.0,61261000.0,111797000.0,0.002,0.2,525429000.0,586690000.0,0.193,586690000.0,525429000.0,507855000.0,3.66,3.62,3.66,1807242000.0,1759810500.0,1807242000.0,8673082136.0,17.0,14.783,425144000.0,4.439,1.0,935982000.0,0.307,1285149000.0,17574000.0,1375236000.0,1440205000.0,510949000.0,0.0,0.0,0.0,1495543000.0,738802000.0,756741000.0,8363581136.0,140089000.0,-300437000.0,-23420000.0,69581000.0,-19246000.0,25506000.0,-347678000.0,0.0,472385000.0,-10124000.0,351680000.0,351680000.0,351680000.0,0.0,0.0,0.116,408873000.0,527109000.0,399845000.0,0.055,4.628,23.782,23.74,339111000.0,0.0,86.89,2.747,2.734,631226000.0,1909136000.0,3044454000.0,3044454000.0,61886000.0,0.112,0.2,0.365,0.173,23114000.0,324539000.0,1.0,96254818.0,95781000,96885000.0,31.786,2018692000.0,43953000.0,156175000.0,112915000.0,21.076,899062000.0
27,WAB,MRT,2014-09-30,2014-09-30,2014-09-30,2021-07-29,-84285000.0,3228387000.0,3032692750.0,1533808000.0,1694579000.0,0.958,18.644,-48448000.0,212541000.0,212541000.0,2023260000.0,333035000.0,2.273,0.804,522042000.0,955000.0,521087000.0,522042000.0,0.0,59035000.0,74901000.0,0.002,0.18,502387000.0,561422000.0,0.193,561422000.0,502387000.0,484191000.0,3.47,3.43,3.47,1788657000.0,1704314750.0,1788657000.0,8080064237.0,16.0,14.392,332373000.0,3.465,1.0,881810000.0,0.304,1313993000.0,18196000.0,1549147000.0,1405254500.0,489053000.0,0.0,0.0,0.0,1438778000.0,674748000.0,764030000.0,7805071237.0,-68466000.0,-301057000.0,-50796000.0,-19519000.0,-17315000.0,-94499000.0,-349505000.0,0.0,380821000.0,-5283000.0,333035000.0,333035000.0,333035000.0,0.0,0.0,0.115,380446000.0,501364000.0,389284000.0,0.052,4.364,23.436,23.354,342365000.0,0.0,81.04,2.687,2.676,715108000.0,1822225000.0,2905070000.0,2905070000.0,56312000.0,0.11,0.195,0.358,0.173,28058000.0,302564000.0,1.0,96311343.0,95935000,97004000.0,30.282,1914394000.0,52240000.0,151156000.0,143549000.0,19.955,859060000.0
28,WAB,MRT,2014-06-30,2014-06-30,2014-06-30,2021-07-29,-25960000.0,3163868000.0,2929841000.0,1526851000.0,1637017000.0,0.935,18.369,-44602000.0,225907000.0,225907000.0,1916712000.0,316823000.0,2.284,0.792,500900000.0,681000.0,500219000.0,500900000.0,0.0,54036000.0,72369000.0,0.002,0.16,474777000.0,528813000.0,0.193,528813000.0,474777000.0,457346000.0,3.3,3.26,3.3,1764316000.0,1635318750.0,1764316000.0,8121242421.0,17.0,15.357,283614000.0,2.953,1.0,822485000.0,0.3,1257001000.0,17431000.0,1513444000.0,1359721000.0,481507000.0,0.0,0.0,0.0,1398176000.0,668416000.0,729760000.0,7965712421.0,11402000.0,-307800000.0,-45260000.0,100371000.0,-15539000.0,36528000.0,-352402000.0,0.0,328216000.0,-940000.0,316823000.0,316823000.0,316823000.0,0.0,0.0,0.116,347227000.0,475258000.0,397371000.0,0.048,4.515,25.142,25.027,343154000.0,0.0,82.59,2.908,2.896,717050000.0,1737850000.0,2739197000.0,2739197000.0,50842000.0,0.108,0.194,0.349,0.173,23735000.0,277607000.0,1.0,96448873.0,96048000,97058000.0,28.519,1906867000.0,52517000.0,140523000.0,135565000.0,19.853,858435000.0
29,WAB,MRT,2014-03-31,2014-03-31,2014-03-31,2021-07-29,-34063000.0,2916519000.0,2767971500.0,1434178000.0,1482341000.0,0.956,17.576,-34436000.0,295103000.0,295103000.0,1855423000.0,302756000.0,2.469,0.736,450633000.0,386000.0,450247000.0,450633000.0,0.0,53601000.0,67066000.0,0.002,0.145,455171000.0,508772000.0,0.192,508772000.0,455171000.0,438994000.0,3.16,3.12,3.16,1679027000.0,1544554750.0,1679027000.0,7604711075.0,17.0,14.947,195392000.0,2.045,1.0,790708000.0,0.299,1168151000.0,16177000.0,1322993000.0,1263805750.0,420058000.0,0.0,0.0,0.0,1236131000.0,580905000.0,655226000.0,7439762075.0,69765000.0,-108383000.0,-30694000.0,29486000.0,-14086000.0,-16107000.0,-142819000.0,0.0,229828000.0,-1137000.0,302756000.0,302756000.0,302756000.0,0.0,0.0,0.114,335219000.0,455489000.0,345312000.0,0.046,4.431,24.573,24.525,273647000.0,0.0,77.5,2.812,2.798,636654000.0,1653008000.0,2646131000.0,2646131000.0,47901000.0,0.109,0.196,0.36,0.172,21638000.0,268499000.0,1.0,95996930.0,95529000,96805000.0,27.7,1748368000.0,51905000.0,136238000.0,118184000.0,18.302,853273000.0
30,WAB,MRT,2013-12-31,2013-12-31,2013-12-31,2021-07-29,-34856000.0,2821997000.0,2665385500.0,1333047000.0,1488950000.0,0.963,16.606,-35238000.0,285760000.0,285760000.0,1802365000.0,292235000.0,2.301,0.779,450709000.0,0.0,450709000.0,450709000.0,0.0,51193000.0,66573000.0,0.002,0.13,436428000.0,487621000.0,0.19,487621000.0,436428000.0,421087000.0,3.05,3.01,3.05,1585259000.0,1456393250.0,1585259000.0,7411252191.0,17.0,15.199,200415000.0,2.099,1.0,764027000.0,0.298,1172112000.0,15341000.0,1235434000.0,1204084500.0,403229000.0,0.0,0.0,0.0,1234830000.0,579400000.0,655430000.0,7152568191.0,69994000.0,-223454000.0,-27833000.0,129225000.0,-12644000.0,93014000.0,-258692000.0,0.0,235653000.0,19000.0,292235000.0,292235000.0,292235000.0,0.0,0.0,0.114,326717000.0,437310000.0,326666000.0,0.043,4.512,24.475,24.351,276078000.0,0.0,74.27,2.787,2.763,554503000.0,1576702000.0,2566392000.0,2566392000.0,46289000.0,0.11,0.201,0.362,0.17,19841000.0,262718000.0,1.0,96304944.0,95463000,96832000.0,26.884,1649885000.0,50622000.0,128852000.0,114486000.0,17.283,753647000.0
31,WAB,MRT,2013-09-30,2013-09-30,2013-09-30,2021-07-29,-52079000.0,2816980000.0,2547771750.0,1344434000.0,1472546000.0,0.979,15.782,-28694000.0,281007000.0,281007000.0,1750928000.0,282959000.0,2.482,0.859,539691000.0,85000.0,539606000.0,539691000.0,0.0,49783000.0,70896000.0,0.002,0.115,425335000.0,475118000.0,0.19,475118000.0,425335000.0,410673000.0,2.95,2.92,2.95,1512673000.0,1379286000.0,1512673000.0,6235003791.0,15.0,13.123,180215000.0,1.88,1.0,744382000.0,0.298,1166893000.0,14662000.0,1367013000.0,1126793500.0,400295000.0,0.0,0.0,0.0,1299931000.0,541758000.0,758173000.0,6052550791.0,-1048000.0,-269668000.0,-17899000.0,104114000.0,-11210000.0,85057000.0,-298362000.0,0.0,208909000.0,3348000.0,282959000.0,282959000.0,282959000.0,0.0,0.0,0.113,317828000.0,426554000.0,288026000.0,0.039,4.001,21.39,21.312,266950000.0,0.0,62.87,2.426,2.415,570276000.0,1506505000.0,2495310000.0,2495310000.0,43795000.0,0.111,0.205,0.377,0.17,12385000.0,256350000.0,1.0,96270889.0,95848000,97174000.0,26.034,1650087000.0,61208000.0,127714000.0,118460000.0,17.216,802676000.0
32,WAB,MRT,2013-06-30,2013-06-30,2013-06-30,2021-07-29,-86113000.0,2516390000.0,2442537250.0,1189985000.0,1326405000.0,1.004,14.633,-27438000.0,214505000.0,214505000.0,1723977000.0,272010000.0,2.27,0.793,396958000.0,43000.0,396915000.0,396958000.0,0.0,48961000.0,80470000.0,0.002,0.1,412571000.0,461532000.0,0.188,461532000.0,412571000.0,398668000.0,2.84,2.81,2.84,1401260000.0,1307434250.0,1401260000.0,5332116680.0,13.0,11.553,224560000.0,2.345,1.0,727528000.0,0.297,1044788000.0,13903000.0,1129783000.0,1051132750.0,405938000.0,0.0,0.0,0.0,1110684000.0,524272000.0,586412000.0,5139884680.0,-19600000.0,-176615000.0,-19014000.0,-46266000.0,-9582000.0,-68300000.0,-204053000.0,0.0,251998000.0,755000.0,272010000.0,272010000.0,272010000.0,0.0,0.0,0.111,314003000.0,413525000.0,272519000.0,0.035,3.668,18.896,18.813,240966000.0,0.0,53.43,2.097,2.087,488449000.0,1436566000.0,2451505000.0,2451505000.0,43627000.0,0.111,0.208,0.393,0.168,14456000.0,252691000.0,1.0,96198478.0,95762000,97102000.0,25.6,1471602000.0,60376000.0,126658000.0,87735000.0,15.367,665713000.0
33,WAB,MRT,2013-03-31,2013-03-31,2013-03-31,2021-07-29,-79304000.0,2506175000.0,2396414000.0,1168986000.0,1337189000.0,1.011,13.958,-30662000.0,225338000.0,225338000.0,1715249000.0,262084000.0,2.084,0.886,417570000.0,43000.0,417527000.0,417570000.0,0.0,45107000.0,84450000.0,0.002,0.09,400699000.0,445806000.0,0.184,445806000.0,400699000.0,386558000.0,2.73,2.71,2.73,1326381000.0,1244885750.0,1326381000.0,4975127164.0,12.0,11.16,237835000.0,2.503,1.0,708074000.0,0.292,1053318000.0,14141000.0,1084108000.0,1035935000.0,428584000.0,0.0,0.0,0.0,1174907000.0,560981000.0,613926000.0,4872997164.0,-43966000.0,-264985000.0,-41542000.0,31614000.0,-8614000.0,-14832000.0,-295647000.0,0.0,268497000.0,-1984000.0,262084000.0,262084000.0,262084000.0,0.0,0.0,0.108,306238000.0,401836000.0,267445000.0,0.033,3.674,18.593,18.701,242716000.0,0.0,51.055,2.011,2.002,432797000.0,1364999000.0,2423323000.0,2423323000.0,42492000.0,0.109,0.211,0.387,0.165,16653000.0,247980000.0,1.0,95446032.0,95025000,96572000.0,25.502,1452857000.0,60907000.0,124474000.0,89561000.0,15.289,608005000.0
34,WAB,MRT,2012-12-31,2012-12-31,2012-12-31,2021-07-29,-53564000.0,2351542000.0,2324763750.0,1092938000.0,1258604000.0,1.029,13.374,-35030000.0,215766000.0,215766000.0,1696555000.0,251732000.0,1.976,0.838,317896000.0,0.0,317896000.0,317896000.0,0.0,44136000.0,82810000.0,0.002,0.08,391609000.0,435745000.0,0.182,435745000.0,391609000.0,377358000.0,2.62,2.6,2.62,1276830000.0,1193539250.0,1276830000.0,4342905346.0,11.0,9.967,202408000.0,2.12,1.0,694567000.0,0.29,974343000.0,14251000.0,926270000.0,1003086750.0,407039000.0,0.0,0.0,0.0,1069525000.0,553059000.0,516466000.0,4192063346.0,-69849000.0,-149914000.0,-42125000.0,-78057000.0,-7666000.0,-124723000.0,-184944000.0,0.0,237438000.0,2380000.0,251732000.0,251732000.0,251732000.0,0.0,0.0,0.105,302288000.0,392279000.0,248593000.0,0.031,3.283,16.653,16.706,244088000.0,0.0,43.77,1.753,1.748,389915000.0,1297111000.0,2391122000.0,2391122000.0,41307000.0,0.108,0.211,0.39,0.164,16723000.0,245709000.0,1.0,95774808.0,95469000,96742000.0,25.046,1377199000.0,61077000.0,125626000.0,91176000.0,14.426,539879000.0
35,WAB,MRT,2012-09-30,2012-09-30,2012-09-30,2021-07-29,-55080000.0,2396042000.0,2276616500.0,1184049000.0,1211993000.0,1.017,12.859,-39145000.0,282055000.0,282055000.0,1653940000.0,233230000.0,2.19,0.951,432897000.0,43000.0,432854000.0,432897000.0,0.0,42659000.0,104404000.0,0.002,0.07,364141000.0,406800000.0,0.176,406800000.0,364141000.0,350072000.0,2.43,2.41,2.43,1225266000.0,1135629000.0,1225266000.0,4054138107.0,11.0,9.966,222986000.0,2.34,1.0,661421000.0,0.286,941822000.0,14069000.0,1064370000.0,992254250.0,391592000.0,0.0,0.0,0.0,1165025000.0,540692000.0,624333000.0,3845112107.0,60919000.0,-159441000.0,-26873000.0,26726000.0,-6698000.0,-3601000.0,-198586000.0,0.0,262131000.0,975000.0,233230000.0,233230000.0,233230000.0,0.0,0.0,0.101,297095000.0,364326000.0,235568000.0,0.029,3.138,16.486,16.521,229147000.0,0.0,40.145,1.661,1.652,430230000.0,1235417000.0,2315361000.0,2315361000.0,40326000.0,0.102,0.205,0.367,0.157,17187000.0,242034000.0,1.0,95780598.0,95286000,96542000.0,24.299,1454220000.0,58592000.0,116842000.0,91281000.0,15.262,643357000.0
36,WAB,MRT,2012-06-30,2012-06-30,2012-06-30,2021-07-29,-66298000.0,2331897000.0,2179010250.0,1143464000.0,1188433000.0,1.022,12.032,-41151000.0,234105000.0,234105000.0,1589315000.0,216836000.0,2.078,1.023,443131000.0,43000.0,443088000.0,443131000.0,0.0,44269000.0,84068000.0,0.002,0.06,342616000.0,386885000.0,0.174,386885000.0,342616000.0,327853000.0,2.255,2.24,2.255,1151066000.0,1082066750.0,1151066000.0,3874277454.0,11.0,10.014,171965000.0,1.797,1.0,637293000.0,0.286,921617000.0,14763000.0,1068992000.0,959660500.0,388798000.0,0.0,0.0,0.0,1177744000.0,550314000.0,627430000.0,3757707454.0,12630000.0,-145507000.0,-39566000.0,46880000.0,-5764000.0,3001000.0,-186658000.0,0.0,213116000.0,-16829000.0,216836000.0,216836000.0,216836000.0,0.0,0.0,0.097,294356000.0,342937000.0,249455000.0,0.027,3.265,17.33,17.297,226707000.0,0.0,39.005,1.688,1.676,442141000.0,1174801000.0,2226608000.0,2226608000.0,39467000.0,0.1,0.2,0.357,0.154,17745000.0,239967000.0,1.0,96339122.0,95671000,96844000.0,23.274,1410280000.0,58812000.0,111017000.0,90421000.0,14.741,593150000.0
37,WAB,MRT,2012-03-31,2012-03-31,2012-03-31,2021-07-29,-49672000.0,2219574000.0,2098905500.0,1114022000.0,1105552000.0,0.998,11.749,-40021000.0,269304000.0,269304000.0,1489077000.0,188458000.0,2.08,0.977,385874000.0,43000.0,385831000.0,385874000.0,0.0,44230000.0,87536000.0,0.001,0.05,297480000.0,341710000.0,0.163,341710000.0,297480000.0,282433000.0,1.96,1.945,1.96,1120995000.0,1048004250.0,1120995000.0,3729996990.0,13.0,10.916,193100000.0,2.024,1.0,606610000.0,0.289,847871000.0,15047000.0,952715000.0,919597000.0,370740000.0,0.0,0.0,0.0,1095694000.0,535558000.0,560136000.0,3619738990.0,68617000.0,-77862000.0,-21301000.0,-14193000.0,-4806000.0,-35894000.0,-117883000.0,0.0,233121000.0,-10727000.0,188458000.0,188458000.0,188458000.0,0.0,0.0,0.09,308176000.0,298434000.0,236002000.0,0.026,3.229,19.207,19.227,225022000.0,0.0,37.685,1.727,1.716,396490000.0,1111529000.0,2095687000.0,2095687000.0,38454000.0,0.09,0.18,0.323,0.142,15866000.0,254747000.0,1.0,96052514.0,95414000,96682000.0,21.964,1371703000.0,57411000.0,93975000.0,74963000.0,14.376,578464000.0
38,WAB,MRT,2011-12-31,2011-12-31,2011-12-31,2021-07-29,-60897000.0,2158953000.0,2018294000.0,1055782000.0,1103171000.0,0.975,10.928,-37308000.0,285615000.0,285615000.0,1397213000.0,170149000.0,1.95,1.063,395873000.0,0.0,395873000.0,395873000.0,0.0,44849000.0,72811000.0,0.001,0.04,270321000.0,315170000.0,0.16,315170000.0,270321000.0,255314000.0,1.77,1.76,1.77,1045189000.0,1009266250.0,1045189000.0,3540621508.0,13.0,11.234,211318000.0,2.21,1.0,570424000.0,0.29,844886000.0,15007000.0,882940000.0,909408000.0,348174000.0,0.0,0.0,0.0,1111309000.0,541385000.0,569924000.0,3355602508.0,48674000.0,-108874000.0,-21123000.0,-26202000.0,-3849000.0,-46759000.0,-146182000.0,0.0,248626000.0,-7011000.0,170149000.0,170149000.0,170149000.0,0.0,0.0,0.086,299723000.0,270701000.0,244649000.0,0.023,3.211,19.722,19.76,222022000.0,0.0,34.975,1.705,1.7,346281000.0,1053706000.0,1967637000.0,1967637000.0,37193000.0,0.084,0.169,0.297,0.137,14231000.0,247534000.0,1.0,95942888.0,95639000,96657000.0,20.574,1314067000.0,57579000.0,85165000.0,74217000.0,13.74,514397000.0
39,WAB,MRT,2011-09-30,2011-09-30,2011-09-30,2021-07-29,-45996000.0,2005617000.0,1929326000.0,950377000.0,1055240000.0,0.947,10.559,-30046000.0,221136000.0,221136000.0,1285161000.0,154866000.0,2.095,0.981,406155000.0,40068000.0,366087000.0,406155000.0,76448000.0,45377000.0,0.0,0.001,0.03,248428000.0,293805000.0,0.161,293805000.0,248428000.0,233264000.0,1.605,1.6,1.605,1011017000.0,972911750.0,1011017000.0,2725756640.0,11.0,9.277,170861000.0,1.784,1.0,541078000.0,0.296,803048000.0,15164000.0,933995000.0,907947000.0,324876000.0,0.0,0.0,0.0,991357000.0,453593000.0,537764000.0,2550973640.0,44328000.0,-96707000.0,-19017000.0,-3665000.0,-2892000.0,-21688000.0,-126753000.0,0.0,200907000.0,-8138000.0,154866000.0,154866000.0,154866000.0,0.0,0.0,0.085,291537000.0,249541000.0,179411000.0,0.019,2.523,16.472,16.47,209918000.0,0.0,26.435,1.397,1.386,346436000.0,1008886000.0,1826239000.0,1826239000.0,37635000.0,0.08,0.159,0.274,0.136,12883000.0,239849000.0,1.0,96499854.0,95748000,96732000.0,19.073,1202569000.0,41310000.0,78398000.0,82429000.0,12.56,496784000.0
40,WAB,MRT,2011-06-30,2011-06-30,2011-06-30,2021-07-29,-10393000.0,2011478000.0,1854341750.0,931932000.0,1079546000.0,0.918,10.582,-25998000.0,221475000.0,221475000.0,1199942000.0,138810000.0,2.043,0.979,396258000.0,40068000.0,356190000.0,396258000.0,79013000.0,42184000.0,0.0,0.001,0.02,224346000.0,266530000.0,0.156,266530000.0,224346000.0,208950000.0,1.44,1.435,1.44,1014816000.0,937484500.0,1014816000.0,3372312909.0,15.0,12.653,191796000.0,2.0,1.0,503164000.0,0.295,821379000.0,15396000.0,908738000.0,898395750.0,311169000.0,0.0,0.0,0.0,993162000.0,456144000.0,537018000.0,3172930909.0,54966000.0,-149992000.0,-3480000.0,-11670000.0,-1930000.0,-12887000.0,-175990000.0,0.0,217794000.0,26049000.0,138810000.0,138810000.0,138810000.0,0.0,0.0,0.082,278443000.0,224721000.0,185871000.0,0.014,3.127,22.858,22.819,218444000.0,0.0,32.86,1.863,1.85,336673000.0,963727000.0,1703106000.0,1703106000.0,37103000.0,0.075,0.148,0.25,0.132,11302000.0,228777000.0,1.0,96559066.0,95900000,96926000.0,17.759,1190099000.0,42731000.0,70140000.0,83175000.0,12.41,475788000.0
41,WAB,MRT,2011-03-31,2011-03-31,2011-03-31,2021-07-29,-17595000.0,1897128000.0,1759518250.0,844935000.0,1052193000.0,0.908,10.118,-24210000.0,200687000.0,200687000.0,1124460000.0,133687000.0,2.215,0.96,400069000.0,40068000.0,360001000.0,400069000.0,41670000.0,41004000.0,0.0,0.001,0.02,219132000.0,260136000.0,0.163,260136000.0,219132000.0,203437000.0,1.39,1.385,1.39,966043000.0,884814500.0,966043000.0,3438292070.0,16.0,13.217,156045000.0,1.634,1.0,473884000.0,0.296,803080000.0,15695000.0,911959000.0,891435750.0,284964000.0,0.0,0.0,0.0,927495000.0,381471000.0,546024000.0,3253158070.0,21787000.0,-129267000.0,-2441000.0,-19358000.0,-1927000.0,-21814000.0,-153477000.0,0.0,180255000.0,16823000.0,133687000.0,133687000.0,133687000.0,0.0,0.0,0.084,255873000.0,218011000.0,174542000.0,0.014,3.368,24.334,24.399,216425000.0,0.0,33.915,2.035,2.026,305687000.0,927877000.0,1598344000.0,1598344000.0,38396000.0,0.076,0.151,0.246,0.137,10781000.0,206077000.0,1.0,95920922.0,95476000,96502000.0,16.741,1094048000.0,42768000.0,69750000.0,80242000.0,11.459,463464000.0
42,WAB,MRT,2010-12-31,2010-12-31,2010-12-31,2021-07-29,-38077000.0,1803081000.0,1694796250.0,801953000.0,1001128000.0,0.889,9.452,-20425000.0,236941000.0,236941000.0,1057934000.0,123099000.0,2.302,1.0,422075000.0,0.0,422075000.0,422075000.0,0.0,38586000.0,23810000.0,0.001,0.02,202750000.0,241336000.0,0.16,241336000.0,202750000.0,186827000.0,1.285,1.28,1.285,899771000.0,843083250.0,899771000.0,2768731125.0,14.0,11.473,155711000.0,1.636,1.0,449078000.0,0.298,762745000.0,15923000.0,877096000.0,881457250.0,253491000.0,0.0,0.0,0.0,899694000.0,348374000.0,551320000.0,2535697125.0,48282000.0,-135830000.0,-5125000.0,30317000.0,-1914000.0,25848000.0,-156255000.0,0.0,176136000.0,2553000.0,123099000.0,123099000.0,123099000.0,0.0,0.0,0.082,246268000.0,202810000.0,170504000.0,0.016,2.818,20.599,20.58,206225000.0,0.0,26.445,1.683,1.67,258149000.0,887406000.0,1507012000.0,1507012000.0,40203000.0,0.073,0.146,0.23,0.135,9195000.0,195892000.0,1.0,95885692.0,95194000,96010000.0,15.831,1040336000.0,42919000.0,63728000.0,76505000.0,10.929,453579000.0
43,WAB,MRT,2010-09-30,2010-09-30,2010-09-30,2021-07-29,-34092000.0,1705680000.0,1640484750.0,743778000.0,961902000.0,0.898,9.117,-19325000.0,176808000.0,176808000.0,1042207000.0,116324000.0,2.331,0.958,409842000.0,40070000.0,369772000.0,409842000.0,26064000.0,37133000.0,0.0,0.001,0.02,192185000.0,229318000.0,0.156,229318000.0,192185000.0,175659000.0,1.22,1.205,1.22,869308000.0,812367250.0,869308000.0,2531713211.0,13.0,11.04,125383000.0,1.315,1.0,430752000.0,0.292,723791000.0,16526000.0,895790000.0,865433250.0,248795000.0,0.0,0.0,0.0,832539000.0,319133000.0,513406000.0,2290278211.0,-78377000.0,-183667000.0,-3539000.0,-22501000.0,-1908000.0,-24150000.0,-202992000.0,0.0,144708000.0,4057000.0,116324000.0,116324000.0,116324000.0,0.0,0.0,0.079,237493000.0,193259000.0,129977000.0,0.016,2.635,19.689,19.586,203142000.0,0.0,23.895,1.555,1.547,264793000.0,856911000.0,1472959000.0,1472959000.0,41448000.0,0.071,0.143,0.222,0.13,4408000.0,185649000.0,1.0,95847592.0,95354000,96128000.0,15.447,981889000.0,46506000.0,59335000.0,56035000.0,10.297,424645000.0
44,WAB,MRT,2010-06-30,2010-06-30,2010-06-30,2021-07-29,-67985000.0,1632184000.0,1607768500.0,731640000.0,900544000.0,0.888,8.425,-16089000.0,166509000.0,166509000.0,1011366000.0,113128000.0,2.357,1.026,407944000.0,38201000.0,369743000.0,407944000.0,0.0,34470000.0,35894000.0,0.001,0.02,188496000.0,222966000.0,0.156,222966000.0,188496000.0,172279000.0,1.19,1.175,1.19,804136000.0,782822250.0,804136000.0,2154399911.0,11.0,9.662,132583000.0,1.389,1.0,416341000.0,0.292,682268000.0,16217000.0,880898000.0,855646250.0,239439000.0,0.0,0.0,0.0,825244000.0,310453000.0,514791000.0,1913852911.0,45176000.0,-133856000.0,-1255000.0,56039000.0,-1904000.0,56691000.0,-149945000.0,0.0,148672000.0,-10242000.0,113128000.0,113128000.0,113128000.0,0.0,0.0,0.079,227956000.0,188385000.0,123764000.0,0.017,2.38,16.918,16.761,192477000.0,0.0,19.945,1.341,1.333,275201000.0,826847000.0,1427707000.0,1427707000.0,42243000.0,0.07,0.145,0.22,0.132,4035000.0,176207000.0,1.0,95956526.0,95450000,96178000.0,14.958,949916000.0,45104000.0,59151000.0,53930000.0,9.952,421187000.0
45,WAB,MRT,2010-03-31,2010-03-31,2010-03-31,2021-07-29,-40596000.0,1638240000.0,1564768500.0,716449000.0,921791000.0,0.887,8.419,-17996000.0,178900000.0,178900000.0,993043000.0,112753000.0,2.311,1.047,419447000.0,34457000.0,384990000.0,419447000.0,0.0,34593000.0,42276000.0,0.001,0.02,174351000.0,208944000.0,0.151,208944000.0,174351000.0,158701000.0,1.19,1.17,1.19,799118000.0,757275500.0,799118000.0,2208862722.0,13.0,10.572,162409000.0,1.711,1.0,394540000.0,0.284,696751000.0,15650000.0,872045000.0,834611250.0,241086000.0,0.0,0.0,0.0,836983000.0,309991000.0,526992000.0,2005741722.0,80808000.0,-138599000.0,-11170000.0,56901000.0,-1905000.0,47106000.0,-156595000.0,0.0,180405000.0,9892000.0,112753000.0,112753000.0,112753000.0,0.0,0.0,0.081,219080000.0,175460000.0,122349000.0,0.017,2.51,17.789,17.697,200155000.0,0.0,21.06,1.445,1.441,247949000.0,796117000.0,1387583000.0,1387583000.0,42583000.0,0.072,0.149,0.209,0.126,2034000.0,167076000.0,1.0,95239398.0,94922000,95790000.0,14.618,941489000.0,41924000.0,45948000.0,52223000.0,9.919,406458000.0
46,WAB,MRT,2009-12-31,2009-12-31,2009-12-31,2021-07-29,-30546000.0,1585835000.0,1510442250.0,689509000.0,896326000.0,0.928,8.178,-14197000.0,188659000.0,188659000.0,1008290000.0,115055000.0,2.258,1.039,391780000.0,0.0,391780000.0,391780000.0,0.0,35519000.0,44251000.0,0.001,0.02,180033000.0,215552000.0,0.154,215552000.0,180033000.0,163359000.0,1.205,1.195,1.205,776907000.0,722351750.0,776907000.0,2119749826.0,12.0,9.834,148103000.0,1.559,1.0,393326000.0,0.281,670608000.0,16674000.0,813000000.0,820781250.0,239333000.0,0.0,0.0,0.0,806922000.0,305348000.0,501574000.0,1942592826.0,46854000.0,-101024000.0,-17122000.0,4176000.0,-1917000.0,-12957000.0,-115221000.0,0.0,162300000.0,12732000.0,115055000.0,115055000.0,115055000.0,0.0,0.0,0.082,213294000.0,180032000.0,119895000.0,0.017,2.5,16.884,16.946,201707000.0,0.0,20.42,1.386,1.384,208260000.0,766221000.0,1401616000.0,1401616000.0,42447000.0,0.076,0.159,0.219,0.128,1714000.0,160998000.0,1.0,95131872.0,94998000,95954000.0,14.754,915227000.0,45497000.0,48304000.0,52156000.0,9.634,384161000.0
47,WAB,MRT,2009-09-30,2009-09-30,2009-09-30,2021-07-29,-29391000.0,1574815000.0,1490863500.0,773093000.0,801722000.0,0.971,7.942,-14056000.0,255185000.0,255185000.0,1048179000.0,121959000.0,2.495,1.095,432342000.0,31977000.0,400365000.0,432342000.0,0.0,33064000.0,57475000.0,0.001,0.02,190608000.0,223672000.0,0.155,223672000.0,190608000.0,174669000.0,1.275,1.26,1.275,751128000.0,689467750.0,751128000.0,2015489845.0,11.0,9.011,157290000.0,1.663,1.0,399460000.0,0.276,585509000.0,15939000.0,856642000.0,819670000.0,244868000.0,0.0,0.0,0.0,822271000.0,309821000.0,512450000.0,1784935845.0,68795000.0,-324127000.0,-39723000.0,280418000.0,-1924000.0,236673000.0,-338183000.0,0.0,171346000.0,-1041000.0,121959000.0,121959000.0,121959000.0,0.0,0.0,0.084,210972000.0,188488000.0,113101000.0,0.016,2.376,14.636,14.718,196051000.0,0.0,18.765,1.233,1.226,230981000.0,742495000.0,1447639000.0,1447639000.0,41137000.0,0.082,0.177,0.233,0.132,5663000.0,162102000.0,1.0,95120482.0,94578000,95504000.0,15.306,989306000.0,32315000.0,52710000.0,28363000.0,10.46,463272000.0
48,WAB,MRT,2009-06-30,2009-06-30,2009-06-30,2021-07-29,-48547000.0,1460184000.0,1418462500.0,665480000.0,794704000.0,1.067,7.391,-16540000.0,121333000.0,121333000.0,1100893000.0,127781000.0,2.102,1.078,351887000.0,31352000.0,320535000.0,351887000.0,0.0,33583000.0,70269000.0,0.001,0.02,196809000.0,230392000.0,0.152,230392000.0,196809000.0,182614000.0,1.325,1.315,1.325,701949000.0,672861000.0,701949000.0,1800960416.0,9.0,7.817,147099000.0,1.549,1.0,412308000.0,0.272,577420000.0,14195000.0,796758000.0,746303250.0,249600000.0,0.0,0.0,0.0,756764000.0,316560000.0,440204000.0,1536572416.0,-120347000.0,-402916000.0,-39583000.0,199969000.0,-1933000.0,156490000.0,-419456000.0,0.0,163639000.0,-21020000.0,127781000.0,127781000.0,127781000.0,0.0,0.0,0.084,217125000.0,195183000.0,116689000.0,0.015,2.189,12.025,12.14,194476000.0,0.0,16.085,1.015,1.01,251798000.0,715624000.0,1513201000.0,1513201000.0,40693000.0,0.09,0.19,0.264,0.13,5970000.0,168781000.0,1.0,95528282.0,94974000,96026000.0,15.933,882764000.0,34645000.0,54833000.0,27488000.0,9.295,348920000.0
49,WAB,MRT,2009-03-31,2009-03-31,2009-03-31,2021-07-29,-72019000.0,1420935000.0,1367441500.0,651598000.0,769337000.0,1.148,6.92,-15231000.0,98092000.0,98092000.0,1140236000.0,130707000.0,2.09,1.155,362480000.0,30727000.0,331753000.0,362480000.0,0.0,31820000.0,61141000.0,0.002,0.02,215442000.0,247262000.0,0.158,247262000.0,215442000.0,203479000.0,1.35,1.34,1.35,659423000.0,667036500.0,659423000.0,1511432088.0,7.0,6.113,168720000.0,1.771,1.0,429146000.0,0.273,556761000.0,11963000.0,816725000.0,683058500.0,253329000.0,0.0,0.0,0.0,761512000.0,311837000.0,449675000.0,1266157088.0,-76741000.0,-398173000.0,-26299000.0,210576000.0,-1932000.0,181292000.0,-413404000.0,0.0,183951000.0,-28580000.0,130707000.0,130707000.0,130707000.0,0.0,0.0,0.083,214768000.0,214378000.0,126287000.0,0.015,1.92,9.687,9.77,193329000.0,0.0,13.19,0.807,0.801,259607000.0,685269000.0,1569382000.0,1569382000.0,39559000.0,0.096,0.196,0.315,0.137,7717000.0,168705000.0,1.0,95993714.0,95290000,96262000.0,16.47,864174000.0,32172000.0,72772000.0,20980000.0,9.069,339761000.0
50,WAB,MRT,2008-12-31,2008-12-31,2008-12-31,2021-07-29,-60540000.0,1507520000.0,1306656500.0,725349000.0,782171000.0,1.205,6.69,-19268000.0,141805000.0,141805000.0,1147563000.0,130551000.0,1.869,1.335,387080000.0,0.0,387080000.0,387080000.0,0.0,29826000.0,80353000.0,0.001,0.02,212805000.0,242631000.0,0.154,242631000.0,212805000.0,204297000.0,1.345,1.33,1.345,645371000.0,661103250.0,645371000.0,1891049142.0,9.0,7.794,136532000.0,1.415,1.0,427186000.0,0.271,556189000.0,8508000.0,808555000.0,620630500.0,264158000.0,0.0,0.0,0.0,861713000.0,388051000.0,473662000.0,1927318142.0,-92884000.0,-398173000.0,-43028000.0,235615000.0,-1940000.0,189711000.0,-417441000.0,0.0,155800000.0,-20954000.0,130551000.0,130551000.0,130551000.0,3000.0,0.0,0.083,214670000.0,212516000.0,162633000.0,0.015,2.986,14.763,14.777,207548000.0,0.0,19.875,1.224,1.217,273560000.0,653083000.0,1574749000.0,1574749000.0,38981000.0,0.1,0.197,0.343,0.135,8553000.0,170597000.0,1.0,96971982.0,96464000,97694000.0,16.325,951331000.0,32185000.0,73746000.0,12870000.0,9.862,337298000.0
51,WAB,MRT,2008-09-30,2008-09-30,2008-09-30,2021-07-29,-8317000.0,1285211000.0,1219452000.0,744527000.0,540684000.0,1.259,7.108,-19102000.0,186390000.0,186390000.0,1116930000.0,128118000.0,2.116,0.877,150121000.0,0.0,150121000.0,150121000.0,0.0,29954000.0,99832000.0,0.001,0.02,206299000.0,236253000.0,0.154,236253000.0,206299000.0,200851000.0,1.32,1.31,1.32,684701000.0,654077500.0,684701000.0,2389766781.0,12.0,10.115,156166000.0,1.621,1.0,417876000.0,0.272,333867000.0,5448000.0,563175000.0,540432250.0,223367000.0,0.0,0.0,0.0,600510000.0,351900000.0,248610000.0,2481311781.0,28364000.0,-83510000.0,-35159000.0,-721000.0,-1935000.0,-36059000.0,-102214000.0,0.0,175268000.0,-8631000.0,128118000.0,128118000.0,128118000.0,275000.0,0.0,0.083,209846000.0,208030000.0,154808000.0,0.015,3.624,19.367,19.405,184010000.0,0.0,25.615,1.617,1.608,298683000.0,622454000.0,1534806000.0,1534806000.0,39680000.0,0.105,0.196,0.382,0.134,9613000.0,165220000.0,1.0,96869482.0,96322000,97654000.0,15.934,951344000.0,28597000.0,72733000.0,13995000.0,9.877,392627000.0
52,WAB,MRT,2008-06-30,2008-06-30,2008-06-30,2021-07-29,22187000.0,1256100000.0,1173839750.0,757484000.0,498616000.0,1.272,7.055,-19123000.0,241680000.0,241680000.0,1087704000.0,122190000.0,2.329,0.851,150135000.0,0.0,150135000.0,150135000.0,0.0,29932000.0,94761000.0,0.001,0.02,199292000.0,229224000.0,0.153,229224000.0,199292000.0,194350000.0,1.26,1.245,1.26,678651000.0,629335000.0,678651000.0,2328700092.0,12.0,10.159,127340000.0,1.324,1.0,405919000.0,0.272,295552000.0,4942000.0,543779000.0,542833750.0,196331000.0,0.0,0.0,0.0,577449000.0,325224000.0,252225000.0,2353372092.0,100454000.0,-1132000.0,-36347000.0,-704000.0,-1927000.0,-37094000.0,-19857000.0,0.0,146463000.0,10942000.0,122190000.0,122190000.0,122190000.0,-207000.0,0.0,0.082,204551000.0,201368000.0,142925000.0,0.016,3.468,19.26,19.294,179156000.0,0.0,24.31,1.576,1.566,284145000.0,589769000.0,1493623000.0,1493623000.0,39204000.0,0.104,0.194,0.367,0.133,9747000.0,161058000.0,1.0,96806750.0,96190000,97310000.0,15.528,960548000.0,29007000.0,72160000.0,12036000.0,9.986,432260000.0
53,WAB,MRT,2008-03-31,2008-03-31,2008-03-31,2021-07-29,18057000.0,1177795000.0,1124462000.0,680864000.0,496931000.0,1.271,6.57,-19969000.0,174833000.0,174833000.0,1040883000.0,116558000.0,2.343,0.853,150161000.0,0.0,150161000.0,150161000.0,0.0,29859000.0,66096000.0,0.001,0.02,188351000.0,218210000.0,0.153,218210000.0,188351000.0,184016000.0,1.2,1.185,1.2,635690000.0,595008250.0,635690000.0,1749185223.0,9.0,8.016,69899000.0,0.722,1.0,388268000.0,0.272,295524000.0,4335000.0,567013000.0,544757000.0,186047000.0,0.0,0.0,0.0,542105000.0,290586000.0,251519000.0,1833697223.0,-31646000.0,-74396000.0,-38230000.0,-676000.0,-1941000.0,-39237000.0,-93967000.0,0.0,89868000.0,11690000.0,116558000.0,116558000.0,116558000.0,-212000.0,0.0,0.082,196905000.0,191363000.0,130050000.0,0.017,2.885,15.732,15.692,182018000.0,0.0,18.83,1.283,1.275,286350000.0,556488000.0,1429151000.0,1429151000.0,38599000.0,0.104,0.196,0.346,0.132,9257000.0,153937000.0,1.0,97381690.0,96758000,98074000.0,14.77,882271000.0,28822000.0,67458000.0,27285000.0,9.118,390278000.0
54,WAB,MRT,2007-12-31,2007-12-31,2007-12-31,2021-07-29,9271000.0,1158702000.0,1085681000.0,665767000.0,492935000.0,1.253,6.395,-19538000.0,234689000.0,234689000.0,990469000.0,109570000.0,2.255,0.877,150250000.0,0.0,150250000.0,150250000.0,0.0,29140000.0,67291000.0,0.001,0.02,176274000.0,205414000.0,0.151,205414000.0,176274000.0,172637000.0,1.13,1.12,1.13,617268000.0,561063500.0,617268000.0,1671765886.0,9.0,8.139,122971000.0,1.274,1.0,369619000.0,0.272,291266000.0,3637000.0,487762000.0,528888500.0,175977000.0,0.0,0.0,0.0,541434000.0,295235000.0,246199000.0,1679791886.0,46710000.0,-74396000.0,-12482000.0,-657000.0,-1944000.0,-12985000.0,-93536000.0,0.0,142509000.0,10722000.0,109570000.0,109570000.0,109570000.0,-183000.0,0.0,0.081,189878000.0,179741000.0,137226000.0,0.018,2.721,15.331,15.239,182437000.0,0.0,17.22,1.235,1.222,222235000.0,524538000.0,1360088000.0,1360088000.0,37434000.0,0.101,0.195,0.333,0.13,9154000.0,148437000.0,1.0,97548890.0,96526000,97746000.0,14.09,867436000.0,29082000.0,63067000.0,9834000.0,8.987,370532000.0
55,WAB,MRT,2007-09-30,2007-09-30,2007-09-30,2021-07-29,-3210000.0,1102762000.0,1039216000.0,596214000.0,506548000.0,1.241,6.009,-19003000.0,158026000.0,158026000.0,937610000.0,107136000.0,2.464,0.883,150000000.0,0.0,150000000.0,150000000.0,0.0,24895000.0,40797000.0,0.001,0.02,167269000.0,192164000.0,0.149,192164000.0,167269000.0,163534000.0,1.105,1.085,1.105,585731000.0,524218750.0,585731000.0,1835273628.0,11.0,9.551,66652000.0,0.684,1.0,351630000.0,0.273,280021000.0,3735000.0,572781000.0,525279750.0,185884000.0,0.0,0.0,0.0,517031000.0,241934000.0,275097000.0,1826499628.0,-89559000.0,-163368000.0,-3847000.0,0.0,-1950000.0,-3819000.0,-180923000.0,0.0,85655000.0,9528000.0,107136000.0,107136000.0,107136000.0,206000.0,0.0,0.083,180673000.0,170957000.0,118383000.0,0.018,3.118,17.048,16.95,181486000.0,0.0,18.73,1.417,1.416,215688000.0,496343000.0,1289240000.0,1289240000.0,35574000.0,0.103,0.204,0.318,0.13,7084000.0,141991000.0,1.0,97517332.0,97472000,98762000.0,13.227,822741000.0,50228000.0,56398000.0,20979000.0,8.441,354280000.0
56,WAB,MRT,2007-06-30,2007-06-30,2007-06-30,2021-07-29,-17761000.0,1058589000.0,991090750.0,568843000.0,489746000.0,1.214,5.562,-18243000.0,141226000.0,141226000.0,881184000.0,97265000.0,2.331,0.955,150000000.0,0.0,150000000.0,150000000.0,0.0,27121000.0,59134000.0,0.001,0.02,146888000.0,174009000.0,0.145,174009000.0,146888000.0,144786000.0,1.005,0.985,1.005,541344000.0,493267250.0,541344000.0,1722404218.0,12.0,9.898,85802000.0,0.882,1.0,322111000.0,0.268,271844000.0,2102000.0,551472000.0,486800500.0,184605000.0,0.0,0.0,0.0,517245000.0,244047000.0,273198000.0,1778883218.0,-97681000.0,-163483000.0,-13542000.0,0.0,-1962000.0,-13935000.0,-180278000.0,0.0,104045000.0,-7513000.0,97265000.0,97265000.0,97265000.0,1058000.0,0.0,0.081,171464000.0,150647000.0,110529000.0,0.02,3.286,18.289,18.174,179644000.0,0.0,18.265,1.478,1.477,201411000.0,469578000.0,1203295000.0,1203295000.0,34405000.0,0.098,0.197,0.302,0.122,6578000.0,133606000.0,1.0,97393004.0,97332000,98588000.0,12.363,786745000.0,47558000.0,47521000.0,17785000.0,8.083,324796000.0
57,WAB,MRT,2007-03-31,2007-03-31,2007-03-31,2021-07-29,-28930000.0,1022671000.0,956555750.0,593383000.0,429288000.0,1.191,5.175,-19129000.0,206479000.0,206479000.0,831222000.0,90280000.0,2.413,1.046,150000000.0,0.0,150000000.0,150000000.0,0.0,25862000.0,76615000.0,0.001,0.02,135889000.0,161751000.0,0.142,161751000.0,135889000.0,134053000.0,0.935,0.915,0.935,499911000.0,471392500.0,499911000.0,1628503715.0,12.0,10.068,105667000.0,1.094,1.0,308253000.0,0.271,216724000.0,1836000.0,503539000.0,453614250.0,156360000.0,0.0,0.0,0.0,522760000.0,245929000.0,276831000.0,1666482715.0,15023000.0,-89252000.0,-6754000.0,0.0,-1953000.0,-5484000.0,-106933000.0,0.0,124796000.0,2644000.0,90280000.0,90280000.0,90280000.0,1700000.0,0.0,0.079,168166000.0,140087000.0,99936000.0,0.021,3.334,18.459,18.444,176116000.0,0.0,17.245,1.463,1.462,197825000.0,441943000.0,1139475000.0,1139475000.0,33402000.0,0.094,0.192,0.3,0.119,3796000.0,131451000.0,1.0,96635704.0,96604000,97790000.0,11.795,805947000.0,47036000.0,43773000.0,24033000.0,8.343,347454000.0
58,WAB,MRT,2006-12-31,2006-12-31,2006-12-31,2021-07-29,-32305000.0,972842000.0,916497500.0,547191000.0,425651000.0,1.187,4.862,-19009000.0,187979000.0,187979000.0,790843000.0,84804000.0,2.245,1.07,150000000.0,0.0,150000000.0,150000000.0,0.0,25304000.0,75537000.0,0.001,0.02,127044000.0,152348000.0,0.14,152348000.0,127044000.0,124867000.0,0.875,0.865,0.875,469889000.0,449618750.0,469889000.0,1390937024.0,11.0,9.13,132018000.0,1.366,1.0,296777000.0,0.273,217745000.0,2177000.0,473327000.0,434502250.0,145481000.0,0.0,0.0,0.0,502953000.0,243791000.0,259162000.0,1488522024.0,46614000.0,-87201000.0,-4244000.0,0.0,-1945000.0,-1807000.0,-104762000.0,0.0,151027000.0,2156000.0,84804000.0,84804000.0,84804000.0,1690000.0,0.0,0.078,166626000.0,130151000.0,92624000.0,0.023,3.168,17.552,17.36,178309000.0,0.0,15.19,1.369,1.35,177345000.0,419603000.0,1087620000.0,1087620000.0,32701000.0,0.093,0.189,0.292,0.117,4809000.0,130294000.0,1.0,97993550.0,96644000,98216000.0,11.254,755097000.0,41361000.0,40063000.0,19505000.0,7.813,303400000.0
59,WAB,MRT,2006-09-30,2006-09-30,2006-09-30,2021-07-29,-17219000.0,910261000.0,882376250.0,566210000.0,344051000.0,1.205,4.744,-19029000.0,247585000.0,247585000.0,775687000.0,74863000.0,2.382,0.971,150000000.0,0.0,150000000.0,150000000.0,0.0,27051000.0,77536000.0,0.001,0.02,119242000.0,146293000.0,0.138,146293000.0,119242000.0,115420000.0,0.78,0.765,0.78,461925000.0,426948250.0,461925000.0,1234293204.0,10.0,8.437,127897000.0,1.313,1.0,287770000.0,0.271,156137000.0,3822000.0,418864000.0,428948250.0,135893000.0,0.0,0.0,0.0,448336000.0,237675000.0,210661000.0,1323200204.0,141493000.0,3446000.0,10206000.0,-9000.0,-1942000.0,12644000.0,-15585000.0,0.0,146926000.0,-2492000.0,74863000.0,74863000.0,74863000.0,2641000.0,0.0,0.07,163594000.0,124176000.0,78752000.0,0.026,2.865,17.675,17.391,160206000.0,0.0,13.565,1.244,1.242,157215000.0,393739000.0,1063457000.0,1063457000.0,32120000.0,0.085,0.175,0.278,0.112,5029000.0,128090000.0,1.0,97545168.0,97378000,98586000.0,10.921,754124000.0,34140000.0,40557000.0,17371000.0,7.744,328535000.0
60,WAB,MRT,2006-06-30,2006-06-30,2006-06-30,2021-07-29,-16482000.0,920449000.0,856828250.0,569693000.0,350756000.0,1.226,4.684,-20179000.0,238907000.0,238907000.0,761697000.0,72568000.0,2.23,1.028,150000000.0,0.0,150000000.0,150000000.0,0.0,23505000.0,93750000.0,0.001,0.02,119887000.0,143392000.0,0.137,143392000.0,119887000.0,113634000.0,0.76,0.745,0.76,453845000.0,402452000.0,453845000.0,1773338346.0,15.0,12.367,107058000.0,1.105,1.0,288541000.0,0.275,157370000.0,6253000.0,418727000.0,440602000.0,139737000.0,0.0,0.0,0.0,466604000.0,255445000.0,211159000.0,1814794346.0,152055000.0,3507000.0,23491000.0,-22000.0,-1937000.0,25747000.0,-16674000.0,0.0,127237000.0,15745000.0,72568000.0,72568000.0,72568000.0,2691000.0,0.0,0.069,162582000.0,125959000.0,80555000.0,0.026,3.999,25.008,24.605,164496000.0,0.0,18.7,1.728,1.725,162993000.0,376974000.0,1050238000.0,1050238000.0,32047000.0,0.085,0.18,0.272,0.114,4151000.0,127609000.0,1.0,97047826.0,96902000,98184000.0,10.838,763079000.0,34138000.0,41066000.0,19139000.0,7.875,314248000.0
61,WAB,MRT,2006-03-31,2006-03-31,2006-03-31,2021-07-29,-26901000.0,862438000.0,822476500.0,514784000.0,347654000.0,1.282,4.292,-19953000.0,191456000.0,191456000.0,776909000.0,66574000.0,2.172,1.089,150000000.0,0.0,150000000.0,150000000.0,0.0,24357000.0,70826000.0,0.001,0.02,112428000.0,136785000.0,0.13,136785000.0,112428000.0,104430000.0,0.7,0.69,0.7,412816000.0,374902000.0,412816000.0,1585505606.0,14.0,11.591,97042000.0,1.009,1.0,277724000.0,0.263,156857000.0,7998000.0,427091000.0,452707500.0,128661000.0,0.0,0.0,0.0,449622000.0,237034000.0,212588000.0,1576870606.0,123306000.0,1714000.0,28852000.0,-129000.0,-1917000.0,28587000.0,-18241000.0,0.0,116995000.0,-4035000.0,66574000.0,66574000.0,66574000.0,1836000.0,0.0,0.063,160826000.0,116898000.0,92807000.0,0.029,3.82,23.686,23.286,161380000.0,0.0,16.3,1.495,1.487,168445000.0,356307000.0,1054633000.0,1054633000.0,32207000.0,0.081,0.178,0.248,0.107,5694000.0,125472000.0,1.0,96740528.0,96182000,97482000.0,10.965,705581000.0,31821000.0,37856000.0,18900000.0,7.336,277750000.0
62,WAB,MRT,2005-12-31,2005-12-31,2005-12-31,2021-07-29,-26925000.0,836357000.0,793394750.0,482926000.0,353431000.0,1.303,4.047,-21687000.0,141365000.0,141365000.0,774378000.0,55776000.0,2.041,1.206,150000000.0,0.0,150000000.0,150000000.0,0.0,24998000.0,71098000.0,0.001,0.02,96965000.0,121963000.0,0.118,121963000.0,96965000.0,87607000.0,0.595,0.585,0.595,379207000.0,352540500.0,379207000.0,1333193057.0,14.0,10.931,62634000.0,0.669,1.0,259646000.0,0.251,157310000.0,9358000.0,451111000.0,461497000.0,110873000.0,0.0,0.0,0.0,457150000.0,236571000.0,220579000.0,1288973057.0,46108000.0,-35916000.0,29804000.0,-129000.0,-1900000.0,27775000.0,-57607000.0,0.0,84321000.0,-8381000.0,55776000.0,55776000.0,55776000.0,1909000.0,0.0,0.054,157717000.0,101929000.0,93551000.0,0.034,3.399,23.11,22.605,161601000.0,0.0,13.45,1.247,1.219,206891000.0,336744000.0,1034024000.0,1034024000.0,32762000.0,0.07,0.158,0.21,0.094,3302000.0,121696000.0,1.0,95834428.0,93690000,95190000.0,11.037,679047000.0,34266000.0,31831000.0,11808000.0,7.248,246355000.0
63,WAB,MRT,2005-09-30,2005-09-30,2005-09-30,2021-07-29,-15978000.0,808069000.0,762654500.0,430552000.0,377517000.0,1.296,3.825,-21577000.0,106092000.0,106092000.0,742910000.0,48722000.0,1.925,1.22,150312000.0,0.0,150312000.0,150312000.0,0.0,26664000.0,39550000.0,0.001,0.02,84980000.0,111644000.0,0.113,111644000.0,84980000.0,76030000.0,0.52,0.515,0.52,363940000.0,335845250.0,363940000.0,1362255759.0,16.0,12.202,53983000.0,0.567,1.0,245245000.0,0.248,163203000.0,8950000.0,465479000.0,457348000.0,125468000.0,0.0,0.0,0.0,444129000.0,223607000.0,220522000.0,1298781759.0,8796000.0,-36344000.0,28933000.0,-40124000.0,-1876000.0,-13067000.0,-57923000.0,0.0,75560000.0,4226000.0,48722000.0,48722000.0,48722000.0,-52000.0,0.0,0.049,157102000.0,88143000.0,108952000.0,0.038,3.569,26.657,26.231,163156000.0,0.0,13.64,1.314,1.313,173352000.0,320927000.0,988155000.0,988155000.0,33193000.0,0.064,0.145,0.186,0.086,3014000.0,119925000.0,1.0,95218604.0,95148000,96622000.0,10.385,644866000.0,49670000.0,27308000.0,31308000.0,6.778,206945000.0
64,WAB,MRT,2005-06-30,2005-06-30,2005-06-30,2021-07-29,-19150000.0,783042000.0,733892250.0,407202000.0,375840000.0,1.275,3.667,-20804000.0,86852000.0,86852000.0,707199000.0,43074000.0,1.893,1.279,150326000.0,0.0,150326000.0,150326000.0,0.0,27102000.0,32399000.0,0.002,0.02,69665000.0,96767000.0,0.103,96767000.0,69665000.0,59814000.0,0.465,0.46,0.465,343645000.0,316397750.0,343645000.0,1088500383.0,16.0,11.249,41506000.0,0.443,1.0,228180000.0,0.244,164272000.0,9851000.0,467149000.0,459616500.0,117756000.0,10058000.0,10058000.0,0.0,439397000.0,215095000.0,224302000.0,1006241383.0,-7977000.0,-36405000.0,29774000.0,-40199000.0,-1846000.0,-12271000.0,-57211000.0,0.0,62310000.0,-805000.0,43074000.0,43074000.0,43074000.0,-472000.0,0.0,0.046,157664000.0,70516000.0,112258000.0,0.043,2.928,23.361,23.097,162012000.0,0.0,10.74,1.076,1.076,168050000.0,306335000.0,935379000.0,935379000.0,33579000.0,0.059,0.136,0.152,0.074,2059000.0,120226000.0,1.0,93691004.0,93724000,95088000.0,9.98,618770000.0,49665000.0,16740000.0,26077000.0,6.602,192107000.0
65,WAB,MRT,2005-03-31,2005-03-31,2005-03-31,2021-07-29,-12644000.0,746111000.0,708415750.0,363709000.0,382402000.0,1.236,3.495,-18616000.0,68150000.0,68150000.0,660932000.0,36886000.0,1.827,1.307,150409000.0,0.0,150409000.0,150409000.0,0.0,26555000.0,26183000.0,0.002,0.02,61276000.0,87831000.0,0.1,87831000.0,61276000.0,50267000.0,0.405,0.4,0.405,323370000.0,297688250.0,323370000.0,998049259.0,16.0,11.363,55920000.0,0.604,1.0,214658000.0,0.245,167067000.0,11009000.0,462249000.0,460780250.0,108268000.0,0.0,0.0,0.0,422741000.0,199054000.0,223687000.0,942712259.0,10085000.0,-35579000.0,27110000.0,-40115000.0,-1828000.0,-14840000.0,-54197000.0,0.0,74536000.0,4586000.0,36886000.0,36886000.0,36886000.0,-254000.0,0.0,0.042,152377000.0,62281000.0,111286000.0,0.049,2.915,25.557,25.296,164699000.0,0.0,10.245,1.077,1.083,160025000.0,291650000.0,875590000.0,875590000.0,33653000.0,0.052,0.124,0.133,0.07,1585000.0,115193000.0,1.0,92016814.0,92518000,93970000.0,9.464,579044000.0,49991000.0,13381000.0,19851000.0,6.259,164655000.0
66,WAB,MRT,2004-12-31,2004-12-31,2004-12-31,2021-07-29,-9777000.0,713396000.0,685397250.0,359573000.0,353823000.0,1.199,3.472,-17808000.0,95257000.0,95257000.0,616854000.0,32445000.0,1.988,1.283,150594000.0,0.0,150594000.0,150594000.0,0.0,26112000.0,27693000.0,0.002,0.02,54734000.0,80846000.0,0.098,80846000.0,54734000.0,43206000.0,0.36,0.355,0.36,312426000.0,279835000.0,312426000.0,1073715237.0,20.0,13.281,35672000.0,0.396,1.0,205164000.0,0.25,153346000.0,11528000.0,434515000.0,468358250.0,96992000.0,0.0,0.0,0.0,400970000.0,180872000.0,220098000.0,980899237.0,24929000.0,0.0,22774000.0,-40115000.0,-1811000.0,-19152000.0,-17808000.0,0.0,53480000.0,8409000.0,32445000.0,32445000.0,32445000.0,-349000.0,0.0,0.039,149759000.0,55405000.0,92189000.0,0.056,3.14,30.233,29.611,150961000.0,0.0,10.66,1.193,1.167,139843000.0,282868000.0,822018000.0,822018000.0,33795000.0,0.047,0.116,0.117,0.067,1434000.0,112621000.0,1.0,92016814.0,89986000,91574000.0,9.135,560050000.0,51598000.0,10761000.0,17822000.0,6.224,178701000.0
67,WAB,MRT,2004-09-30,2004-09-30,2004-09-30,2021-07-29,-17918000.0,693020000.0,671124500.0,369880000.0,323140000.0,1.198,3.144,-14498000.0,97296000.0,97296000.0,600724000.0,29089000.0,2.234,1.422,190112000.0,0.0,190112000.0,190112000.0,0.0,25972000.0,23377000.0,0.002,0.02,50712000.0,76684000.0,0.095,76684000.0,50712000.0,37935000.0,0.325,0.325,0.325,286150000.0,263801750.0,286150000.0,946467258.0,19.0,12.342,44875000.0,0.493,1.0,203262000.0,0.253,145733000.0,12777000.0,474553000.0,479578000.0,97645000.0,0.0,0.0,0.0,406870000.0,165550000.0,241320000.0,851097258.0,70904000.0,0.0,26691000.0,-5360000.0,-1787000.0,24788000.0,-14498000.0,0.0,59373000.0,1241000.0,29089000.0,29089000.0,29089000.0,-325000.0,0.0,0.036,150250000.0,53012000.0,89115000.0,0.062,2.974,29.258,28.754,150870000.0,0.0,9.345,1.059,1.058,136154000.0,274081000.0,803986000.0,803986000.0,34119000.0,0.043,0.11,0.106,0.063,0.0,112652000.0,1.0,91075148.0,91006000,92552000.0,8.834,547287000.0,36493000.0,8846000.0,6335000.0,6.014,204330000.0
68,WAB,MRT,2004-06-30,2004-06-30,2004-06-30,2021-07-29,-21748000.0,681136000.0,656742750.0,350829000.0,330307000.0,1.17,3.0,-14539000.0,94829000.0,94829000.0,571498000.0,25264000.0,2.215,1.534,190199000.0,0.0,190199000.0,190199000.0,0.0,25797000.0,21258000.0,0.002,0.02,51842000.0,77639000.0,0.101,77639000.0,51842000.0,39568000.0,0.285,0.29,0.285,268807000.0,248950500.0,268807000.0,939009625.0,18.0,12.095,51413000.0,0.574,1.0,196783000.0,0.256,146312000.0,12274000.0,471804000.0,484735500.0,94378000.0,0.0,0.0,0.0,412329000.0,158390000.0,253939000.0,806863625.0,86124000.0,0.0,24804000.0,7728000.0,-1771000.0,31420000.0,-14558000.0,0.0,65952000.0,3310000.0,25264000.0,25264000.0,25264000.0,-378000.0,0.0,0.033,142911000.0,53872000.0,81293000.0,0.07,3.002,31.937,31.649,151410000.0,0.0,9.02,1.05,1.052,130332000.0,265107000.0,768281000.0,768281000.0,33484000.0,0.038,0.101,0.107,0.067,0.0,105635000.0,1.0,89452730.0,89594000,91052000.0,8.575,534824000.0,41802000.0,14304000.0,11463000.0,5.969,192439000.0
69,WAB,MRT,2004-03-31,2004-03-31,2004-03-31,2021-07-29,-21276000.0,654037000.0,639002250.0,321518000.0,332519000.0,1.153,2.821,-13831000.0,58065000.0,58065000.0,544937000.0,21827000.0,2.188,1.596,190211000.0,0.0,190211000.0,190211000.0,0.0,25820000.0,17945000.0,0.003,0.02,45722000.0,71542000.0,0.097,71542000.0,45722000.0,34180000.0,0.25,0.255,0.25,251957000.0,236611500.0,251957000.0,759449699.0,17.0,10.615,34431000.0,0.385,1.0,191692000.0,0.26,146652000.0,11542000.0,492561000.0,488775500.0,98085000.0,0.0,0.0,0.0,402080000.0,146970000.0,255110000.0,636354699.0,45217000.0,0.0,16340000.0,-2249000.0,-1765000.0,12506000.0,-13896000.0,0.0,48262000.0,-1655000.0,21827000.0,21827000.0,21827000.0,-334000.0,0.0,0.03,142529000.0,49163000.0,79591000.0,0.08,2.526,29.154,28.48,153186000.0,0.0,7.12,0.864,0.863,130094000.0,256592000.0,736629000.0,736629000.0,33473000.0,0.034,0.092,0.094,0.062,0.0,104964000.0,1.0,89375660.0,89322000,90672000.0,8.247,507385000.0,42281000.0,12353000.0,10879000.0,5.68,174548000.0
70,WAB,MRT,2003-12-31,2003-12-31,2003-12-31,2021-07-29,-19889000.0,656305000.0,627905250.0,322092000.0,334213000.0,1.143,2.851,-12422000.0,70328000.0,70328000.0,528474000.0,22703000.0,2.108,1.643,193423000.0,0.0,193423000.0,193423000.0,0.0,25284000.0,16818000.0,0.002,0.02,46611000.0,71895000.0,0.1,71895000.0,46611000.0,35493000.0,0.26,0.26,0.26,248293000.0,225775500.0,248293000.0,910982482.0,20.0,12.671,43482000.0,0.499,1.0,189450000.0,0.264,147226000.0,11118000.0,479394000.0,488535750.0,91809000.0,0.0,0.0,0.0,408012000.0,152780000.0,255232000.0,747154482.0,51118000.0,0.0,15876000.0,-4949000.0,-1751000.0,9176000.0,-12549000.0,0.0,55904000.0,-1413000.0,22703000.0,22703000.0,22703000.0,-451000.0,0.0,0.032,139636000.0,49814000.0,79747000.0,0.077,3.009,32.91,32.769,153839000.0,0.0,8.52,1.041,1.033,129074000.0,252234000.0,717924000.0,717924000.0,32929000.0,0.036,0.101,0.095,0.065,0.0,102398000.0,1.0,87694188.0,87076000,87948000.0,8.245,509079000.0,43772000.0,12790000.0,11757000.0,5.846,169312000.0
71,WAB,MRT,2003-09-30,2003-09-30,2003-09-30,2021-07-29,-22788000.0,635493000.0,611045250.0,288497000.0,346996000.0,1.128,2.603,-11666000.0,26392000.0,26392000.0,506894000.0,22062000.0,1.852,1.803,190220000.0,0.0,190220000.0,190220000.0,0.0,24583000.0,19071000.0,0.003,0.02,44304000.0,68887000.0,0.1,68887000.0,44304000.0,33198000.0,0.255,0.255,0.255,226745000.0,213517750.0,226745000.0,863039893.0,19.0,12.528,24524000.0,0.282,1.0,182314000.0,0.265,148323000.0,11106000.0,495183000.0,488329500.0,100358000.0,0.0,0.0,0.0,408748000.0,155815000.0,252933000.0,689941893.0,8352000.0,0.0,3365000.0,-191641000.0,-1773000.0,-18972000.0,-11839000.0,0.0,36190000.0,2973000.0,22062000.0,22062000.0,22062000.0,-300000.0,0.0,0.032,134537000.0,47777000.0,77887000.0,0.078,3.043,31.273,31.078,148501000.0,0.0,7.925,1.001,1.002,132437000.0,246779000.0,689208000.0,689208000.0,32739000.0,0.036,0.103,0.091,0.064,0.0,97593000.0,1.0,87058914.0,87106000,88350000.0,7.912,487170000.0,0.0,11136000.0,6667000.0,5.593,132682000.0
72,WAB,MRT,2003-06-30,2003-06-30,2003-06-30,2021-07-29,-22807000.0,610174000.0,603530750.0,264489000.0,345685000.0,1.132,2.524,-10501000.0,8705000.0,8705000.0,501268000.0,20349000.0,1.809,1.78,181803000.0,809000.0,180994000.0,181803000.0,0.0,24349000.0,17025000.0,0.003,0.02,43779000.0,68128000.0,0.1,68128000.0,43779000.0,30363000.0,0.235,0.235,0.235,219451000.0,206104250.0,219451000.0,784322797.0,18.0,11.512,26464000.0,0.304,1.0,182173000.0,0.267,149062000.0,13416000.0,487964000.0,490178750.0,93467000.0,0.0,0.0,0.0,390723000.0,146246000.0,244477000.0,604905797.0,-29523000.0,0.0,2148000.0,-57594000.0,-1688000.0,-57793000.0,-10672000.0,0.0,36965000.0,1977000.0,20349000.0,20349000.0,20349000.0,-295000.0,0.0,0.03,133724000.0,48449000.0,72218000.0,0.085,2.756,29.727,29.596,149465000.0,0.0,6.955,0.885,0.885,131669000.0,241614000.0,683441000.0,683441000.0,33525000.0,0.034,0.099,0.089,0.064,0.0,95666000.0,1.0,86974234.0,86956000,87580000.0,7.86,461112000.0,0.0,10014000.0,3205000.0,5.303,118243000.0
73,WAB,MRT,2003-03-31,2003-03-31,2003-03-31,2021-07-29,-28218000.0,609649000.0,627294250.0,265614000.0,344035000.0,1.097,2.4,-10694000.0,12848000.0,12848000.0,508426000.0,19644000.0,1.803,1.922,192265000.0,839000.0,191426000.0,192265000.0,0.0,24672000.0,12997000.0,0.003,0.02,45426000.0,70098000.0,0.102,70098000.0,45426000.0,29022000.0,0.225,0.225,0.225,208613000.0,215528000.0,208613000.0,680515234.0,15.0,9.708,27737000.0,0.319,1.0,179967000.0,0.261,150131000.0,16404000.0,491602000.0,496362000.0,91752000.0,0.0,0.0,0.0,401036000.0,147333000.0,253703000.0,504574234.0,-14696000.0,0.0,2394000.0,-48230000.0,-1822000.0,-47848000.0,-10851000.0,0.0,38431000.0,5572000.0,19644000.0,19644000.0,19644000.0,-396000.0,0.0,0.029,131570000.0,48397000.0,71900000.0,0.089,2.419,25.686,25.8,148505000.0,0.0,5.805,0.733,0.733,130088000.0,236530000.0,688393000.0,688393000.0,33755000.0,0.031,0.091,0.092,0.066,0.0,92978000.0,1.0,86920626.0,86906000,87198000.0,7.921,459518000.0,0.0,9378000.0,5240000.0,5.288,118281000.0
74,WAB,MRT,2002-12-31,2002-12-31,2002-12-31,2021-07-29,-32092000.0,588865000.0,648992000.0,245223000.0,343642000.0,1.073,2.301,-10464000.0,19210000.0,19210000.0,516724000.0,-45479000.0,1.813,1.955,195151000.0,833000.0,194318000.0,195151000.0,0.0,25513000.0,10827000.0,0.003,0.02,-18750000.0,6763000.0,0.01,6763000.0,-18750000.0,-37885000.0,-0.525,-0.52,-0.525,199262000.0,225657250.0,199262000.0,803473408.0,-43.0,118.804,5194000.0,0.06,1.0,179471000.0,0.258,150974000.0,19135000.0,478569000.0,502273000.0,88470000.0,0.0,0.0,0.0,389603000.0,135263000.0,254340000.0,609909408.0,-34739000.0,-254000.0,3695000.0,-45941000.0,-1808000.0,-44054000.0,-10817000.0,0.0,15658000.0,4474000.0,-45479000.0,-45479000.0,-45479000.0,126000.0,0.0,-0.065,132741000.0,46730000.0,62104000.0,-0.038,3.061,-13.411,-13.371,148592000.0,0.0,7.02,0.876,0.873,108019000.0,231282000.0,696195000.0,696195000.0,33592000.0,-0.07,-0.202,-0.037,-0.027,0.0,93827000.0,1.0,86881682.0,86582000,87234000.0,8.041,437891000.0,49725000.0,7594000.0,12699000.0,5.058,109960000.0
75,WAB,MRT,2002-09-30,2002-09-30,2002-09-30,2021-07-29,-28788000.0,605435000.0,684263750.0,248311000.0,357124000.0,1.033,2.273,-11405000.0,18040000.0,18040000.0,526403000.0,-13663000.0,1.708,2.072,211604000.0,819000.0,210785000.0,211604000.0,0.0,27044000.0,9272000.0,0.003,0.02,12064000.0,39108000.0,0.055,39108000.0,12064000.0,-9933000.0,-0.16,-0.16,-0.16,197091000.0,237159500.0,197091000.0,813211334.0,67.0,20.794,21988000.0,0.254,1.0,180574000.0,0.255,151036000.0,21997000.0,502580000.0,504759750.0,97128000.0,0.0,0.0,0.0,408344000.0,145383000.0,262961000.0,610555334.0,17979000.0,237659000.0,3581000.0,-67146000.0,-1773000.0,-241659000.0,226594000.0,0.0,33393000.0,-349000.0,-13663000.0,-13663000.0,-13663000.0,-41067000.0,0.0,-0.019,145578000.0,34996000.0,64503000.0,-0.125,3.098,-44.687,-44.0,159269000.0,0.0,7.04,0.864,0.864,103772000.0,226490000.0,706977000.0,706977000.0,33124000.0,-0.02,-0.058,0.024,0.017,0.0,95583000.0,1.0,86726610.0,86722000,87230000.0,8.152,454399000.0,0.0,3730000.0,15701000.0,5.24,102928000.0
76,WAB,MRT,2002-06-30,2002-06-30,2002-06-30,2021-07-29,-25966000.0,705228000.0,757206000.0,277857000.0,427371000.0,0.966,2.968,-12496000.0,38228000.0,38228000.0,546337000.0,-11160000.0,1.81,1.743,240884000.0,807000.0,240077000.0,240884000.0,0.0,29494000.0,11322000.0,0.003,0.02,14557000.0,44051000.0,0.06,44051000.0,14557000.0,-10494000.0,-0.13,-0.13,-0.13,257146000.0,241608250.0,257146000.0,831130858.0,57.0,18.867,21655000.0,0.25,1.0,185072000.0,0.253,241689000.0,25051000.0,512697000.0,607042000.0,100269000.0,0.0,0.0,0.0,448082000.0,153498000.0,294584000.0,617189858.0,30850000.0,237659000.0,4343000.0,-230856000.0,-1839000.0,-228352000.0,225406000.0,0.0,34151000.0,-355000.0,-11160000.0,-11160000.0,-11160000.0,-43595000.0,0.0,-0.015,150314000.0,34758000.0,74620000.0,-0.154,2.4,-55.304,-54.808,164410000.0,0.0,7.125,0.844,0.844,107982000.0,284616000.0,731409000.0,731409000.0,32913000.0,-0.015,-0.046,0.024,0.02,0.0,97157000.0,1.0,86623138.0,86642000,87468000.0,8.442,463539000.0,0.0,666000.0,14781000.0,5.35,124359000.0
77,WAB,MRT,2002-03-31,2002-03-31,2002-03-31,2021-07-29,-29149000.0,696440000.0,807354500.0,268052000.0,428388000.0,0.924,2.884,-12943000.0,27544000.0,27544000.0,552425000.0,-8019000.0,1.758,1.795,241485000.0,788000.0,240697000.0,241485000.0,0.0,31358000.0,11393000.0,0.003,0.02,21343000.0,52701000.0,0.071,52701000.0,21343000.0,-6679000.0,-0.09,-0.095,-0.09,249130000.0,229960250.0,249130000.0,1101288681.0,52.0,20.897,42711000.0,0.494,1.0,193293000.0,0.259,242686000.0,28022000.0,515246000.0,711870750.0,105306000.0,0.0,0.0,0.0,447310000.0,152449000.0,294861000.0,646337681.0,19594000.0,240536000.0,3734000.0,-266473000.0,-1682000.0,-264421000.0,229069000.0,0.0,55654000.0,-708000.0,-8019000.0,-8019000.0,-8019000.0,-45121000.0,0.0,-0.011,153261000.0,40032000.0,73880000.0,-0.222,2.594,-80.601,-83.278,164916000.0,0.0,7.495,0.867,0.868,104480000.0,280372000.0,745718000.0,745718000.0,32753000.0,-0.01,-0.035,0.03,0.029,0.0,97214000.0,1.0,86235848.0,86396000,87024000.0,8.631,453754000.0,0.0,1340000.0,14958000.0,5.252,115603000.0
78,WAB,MRT,2001-12-31,2001-12-31,2001-12-31,2021-07-29,-29675000.0,729952000.0,872263000.0,295694000.0,434258000.0,0.898,2.855,-14801000.0,53949000.0,53949000.0,573772000.0,61780000.0,1.588,1.976,241870000.0,782000.0,241088000.0,241870000.0,0.0,33061000.0,10314000.0,0.003,0.02,99746000.0,132807000.0,0.169,132807000.0,99746000.0,66245000.0,0.72,0.715,0.72,245271000.0,217690250.0,245271000.0,985301465.0,10.0,7.419,104296000.0,1.214,1.0,209926000.0,0.268,243136000.0,33501000.0,488516000.0,830741250.0,104930000.0,0.0,0.0,0.0,484681000.0,186221000.0,298460000.0,530350465.0,47878000.0,241290000.0,2774000.0,-298280000.0,-1681000.0,-297187000.0,227413000.0,0.0,119097000.0,-1445000.0,61780000.0,61780000.0,61780000.0,-47818000.0,0.0,0.079,155868000.0,54058000.0,75150000.0,0.028,2.162,8.585,8.542,167695000.0,0.0,6.15,0.677,0.674,106527000.0,278569000.0,783698000.0,783698000.0,33156000.0,0.071,0.284,0.12,0.127,0.0,96723000.0,1.0,86235848.0,85898000,86396000.0,9.124,486816000.0,26820000.0,4465000.0,52806000.0,5.667,109473000.0
79,WAB,MRT,2001-09-30,2001-09-30,2001-09-30,2021-07-29,-22849000.0,897204000.0,935786750.0,389527000.0,507677000.0,0.687,2.499,-24836000.0,61000.0,61000.0,456173000.0,29205000.0,2.203,3.175,455012000.0,775000.0,454237000.0,455012000.0,0.0,26046000.0,14783000.0,0.004,0.02,72172000.0,98218000.0,0.153,98218000.0,72172000.0,35030000.0,0.345,0.34,0.345,214886000.0,205465250.0,214886000.0,933612572.0,13.0,9.506,96432000.0,1.121,1.0,187095000.0,0.291,263609000.0,37142000.0,911709000.0,974143000.0,186617000.0,0.0,0.0,0.0,682318000.0,176837000.0,505481000.0,469317572.0,-11056000.0,3377000.0,720000.0,-117531000.0,-1676000.0,-118487000.0,-16432000.0,0.0,121268000.0,2595000.0,29205000.0,29205000.0,29205000.0,-12644000.0,0.0,0.045,126213000.0,60882000.0,77048000.0,0.058,2.184,16.07,15.797,202102000.0,0.0,5.45,0.73,0.729,178691000.0,241927000.0,643268000.0,643268000.0,33342000.0,0.031,0.142,0.074,0.112,0.0,78931000.0,1.0,86113316.0,85998000,86608000.0,7.48,633595000.0,0.0,5825000.0,15745000.0,7.368,212690000.0
80,WAB,MRT,2001-06-30,2001-06-30,2001-06-30,2021-07-29,-19555000.0,905822000.0,963218500.0,387354000.0,518468000.0,0.74,2.452,-26464000.0,7378000.0,7378000.0,505688000.0,19283000.0,2.261,3.302,471673000.0,761000.0,470912000.0,471673000.0,0.0,27369000.0,19749000.0,0.003,0.02,72992000.0,100361000.0,0.141,100361000.0,72992000.0,32035000.0,0.23,0.225,0.23,210554000.0,199028500.0,210554000.0,1143804700.0,16.0,11.397,87524000.0,1.019,1.0,206889000.0,0.29,266779000.0,40957000.0,932012000.0,1023264750.0,189844000.0,0.0,0.0,0.0,695268000.0,171326000.0,523942000.0,643841700.0,505000.0,2727000.0,-6547000.0,-89485000.0,-1682000.0,-97714000.0,-18596000.0,0.0,113988000.0,2827000.0,19283000.0,19283000.0,19283000.0,-10068000.0,0.0,0.027,141106000.0,65783000.0,74938000.0,0.087,3.058,33.389,32.609,205779000.0,0.0,7.5,0.904,0.904,173197000.0,235956000.0,712577000.0,712577000.0,32834000.0,0.02,0.097,0.071,0.102,0.0,84081000.0,1.0,85845560.0,85874000,86424000.0,8.298,639043000.0,0.0,12752000.0,12794000.0,7.442,216028000.0
81,WAB,MRT,2001-03-31,2001-03-31,2001-03-31,2021-07-29,-22451000.0,956074000.0,986283750.0,425355000.0,530719000.0,0.778,2.332,-28353000.0,7950000.0,7950000.0,547042000.0,19344000.0,2.159,3.779,507913000.0,753000.0,507160000.0,507913000.0,0.0,29474000.0,29034000.0,0.003,0.02,76639000.0,106113000.0,0.138,106113000.0,76639000.0,33371000.0,0.225,0.225,0.225,200050000.0,196004250.0,200050000.0,1079245306.0,14.0,10.171,52591000.0,0.613,1.0,220582000.0,0.287,268307000.0,43268000.0,990728000.0,1064247250.0,195307000.0,0.0,0.0,0.0,756024000.0,197002000.0,559022000.0,545119306.0,-6781000.0,850000.0,-6323000.0,-55627000.0,-1688000.0,-63638000.0,-23563000.0,0.0,80944000.0,-524000.0,19344000.0,19344000.0,19344000.0,-8485000.0,0.0,0.025,151037000.0,69545000.0,80594000.0,0.089,2.725,28.18,28.222,210504000.0,0.0,6.35,0.71,0.709,207626000.0,228410000.0,767624000.0,767624000.0,32569000.0,0.02,0.099,0.072,0.1,0.0,89508000.0,1.0,85845560.0,85768000,86288000.0,8.95,687767000.0,0.0,14027000.0,12634000.0,8.019,228353000.0
82,WAB,MRT,2000-12-31,2000-12-31,2000-12-31,2021-07-29,-15482000.0,984047000.0,999309000.0,447555000.0,536492000.0,0.812,2.267,-30831000.0,6071000.0,6071000.0,575516000.0,25393000.0,2.347,4.011,540197000.0,751000.0,539446000.0,540197000.0,0.0,32416000.0,25125000.0,0.003,0.02,87760000.0,120176000.0,0.148,120176000.0,87760000.0,44111000.0,0.295,0.295,0.295,196371000.0,194797250.0,196371000.0,1065202226.0,12.0,8.864,29383000.0,0.339,1.0,235662000.0,0.291,265394000.0,43649000.0,1062123000.0,1088333000.0,202828000.0,0.0,0.0,0.0,787676000.0,190656000.0,597020000.0,503725226.0,-985000.0,4850000.0,-7924000.0,-28390000.0,-1695000.0,-38009000.0,-21485000.0,0.0,60214000.0,-1705000.0,25393000.0,25393000.0,25393000.0,-6193000.0,0.0,0.031,157871000.0,77791000.0,86316000.0,0.068,2.565,19.837,19.915,214645000.0,0.0,5.875,0.621,0.627,218277000.0,218470000.0,811178000.0,811178000.0,32297000.0,0.025,0.13,0.081,0.108,0.0,94757000.0,1.0,85740464.0,86636000,86764000.0,9.363,718653000.0,30256000.0,18718000.0,25868000.0,8.295,256899000.0
83,WAB,MRT,2000-09-30,2000-09-30,2000-09-30,2021-07-29,-18950000.0,1006931000.0,1002466250.0,471806000.0,535125000.0,0.753,2.178,-16714000.0,11117000.0,11117000.0,527659000.0,-2502000.0,2.457,4.324,572594000.0,741000.0,571853000.0,572594000.0,0.0,33475000.0,23109000.0,0.004,0.02,46092000.0,79567000.0,0.105,79567000.0,46092000.0,4006000.0,-0.03,-0.02,-0.03,189139000.0,191174000.0,189139000.0,1075362361.0,23.0,13.515,18573000.0,0.214,1.0,227603000.0,0.301,268162000.0,42086000.0,1108196000.0,1094539250.0,218096000.0,0.0,0.0,0.0,817792000.0,192050000.0,625742000.0,521024361.0,-4305000.0,22620000.0,-16352000.0,7311000.0,-1522000.0,-10621000.0,-21844000.0,0.0,35287000.0,-7127000.0,-2502000.0,-2502000.0,-2502000.0,-13439000.0,0.0,-0.003,198780000.0,28823000.0,88001000.0,-0.667,2.755,-208.243,-167.667,214250000.0,0.0,5.03,0.69,0.578,233708000.0,214396000.0,755262000.0,755262000.0,31182000.0,-0.002,-0.013,0.042,0.061,0.0,91389000.0,1.0,103583372.0,86830000,86878000.0,8.698,738769000.0,0.0,6508000.0,6947000.0,8.508,279756000.0
84,WAB,MRT,2000-06-30,2000-06-30,2000-06-30,2021-07-29,-18861000.0,998083000.0,902136500.0,455321000.0,542762000.0,0.844,2.284,-18357000.0,6873000.0,6873000.0,522393000.0,18838000.0,2.453,4.029,561211000.0,749000.0,560462000.0,561211000.0,0.0,34546000.0,27994000.0,0.004,0.02,71112000.0,105658000.0,0.139,105658000.0,71112000.0,29565000.0,0.215,0.22,0.215,198457000.0,147108250.0,198457000.0,1086066895.0,15.0,10.279,35700000.0,0.411,1.0,238587000.0,0.314,270840000.0,41547000.0,1095942000.0,991720500.0,222779000.0,0.0,0.0,0.0,799626000.0,185639000.0,613987000.0,537191895.0,-6122000.0,23270000.0,-9171000.0,-21535000.0,-1345000.0,-31233000.0,-21051000.0,0.0,54057000.0,-7895000.0,18838000.0,18838000.0,18838000.0,-13439000.0,0.0,0.025,185877000.0,52710000.0,83967000.0,0.093,2.707,28.516,24.14,217776000.0,0.0,5.19,0.706,0.593,212615000.0,218353000.0,760980000.0,760980000.0,32165000.0,0.021,0.128,0.072,0.093,0.0,88662000.0,1.0,103505182.0,86908000,87020000.0,8.756,727243000.0,0.0,10727000.0,7273000.0,8.368,269682000.0
85,WAB,MRT,2000-03-31,2000-03-31,2000-03-31,2021-07-29,-13694000.0,1008175000.0,804226250.0,455453000.0,552722000.0,1.0,2.256,-21005000.0,14731000.0,14731000.0,542125000.0,33235000.0,2.325,4.164,563606000.0,749000.0,562857000.0,563606000.0,0.0,33896000.0,31016000.0,0.004,0.02,94144000.0,128040000.0,0.159,128040000.0,94144000.0,52274000.0,0.385,0.38,0.385,195222000.0,96870500.0,195222000.0,1111559566.0,12.0,8.681,56135000.0,0.649,1.0,262335000.0,0.326,274123000.0,41870000.0,1087071000.0,892113750.0,222700000.0,0.0,0.0,0.0,812953000.0,195856000.0,617097000.0,550028566.0,-1066000.0,23612000.0,-8312000.0,-41048000.0,-1167000.0,-49616000.0,-25138000.0,0.0,77140000.0,-3452000.0,33235000.0,33235000.0,33235000.0,-13439000.0,0.0,0.041,185546000.0,76789000.0,82414000.0,0.052,2.817,16.55,13.792,221023000.0,0.0,5.31,0.684,0.571,206094000.0,210755000.0,804460000.0,804460000.0,33743000.0,0.041,0.343,0.106,0.117,0.0,92485000.0,1.0,103583534.0,86518000,86700000.0,9.298,734052000.0,0.0,19039000.0,10225000.0,8.484,259597000.0
86,WAB,MRT,1999-12-31,1999-12-31,1999-12-31,2021-07-29,-11298000.0,996676000.0,704547500.0,437248000.0,559428000.0,1.198,2.101,-24397000.0,7056000.0,7056000.0,569169000.0,36623000.0,2.251,4.48,568587000.0,743000.0,567844000.0,568587000.0,0.0,33292000.0,31827000.0,0.002,0.02,100300000.0,133592000.0,0.158,133592000.0,100300000.0,58310000.0,0.425,0.415,0.425,181878000.0,43224500.0,181878000.0,1033881193.0,10.0,7.739,52992000.0,0.612,1.0,274910000.0,0.326,277047000.0,41990000.0,1086948000.0,802352500.0,211396000.0,0.0,0.0,0.0,814798000.0,194212000.0,620586000.0,599974193.0,-1927000.0,-14472000.0,-5719000.0,-5028000.0,-986000.0,-11733000.0,-66371000.0,0.0,77389000.0,-1212000.0,36623000.0,36623000.0,36623000.0,-13439000.0,0.0,0.043,187158000.0,87752000.0,87388000.0,0.047,3.299,16.382,20.882,222691000.0,0.0,8.875,0.711,0.91,207444000.0,194772000.0,844079000.0,844079000.0,34414000.0,0.052,0.847,0.125,0.119,0.0,96082000.0,1.0,67602726.0,86574000,88468000.0,9.75,719629000.0,26173000.0,21687000.0,13209000.0,8.312,243036000.0
87,WAB,MRT,1999-09-30,1999-09-30,1999-09-30,2021-07-29,-5016000.0,605612000.0,697224000.0,267029000.0,338583000.0,2.004,0.148,-61021000.0,7487000.0,7487000.0,995296000.0,103206000.0,1.778,46.034,441394000.0,27666000.0,413728000.0,441394000.0,0.0,48792000.0,23070000.0,0.002,0.02,208276000.0,257068000.0,0.184,257068000.0,208276000.0,159702000.0,0.945,0.915,0.945,12876000.0,33774000.0,12876000.0,1063871574.0,5.0,4.138,45115000.0,0.518,1.0,402170000.0,0.288,192441000.0,48574000.0,696921000.0,787179750.0,110966000.0,0.0,0.0,0.0,592736000.0,150157000.0,442579000.0,620139574.0,-11308000.0,-193127000.0,5472000.0,136055000.0,-987000.0,141973000.0,-259658000.0,0.0,106136000.0,241000.0,103206000.0,103206000.0,103206000.0,0.0,0.0,0.074,203324000.0,198846000.0,45260000.0,0.021,48.162,6.009,9.624,132948000.0,0.0,9.095,0.444,0.567,123100000.0,219198000.0,1397466000.0,1397466000.0,38515000.0,0.148,3.056,0.265,0.149,0.0,148533000.0,1.0,68184670.0,87056000,89224000.0,16.052,413171000.0,0.0,56496000.0,8228000.0,4.746,116872000.0
88,WAB,MRT,1999-06-30,1999-06-30,1999-06-30,2021-07-29,-5600000.0,606442000.0,664956500.0,268505000.0,337937000.0,1.951,-0.029,-61472000.0,6487000.0,6487000.0,922117000.0,96241000.0,1.698,-244.16,450219000.0,27659000.0,422560000.0,450219000.0,0.0,43989000.0,18402000.0,0.002,0.02,193921000.0,237910000.0,0.183,237910000.0,193921000.0,149234000.0,0.955,0.925,0.955,-2494000.0,19306500.0,-2494000.0,1346382085.0,7.0,5.659,35921000.0,0.414,1.0,374944000.0,0.289,194547000.0,44687000.0,697515000.0,762347500.0,111444000.0,0.0,0.0,0.0,608936000.0,158112000.0,450824000.0,880519085.0,-8997000.0,-198327000.0,4350000.0,156000000.0,-984000.0,159923000.0,-267095000.0,0.0,97393000.0,782000.0,96241000.0,96241000.0,96241000.0,0.0,0.0,0.074,190637000.0,184307000.0,53259000.0,0.021,-353.055,9.149,13.581,130485000.0,0.0,12.97,0.679,0.867,127964000.0,206928000.0,1297061000.0,1297061000.0,36718000.0,0.145,4.985,0.254,0.15,0.0,139826000.0,1.0,67888904.0,86678000,89364000.0,14.964,411895000.0,0.0,52993000.0,9377000.0,4.752,110393000.0
89,WAB,MRT,1999-03-31,1999-03-31,1999-03-31,2021-07-29,-7353000.0,609460000.0,627705750.0,271824000.0,337636000.0,1.874,-0.224,-62811000.0,4627000.0,4627000.0,837496000.0,82791000.0,1.803,-32.477,470490000.0,20264000.0,450226000.0,470490000.0,0.0,40830000.0,17310000.0,0.002,0.02,171157000.0,211987000.0,0.18,211987000.0,171157000.0,130129000.0,0.875,0.845,0.875,-19362000.0,5782250.0,-19362000.0,1172885981.0,7.0,5.533,17217000.0,0.199,1.0,338973000.0,0.288,196535000.0,41028000.0,728026000.0,734943250.0,107703000.0,0.0,0.0,0.0,628822000.0,150762000.0,478060000.0,708391981.0,-5492000.0,-209883000.0,4390000.0,189228000.0,-982000.0,193100000.0,-278209000.0,0.0,80028000.0,-411000.0,82791000.0,82791000.0,82791000.0,0.0,0.0,0.07,174997000.0,163976000.0,51347000.0,0.023,-36.587,8.556,11.931,128066000.0,0.0,10.44,0.602,0.766,137921000.0,193965000.0,1176469000.0,1176469000.0,34105000.0,0.132,14.318,0.233,0.145,0.0,128161000.0,1.0,67853638.0,86364000,88704000.0,13.622,412925000.0,0.0,47338000.0,10039000.0,4.781,121062000.0
90,WAB,MRT,1998-12-31,1998-12-31,1998-12-31,2021-07-29,-13155000.0,967382000.0,583925500.0,435084000.0,532298000.0,1.774,1.685,-57838000.0,8983000.0,8983000.0,734426000.0,73851000.0,1.78,5.714,573615000.0,41128000.0,532487000.0,573615000.0,0.0,36615000.0,21600000.0,0.002,0.02,153077000.0,189692000.0,0.183,189692000.0,153077000.0,115966000.0,0.86,0.835,0.86,144076000.0,-6060000.0,144076000.0,1197851581.0,8.0,6.315,15573000.0,0.182,1.0,301701000.0,0.291,261272000.0,37111000.0,1026257000.0,688359500.0,196553000.0,0.0,0.0,0.0,823306000.0,244485000.0,578821000.0,827926581.0,-8750000.0,-180199000.0,3372000.0,158174000.0,-980000.0,161941000.0,-243795000.0,0.0,73411000.0,-307000.0,73851000.0,73851000.0,73851000.0,0.0,0.0,0.071,156672000.0,145029000.0,97267000.0,0.023,5.746,11.211,14.209,219238000.0,0.0,12.22,0.799,1.008,216935000.0,159135000.0,1036127000.0,1036127000.0,31636000.0,0.126,-12.187,0.222,0.148,0.0,113581000.0,1.0,67751766.0,85500000,88282000.0,12.118,706110000.0,19771000.0,42115000.0,12374000.0,8.259,190599000.0
91,WAB,MRT,1998-09-30,1998-09-30,1998-09-30,2021-07-29,-6834000.0,476542000.0,444799750.0,227834000.0,248708000.0,2.122,-0.893,-49836000.0,9833000.0,9833000.0,665085000.0,60468000.0,1.747,-11.591,379758000.0,15000000.0,364758000.0,379758000.0,0.0,35704000.0,20275000.0,0.002,0.02,133234000.0,168938000.0,0.179,168938000.0,133234000.0,98242000.0,0.74,0.71,0.74,-44994000.0,-61894750.0,-44994000.0,1039542026.0,8.0,6.153,40397000.0,0.802,1.0,278615000.0,0.295,118479000.0,34992000.0,597592000.0,565328250.0,88371000.0,0.0,0.0,0.0,521536000.0,130396000.0,391140000.0,668398026.0,21238000.0,-30592000.0,7624000.0,11859000.0,-978000.0,9675000.0,-78457000.0,0.0,90233000.0,-213000.0,60468000.0,60468000.0,60468000.0,0.0,0.0,0.064,145364000.0,133251000.0,48745000.0,0.027,-14.855,11.054,13.345,119450000.0,0.0,9.875,0.708,0.527,110880000.0,171557000.0,943700000.0,943700000.0,26505000.0,0.136,-0.977,0.236,0.141,0.0,107526000.0,1.0,67685876.0,50394000,51392000.0,18.726,358063000.0,0.0,37774000.0,6439000.0,7.105,97438000.0
92,WAB,MRT,1998-06-30,1998-06-30,1998-06-30,2021-07-29,-6038000.0,457439000.0,,215259000.0,242180000.0,,-1.127,-46904000.0,5095000.0,5095000.0,653145000.0,58458000.0,1.716,-9.083,376239000.0,15000000.0,361239000.0,376239000.0,0.0,35442000.0,18946000.0,0.002,0.02,130541000.0,165983000.0,0.179,165983000.0,130541000.0,95235000.0,0.705,0.675,0.705,-56591000.0,,-56591000.0,1248069598.0,10.0,7.519,44629000.0,0.889,1.0,272840000.0,0.295,115252000.0,35306000.0,587898000.0,,84872000.0,0.0,0.0,0.0,514030000.0,125433000.0,388597000.0,887515598.0,13787000.0,-31154000.0,9637000.0,94000.0,-975000.0,-478000.0,-76087000.0,0.0,91533000.0,-1181000.0,58458000.0,58458000.0,58458000.0,0.0,0.0,0.063,142734000.0,130106000.0,44372000.0,0.028,-15.683,15.182,18.617,116141000.0,0.0,13.125,0.958,0.711,107444000.0,160956000.0,925985000.0,925985000.0,25525000.0,,,,0.141,0.0,105566000.0,1.0,67620236.0,50192000,51674000.0,18.449,342187000.0,0.0,36777000.0,3983000.0,6.818,89826000.0
93,WAB,MRT,1998-03-31,1998-03-31,1998-03-31,2021-07-29,-4860000.0,434339000.0,,200341000.0,233998000.0,,-1.337,-45117000.0,4392000.0,4392000.0,627303000.0,58808000.0,1.415,-7.509,364946000.0,32600000.0,332346000.0,364946000.0,0.0,34774000.0,19477000.0,0.001,0.02,129767000.0,164541000.0,0.184,164541000.0,129767000.0,94373000.0,0.715,0.69,0.715,-66731000.0,,-66731000.0,1358371900.0,10.0,8.256,54265000.0,1.087,1.0,264696000.0,0.297,111602000.0,35394000.0,541691000.0,,73874000.0,0.0,0.0,0.0,501070000.0,141600000.0,359470000.0,994273900.0,12067000.0,-28670000.0,6466000.0,-12876000.0,-972000.0,-14195000.0,-71816000.0,0.0,99382000.0,-1304000.0,58808000.0,58808000.0,58808000.0,0.0,0.0,0.066,137890000.0,126806000.0,43176000.0,0.028,-14.9,16.907,20.629,109990000.0,0.0,14.75,1.115,0.826,102980000.0,152231000.0,891999000.0,891999000.0,24827000.0,,,,0.145,0.0,101520000.0,1.0,67408400.0,49924000,51338000.0,17.867,322737000.0,0.0,35565000.0,5570000.0,6.465,58741000.0
94,WAB,MRT,1997-12-31,1997-12-31,1997-12-31,2021-07-29,-4946000.0,410879000.0,387057500.0,180499000.0,230380000.0,2.249,-0.917,-44197000.0,836000.0,836000.0,611911000.0,57539000.0,1.37,-6.184,364934000.0,32600000.0,332334000.0,364934000.0,0.0,34591000.0,21210000.0,0.002,0.02,127471000.0,162062000.0,0.186,162062000.0,127471000.0,92579000.0,0.665,0.65,0.665,-79263000.0,-77729000.0,-79263000.0,,,,60065000.0,0.695,1.0,258460000.0,0.297,109065000.0,34892000.0,534132000.0,515858000.0,69297000.0,0.0,0.0,0.0,490142000.0,131780000.0,358362000.0,863501604.0,11879000.0,-24770000.0,-38078000.0,24159000.0,-1009000.0,-23758000.0,-66996000.0,0.0,104262000.0,-1629000.0,57539000.0,57539000.0,57539000.0,0.0,0.0,0.066,133867000.0,124593000.0,37582000.0,0.03,-10.894,15.007,19.263,108367000.0,0.0,12.81,0.992,1.272,91438000.0,141617000.0,870371000.0,870371000.0,24386000.0,0.149,-0.74,0.247,0.146,0.0,97908000.0,1.0,67408400.0,86420000,88400000.0,10.071,301814000.0,11169000.0,35040000.0,6049000.0,3.492,48719000.0
95,WAB,MRT,1997-09-30,1997-09-30,1997-09-30,2021-07-29,,,,,,,,,,,,,,,,,,,,,,0.002,0.02,,,,,,,,,,,,,,,,,,1.0,,,,,,,,,,,,,,,,,,,,,,,,,,,,,,,,,,,,,,,,11.56,,,,,,,,,,,,,,1.0,,49616000,,,,,,,,
96,WAB,MRT,1997-06-30,1997-06-30,1997-06-30,2021-07-29,,,,,,,,,,,,,,,,,,,,,,0.002,0.02,,,,,,,,,,,,,,,,,,1.0,,,,,,,,,,,,,,,,,,,,,,,,,,,,,,,,,,,,,,,,10.0,,,,,,,,,,,,,,1.0,,49340000,,,,,,,,
97,WAB,MRT,1997-03-31,1997-03-31,1997-03-31,2021-07-29,,,,,,,,,,,,,,,,,,,,,,0.003,0.02,,,,,,,,,,,,,,,,,,1.0,,,,,,,,,,,,,,,,,,,,,,,,,,,,,,,,,,,,,,,,6.5,,,,,,,,,,,,,,1.0,,57104000,,,,,,,,
98,WAB,MRT,1996-12-31,1996-12-31,1996-12-31,2021-07-29,-3108000.0,363236000.0,,150169000.0,213067000.0,,-1.338,-12855000.0,618000.0,618000.0,300163000.0,32725000.0,1.472,-5.767,341690000.0,29700000.0,311990000.0,341690000.0,0.0,22249000.0,13330000.0,0.004,0.025,79800000.0,102049000.0,0.225,102049000.0,79800000.0,53648000.0,0.575,0.575,0.575,-76195000.0,,-76195000.0,,,,46056000.0,0.809,1.0,153349000.0,0.338,104731000.0,26152000.0,497584000.0,,62355000.0,0.0,0.0,0.0,439431000.0,101993000.0,337438000.0,,408000.0,-78890000.0,-1629000.0,35755000.0,-1127000.0,32507000.0,-91745000.0,0.0,58911000.0,735000.0,32725000.0,32725000.0,32725000.0,0.0,0.0,0.072,73631000.0,79718000.0,23789000.0,0.043,,,10.974,95844000.0,0.0,6.31,,0.792,73507000.0,105363000.0,453512000.0,453512000.0,18244000.0,,,,0.176,0.0,47533000.0,1.0,,56946000,56946000.0,7.964,258505000.0,9517000.0,20923000.0,10049000.0,4.539,48176000.0
99,WAB,MRT,1995-12-31,1995-12-31,1995-12-31,2021-07-29,,,,,,,,-16205000.0,,,278901000.0,33725000.0,,,,,,,,18634000.0,,0.001,0.005,88125000.0,106759000.0,0.251,106759000.0,88125000.0,57127000.0,0.635,0.635,0.635,,,,,,,29676000.0,0.557,1.0,146058000.0,0.344,,30998000.0,,,,,,,,,,,-832000.0,-54900000.0,-192288000.0,227875000.0,-285000.0,24261000.0,-71105000.0,0.0,45881000.0,-131000.0,33725000.0,33725000.0,33725000.0,0.0,0.0,0.079,56756000.0,89302000.0,,0.008,,,8.362,,0.0,5.31,,0.666,,,424959000.0,424959000.0,14577000.0,,,,0.207,0.0,35838000.0,1.0,,53278000,53278000.0,7.976,,,23402000.0,,,
