None,ticker,dimension,calendardate,datekey,reportperiod,lastupdated,accoci,assets,assetsavg,assetsc,assetsnc,assetturnover,bvps,capex,cashneq,cashnequsd,cor,consolinc,currentratio,de,debt,debtc,debtnc,debtusd,deferredrev,depamor,deposits,divyield,dps,ebit,ebitda,ebitdamargin,ebitdausd,ebitusd,ebt,eps,epsdil,epsusd,equity,equityavg,equityusd,ev,evebit,evebitda,fcf,fcfps,fxusd,gp,grossmargin,intangibles,intexp,invcap,invcapavg,inventory,investments,investmentsc,investmentsnc,liabilities,liabilitiesc,liabilitiesnc,marketcap,ncf,ncfbus,ncfcommon,ncfdebt,ncfdiv,ncff,ncfi,ncfinv,ncfo,ncfx,netinc,netinccmn,netinccmnusd,netincdis,netincnci,netmargin,opex,opinc,payables,payoutratio,pb,pe,pe1,ppnenet,prefdivis,price,ps,ps1,receivables,retearn,revenue,revenueusd,rnd,roa,roe,roic,ros,sbcomp,sgna,sharefactor,sharesbas,shareswa,shareswadil,sps,tangibles,taxassets,taxexp,taxliabilities,tbvps,workingcapital
0,PHM,MRY,2020-12-31,2020-12-31,2020-12-31,2021-07-27,0.0,12205498000.0,11488094750.0,,,0.961,24.464,-58354000.0,2632235000.0,2632235000.0,8257930000.0,1406839000.0,,0.858,3164123000.0,,,3164123000.0,0.0,66081000.0,449474000.0,0.012,0.5,1728694000.0,1794775000.0,0.163,1794775000.0,1728694000.0,1728694000.0,5.19,5.18,5.19,6569989000.0,6048015750.0,6569989000.0,12474010155.0,7.0,6.95,1725988000.0,6.427,1.0,2778152000.0,0.252,163425000.0,0.0,12573961000.0,12479496000.0,7749760000.0,600541000.0,,,5635509000.0,,,11560202155.0,1380779000.0,-56065000.0,-170676000.0,19981000.0,-130179000.0,-295616000.0,-107947000.0,0.0,1784342000.0,0.0,1406839000.0,1406839000.0,1406839000.0,0.0,0.0,0.127,1049458000.0,1728694000.0,511321000.0,0.096,1.76,8.217,8.308,0.0,0.0,43.12,1.047,1.049,0.0,3306057000.0,11036082000.0,11036082000.0,0.0,0.122,0.233,0.139,0.157,32843000.0,1011442000.0,1.0,268093742.0,268553000,269414000.0,41.095,12042073000.0,136267000.0,321855000.0,103548000.0,44.841,
1,PHM,MRY,2019-12-31,2019-12-31,2019-12-31,2021-07-27,-245000.0,10715597000.0,10320745750.0,,,0.99,19.884,-58119000.0,1251456000.0,1251456000.0,7815568000.0,1016700000.0,,0.963,3091613000.0,,,3091613000.0,0.0,53999000.0,294427000.0,0.012,0.45,1339576000.0,1393575000.0,0.136,1393575000.0,1339576000.0,1339576000.0,3.67,3.66,3.67,5458180000.0,5160754500.0,5458180000.0,12739693159.0,10.0,9.142,1017883000.0,3.708,1.0,2397389000.0,0.235,124992000.0,0.0,12430762000.0,12329838750.0,7704623000.0,568733000.0,,,5257417000.0,,,10514796159.0,117756000.0,-173025000.0,-274333000.0,-331826000.0,-122350000.0,-733560000.0,-224686000.0,0.0,1076002000.0,0.0,1016700000.0,1016700000.0,1016700000.0,0.0,0.0,0.1,1057813000.0,1339576000.0,435916000.0,0.123,1.926,10.342,10.572,0.0,0.0,38.8,1.03,1.043,0.0,2220574000.0,10212957000.0,10212957000.0,0.0,0.099,0.197,0.109,0.131,28368000.0,1044337000.0,1.0,270999901.0,274495000,275297000.0,37.206,10590605000.0,170107000.0,322876000.0,0.0,38.582,
2,PHM,MRY,2018-12-31,2018-12-31,2018-12-31,2021-07-27,-345000.0,10172976000.0,9937506750.0,,,1.025,16.989,-59039000.0,1133700000.0,1133700000.0,7814919000.0,1022023000.0,,1.112,3376478000.0,,,3376478000.0,0.0,49429000.0,254624000.0,0.015,0.38,1347540000.0,1396969000.0,0.137,1396969000.0,1347540000.0,1347540000.0,3.56,3.55,3.56,4817782000.0,4587007250.0,4817782000.0,9796725019.0,7.0,7.013,1389241000.0,4.899,1.0,2373412000.0,0.233,127192000.0,0.0,12288562000.0,12494544250.0,7290202000.0,515944000.0,,,5355194000.0,,,7299586019.0,827532000.0,10275000.0,-294566000.0,-180332000.0,-104020000.0,-580273000.0,-40475000.0,0.0,1448280000.0,0.0,1022023000.0,1022023000.0,1022023000.0,0.0,0.0,0.1,1025872000.0,1347540000.0,352029000.0,0.107,1.515,7.142,7.301,0.0,0.0,25.99,0.716,0.723,0.0,1613929000.0,10188331000.0,10188331000.0,0.0,0.103,0.223,0.108,0.132,28290000.0,1012023000.0,1.0,280861332.0,283578000,284865000.0,35.928,10045784000.0,275579000.0,325517000.0,11580000.0,35.425,
3,PHM,MRY,2017-12-31,2017-12-31,2017-12-31,2021-07-27,-445000.0,9686649000.0,9847902500.0,,,0.871,13.616,-32051000.0,306168000.0,306168000.0,6714890000.0,447221000.0,,1.332,3444771000.0,,,3444771000.0,0.0,50998000.0,250779000.0,0.011,0.36,938828000.0,989826000.0,0.115,989826000.0,938828000.0,938828000.0,1.45,1.44,1.45,4154026000.0,4400814500.0,4154026000.0,13016135296.0,14.0,13.15,631029000.0,2.068,1.0,1862796000.0,0.217,140992000.0,0.0,12684260000.0,12759405000.0,7215514000.0,633557000.0,,,5532623000.0,,,9774424296.0,-417080000.0,-23037000.0,-910331000.0,-28564000.0,-112748000.0,-1029918000.0,-50242000.0,0.0,663080000.0,0.0,447221000.0,447221000.0,447221000.0,0.0,0.0,0.052,923968000.0,938828000.0,393815000.0,0.248,2.353,21.856,22.931,0.0,0.0,33.25,1.14,1.183,0.0,980061000.0,8577686000.0,8577686000.0,0.0,0.045,0.102,0.074,0.109,33683000.0,891581000.0,1.0,293967648.0,305089000,306814000.0,28.115,9545657000.0,645295000.0,491607000.0,86925000.0,31.288,
4,PHM,MRY,2016-12-31,2016-12-31,2016-12-31,2021-07-27,-526000.0,10178200000.0,9850067000.0,,,0.779,13.714,-39295000.0,723248000.0,723248000.0,5728662000.0,602703000.0,,1.184,3460919000.0,,,3460919000.0,0.0,54007000.0,187891000.0,0.02,0.36,933850000.0,987857000.0,0.129,987857000.0,933850000.0,933850000.0,1.76,1.75,1.76,4659363000.0,4730759750.0,4659363000.0,8886667550.0,10.0,8.996,28975000.0,0.085,1.0,1947868000.0,0.254,154792000.0,0.0,12761079000.0,12253200000.0,6802383000.0,590943000.0,,,5518837000.0,,,6078996550.0,-52187000.0,-444997000.0,-603206000.0,1072762000.0,-124666000.0,350735000.0,-471192000.0,0.0,68270000.0,0.0,602703000.0,602703000.0,602703000.0,0.0,0.0,0.079,1014018000.0,933850000.0,405455000.0,0.205,1.305,10.086,10.443,0.0,0.0,18.38,0.792,0.813,0.0,1540208000.0,7676530000.0,7676530000.0,0.0,0.061,0.127,0.076,0.122,22228000.0,957150000.0,1.0,330739747.0,339747000,342123000.0,22.595,10023408000.0,1049408000.0,331147000.0,34860000.0,29.503,
5,PHM,MRY,2015-12-31,2015-12-31,2015-12-31,2021-07-27,-609000.0,9189406000.0,8645556250.0,,,0.692,13.347,-45440000.0,775435000.0,775435000.0,4353850000.0,494090000.0,,0.931,2342382000.0,,,2342382000.0,0.0,46222000.0,186141000.0,0.019,0.33,816023000.0,862245000.0,0.144,862245000.0,816023000.0,816023000.0,1.38,1.36,1.38,4759325000.0,4669795750.0,4759325000.0,7653140888.0,9.0,8.876,-383030000.0,-1.074,1.0,1628114000.0,0.272,110215000.0,0.0,10646138000.0,9791291000.0,5531550000.0,483982000.0,,,4430081000.0,,,6221623888.0,-533785000.0,-454000.0,-442738000.0,386530000.0,-115958000.0,-161631000.0,-34564000.0,0.0,-337590000.0,0.0,494090000.0,494090000.0,494090000.0,0.0,0.0,0.083,812091000.0,816023000.0,327725000.0,0.239,1.307,12.592,12.913,0.0,0.0,17.82,1.04,1.062,0.0,1662641000.0,5981964000.0,5981964000.0,0.0,0.057,0.106,0.083,0.136,24752000.0,794728000.0,1.0,349137143.0,356576000,359793000.0,16.776,9079191000.0,1394879000.0,321933000.0,57050000.0,25.462,
6,PHM,MRY,2014-12-31,2014-12-31,2014-12-31,2021-07-27,-690000.0,8569410000.0,8500700500.0,,,0.685,12.973,-48790000.0,1309220000.0,1309220000.0,4244479000.0,474338000.0,,0.783,1958802000.0,,,1958802000.0,0.0,39864000.0,142642000.0,0.011,0.23,689758000.0,729622000.0,0.125,729622000.0,689758000.0,689758000.0,1.27,1.26,1.27,4804954000.0,4704367500.0,4804954000.0,8598500245.0,12.0,11.785,259091000.0,0.7,1.0,1577884000.0,0.271,123115000.0,0.0,9095877000.0,8972479500.0,4493290000.0,379899000.0,,,3764456000.0,,,7956672245.0,-343824000.0,-82428000.0,-253019000.0,-216054000.0,-75646000.0,-529092000.0,-122613000.0,0.0,307881000.0,0.0,474338000.0,474338000.0,474338000.0,0.0,0.0,0.081,888126000.0,689758000.0,270516000.0,0.181,1.656,16.774,16.898,0.0,0.0,21.46,1.367,1.365,0.0,1728953000.0,5822363000.0,5822363000.0,0.0,0.056,0.101,0.077,0.118,29292000.0,861390000.0,1.0,370767579.0,370377000,374102000.0,15.72,8446295000.0,1720668000.0,215420000.0,48722000.0,22.805,
7,PHM,MRY,2013-12-31,2013-12-31,2013-12-31,2021-07-27,-795000.0,8734143000.0,7655319250.0,,,0.742,12.136,-28899000.0,1653044000.0,1653044000.0,4507196000.0,2620116000.0,,0.879,2163832000.0,,,2163832000.0,0.0,31587000.0,134858000.0,0.007,0.15,527822000.0,559409000.0,0.098,559409000.0,527822000.0,527822000.0,6.79,6.72,6.79,4648952000.0,3436091750.0,4648952000.0,8555219442.0,16.0,15.293,852237000.0,2.225,1.0,1172399000.0,0.206,136148000.0,0.0,9108783000.0,8272959750.0,4064320000.0,333256000.0,,,4085191000.0,,,7802879442.0,175569000.0,0.0,-127661000.0,-512958000.0,-38382000.0,-659590000.0,-45977000.0,-16417000.0,881136000.0,0.0,2620116000.0,2620116000.0,2620116000.0,0.0,0.0,0.461,644577000.0,527822000.0,202736000.0,0.022,1.678,2.978,3.0,0.0,0.0,20.37,1.374,1.374,0.0,1593918000.0,5679595000.0,5679595000.0,0.0,0.342,0.763,0.064,0.093,30480000.0,568500000.0,1.0,383057410.0,383077000,386866000.0,14.826,8597995000.0,2086754000.0,-2092294000.0,206015000.0,22.445,
8,PHM,MRY,2012-12-31,2012-12-31,2012-12-31,2021-07-27,-992000.0,6734409000.0,6921814250.0,,,0.696,5.739,-6356000.0,1476710000.0,1476710000.0,4063842000.0,206145000.0,,2.076,2648408000.0,,,2648408000.0,0.0,30027000.0,101183000.0,0.0,0.0,184373000.0,214400000.0,0.044,214400000.0,184373000.0,183554000.0,0.54,0.54,0.54,2189616000.0,2053884250.0,2189616000.0,8477985032.0,46.0,39.543,753784000.0,1.976,1.0,756156000.0,0.157,149248000.0,819000.0,7756859000.0,8297596500.0,4336216000.0,364560000.0,,,4544793000.0,,,7015529032.0,321689000.0,-13427000.0,-961000.0,-480005000.0,0.0,-448157000.0,9706000.0,29489000.0,760140000.0,0.0,206145000.0,206145000.0,206145000.0,0.0,0.0,0.043,580755000.0,175401000.0,178274000.0,0.0,3.204,34.032,33.63,0.0,0.0,18.16,1.456,1.438,0.0,-844147000.0,4819998000.0,4819998000.0,0.0,0.03,0.1,0.022,0.038,22897000.0,514457000.0,1.0,386317678.0,381562000,384564000.0,12.632,6585161000.0,0.0,-22591000.0,198865000.0,17.258,
9,PHM,MRY,2011-12-31,2011-12-31,2011-12-31,2021-07-27,-1306000.0,6885620000.0,7264127000.0,,,0.569,5.103,-10683000.0,1184931000.0,1184931000.0,3641343000.0,-210388000.0,,2.552,3088344000.0,,,3088344000.0,0.0,32098000.0,46960000.0,0.0,0.0,-308987000.0,-276889000.0,-0.067,-276889000.0,-308987000.0,-310300000.0,-0.55,-0.55,-0.55,1938615000.0,2002987250.0,1938615000.0,4494900608.0,-15.0,-16.234,6596000.0,0.017,1.0,495347000.0,0.12,162348000.0,1313000.0,8626685000.0,8993196000.0,4796680000.0,294063000.0,,,4947005000.0,,,2415346608.0,-400319000.0,-72000.0,-2836000.0,-321133000.0,0.0,-323969000.0,-93629000.0,-82874000.0,17279000.0,0.0,-210388000.0,-210388000.0,-210388000.0,0.0,0.0,-0.051,812685000.0,-317338000.0,196447000.0,0.0,1.246,-11.48,-11.473,0.0,0.0,6.31,0.584,0.579,0.0,-1050145000.0,4136690000.0,4136690000.0,0.0,-0.029,-0.105,-0.034,-0.075,16970000.0,519583000.0,1.0,382780762.0,379877000,379877000.0,10.89,6723272000.0,0.0,-99912000.0,203313000.0,17.699,
10,PHM,MRY,2010-12-31,2010-12-31,2010-12-31,2021-07-27,-1519000.0,7699376000.0,9154123000.0,,,0.499,5.64,-13399000.0,1507991000.0,1507991000.0,4176062000.0,-1096729000.0,,2.606,3391668000.0,,,3391668000.0,0.0,45660000.0,51727000.0,0.0,0.0,-1231817000.0,-1186157000.0,-0.26,-1186157000.0,-1231817000.0,-1234546000.0,-2.9,-2.9,-2.9,2135167000.0,2727482750.0,2135167000.0,4504495252.0,-4.0,-3.798,578725000.0,1.529,1.0,393228000.0,0.086,415989000.0,2729000.0,9167064000.0,10112601750.0,4903649000.0,222477000.0,,,5564209000.0,,,2874356252.0,-376997000.0,-18659000.0,-4023000.0,-954311000.0,0.0,-949666000.0,-19455000.0,12603000.0,592124000.0,0.0,-1096729000.0,-1096729000.0,-1096729000.0,0.0,0.0,-0.24,1637487000.0,-1244259000.0,226466000.0,0.0,1.346,-2.621,-2.593,0.0,0.0,7.52,0.629,0.623,0.0,-840053000.0,4569290000.0,4569290000.0,0.0,-0.12,-0.402,-0.122,-0.27,32081000.0,895102000.0,1.0,382228225.0,378585000,378585000.0,12.069,7283387000.0,81307000.0,-137817000.0,294408000.0,19.238,
11,PHM,MRY,2009-12-31,2009-12-31,2009-12-31,2021-07-27,-2249000.0,10051222000.0,8387884250.0,,,0.487,10.642,-37201000.0,1890610000.0,1890610000.0,4658498000.0,-1182567000.0,,2.146,4299926000.0,,,4299926000.0,0.0,54246000.0,74057000.0,0.0,0.0,-1972857000.0,-1918611000.0,-0.47,-1918611000.0,-1972857000.0,-1975119000.0,-3.94,-3.94,-3.94,3194440000.0,2745280500.0,3194440000.0,6596058070.0,-3.0,-3.438,692154000.0,2.306,1.0,-574109000.0,-0.141,1084466000.0,2262000.0,11376072000.0,9733613500.0,5173135000.0,240632000.0,,,6856782000.0,,,3803671070.0,193135000.0,1722210000.0,-2602000.0,-2227429000.0,0.0,-2230031000.0,1693811000.0,8802000.0,729355000.0,0.0,-1182567000.0,-1182567000.0,-1182567000.0,0.0,0.0,-0.29,1358263000.0,-1932372000.0,278333000.0,0.0,1.191,-3.216,-2.538,0.0,0.0,10.0,0.931,0.735,0.0,257145000.0,4084389000.0,4084389000.0,0.0,-0.141,-0.431,-0.203,-0.483,46343000.0,672434000.0,1.0,380367107.0,300179000,300179000.0,13.607,8966756000.0,955186000.0,-792552000.0,360921000.0,29.871,
12,PHM,MRY,2008-12-31,2008-12-31,2008-12-31,2021-07-27,-4099000.0,7708458000.0,8379444250.0,,,0.747,11.186,-13564000.0,1655264000.0,1655264000.0,7102257000.0,-1473113000.0,,1.718,3403865000.0,,,3403865000.0,0.0,73980000.0,40950000.0,0.015,0.16,-1679691000.0,-1605711000.0,-0.256,-1605711000.0,-1679691000.0,-1682599000.0,-5.81,-5.81,-5.81,2835698000.0,3278264500.0,2835698000.0,4998798572.0,-3.0,-3.113,1206828000.0,4.76,1.0,-839203000.0,-0.134,102554000.0,2908000.0,9354505000.0,10612934750.0,4537344000.0,432641000.0,,,4872760000.0,,,2814285572.0,594953000.0,-47842000.0,-717000.0,-525818000.0,-41119000.0,-567654000.0,-55944000.0,5462000.0,1220392000.0,-1841000.0,-1473113000.0,-1473113000.0,-1473113000.0,0.0,0.0,-0.235,854079000.0,-1693282000.0,218135000.0,-0.028,0.992,-1.91,-1.881,0.0,0.0,10.93,0.449,0.442,0.0,1442425000.0,6263054000.0,6263054000.0,0.0,-0.176,-0.449,-0.158,-0.268,39107000.0,814508000.0,1.0,257482669.0,253512000,253512000.0,24.705,7605904000.0,373569000.0,-209486000.0,130615000.0,30.002,
13,PHM,MRY,2007-12-31,2007-12-31,2007-12-31,2021-07-27,-4883000.0,10225703000.0,11315206250.0,,,0.818,17.131,-50349000.0,1060311000.0,1060311000.0,9839681000.0,-2255755000.0,,1.367,3918841000.0,,,3918841000.0,0.0,83852000.0,132720000.0,0.015,0.16,-2474377000.0,-2390525000.0,-0.258,-2390525000.0,-2474377000.0,-2478241000.0,-8.94,-8.94,-8.94,4320193000.0,5487183000.0,4320193000.0,6385719552.0,-3.0,-2.671,1167906000.0,4.631,1.0,-583182000.0,-0.063,0.0,3864000.0,13084233000.0,14571879750.0,7300743000.0,552568000.0,,,5905510000.0,,,2698543552.0,509019000.0,-157340000.0,1617000.0,-448783000.0,-40997000.0,-487640000.0,-221417000.0,-13728000.0,1218255000.0,-179000.0,-2255755000.0,-2255755000.0,-2255755000.0,-18662000.0,0.0,-0.244,1726430000.0,-2309612000.0,418637000.0,-0.018,0.625,-1.196,-1.179,0.0,0.0,10.54,0.292,0.287,0.0,2960001000.0,9256499000.0,9256499000.0,0.0,-0.199,-0.411,-0.17,-0.267,70695000.0,1094483000.0,1.0,256028800.0,252192000,252192000.0,36.704,10225703000.0,369069000.0,-222486000.0,126758000.0,40.547,
14,PHM,MRY,2006-12-31,2006-12-31,2006-12-31,2021-07-27,-2986000.0,13176874000.0,13354951500.0,,,1.069,26.08,-79538000.0,551292000.0,551292000.0,13128768000.0,687471000.0,,1.003,4352654000.0,,,4352654000.0,0.0,83675000.0,200478000.0,0.005,0.16,1080553000.0,1164228000.0,0.082,1164228000.0,1080553000.0,1080553000.0,2.73,2.66,2.73,6577361000.0,6428192250.0,6577361000.0,13162902306.0,12.0,11.306,-347064000.0,-1.376,1.0,1145640000.0,0.08,494631000.0,0.0,16483605000.0,17055021000.0,9883767000.0,1022035000.0,,,6599513000.0,,,8431797306.0,-450976000.0,-7348000.0,-113945000.0,51949000.0,-40879000.0,-96179000.0,-86886000.0,0.0,-267526000.0,-385000.0,687471000.0,687471000.0,687471000.0,2175000.0,0.0,0.048,0.0,1145640000.0,576321000.0,0.059,1.282,12.265,12.132,0.0,0.0,33.12,0.591,0.585,0.0,5293107000.0,14274408000.0,14274408000.0,0.0,0.051,0.107,0.063,0.076,78166000.0,0.0,1.0,254583252.0,252200000,258621000.0,56.6,12682243000.0,170518000.0,393082000.0,66267000.0,50.286,
15,PHM,MRY,2005-12-31,2005-12-31,2005-12-31,2021-07-27,-5496000.0,13060860000.0,11969199250.0,,,1.228,23.317,-83029000.0,1002268000.0,1002268000.0,12492871000.0,1491913000.0,,1.192,4279528000.0,,,4279528000.0,0.0,61512000.0,392041000.0,0.003,0.13,2332039000.0,2393551000.0,0.163,2393551000.0,2332039000.0,2332039000.0,5.84,5.68,5.84,5957342000.0,5319748250.0,5957342000.0,13931414556.0,6.0,5.82,-64325000.0,-0.252,1.0,2201664000.0,0.15,434897000.0,0.0,15903223000.0,15040957500.0,9090488000.0,1340119000.0,,,7103518000.0,,,10173401556.0,694150000.0,57746000.0,-111998000.0,845944000.0,-33550000.0,700396000.0,-25283000.0,0.0,18704000.0,333000.0,1491913000.0,1491913000.0,1491913000.0,-55025000.0,0.0,0.102,0.0,2201664000.0,789399000.0,0.022,1.708,6.819,6.74,0.0,0.0,39.36,0.692,0.684,0.0,4751120000.0,14694535000.0,14694535000.0,0.0,0.125,0.28,0.155,0.159,45724000.0,0.0,1.0,258470568.0,255492000,262801000.0,57.515,12625963000.0,12686000.0,840126000.0,239930000.0,49.418,
16,PHM,MRY,2004-12-31,2004-12-31,2004-12-31,2021-07-27,-14380000.0,10406897000.0,9448193000.0,,,1.219,17.904,-68125000.0,308118000.0,308118000.0,9982298000.0,986541000.0,,1.301,3478965000.0,,,3478965000.0,0.0,46296000.0,341050000.0,0.003,0.1,1585292000.0,1631588000.0,0.142,1631588000.0,1585292000.0,1585292000.0,3.91,3.79,3.91,4522274000.0,4015241000.0,4522274000.0,11737143599.0,7.0,7.194,-760287000.0,-3.01,1.0,1532178000.0,0.133,443147000.0,0.0,13134597000.0,12010895000.0,7577816000.0,955945000.0,,,5884623000.0,,,8138001599.0,-81131000.0,-130930000.0,29272000.0,805787000.0,-25427000.0,809632000.0,-198555000.0,0.0,-692162000.0,-46000.0,986541000.0,986541000.0,986541000.0,7032000.0,0.0,0.086,0.0,1532178000.0,609039000.0,0.026,1.8,8.249,8.159,0.0,0.0,31.9,0.707,0.7,0.0,3419401000.0,11514476000.0,11514476000.0,0.0,0.104,0.246,0.132,0.138,23303000.0,0.0,1.0,255109768.0,252590000,260234000.0,45.586,9963750000.0,31766000.0,598751000.0,203806000.0,39.446,
17,PHM,MRY,2003-12-31,2003-12-31,2003-12-31,2021-07-27,-39142000.0,8072151000.0,7519562500.0,,,1.173,14.113,-34097000.0,401883000.0,401883000.0,7865582000.0,624634000.0,,1.341,2630259000.0,,,2630259000.0,0.0,39419000.0,372507000.0,0.002,0.055,1001094000.0,1040513000.0,0.118,1040513000.0,1001094000.0,1001094000.0,2.56,2.48,2.56,3448123000.0,3104130250.0,3448123000.0,8219153572.0,8.0,7.899,-370502000.0,-1.516,1.0,955207000.0,0.108,451397000.0,0.0,9849130000.0,9308221500.0,5835249000.0,611004000.0,,,4624028000.0,,,5809181572.0,-213854000.0,29779000.0,21189000.0,121286000.0,-13612000.0,128863000.0,-4318000.0,0.0,-336405000.0,-1994000.0,624634000.0,624634000.0,624634000.0,-7086000.0,0.0,0.071,0.0,955207000.0,452648000.0,0.021,1.685,9.3,9.143,0.0,0.0,23.405,0.659,0.648,0.0,2470678000.0,8820789000.0,8820789000.0,0.0,0.083,0.201,0.108,0.113,30515000.0,0.0,1.0,248202588.0,244323000,251460000.0,36.103,7620754000.0,8799000.0,376460000.0,97411000.0,31.191,
18,PHM,MRY,2002-12-31,2002-12-31,2002-12-31,2021-07-27,-35371000.0,6872087000.0,6226608750.0,,,1.196,11.416,21498000.0,613168000.0,613168000.0,6729234000.0,453645000.0,,1.49,2472889000.0,,,2472889000.0,0.0,38925000.0,265817000.0,0.003,0.04,737984000.0,776909000.0,0.104,776909000.0,737984000.0,737984000.0,1.875,1.835,1.875,2760426000.0,2549444500.0,2760426000.0,4937916332.0,7.0,6.356,180251000.0,0.745,1.0,716706000.0,0.096,459647000.0,0.0,8272161000.0,7745834250.0,4293597000.0,600339000.0,,,4111661000.0,,,2929934332.0,541594000.0,-9389000.0,30253000.0,353485000.0,-9773000.0,373965000.0,12109000.0,0.0,158753000.0,-3233000.0,453645000.0,453645000.0,453645000.0,-8860000.0,0.0,0.061,0.0,716706000.0,376653000.0,0.021,1.061,6.459,6.383,0.0,0.0,11.967,0.393,0.389,0.0,1871890000.0,7445940000.0,7445940000.0,0.0,0.073,0.178,0.095,0.099,10387000.0,0.0,1.0,244824260.0,241812000,246984000.0,30.792,6412440000.0,11743000.0,284339000.0,90009000.0,26.518,
19,PHM,MRY,2001-12-31,2001-12-31,2001-12-31,2021-07-27,-13969000.0,5710893000.0,4425683500.0,,,1.218,11.592,-12081000.0,72144000.0,72144000.0,4911020000.0,301393000.0,,1.508,2246539000.0,,,2246539000.0,0.0,32384000.0,200212000.0,0.004,0.04,490755000.0,523139000.0,0.097,523139000.0,490755000.0,490755000.0,1.535,1.495,1.535,2276665000.0,1775382250.0,2276665000.0,4805106255.0,10.0,9.185,-418768000.0,-2.132,1.0,478241000.0,0.089,467297000.0,0.0,7417991000.0,5751979750.0,3833763000.0,435461000.0,,,3434228000.0,,,2632187255.0,-111841000.0,11644000.0,13537000.0,291201000.0,-8110000.0,296628000.0,848000.0,0.0,-406687000.0,-2630000.0,301393000.0,301393000.0,301393000.0,1032000.0,0.0,0.056,0.0,478241000.0,333845000.0,0.026,1.156,8.733,7.275,0.0,0.0,11.168,0.488,0.407,0.0,1431020000.0,5389261000.0,5389261000.0,0.0,0.068,0.17,0.085,0.091,314000.0,0.0,1.0,235700672.0,196392000,201292000.0,27.441,5243596000.0,67019000.0,189362000.0,35370000.0,26.7,
20,PHM,MRY,2000-12-31,2000-12-31,2000-12-31,2021-07-27,185000.0,2886483000.0,2825000250.0,,,1.503,7.552,0.0,183985000.0,183985000.0,3901509000.0,188513000.0,,1.313,920205000.0,,,920205000.0,0.0,14230000.0,0.0,0.004,0.04,325225000.0,339455000.0,0.08,339455000.0,325225000.0,325225000.0,1.14,1.117,1.14,1247931000.0,1147746000.0,1247931000.0,2559116752.0,8.0,7.539,23322000.0,0.141,1.0,345468000.0,0.081,30449000.0,0.0,3592254000.0,3649889000.0,1896856000.0,259239000.0,,,1638552000.0,,,1716736752.0,132188000.0,0.0,-37599000.0,157800000.0,-6583000.0,114051000.0,-5185000.0,0.0,23322000.0,0.0,188513000.0,188513000.0,188513000.0,29871000.0,0.0,0.044,0.0,345468000.0,220916000.0,0.035,1.376,9.107,9.252,0.0,0.0,10.547,0.404,0.41,0.0,1137737000.0,4246977000.0,4246977000.0,0.0,0.067,0.164,0.089,0.077,0.0,0.0,1.0,162762432.0,165240000,168584000.0,25.702,2856034000.0,56572000.0,136712000.0,10169000.0,17.284,
21,PHM,MRY,1999-12-31,1999-12-31,1999-12-31,2021-07-27,-259000.0,2487351000.0,2468487250.0,,,1.525,6.32,0.0,51797000.0,51797000.0,3484228000.0,178165000.0,,1.275,739924000.0,,,739924000.0,0.0,13497000.0,0.0,0.007,0.04,286283000.0,299780000.0,0.08,299780000.0,286283000.0,286283000.0,1.03,1.018,1.03,1093319000.0,1010549750.0,1093319000.0,1774503050.0,6.0,5.919,15113000.0,0.087,1.0,279589000.0,0.074,0.0,0.0,3175478000.0,3202664250.0,1792733000.0,218062000.0,,,1394032000.0,,,973120050.0,-73532000.0,-24714000.0,1646000.0,-81752000.0,-6919000.0,-87642000.0,-1003000.0,29376000.0,15113000.0,0.0,178165000.0,178165000.0,178165000.0,122000.0,0.0,0.047,0.0,279589000.0,207354000.0,0.039,0.89,5.462,5.461,0.0,0.0,5.625,0.259,0.259,0.0,1016075000.0,3763817000.0,3763817000.0,0.0,0.072,0.176,0.089,0.076,0.0,0.0,1.0,172999120.0,172984000,175292000.0,21.758,2487351000.0,57224000.0,108118000.0,11769000.0,14.379,
22,PHM,MRY,1998-12-31,1998-12-31,1998-12-31,2021-07-27,1130000.0,2349839000.0,2229504250.0,,,1.286,5.359,0.0,125198000.0,125198000.0,2700555000.0,102183000.0,,1.55,787174000.0,,,787174000.0,0.0,5044000.0,0.0,0.005,0.037,166849000.0,171893000.0,0.06,171893000.0,166849000.0,166849000.0,0.595,0.583,0.595,921442000.0,871332000.0,921442000.0,1732996656.0,10.0,10.082,-105493000.0,-0.614,1.0,165966000.0,0.058,0.0,0.0,3011815000.0,2736562750.0,1455208000.0,264264000.0,,,1428397000.0,,,1200423656.0,-121979000.0,-68230000.0,6952000.0,23712000.0,-6456000.0,-18062000.0,1576000.0,21934000.0,-105493000.0,0.0,102183000.0,102183000.0,102183000.0,-1035000.0,0.0,0.036,0.0,165966000.0,575373000.0,0.062,1.303,11.748,11.685,0.0,0.0,6.952,0.419,0.417,0.0,844829000.0,2866521000.0,2866521000.0,0.0,0.046,0.117,0.061,0.058,0.0,0.0,1.0,172660720.0,171936000,175536000.0,16.672,2349839000.0,79663000.0,64666000.0,9592000.0,13.667,
23,PHM,MRY,1997-12-31,1997-12-31,1997-12-31,2021-07-27,1687000.0,2129419000.0,2057280000.0,,,1.227,4.67,0.0,245156000.0,245156000.0,2420976000.0,52761000.0,,1.62,747020000.0,,,747020000.0,0.0,7813000.0,0.0,0.006,0.03,83936000.0,91749000.0,0.036,91749000.0,83936000.0,83936000.0,0.302,0.3,0.302,812837000.0,821055000.0,812837000.0,,,,-35174000.0,-0.202,1.0,103015000.0,0.041,0.0,0.0,2631283000.0,2508707000.0,1141952000.0,224485000.0,,,1316582000.0,,,890365064.0,55106000.0,0.0,-74673000.0,107017000.0,-5153000.0,82736000.0,7969000.0,30864000.0,-35174000.0,0.0,52761000.0,52761000.0,52761000.0,-2961000.0,0.0,0.021,20000000.0,83015000.0,482123000.0,0.099,1.095,16.875,17.305,0.0,0.0,5.226,0.353,0.36,0.0,749102000.0,2523991000.0,2523991000.0,0.0,0.026,0.064,0.033,0.033,0.0,0.0,1.0,170364040.0,174040000,175632000.0,14.502,2129419000.0,103603000.0,31175000.0,7265000.0,12.235,
24,PHM,MRY,1996-12-31,1996-12-31,1996-12-31,2021-07-27,1474000.0,1985141000.0,,,,,4.159,0.0,189625000.0,189625000.0,2279866000.0,179643000.0,,1.394,590615000.0,,,590615000.0,0.0,6747000.0,0.0,0.008,0.03,218895000.0,225642000.0,0.095,225642000.0,218895000.0,218895000.0,0.9,0.892,0.9,829273000.0,,829273000.0,,,,-64225000.0,-0.322,1.0,104417000.0,0.044,0.0,0.0,2386131000.0,,1017262000.0,217556000.0,,,1155868000.0,,,,-102961000.0,0.0,-99561000.0,-179092000.0,-5958000.0,-245959000.0,207582000.0,213481000.0,-64225000.0,0.0,179643000.0,179643000.0,179643000.0,-116432000.0,0.0,0.075,0.0,104417000.0,439578000.0,0.033,,,4.271,0.0,0.0,3.844,,0.321,0.0,770050000.0,2384283000.0,2384283000.0,0.0,,,,0.092,0.0,0.0,1.0,,199408000,201216000.0,11.957,1985141000.0,127686000.0,39252000.0,12930000.0,9.955,
25,PHM,MRY,1995-12-31,1995-12-31,1995-12-31,2021-07-27,,,,,,,,0.0,,,1947116000.0,58346000.0,,,,,,,,6338000.0,,0.007,0.03,91531000.0,97869000.0,0.048,97869000.0,91531000.0,91531000.0,0.269,0.266,0.269,,,,,,,-55754000.0,-0.257,1.0,82024000.0,0.04,,0.0,,,,,,,,,,,13673000.0,0.0,-11707000.0,86590000.0,-6489000.0,75292000.0,113097000.0,71956000.0,-55754000.0,0.0,58346000.0,58346000.0,58346000.0,-9507000.0,0.0,0.029,0.0,82024000.0,,0.112,,,15.627,,0.0,4.204,,0.449,,,2029140000.0,2029140000.0,0.0,,,,0.045,0.0,0.0,1.0,,216592000,219376000.0,9.368,,,33185000.0,,,
0,PHM,MRQ,2021-06-30,2021-06-30,2021-06-30,2021-07-27,0.0,12082020000.0,,,,,26.549,-16795000.0,1721122000.0,1721122000.0,2447101000.0,503399000.0,,0.736,2398961000.0,,,2398961000.0,0.0,18265000.0,730995000.0,0.01,0.14,639473000.0,657738000.0,0.196,657738000.0,639473000.0,639473000.0,1.91,1.9,1.91,6958468000.0,,6958468000.0,15008763223.0,7.0,7.108,238525000.0,0.91,1.0,912383000.0,0.272,153464000.0,0.0,12606395000.0,,8417525000.0,625950000.0,,,5123552000.0,,,14350061223.0,77068000.0,-2251000.0,-200000000.0,78849000.0,-37299000.0,-158491000.0,-19761000.0,0.0,255320000.0,0.0,503399000.0,503399000.0,503399000.0,0.0,0.0,0.15,272910000.0,639473000.0,441826000.0,0.073,2.062,8.634,8.787,0.0,0.0,54.57,1.173,1.169,0.0,,3359484000.0,3359484000.0,0.0,,,,,9973000.0,272286000.0,1.0,262966121.0,262099000,262747000.0,12.818,11928556000.0,143441000.0,136074000.0,115519000.0,45.512,
1,PHM,MRQ,2021-03-31,2021-03-31,2021-03-31,2021-07-27,0.0,11445741000.0,,,,,25.189,-14752000.0,1644054000.0,1644054000.0,1999945000.0,304107000.0,,0.712,2302756000.0,,,2302756000.0,0.0,17142000.0,589634000.0,0.01,0.14,394052000.0,411194000.0,0.151,411194000.0,394052000.0,394052000.0,1.14,1.13,1.14,6685274000.0,,6685274000.0,14475381946.0,8.0,7.512,161996000.0,0.61,1.0,729846000.0,0.267,158432000.0,0.0,11946011000.0,,8007007000.0,534607000.0,,,4760467000.0,,,13943493946.0,-988181000.0,-13569000.0,-153703000.0,-935437000.0,-37611000.0,-1137306000.0,-27623000.0,0.0,176748000.0,0.0,304107000.0,304107000.0,304107000.0,0.0,0.0,0.111,274325000.0,455521000.0,404564000.0,0.123,2.086,9.251,9.381,0.0,0.0,52.44,1.216,1.213,0.0,,2729791000.0,2729791000.0,0.0,,,,,11630000.0,271686000.0,1.0,265894240.0,265407000,266012000.0,10.285,11287309000.0,132204000.0,89945000.0,110884000.0,42.528,
2,PHM,MRQ,2020-12-31,2020-12-31,2020-12-31,2021-07-27,0.0,12205498000.0,,,,,24.557,-11429000.0,2632235000.0,2632235000.0,2383423000.0,438111000.0,,0.858,3164123000.0,,,3164123000.0,0.0,17545000.0,449474000.0,0.012,0.14,523750000.0,541295000.0,0.17,541295000.0,523750000.0,523750000.0,1.62,1.62,1.62,6569989000.0,,6569989000.0,12474010155.0,7.0,6.95,504288000.0,1.885,1.0,808941000.0,0.253,163425000.0,0.0,12573961000.0,,7749760000.0,600541000.0,,,5635509000.0,,,11560202155.0,518027000.0,7910000.0,-75000000.0,108501000.0,-32423000.0,1078000.0,1232000.0,0.0,515717000.0,0.0,438111000.0,438111000.0,438111000.0,0.0,0.0,0.137,285191000.0,523750000.0,511321000.0,0.086,1.76,8.217,8.308,0.0,0.0,43.12,1.047,1.049,0.0,3306057000.0,3192364000.0,3192364000.0,0.0,,,,,7833000.0,279657000.0,1.0,268093742.0,267536000,268463000.0,11.932,12042073000.0,136267000.0,85639000.0,103548000.0,45.011,
3,PHM,MRQ,2020-09-30,2020-09-30,2020-09-30,2021-07-27,0.0,11365022000.0,,,,,23.252,-10179000.0,2114208000.0,2114208000.0,2195050000.0,416398000.0,,0.821,3028016000.0,,,3028016000.0,0.0,16998000.0,403646000.0,0.01,0.12,484167000.0,501165000.0,0.17,501165000.0,484167000.0,484167000.0,1.54,1.54,1.54,6240015000.0,,6240015000.0,13743124881.0,8.0,8.069,450574000.0,1.679,1.0,759907000.0,0.257,168466000.0,0.0,12110364000.0,,7642338000.0,441789000.0,,,5125007000.0,,,12413943881.0,416412000.0,6326000.0,0.0,-8200000.0,-32424000.0,-40612000.0,-3729000.0,0.0,460753000.0,0.0,416398000.0,416398000.0,416398000.0,0.0,0.0,0.141,275740000.0,484167000.0,342277000.0,0.078,1.989,9.516,9.624,0.0,0.0,46.29,1.143,1.144,0.0,,2954957000.0,2954957000.0,0.0,,,,,8328000.0,271257000.0,1.0,268177660.0,268363000,268961000.0,11.011,11196556000.0,80833000.0,67769000.0,15769000.0,41.722,
4,PHM,MRQ,2020-06-30,2020-06-30,2020-06-30,2021-07-27,0.0,10958485000.0,,,,,21.808,-16607000.0,1697796000.0,1697796000.0,1934628000.0,348620000.0,,0.873,3026977000.0,,,3026977000.0,0.0,16389000.0,335040000.0,0.014,0.12,457009000.0,473398000.0,0.183,473398000.0,457009000.0,457009000.0,1.29,1.29,1.29,5851668000.0,,5851668000.0,10999772863.0,7.0,6.953,586650000.0,2.186,1.0,659153000.0,0.254,173507000.0,0.0,12114159000.0,,7614148000.0,441995000.0,,,5106817000.0,,,9125093863.0,-153457000.0,7062000.0,0.0,-714502000.0,-32592000.0,-747060000.0,-9654000.0,0.0,603257000.0,0.0,348620000.0,348620000.0,348620000.0,0.0,0.0,0.134,202144000.0,457009000.0,295249000.0,0.093,1.559,7.858,7.988,0.0,0.0,34.03,0.86,0.86,0.0,,2593781000.0,2593781000.0,0.0,,,,,5203000.0,196858000.0,1.0,268148512.0,268324000,269025000.0,9.667,10784978000.0,120768000.0,108389000.0,146729000.0,40.194,
5,PHM,MRQ,2020-03-31,2020-03-31,2020-03-31,2021-07-27,0.0,11423374000.0,,,,,20.483,-20139000.0,1851253000.0,1851253000.0,1744828000.0,203711000.0,,1.066,3725932000.0,,,3725932000.0,0.0,15149000.0,344973000.0,0.021,0.12,263769000.0,278918000.0,0.122,278918000.0,263769000.0,263769000.0,0.75,0.74,0.75,5530391000.0,,5530391000.0,7866000094.0,6.0,5.453,184476000.0,0.683,1.0,550152000.0,0.24,178553000.0,0.0,13119500000.0,,7889300000.0,418349000.0,,,5892983000.0,,,6025843094.0,599797000.0,-77363000.0,-95676000.0,634182000.0,-32740000.0,490978000.0,-95796000.0,0.0,204615000.0,0.0,203711000.0,203711000.0,203711000.0,0.0,0.0,0.089,286383000.0,263769000.0,429724000.0,0.16,1.09,5.719,5.828,0.0,0.0,22.32,0.573,0.573,0.0,,2294980000.0,2294980000.0,0.0,,,,,11479000.0,263669000.0,1.0,269975049.0,270000000,271218000.0,8.5,11244821000.0,150387000.0,60058000.0,72546000.0,41.647,
6,PHM,MRQ,2019-12-31,2019-12-31,2019-12-31,2021-07-27,-245000.0,10715597000.0,,,,,20.157,-14957000.0,1251456000.0,1251456000.0,2315521000.0,335798000.0,,0.963,3091613000.0,,,3091613000.0,0.0,13697000.0,294427000.0,0.012,0.12,435951000.0,449648000.0,0.149,449648000.0,435951000.0,435951000.0,1.23,1.22,1.23,5458180000.0,,5458180000.0,12739693159.0,10.0,9.142,478265000.0,1.766,1.0,701392000.0,0.232,124992000.0,0.0,12430762000.0,,7704623000.0,568733000.0,,,5257417000.0,,,10514796159.0,482812000.0,-1000000.0,-29945000.0,64637000.0,-30115000.0,3884000.0,-14294000.0,0.0,493222000.0,0.0,335798000.0,335798000.0,335798000.0,0.0,0.0,0.111,265441000.0,435951000.0,435916000.0,0.098,1.926,10.342,10.572,0.0,0.0,38.8,1.03,1.043,0.0,2220574000.0,3016913000.0,3016913000.0,0.0,,,,,6979000.0,261546000.0,1.0,270999901.0,270778000,271412000.0,11.142,10590605000.0,170107000.0,100153000.0,0.0,39.112,
7,PHM,MRQ,2019-09-30,2019-09-30,2019-09-30,2021-07-27,0.0,10264513000.0,,,,,18.981,-13587000.0,768644000.0,768644000.0,2068486000.0,273104000.0,,0.981,2993541000.0,,,2993541000.0,0.0,13805000.0,333672000.0,0.012,0.11,366146000.0,379951000.0,0.14,379951000.0,366146000.0,366146000.0,0.99,0.99,0.99,5181592000.0,,5181592000.0,12337929717.0,10.0,9.593,263486000.0,0.965,1.0,641879000.0,0.237,128592000.0,0.0,12360818000.0,,7864554000.0,446075000.0,,,5082921000.0,,,10022692717.0,109370000.0,-3637000.0,-135917000.0,15066000.0,-30615000.0,-150682000.0,-17021000.0,0.0,277073000.0,0.0,273104000.0,273104000.0,273104000.0,0.0,0.0,0.101,275733000.0,366146000.0,389843000.0,0.111,1.934,10.911,11.143,0.0,0.0,36.55,0.983,0.979,0.0,,2710365000.0,2710365000.0,0.0,,,,,4085000.0,270625000.0,1.0,274218679.0,272992000,273632000.0,9.928,10135921000.0,191802000.0,93042000.0,38624000.0,37.129,
8,PHM,MRQ,2019-06-30,2019-06-30,2019-06-30,2021-07-27,0.0,10095537000.0,,,,,18.326,-13505000.0,659274000.0,659274000.0,1905270000.0,241041000.0,,0.991,2974511000.0,,,2974511000.0,0.0,13287000.0,334484000.0,0.013,0.11,320776000.0,334063000.0,0.134,334063000.0,320776000.0,320776000.0,0.86,0.86,0.86,5069807000.0,,5069807000.0,10928674513.0,9.0,8.385,133297000.0,0.482,1.0,583715000.0,0.235,132192000.0,0.0,12278582000.0,,7840710000.0,401978000.0,,,5025730000.0,,,8763075513.0,-421679000.0,-167099000.0,-83472000.0,-281651000.0,-30818000.0,-392178000.0,-176303000.0,0.0,146802000.0,0.0,241041000.0,241041000.0,241041000.0,0.0,0.0,0.097,262939000.0,320776000.0,380363000.0,0.128,1.728,9.372,9.582,0.0,0.0,31.62,0.865,0.863,0.0,,2488985000.0,2488985000.0,0.0,,,,,8285000.0,259440000.0,1.0,277137113.0,276652000,277584000.0,8.997,9963345000.0,224104000.0,79735000.0,27913000.0,36.014,
9,PHM,MRQ,2019-03-31,2019-03-31,2019-03-31,2021-07-27,0.0,10207336000.0,,,,,17.769,-16070000.0,1080953000.0,1080953000.0,1526290000.0,166757000.0,,1.069,3246552000.0,,,3246552000.0,0.0,13210000.0,294548000.0,0.014,0.11,216703000.0,229913000.0,0.115,229913000.0,216703000.0,216703000.0,0.59,0.59,0.59,4933439000.0,,4933439000.0,9991668516.0,7.0,7.184,142835000.0,0.514,1.0,470403000.0,0.236,123742000.0,0.0,12249193000.0,,7545974000.0,382720000.0,,,5273897000.0,,,7748890516.0,-52747000.0,-1289000.0,-24999000.0,-129878000.0,-30802000.0,-194584000.0,-17068000.0,0.0,158905000.0,0.0,166757000.0,166757000.0,166757000.0,0.0,0.0,0.084,253700000.0,216703000.0,444322000.0,0.186,1.571,7.612,7.854,0.0,0.0,27.96,0.759,0.76,0.0,,1996693000.0,1996693000.0,0.0,,,,,9019000.0,252727000.0,1.0,277142007.0,277637000,278640000.0,7.192,10083594000.0,250881000.0,49946000.0,18108000.0,36.319,
10,PHM,MRQ,2018-12-31,2018-12-31,2018-12-31,2021-07-27,-345000.0,10172976000.0,,,,,17.272,-12510000.0,1133700000.0,1133700000.0,2370246000.0,237648000.0,,1.112,3376478000.0,,,3376478000.0,0.0,12712000.0,254624000.0,0.015,0.11,329491000.0,342203000.0,0.114,342203000.0,329491000.0,329491000.0,0.84,0.84,0.84,4817782000.0,,4817782000.0,9796725019.0,7.0,7.013,420790000.0,1.509,1.0,628904000.0,0.21,127192000.0,0.0,12288562000.0,,7290202000.0,515944000.0,,,5355194000.0,,,7299586019.0,374688000.0,11275000.0,-122506000.0,97559000.0,-25736000.0,-50121000.0,-8491000.0,0.0,433300000.0,0.0,237648000.0,237648000.0,237648000.0,0.0,0.0,0.079,299413000.0,329491000.0,352029000.0,0.131,1.515,7.142,7.301,0.0,0.0,25.99,0.716,0.723,0.0,1613929000.0,2999150000.0,2999150000.0,0.0,,,,,6769000.0,292317000.0,1.0,280861332.0,278931000,280176000.0,10.752,10045784000.0,275579000.0,91843000.0,11580000.0,36.015,
11,PHM,MRQ,2018-09-30,2018-09-30,2018-09-30,2021-07-27,0.0,10055080000.0,,,,,16.681,-13470000.0,759012000.0,759012000.0,2008433000.0,289535000.0,,1.126,3256151000.0,,,3256151000.0,0.0,12556000.0,342376000.0,0.015,0.09,384688000.0,397244000.0,0.15,397244000.0,384688000.0,384688000.0,1.01,1.01,1.01,4728878000.0,,4728878000.0,9902957905.0,7.0,6.71,453928000.0,1.601,1.0,640933000.0,0.242,130642000.0,0.0,12421577000.0,,7555359000.0,404062000.0,,,5326202000.0,,,7035139905.0,357097000.0,0.0,-59569000.0,-13608000.0,-25900000.0,-105461000.0,-4840000.0,0.0,467398000.0,0.0,289535000.0,289535000.0,289535000.0,0.0,0.0,0.109,256245000.0,384688000.0,465833000.0,0.089,1.488,8.163,8.284,0.0,0.0,24.77,0.705,0.703,0.0,,2649366000.0,2649366000.0,0.0,,,,,5359000.0,252757000.0,1.0,284018567.0,283489000,284672000.0,9.346,9924438000.0,408029000.0,95153000.0,10324000.0,35.008,
12,PHM,MRQ,2018-06-30,2018-06-30,2018-06-30,2021-07-27,0.0,9815576000.0,,,,,15.868,-17631000.0,401915000.0,401915000.0,1932540000.0,324089000.0,,1.168,3269733000.0,,,3269733000.0,0.0,12271000.0,354968000.0,0.013,0.09,409170000.0,421441000.0,0.164,421441000.0,409170000.0,409170000.0,1.12,1.12,1.12,4526712000.0,,4526712000.0,11358722121.0,9.0,8.355,360938000.0,1.265,1.0,637182000.0,0.248,134092000.0,0.0,12549302000.0,,7577606000.0,431352000.0,,,5288864000.0,,,8208839121.0,217128000.0,0.0,-53000000.0,-72980000.0,-26037000.0,-150273000.0,-11168000.0,0.0,378569000.0,0.0,324089000.0,324089000.0,324089000.0,0.0,0.0,0.126,228012000.0,409170000.0,399330000.0,0.08,1.813,10.948,11.187,0.0,0.0,28.75,0.867,0.866,0.0,,2569722000.0,2569722000.0,0.0,,,,,7711000.0,226056000.0,1.0,285524839.0,285276000,286654000.0,9.008,9681484000.0,511381000.0,85081000.0,22484000.0,33.937,
13,PHM,MRQ,2018-03-31,2018-03-31,2018-03-31,2021-07-27,0.0,9706395000.0,,,,,14.911,-15428000.0,184787000.0,184787000.0,1503701000.0,170751000.0,,1.271,3334670000.0,,,3334670000.0,0.0,11890000.0,308864000.0,0.012,0.09,224191000.0,236081000.0,0.12,236081000.0,224191000.0,224191000.0,0.59,0.59,0.59,4274657000.0,,4274657000.0,11586456912.0,11.0,10.794,153585000.0,0.536,1.0,466392000.0,0.237,137542000.0,0.0,12718736000.0,,7534550000.0,450263000.0,,,5431738000.0,,,8447853912.0,-121381000.0,-1000000.0,-59491000.0,-191303000.0,-26347000.0,-274418000.0,-15976000.0,0.0,169013000.0,0.0,170751000.0,170751000.0,170751000.0,0.0,0.0,0.087,242201000.0,224191000.0,446304000.0,0.153,1.976,16.047,16.661,0.0,0.0,29.49,0.947,0.948,0.0,,1970093000.0,1970093000.0,0.0,,,,,8451000.0,240893000.0,1.0,286465036.0,286683000,288026000.0,6.872,9568853000.0,614898000.0,53440000.0,115667000.0,33.378,
14,PHM,MRQ,2017-12-31,2017-12-31,2017-12-31,2021-07-27,-445000.0,9686649000.0,,,,,14.226,-8503000.0,306168000.0,306168000.0,2180569000.0,77414000.0,,1.332,3444771000.0,,,3444771000.0,0.0,12309000.0,250779000.0,0.011,0.09,408766000.0,421075000.0,0.151,421075000.0,408766000.0,408766000.0,0.27,0.26,0.27,4154026000.0,,4154026000.0,13016135296.0,14.0,13.15,402098000.0,1.377,1.0,614321000.0,0.22,140992000.0,0.0,12684260000.0,,7215514000.0,633557000.0,,,5532623000.0,,,9774424296.0,109071000.0,-1030000.0,-244519000.0,-18766000.0,-26730000.0,-291055000.0,-10475000.0,0.0,410601000.0,0.0,77414000.0,77414000.0,77414000.0,0.0,0.0,0.028,205555000.0,408766000.0,393815000.0,0.333,2.353,21.856,22.931,0.0,0.0,33.25,1.14,1.183,0.0,980061000.0,2794890000.0,2794890000.0,0.0,,,,,7178000.0,201607000.0,1.0,293967648.0,291997000,293314000.0,9.572,9545657000.0,645295000.0,331352000.0,86925000.0,32.691,
15,PHM,MRQ,2017-09-30,2017-09-30,2017-09-30,2021-07-27,0.0,9971269000.0,,,,,14.555,-6656000.0,197097000.0,197097000.0,1619032000.0,177539000.0,,1.295,3438808000.0,,,3438808000.0,0.0,12666000.0,306641000.0,0.013,0.09,268249000.0,280915000.0,0.132,280915000.0,268249000.0,268249000.0,0.59,0.58,0.59,4345085000.0,,4345085000.0,11269541072.0,12.0,11.312,69497000.0,0.233,1.0,512026000.0,0.24,144442000.0,0.0,13068538000.0,,7466301000.0,426231000.0,,,5626184000.0,,,8245699072.0,-42758000.0,-4175000.0,-259993000.0,170273000.0,-27804000.0,-110725000.0,-8186000.0,0.0,76153000.0,0.0,177539000.0,177539000.0,177539000.0,0.0,0.0,0.083,243777000.0,268249000.0,441481000.0,0.153,1.898,12.824,13.597,0.0,0.0,27.33,0.995,0.985,0.0,,2131058000.0,2131058000.0,0.0,,,,,5634000.0,237495000.0,1.0,301708711.0,298538000,300228000.0,7.138,9826827000.0,939759000.0,90710000.0,0.0,32.917,
16,PHM,MRQ,2017-06-30,2017-06-30,2017-06-30,2021-07-27,0.0,9812878000.0,,,,,14.229,-6896000.0,239855000.0,239855000.0,1666014000.0,100749000.0,,1.208,3263697000.0,,,3263697000.0,0.0,12814000.0,290890000.0,0.015,0.09,122547000.0,135361000.0,0.067,135361000.0,122547000.0,122547000.0,0.32,0.32,0.32,4444002000.0,,4444002000.0,10565832471.0,12.0,11.226,129627000.0,0.415,1.0,355846000.0,0.176,147892000.0,0.0,12688828000.0,,7194816000.0,424556000.0,,,5368876000.0,,,7739310471.0,-184008000.0,-3030000.0,-300297000.0,12236000.0,-29112000.0,-312325000.0,-8206000.0,0.0,136523000.0,0.0,100749000.0,100749000.0,100749000.0,0.0,0.0,0.05,233299000.0,122547000.0,407691000.0,0.281,1.742,13.031,13.704,0.0,0.0,24.53,0.956,0.946,0.0,,2021860000.0,2021860000.0,0.0,,,,,6710000.0,216211000.0,1.0,315503892.0,312315000,313880000.0,6.474,9664986000.0,986787000.0,21798000.0,0.0,30.946,
17,PHM,MRQ,2017-03-31,2017-03-31,2017-03-31,2021-07-27,0.0,9920814000.0,,,,,14.666,-9996000.0,423863000.0,423863000.0,1249273000.0,91518000.0,,1.129,3250385000.0,,,3250385000.0,0.0,13209000.0,240745000.0,0.015,0.09,139265000.0,152474000.0,0.094,152474000.0,139265000.0,139265000.0,0.29,0.28,0.29,4660145000.0,,4660145000.0,10203376379.0,11.0,10.112,29807000.0,0.094,1.0,380605000.0,0.234,151342000.0,0.0,12595994000.0,,7076898000.0,410672000.0,,,5260669000.0,,,7484987379.0,-299385000.0,-14802000.0,-105522000.0,-192307000.0,-29102000.0,-315813000.0,-23375000.0,0.0,39803000.0,0.0,91518000.0,91518000.0,91518000.0,0.0,0.0,0.056,241340000.0,139265000.0,367180000.0,0.31,1.606,12.252,13.011,0.0,0.0,23.55,0.951,0.95,0.0,,1629878000.0,1629878000.0,0.0,,,,,14161000.0,236268000.0,1.0,317833859.0,317756000,320085000.0,5.129,9769472000.0,1028414000.0,47747000.0,41941000.0,30.745,
18,PHM,MRQ,2016-12-31,2016-12-31,2016-12-31,2021-07-27,-526000.0,10178200000.0,,,,,14.3,-8744000.0,723248000.0,723248000.0,1865297000.0,273173000.0,,1.184,3460919000.0,,,3460919000.0,0.0,13789000.0,187891000.0,0.02,0.09,413722000.0,427511000.0,0.171,427511000.0,413722000.0,413722000.0,0.81,0.81,0.81,4659363000.0,,4659363000.0,8886667550.0,10.0,8.996,366032000.0,1.123,1.0,635836000.0,0.254,154792000.0,0.0,12761079000.0,,6802383000.0,590943000.0,,,5518837000.0,,,6078996550.0,262059000.0,-490000.0,-252360000.0,171618000.0,-30368000.0,-111110000.0,-1607000.0,0.0,374776000.0,0.0,273173000.0,273173000.0,273173000.0,0.0,0.0,0.109,222114000.0,413722000.0,405455000.0,0.111,1.305,10.086,10.443,0.0,0.0,18.38,0.792,0.813,0.0,1540208000.0,2501133000.0,2501133000.0,0.0,,,,,2415000.0,207648000.0,1.0,330739747.0,325839000,327672000.0,7.676,10023408000.0,1049408000.0,140549000.0,34860000.0,30.762,
19,PHM,MRQ,2016-09-30,2016-09-30,2016-09-30,2021-07-27,0.0,9871532000.0,,,,,13.734,-9507000.0,461189000.0,461189000.0,1456039000.0,128470000.0,,1.113,3268860000.0,,,3268860000.0,0.0,13513000.0,248302000.0,0.018,0.09,212335000.0,225848000.0,0.116,225848000.0,212335000.0,212335000.0,0.37,0.37,0.37,4672032000.0,,4672032000.0,9423063279.0,11.0,9.959,4093000.0,0.012,1.0,486866000.0,0.251,158242000.0,0.0,12520961000.0,,7007710000.0,400780000.0,,,5199500000.0,,,6886144279.0,205518000.0,-713000.0,-250040000.0,478354000.0,-31279000.0,202138000.0,-10220000.0,0.0,13600000.0,0.0,128470000.0,128470000.0,128470000.0,0.0,0.0,0.066,274531000.0,212335000.0,378423000.0,0.243,1.474,12.351,12.604,0.0,0.0,20.04,0.952,0.942,0.0,,1942905000.0,1942905000.0,0.0,,,,,2907000.0,250914000.0,1.0,343619974.0,340171000,342421000.0,5.712,9713290000.0,1195905000.0,83865000.0,33562000.0,28.554,
20,PHM,MRQ,2016-06-30,2016-06-30,2016-06-30,2021-07-27,0.0,9507056000.0,,,,,13.956,-11584000.0,255671000.0,255671000.0,1341152000.0,117760000.0,,0.973,2792590000.0,,,2792590000.0,0.0,13592000.0,252259000.0,0.018,0.09,189580000.0,203172000.0,0.113,203172000.0,189580000.0,189580000.0,0.34,0.34,0.34,4818117000.0,,4818117000.0,8912030338.0,10.0,9.778,-268773000.0,-0.779,1.0,458762000.0,0.255,161372000.0,0.0,11882603000.0,,6715245000.0,416504000.0,,,4688939000.0,,,6744168338.0,-762444000.0,-249000.0,-48061000.0,-418820000.0,-31451000.0,-497642000.0,-7613000.0,0.0,-257189000.0,0.0,117760000.0,117760000.0,117760000.0,0.0,0.0,0.065,269182000.0,189580000.0,340847000.0,0.265,1.4,12.562,12.739,0.0,0.0,19.49,0.992,0.989,0.0,,1799914000.0,1799914000.0,0.0,,,,,7551000.0,256273000.0,1.0,346032239.0,345240000,347999000.0,5.214,9345684000.0,1277096000.0,71820000.0,33980000.0,27.07,
21,PHM,MRQ,2016-03-31,2016-03-31,2016-03-31,2021-07-27,0.0,9843480000.0,,,,,13.724,-9460000.0,1018115000.0,1018115000.0,1066175000.0,83300000.0,,1.062,3185977000.0,,,3185977000.0,0.0,13113000.0,223692000.0,0.018,0.09,118213000.0,131326000.0,0.092,131326000.0,118213000.0,118213000.0,0.24,0.24,0.24,4773527000.0,,4773527000.0,8109776647.0,10.0,9.146,-72377000.0,-0.208,1.0,366403000.0,0.256,163185000.0,0.0,11848157000.0,,6287496000.0,343668000.0,,,5069953000.0,,,6532565647.0,242680000.0,-443545000.0,-52745000.0,841610000.0,-31568000.0,757349000.0,-451752000.0,0.0,-62917000.0,0.0,83300000.0,83300000.0,83300000.0,0.0,0.0,0.058,248190000.0,118213000.0,331932000.0,0.375,1.368,12.504,12.728,0.0,0.0,18.71,1.04,1.036,0.0,,1432578000.0,1432578000.0,0.0,,,,,9355000.0,242316000.0,1.0,349148351.0,347815000,350477000.0,4.119,9680295000.0,1344853000.0,34913000.0,33460000.0,27.832,
22,PHM,MRQ,2015-12-31,2015-12-31,2015-12-31,2021-07-27,-609000.0,9189406000.0,,,,,13.653,-11391000.0,775435000.0,775435000.0,1350650000.0,228028000.0,,0.931,2342382000.0,,,2342382000.0,0.0,12503000.0,186141000.0,0.019,0.09,373318000.0,385821000.0,0.187,385821000.0,373318000.0,373318000.0,0.64,0.63,0.64,4759325000.0,,4759325000.0,7653140888.0,9.0,8.876,-104082000.0,-0.299,1.0,710978000.0,0.345,110215000.0,0.0,10646138000.0,,5531550000.0,483982000.0,,,4430081000.0,,,6221623888.0,24924000.0,-454000.0,0.0,159696000.0,-28061000.0,131799000.0,-14184000.0,0.0,-92691000.0,0.0,228028000.0,228028000.0,228028000.0,0.0,0.0,0.111,337660000.0,373318000.0,327725000.0,0.141,1.307,12.592,12.913,0.0,0.0,17.82,1.04,1.062,0.0,1662641000.0,2061628000.0,2061628000.0,0.0,,,,,4613000.0,343935000.0,1.0,349137143.0,348596000,351645000.0,5.914,9079191000.0,1394879000.0,145290000.0,57050000.0,26.045,
23,PHM,MRQ,2015-09-30,2015-09-30,2015-09-30,2021-07-27,0.0,8801578000.0,,,,,13.056,-10934000.0,760095000.0,760095000.0,1146777000.0,107769000.0,,0.925,2191612000.0,,,2191612000.0,0.0,11866000.0,241047000.0,0.017,0.08,179276000.0,191142000.0,0.127,191142000.0,179276000.0,179276000.0,0.31,0.3,0.31,4571605000.0,,4571605000.0,7882463545.0,11.0,10.455,-64730000.0,-0.185,1.0,359970000.0,0.239,113440000.0,0.0,10119655000.0,,5428610000.0,312167000.0,,,4229973000.0,,,6657147545.0,273792000.0,0.0,-120672000.0,485798000.0,-28772000.0,339503000.0,-11915000.0,0.0,-53796000.0,0.0,107769000.0,107769000.0,107769000.0,0.0,0.0,0.072,180694000.0,179276000.0,372498000.0,0.258,1.456,13.778,14.188,0.0,0.0,18.87,1.159,1.151,0.0,,1506747000.0,1506747000.0,0.0,,,,,5485000.0,159361000.0,1.0,352790013.0,350147000,353372000.0,4.303,8688138000.0,1549304000.0,71507000.0,50906000.0,24.813,
24,PHM,MRQ,2015-06-30,2015-06-30,2015-06-30,2021-07-27,0.0,8157956000.0,,,,,12.759,-8598000.0,477535000.0,477535000.0,979359000.0,103324000.0,,0.771,1702851000.0,,,1702851000.0,0.0,10791000.0,217315000.0,0.014,0.08,167627000.0,178418000.0,0.139,178418000.0,167627000.0,167627000.0,0.28,0.28,0.28,4606259000.0,,4606259000.0,8166178751.0,11.0,10.235,-174304000.0,-0.483,1.0,300932000.0,0.235,116665000.0,0.0,9266607000.0,,5075337000.0,309776000.0,,,3551697000.0,,,7346809751.0,-593566000.0,0.0,-214111000.0,-186286000.0,-29509000.0,-429280000.0,1420000.0,0.0,-165706000.0,0.0,103324000.0,103324000.0,103324000.0,0.0,0.0,0.081,133305000.0,167627000.0,290436000.0,0.286,1.595,14.24,14.496,0.0,0.0,20.15,1.26,1.248,0.0,,1280291000.0,1280291000.0,0.0,,,,,6374000.0,130119000.0,1.0,364605943.0,361009000,364241000.0,3.546,8041291000.0,1617609000.0,64303000.0,48774000.0,22.274,
25,PHM,MRQ,2015-03-31,2015-03-31,2015-03-31,2021-07-27,0.0,8433285000.0,,,,,12.93,-14517000.0,1068261000.0,1068261000.0,877064000.0,54971000.0,,0.778,1887630000.0,,,1887630000.0,0.0,11062000.0,177763000.0,0.012,0.08,95805000.0,106867000.0,0.094,106867000.0,95805000.0,95805000.0,0.15,0.15,0.15,4741994000.0,,4741994000.0,8834638190.0,13.0,12.67,-39914000.0,-0.109,1.0,256234000.0,0.226,119890000.0,0.0,9132764000.0,,4785840000.0,267766000.0,,,3691291000.0,,,8185056190.0,-238935000.0,0.0,-107955000.0,-72678000.0,-29616000.0,-203653000.0,-9885000.0,0.0,-25397000.0,0.0,54971000.0,54971000.0,54971000.0,0.0,0.0,0.049,160429000.0,95805000.0,271165000.0,0.533,1.726,18.009,18.221,0.0,0.0,22.23,1.402,1.397,0.0,,1133298000.0,1133298000.0,0.0,,,,,8280000.0,161312000.0,1.0,368198659.0,366748000,370110000.0,3.09,8313395000.0,1679863000.0,40834000.0,47346000.0,22.668,
26,PHM,MRQ,2014-12-31,2014-12-31,2014-12-31,2021-07-27,-690000.0,8569410000.0,,,,,13.603,-6902000.0,1309220000.0,1309220000.0,1204374000.0,217094000.0,,0.783,1958802000.0,,,1958802000.0,0.0,11000000.0,142642000.0,0.011,0.08,266496000.0,277496000.0,0.152,277496000.0,266496000.0,267121000.0,0.59,0.59,0.59,4804954000.0,,4804954000.0,8598500245.0,12.0,11.785,99144000.0,0.281,1.0,618184000.0,0.339,123115000.0,-625000.0,9095877000.0,,4493290000.0,379899000.0,,,3764456000.0,,,7956672245.0,14688000.0,-4959000.0,-97879000.0,68647000.0,-18702000.0,-38341000.0,-53017000.0,-48401000.0,106046000.0,0.0,217094000.0,217094000.0,217094000.0,0.0,0.0,0.119,340774000.0,277410000.0,270516000.0,0.136,1.656,16.774,16.898,0.0,0.0,21.46,1.367,1.365,0.0,1728953000.0,1822558000.0,1822558000.0,0.0,,,,,8002000.0,339599000.0,1.0,370767579.0,353217000,356948000.0,5.16,8446295000.0,1720668000.0,50027000.0,48722000.0,23.912,
27,PHM,MRQ,2014-09-30,2014-09-30,2014-09-30,2021-07-27,0.0,8614645000.0,,,,,12.61,-8965000.0,1246820000.0,1246820000.0,1221531000.0,140545000.0,,0.829,1888648000.0,,,1888648000.0,0.0,9960000.0,192551000.0,0.011,0.05,225138000.0,235098000.0,0.147,235098000.0,225138000.0,224928000.0,0.37,0.37,0.37,4710409000.0,,4710409000.0,7240713197.0,11.0,10.457,118588000.0,0.317,1.0,373194000.0,0.234,126340000.0,210000.0,9130133000.0,,4541780000.0,276667000.0,,,3904236000.0,,,6639200197.0,50883000.0,-85037000.0,-51429000.0,2590000.0,-18792000.0,-67386000.0,-9284000.0,83358000.0,127553000.0,0.0,140545000.0,140545000.0,140545000.0,0.0,0.0,0.088,149542000.0,223652000.0,299004000.0,0.135,1.409,13.91,14.016,0.0,0.0,17.66,1.174,1.166,0.0,,1594725000.0,1594725000.0,0.0,,,,,4493000.0,147136000.0,1.0,375945651.0,373531000,377292000.0,4.269,8488305000.0,1922294000.0,84383000.0,196214000.0,22.724,
28,PHM,MRQ,2014-06-30,2014-06-30,2014-06-30,2021-07-27,0.0,8467336000.0,,,,,12.333,-15081000.0,1272541000.0,1272541000.0,981638000.0,41880000.0,,0.826,1874054000.0,,,1874054000.0,0.0,9962000.0,206991000.0,0.012,0.05,67884000.0,77846000.0,0.061,77846000.0,67884000.0,67681000.0,0.11,0.11,0.11,4638044000.0,,4638044000.0,8139740881.0,13.0,12.712,-32195000.0,-0.086,1.0,304549000.0,0.237,129598000.0,203000.0,8939251000.0,,4304743000.0,261738000.0,,,3829292000.0,,,7633621881.0,-97228000.0,1192000.0,-53606000.0,32550000.0,-19087000.0,-39649000.0,-40465000.0,-26576000.0,-17114000.0,0.0,41880000.0,41880000.0,41880000.0,0.0,0.0,0.033,239091000.0,65458000.0,253915000.0,0.455,1.646,2.915,2.96,0.0,0.0,20.16,1.353,1.344,0.0,,1286187000.0,1286187000.0,0.0,,,,,8275000.0,229767000.0,1.0,378651879.0,376072000,379664000.0,3.42,8337738000.0,2001726000.0,25801000.0,193146000.0,22.171,
29,PHM,MRQ,2014-03-31,2014-03-31,2014-03-31,2021-07-27,0.0,8351411000.0,,,,,12.146,-17842000.0,1343758000.0,1343758000.0,836936000.0,74819000.0,,0.791,1849877000.0,,,1849877000.0,0.0,8942000.0,168573000.0,0.01,0.05,130242000.0,139184000.0,0.124,139184000.0,130242000.0,130029000.0,0.19,0.19,0.19,4664063000.0,,4664063000.0,7827927324.0,14.0,12.86,73554000.0,0.192,1.0,281958000.0,0.252,132873000.0,213000.0,8724657000.0,,4129025000.0,250041000.0,,,3687348000.0,,,7317139324.0,-312167000.0,6376000.0,-50105000.0,-319841000.0,-19065000.0,-383716000.0,-19847000.0,-8381000.0,91396000.0,0.0,74819000.0,74819000.0,74819000.0,0.0,0.0,0.067,158718000.0,123240000.0,205234000.0,0.263,1.569,2.8,2.826,0.0,0.0,19.19,1.298,1.308,0.0,,1118894000.0,1118894000.0,0.0,,,,,8522000.0,144887000.0,1.0,381299600.0,383991000,387806000.0,2.914,8218538000.0,2034668000.0,55210000.0,205810000.0,21.403,
30,PHM,MRQ,2013-12-31,2013-12-31,2013-12-31,2021-07-27,-795000.0,8734143000.0,,,,,12.24,-10554000.0,1653044000.0,1653044000.0,1273243000.0,220053000.0,,0.879,2163832000.0,,,2163832000.0,0.0,8453000.0,134858000.0,0.007,0.05,231876000.0,240329000.0,0.145,240329000.0,231876000.0,232420000.0,0.59,0.58,0.59,4648952000.0,,4648952000.0,8555219442.0,16.0,15.293,315632000.0,0.831,1.0,382096000.0,0.231,136148000.0,-544000.0,9108783000.0,,4064320000.0,333256000.0,,,4085191000.0,,,7802879442.0,230335000.0,857000.0,-37721000.0,-12041000.0,-19065000.0,-67965000.0,-27886000.0,-17528000.0,326186000.0,0.0,220053000.0,220053000.0,220053000.0,0.0,0.0,0.133,146617000.0,235479000.0,202736000.0,0.085,1.678,2.978,3.0,0.0,0.0,20.37,1.374,1.374,0.0,1593918000.0,1655339000.0,1655339000.0,0.0,,,,,8910000.0,149706000.0,1.0,383057410.0,379831000,383752000.0,4.358,8597995000.0,2086754000.0,12367000.0,206015000.0,22.636,
31,PHM,MRQ,2013-09-30,2013-09-30,2013-09-30,2021-07-27,0.0,8693722000.0,,,,,11.731,-7337000.0,1419415000.0,1419415000.0,1253314000.0,2281884000.0,,0.936,2171755000.0,,,2171755000.0,0.0,8050000.0,173665000.0,0.006,0.1,174893000.0,182943000.0,0.116,182943000.0,174893000.0,174722000.0,5.92,5.87,5.92,4491685000.0,,4491685000.0,7270570715.0,21.0,19.222,212548000.0,0.555,1.0,328764000.0,0.208,139423000.0,171000.0,9306639000.0,,4243676000.0,341928000.0,,,4202037000.0,,,6407753715.0,137326000.0,-250000.0,-83493000.0,30962000.0,-19317000.0,-71843000.0,-10716000.0,-3129000.0,219885000.0,0.0,2281884000.0,2281884000.0,2281884000.0,0.0,0.0,1.442,155692000.0,173072000.0,214098000.0,0.017,1.427,2.606,2.59,0.0,0.0,16.5,1.146,1.13,0.0,,1582078000.0,1582078000.0,0.0,,,,,5805000.0,138637000.0,1.0,388348710.0,382883000,386103000.0,4.132,8554299000.0,2108756000.0,-2107162000.0,196870000.0,22.342,
32,PHM,MRQ,2013-06-30,2013-06-30,2013-06-30,2021-07-27,0.0,6452271000.0,,,,,6.041,-5689000.0,1279111000.0,1279111000.0,1034563000.0,36417000.0,,1.771,2141928000.0,,,2141928000.0,0.0,7745000.0,167076000.0,0.0,0.0,38496000.0,46241000.0,0.036,46241000.0,38496000.0,38330000.0,0.09,0.09,0.09,2328215000.0,,2328215000.0,8259917800.0,30.0,26.743,58756000.0,0.152,1.0,244859000.0,0.191,142698000.0,166000.0,7172390000.0,,4306585000.0,281973000.0,,,4124056000.0,,,7351058800.0,-380256000.0,-214000.0,-20000.0,-449502000.0,0.0,-438515000.0,-6186000.0,-283000.0,64445000.0,0.0,36417000.0,36417000.0,36417000.0,0.0,0.0,0.028,207870000.0,36989000.0,207750000.0,0.0,3.157,25.042,24.961,0.0,0.0,18.97,1.384,1.376,0.0,,1279422000.0,1279422000.0,0.0,,,,,8624000.0,150531000.0,1.0,387509689.0,385389000,391180000.0,3.32,6309573000.0,0.0,1913000.0,200646000.0,16.372,
33,PHM,MRQ,2013-03-31,2013-03-31,2013-03-31,2021-07-27,0.0,6741141000.0,,,,,5.922,-5319000.0,1659501000.0,1659501000.0,946076000.0,81762000.0,,1.962,2568360000.0,,,2568360000.0,0.0,7339000.0,126069000.0,0.0,0.0,82557000.0,89896000.0,0.077,89896000.0,82557000.0,82350000.0,0.21,0.21,0.21,2275515000.0,,2275515000.0,8996452895.0,32.0,29.004,265301000.0,0.69,1.0,216680000.0,0.186,145973000.0,207000.0,7504027000.0,,4243938000.0,282948000.0,,,4465626000.0,,,7824754895.0,188164000.0,-393000.0,-6427000.0,-82377000.0,0.0,-81267000.0,-1189000.0,4523000.0,270620000.0,0.0,81762000.0,81762000.0,81762000.0,0.0,0.0,0.07,134398000.0,82282000.0,176696000.0,0.0,3.439,26.12,25.949,0.0,0.0,20.24,1.534,1.524,0.0,,1162756000.0,1162756000.0,0.0,,,,,7141000.0,129626000.0,1.0,386598562.0,384228000,390321000.0,3.026,6595168000.0,0.0,588000.0,196863000.0,17.165,
34,PHM,MRQ,2012-12-31,2012-12-31,2012-12-31,2021-07-27,-992000.0,6734409000.0,,,,,5.706,-464000.0,1476710000.0,1476710000.0,1333610000.0,58742000.0,,2.076,2648408000.0,,,2648408000.0,0.0,7749000.0,101183000.0,0.0,0.0,51416000.0,59165000.0,0.038,59165000.0,51416000.0,51213000.0,0.15,0.16,0.15,2189616000.0,,2189616000.0,8477985032.0,46.0,39.543,338444000.0,0.882,1.0,233356000.0,0.149,149248000.0,203000.0,7756859000.0,,4336216000.0,364560000.0,,,4544793000.0,,,7015529032.0,-158891000.0,-14857000.0,0.0,-490512000.0,0.0,-485135000.0,-12664000.0,2657000.0,338908000.0,0.0,58742000.0,58742000.0,58742000.0,0.0,0.0,0.037,183494000.0,49862000.0,178274000.0,0.0,3.204,34.032,33.63,0.0,0.0,18.16,1.456,1.438,0.0,-844147000.0,1566966000.0,1566966000.0,0.0,,,,,8529000.0,141766000.0,1.0,386317678.0,383731000,389631000.0,4.084,6585161000.0,0.0,-7529000.0,198865000.0,17.161,
35,PHM,MRQ,2012-09-30,2012-09-30,2012-09-30,2021-07-27,0.0,7140580000.0,,,,,5.564,-3522000.0,1640381000.0,1640381000.0,1065343000.0,116633000.0,,2.365,3102837000.0,,,3102837000.0,0.0,7450000.0,122144000.0,0.0,0.0,106107000.0,113557000.0,0.087,113557000.0,106107000.0,105906000.0,0.31,0.3,0.31,2122046000.0,,2122046000.0,7644475004.0,62.0,49.655,206170000.0,0.541,1.0,237248000.0,0.182,152523000.0,201000.0,8450513000.0,,4611148000.0,294172000.0,,,5018534000.0,,,5948200004.0,253173000.0,-408000.0,-53000.0,10107000.0,0.0,37486000.0,5995000.0,9925000.0,209692000.0,0.0,116633000.0,116633000.0,116633000.0,0.0,0.0,0.09,132644000.0,104604000.0,210332000.0,0.0,2.803,36.894,36.047,0.0,0.0,15.5,1.317,1.309,0.0,,1302591000.0,1302591000.0,0.0,,,,,5482000.0,125191000.0,1.0,383754839.0,381355000,384570000.0,3.416,6988057000.0,28282000.0,-10727000.0,202280000.0,18.324,
36,PHM,MRQ,2012-06-30,2012-06-30,2012-06-30,2021-07-27,0.0,6952825000.0,,,,,5.189,-3087000.0,1397273000.0,1397273000.0,897317000.0,42436000.0,,2.52,3093548000.0,,,3093548000.0,0.0,7435000.0,117320000.0,0.0,0.0,40124000.0,47559000.0,0.044,47559000.0,40124000.0,39926000.0,0.11,0.11,0.11,1975047000.0,,1975047000.0,5894389510.0,-32.0,-38.244,93763000.0,0.246,1.0,172088000.0,0.161,155798000.0,198000.0,8493302000.0,,4701721000.0,265910000.0,,,4977778000.0,,,4105047510.0,98743000.0,1887000.0,-63000.0,-1520000.0,0.0,-1583000.0,3476000.0,4676000.0,96850000.0,0.0,42436000.0,42436000.0,42436000.0,0.0,0.0,0.04,134684000.0,37404000.0,214254000.0,0.0,2.078,-48.462,-48.636,0.0,0.0,10.7,0.943,0.935,0.0,,1069405000.0,1069405000.0,0.0,,,,,5167000.0,124186000.0,1.0,383649300.0,380655000,382203000.0,2.809,6797027000.0,28897000.0,-2510000.0,212477000.0,17.856,
37,PHM,MRQ,2012-03-31,2012-03-31,2012-03-31,2021-07-27,0.0,6859443000.0,,,,,5.069,717000.0,1301604000.0,1301604000.0,767572000.0,-11666000.0,,2.556,3090946000.0,,,3090946000.0,0.0,7393000.0,71580000.0,0.0,0.0,-13274000.0,-5881000.0,-0.007,-5881000.0,-13274000.0,-13491000.0,-0.03,-0.03,-0.03,1928828000.0,,1928828000.0,5289489756.0,-19.0,-21.441,115407000.0,0.303,1.0,113464000.0,0.129,159073000.0,217000.0,8489712000.0,,4746769000.0,218310000.0,,,4930615000.0,,,3386076756.0,128664000.0,-49000.0,-845000.0,1920000.0,0.0,1075000.0,12899000.0,12231000.0,114690000.0,0.0,-11666000.0,-11666000.0,-11666000.0,0.0,0.0,-0.013,129933000.0,-16469000.0,170609000.0,0.0,1.756,-18.551,-18.438,0.0,0.0,8.85,0.804,0.799,0.0,,881036000.0,881036000.0,0.0,,,,,3719000.0,123314000.0,1.0,382607543.0,380502000,380502000.0,2.315,6700370000.0,29673000.0,-1825000.0,215150000.0,17.609,
38,PHM,MRQ,2011-12-31,2011-12-31,2011-12-31,2021-07-27,-1306000.0,6885620000.0,,,,,5.1,-4970000.0,1184931000.0,1184931000.0,1138204000.0,13821000.0,,2.552,3088344000.0,,,3088344000.0,0.0,7469000.0,46960000.0,0.0,0.0,-8752000.0,-1283000.0,-0.001,-1283000.0,-8752000.0,-9075000.0,0.04,0.04,0.04,1938615000.0,,1938615000.0,4494900608.0,-15.0,-16.234,172275000.0,0.453,1.0,124141000.0,0.098,162348000.0,323000.0,8626685000.0,,4796680000.0,294063000.0,,,4947005000.0,,,2415346608.0,-75971000.0,-711000.0,-815000.0,-252782000.0,0.0,-253597000.0,381000.0,6062000.0,177245000.0,0.0,13821000.0,13821000.0,13821000.0,0.0,0.0,0.011,135541000.0,-11400000.0,196447000.0,0.0,1.246,-11.48,-11.473,0.0,0.0,6.31,0.584,0.579,0.0,-1050145000.0,1262345000.0,1262345000.0,0.0,,,,,2526000.0,117204000.0,1.0,382780762.0,380153000,380153000.0,3.321,6723272000.0,0.0,-22896000.0,203313000.0,17.686,
39,PHM,MRQ,2011-09-30,2011-09-30,2011-09-30,2021-07-27,0.0,7228654000.0,,,,,5.061,-4043000.0,1255809000.0,1255809000.0,964188000.0,-129298000.0,,2.758,3335363000.0,,,3335363000.0,0.0,7656000.0,78435000.0,0.0,0.0,-202178000.0,-194522000.0,-0.17,-194522000.0,-202178000.0,-202500000.0,-0.34,-0.34,-0.34,1923467000.0,,1923467000.0,3641060036.0,-7.0,-8.004,55318000.0,0.146,1.0,177743000.0,0.156,165623000.0,322000.0,9142585000.0,,5049653000.0,211140000.0,,,5305187000.0,,,1512254036.0,70185000.0,-33000.0,-65000.0,480000.0,0.0,415000.0,10409000.0,14485000.0,59361000.0,0.0,-129298000.0,-129298000.0,-129298000.0,0.0,0.0,-0.113,380740000.0,-202997000.0,224956000.0,0.0,0.786,-3.881,-3.835,0.0,0.0,3.95,0.373,0.37,0.0,,1141931000.0,1141931000.0,0.0,,,,,3039000.0,121553000.0,1.0,382849123.0,380025000,380025000.0,3.005,7063031000.0,79378000.0,-73202000.0,221128000.0,18.586,
40,PHM,MRQ,2011-06-30,2011-06-30,2011-06-30,2021-07-27,0.0,7425605000.0,,,,,5.397,2017000.0,1203457000.0,1203457000.0,832518000.0,-55385000.0,,2.623,3332263000.0,,,3332263000.0,0.0,8003000.0,84570000.0,0.0,0.0,-53016000.0,-45013000.0,-0.049,-45013000.0,-53016000.0,-53333000.0,-0.15,-0.15,-0.15,2049727000.0,,2049727000.0,4886966759.0,-4.0,-3.839,-167669000.0,-0.441,1.0,94694000.0,0.102,409439000.0,317000.0,9144972000.0,,5063319000.0,189560000.0,,,5375878000.0,,,2932339759.0,-216565000.0,1619000.0,-987000.0,-55519000.0,0.0,-56506000.0,9627000.0,5991000.0,-169686000.0,0.0,-55385000.0,-55385000.0,-55385000.0,0.0,0.0,-0.06,150048000.0,-55354000.0,218853000.0,0.0,1.431,-2.336,-2.307,0.0,0.0,7.66,0.738,0.732,0.0,,927212000.0,927212000.0,0.0,,,,,5895000.0,138380000.0,1.0,382811979.0,379781000,379781000.0,2.441,7016166000.0,78864000.0,2052000.0,292002000.0,18.474,
41,PHM,MRQ,2011-03-31,2011-03-31,2011-03-31,2021-07-27,0.0,7516629000.0,,,,,5.533,-3687000.0,1426353000.0,1426353000.0,706433000.0,-39526000.0,,2.579,3380980000.0,,,3380980000.0,0.0,8970000.0,66422000.0,0.0,0.0,-45041000.0,-36071000.0,-0.045,-36071000.0,-45041000.0,-45392000.0,-0.1,-0.1,-0.1,2100140000.0,,2100140000.0,4723280872.0,-4.0,-3.868,-53328000.0,-0.141,1.0,98769000.0,0.123,412714000.0,351000.0,9058542000.0,,4907177000.0,189316000.0,,,5416489000.0,,,2826838872.0,-177968000.0,-947000.0,-969000.0,-13312000.0,0.0,-14281000.0,-114046000.0,-109412000.0,-49641000.0,0.0,-39526000.0,-39526000.0,-39526000.0,0.0,0.0,-0.049,146356000.0,-47587000.0,206067000.0,0.0,1.346,-2.516,-2.492,0.0,0.0,7.4,0.649,0.645,0.0,,805202000.0,805202000.0,0.0,,,,,5510000.0,142446000.0,1.0,382005253.0,379544000,379544000.0,2.121,7103915000.0,79449000.0,-5866000.0,289605000.0,18.717,
42,PHM,MRQ,2010-12-31,2010-12-31,2010-12-31,2021-07-27,-1519000.0,7699376000.0,,,,,5.632,-2992000.0,1507991000.0,1507991000.0,1158980000.0,-165428000.0,,2.606,3391668000.0,,,3391668000.0,0.0,10730000.0,51727000.0,0.0,0.0,-190035000.0,-179305000.0,-0.151,-179305000.0,-190035000.0,-190475000.0,-0.44,-0.44,-0.44,2135167000.0,,2135167000.0,4504495252.0,-4.0,-3.798,-209454000.0,-0.552,1.0,26290000.0,0.022,415989000.0,440000.0,9167064000.0,,4903649000.0,222477000.0,,,5564209000.0,,,2874356252.0,-1142045000.0,114000.0,-9576000.0,-934502000.0,0.0,-935410000.0,-173000.0,2705000.0,-206462000.0,0.0,-165428000.0,-165428000.0,-165428000.0,0.0,0.0,-0.14,219351000.0,-193061000.0,226466000.0,0.0,1.346,-2.621,-2.593,0.0,0.0,7.52,0.629,0.623,0.0,-840053000.0,1185270000.0,1185270000.0,0.0,,,,,4601000.0,150738000.0,1.0,382228225.0,379122000,379122000.0,3.126,7283387000.0,81307000.0,-25047000.0,294408000.0,19.211,
43,PHM,MRQ,2010-09-30,2010-09-30,2010-09-30,2021-07-27,0.0,9092636000.0,,,,,6.062,-2777000.0,2656244000.0,2656244000.0,981087000.0,-995116000.0,,2.959,4286383000.0,,,4286383000.0,0.0,10574000.0,78502000.0,0.0,0.0,-1023048000.0,-1012474000.0,-0.957,-1012474000.0,-1023048000.0,-1023837000.0,-2.63,-2.63,-2.63,2296423000.0,,2296423000.0,4937072585.0,-3.0,-2.587,-54258000.0,-0.143,1.0,76677000.0,0.072,419264000.0,789000.0,10303511000.0,,5038286000.0,238981000.0,,,6796213000.0,,,3352531585.0,-123344000.0,-2847000.0,-1315000.0,-75353000.0,0.0,-76668000.0,4805000.0,10429000.0,-51481000.0,0.0,-995116000.0,-995116000.0,-995116000.0,0.0,0.0,-0.941,1098622000.0,-1021945000.0,280135000.0,0.0,1.46,-3.198,-3.476,0.0,0.0,8.76,0.655,0.649,0.0,,1057764000.0,1057764000.0,0.0,,,,,10995000.0,425643000.0,1.0,382709085.0,378842000,378842000.0,2.792,8673372000.0,136845000.0,-28721000.0,318312000.0,22.894,
44,PHM,MRQ,2010-06-30,2010-06-30,2010-06-30,2021-07-27,0.0,9915496000.0,,,,,8.668,-4781000.0,2775627000.0,2775627000.0,1151791000.0,76303000.0,,2.021,4360168000.0,,,4360168000.0,0.0,11470000.0,89606000.0,0.0,0.0,-4708000.0,6762000.0,0.005,6762000.0,-4708000.0,-5726000.0,0.2,0.2,0.2,3281786000.0,,3281786000.0,4897316495.0,-4.0,-3.951,167719000.0,0.443,1.0,154107000.0,0.118,1077462000.0,1018000.0,10422575000.0,,5000957000.0,330696000.0,,,6633710000.0,,,3167852495.0,164974000.0,-17551000.0,476000.0,15424000.0,0.0,15900000.0,-23426000.0,-1094000.0,172500000.0,0.0,76303000.0,76303000.0,76303000.0,0.0,0.0,0.058,166649000.0,-12542000.0,275974000.0,0.0,0.965,-7.643,-7.962,0.0,0.0,8.28,0.615,0.609,0.0,,1305898000.0,1305898000.0,0.0,,,,,8376000.0,157415000.0,1.0,382590881.0,378618000,380412000.0,3.449,8838034000.0,86631000.0,-82029000.0,298432000.0,23.343,
45,PHM,MRQ,2010-03-31,2010-03-31,2010-03-31,2021-07-27,0.0,9908984000.0,,,,,8.462,-2849000.0,2612329000.0,2612329000.0,884204000.0,-12488000.0,,2.1,4341793000.0,,,4341793000.0,0.0,12886000.0,81340000.0,0.0,0.0,-14026000.0,-1140000.0,-0.001,-1140000.0,-14026000.0,-14508000.0,-0.03,-0.03,-0.03,3196555000.0,,3196555000.0,6709818681.0,-5.0,-4.722,674718000.0,1.786,1.0,136154000.0,0.133,1081191000.0,482000.0,10557257000.0,,5156329000.0,240598000.0,,,6712429000.0,,,4300502681.0,723418000.0,1625000.0,6392000.0,40120000.0,0.0,46512000.0,-661000.0,563000.0,677567000.0,0.0,-12488000.0,-12488000.0,-12488000.0,0.0,0.0,-0.012,152865000.0,-16711000.0,262724000.0,0.0,1.345,-6.322,-5.682,0.0,0.0,11.25,0.951,0.94,0.0,,1020358000.0,1020358000.0,0.0,,,,,8109000.0,161306000.0,1.0,382266905.0,377747000,377747000.0,2.701,8827793000.0,191175000.0,-2020000.0,381120000.0,23.37,
46,PHM,MRQ,2009-12-31,2009-12-31,2009-12-31,2021-07-27,-2249000.0,10051222000.0,,,,,10.642,-13290000.0,1890610000.0,1890610000.0,1838357000.0,-116897000.0,,2.146,4299926000.0,,,4299926000.0,0.0,14904000.0,74057000.0,0.0,0.0,-916308000.0,-901404000.0,-0.521,-901404000.0,-916308000.0,-917225000.0,-0.06,-0.06,-0.06,3194440000.0,,3194440000.0,6596058070.0,-3.0,-3.438,385554000.0,1.284,1.0,-107534000.0,-0.062,1084466000.0,917000.0,11376072000.0,,5173135000.0,240632000.0,,,6856782000.0,,,3803671070.0,331776000.0,-1474000.0,1248000.0,-49258000.0,0.0,-48010000.0,-18488000.0,-3724000.0,398844000.0,-570000.0,-116897000.0,-116897000.0,-116897000.0,0.0,0.0,-0.068,817496000.0,-925030000.0,278333000.0,0.0,1.191,-3.216,-2.538,0.0,0.0,10.0,0.931,0.735,0.0,257145000.0,1730823000.0,1730823000.0,0.0,,,,,10740000.0,202074000.0,1.0,380367107.0,300179000,300179000.0,5.766,8966756000.0,955186000.0,-800328000.0,360921000.0,29.871,
47,PHM,MRQ,2009-09-30,2009-09-30,2009-09-30,2021-07-27,0.0,10282473000.0,,,,,10.573,-2703000.0,1551118000.0,1551118000.0,1135669000.0,-361387000.0,,2.106,4343505000.0,,,4343505000.0,0.0,14539000.0,93596000.0,0.004,0.0,-358288000.0,-343749000.0,-0.315,-343749000.0,-358288000.0,-358719000.0,-1.15,-1.15,-1.15,3309389000.0,,3309389000.0,4209007610.0,-3.0,-2.844,-72142000.0,-0.23,1.0,-44575000.0,-0.041,1588788000.0,431000.0,11486072000.0,,5927534000.0,296412000.0,,,6969063000.0,,,2842323610.0,-119417000.0,1736560000.0,-2836000.0,-1789933000.0,0.0,-1792769000.0,1743881000.0,10024000.0,-69439000.0,-1090000.0,-361387000.0,-361387000.0,-361387000.0,0.0,0.0,-0.331,311357000.0,-355932000.0,333467000.0,0.0,0.859,-2.025,-2.097,0.0,0.0,10.99,0.691,0.836,0.0,,1091094000.0,1091094000.0,0.0,,,,,18705000.0,221538000.0,1.0,258628172.0,312996000,312996000.0,3.486,8693685000.0,76669000.0,2668000.0,285596000.0,27.776,
48,PHM,MRQ,2009-06-30,2009-06-30,2009-06-30,2021-07-27,0.0,6402909000.0,,,,,8.437,-2030000.0,1636040000.0,1636040000.0,766327000.0,-189465000.0,,1.979,3002724000.0,,,3002724000.0,0.0,11825000.0,57147000.0,0.009,0.0,-186493000.0,-174668000.0,-0.257,-174668000.0,-186493000.0,-186929000.0,-0.74,-0.74,-0.74,2149506000.0,,2149506000.0,3770969886.0,-3.0,-2.672,107166000.0,0.421,1.0,-87747000.0,-0.129,0.0,436000.0,7769593000.0,,3913649000.0,185230000.0,,,4253403000.0,,,2283185886.0,-109756000.0,-5384000.0,69000.0,-217176000.0,0.0,-217107000.0,-4080000.0,3334000.0,109196000.0,2235000.0,-189465000.0,-189465000.0,-189465000.0,0.0,0.0,-0.279,98888000.0,-186635000.0,175087000.0,0.0,1.062,-1.726,-1.698,0.0,0.0,8.83,0.502,0.495,0.0,,678580000.0,678580000.0,0.0,,,,,8413000.0,122263000.0,1.0,258571448.0,254764000,254764000.0,2.664,6402909000.0,7040000.0,2536000.0,133203000.0,25.133,
49,PHM,MRQ,2009-03-31,2009-03-31,2009-03-31,2021-07-27,0.0,6814933000.0,,,,,9.144,-19178000.0,1745796000.0,1745796000.0,918145000.0,-514818000.0,,1.928,3233580000.0,,,3233580000.0,0.0,12978000.0,40889000.0,0.011,0.0,-511768000.0,-498790000.0,-0.854,-498790000.0,-511768000.0,-512246000.0,-2.02,-2.02,-2.02,2327787000.0,,2327787000.0,4574922721.0,-3.0,-3.195,271576000.0,1.067,1.0,-334253000.0,-0.572,0.0,478000.0,8302717000.0,,4136448000.0,219654000.0,,,4487146000.0,,,2826321721.0,90532000.0,-7492000.0,-1083000.0,-171062000.0,0.0,-172145000.0,-27502000.0,-832000.0,290754000.0,-575000.0,-514818000.0,-514818000.0,-514818000.0,0.0,0.0,-0.882,130522000.0,-464775000.0,165515000.0,0.0,1.214,-2.188,-2.147,0.0,0.0,10.93,0.519,0.511,0.0,,583892000.0,583892000.0,0.0,,,,,8485000.0,126559000.0,1.0,258583872.0,254578000,254578000.0,2.294,6814933000.0,9660000.0,2572000.0,131853000.0,26.77,
50,PHM,MRQ,2008-12-31,2008-12-31,2008-12-31,2021-07-27,-4099000.0,7708458000.0,,,,,11.171,-3960000.0,1655264000.0,1655264000.0,1876911000.0,-338165000.0,,1.718,3403865000.0,,,3403865000.0,0.0,16439000.0,40950000.0,0.015,0.04,-478996000.0,-462557000.0,-0.262,-462557000.0,-478996000.0,-479725000.0,-1.33,-1.33,-1.33,2835698000.0,,2835698000.0,4998798572.0,-3.0,-3.113,453119000.0,1.785,1.0,-114223000.0,-0.065,102554000.0,729000.0,9354505000.0,,4537344000.0,432641000.0,,,4872760000.0,,,2814285572.0,481372000.0,-4326000.0,1440000.0,40383000.0,-10268000.0,31555000.0,-4909000.0,3377000.0,457079000.0,-2353000.0,-338165000.0,-338165000.0,-338165000.0,0.0,0.0,-0.192,240270000.0,-354493000.0,218135000.0,-0.03,0.992,-1.91,-1.881,0.0,0.0,10.93,0.449,0.442,0.0,1442425000.0,1762688000.0,1762688000.0,0.0,,,,,3545000.0,216373000.0,1.0,257482669.0,253845000,253845000.0,6.944,7605904000.0,373569000.0,-141560000.0,130615000.0,29.963,
51,PHM,MRQ,2008-09-30,2008-09-30,2008-09-30,2021-07-27,0.0,8183031000.0,,,,,12.554,-2667000.0,1173892000.0,1173892000.0,1653322000.0,-280387000.0,,1.571,3358405000.0,,,3358405000.0,0.0,18713000.0,107489000.0,0.011,0.04,-293868000.0,-275155000.0,-0.181,-275155000.0,-293868000.0,-294591000.0,-1.11,-1.11,-1.11,3183359000.0,,3183359000.0,6034896095.0,-4.0,-3.88,271302000.0,1.07,1.0,-131533000.0,-0.086,0.0,723000.0,10367544000.0,,5533271000.0,381598000.0,,,4999672000.0,,,3596045095.0,185547000.0,-1828000.0,876000.0,-70100000.0,-10293000.0,-79517000.0,-8501000.0,-4006000.0,273969000.0,-404000.0,-280387000.0,-280387000.0,-280387000.0,0.0,0.0,-0.184,202448000.0,-333981000.0,334568000.0,-0.036,1.13,-1.789,-1.757,0.0,0.0,13.97,0.483,0.476,0.0,,1521789000.0,1521789000.0,0.0,,,,,10480000.0,200350000.0,1.0,257411961.0,253582000,253582000.0,6.001,8183031000.0,248204000.0,-14204000.0,159721000.0,32.27,
52,PHM,MRQ,2008-06-30,2008-06-30,2008-06-30,2021-07-27,0.0,8579164000.0,,,,,13.689,-4473000.0,988345000.0,988345000.0,1633548000.0,-158417000.0,,1.473,3427196000.0,,,3427196000.0,0.0,19113000.0,130426000.0,0.017,0.04,-214519000.0,-195406000.0,-0.124,-195406000.0,-214519000.0,-215227000.0,-0.63,-0.63,-0.63,3469619000.0,,3469619000.0,5143083142.0,-2.0,-2.185,265020000.0,1.046,1.0,-53080000.0,-0.034,0.0,708000.0,11018015000.0,,6060418000.0,437719000.0,,,5109545000.0,,,2478532142.0,-82820000.0,-34440000.0,136000.0,-309336000.0,-10263000.0,-319463000.0,-33779000.0,5134000.0,269493000.0,929000.0,-158417000.0,-158417000.0,-158417000.0,0.0,0.0,-0.1,204964000.0,-258044000.0,359338000.0,-0.063,0.714,-0.985,-0.967,0.0,0.0,9.63,0.295,0.291,0.0,,1580468000.0,1580468000.0,0.0,,,,,12732000.0,186404000.0,1.0,257376131.0,253454000,253454000.0,6.236,8579164000.0,169566000.0,-56810000.0,112399000.0,33.849,
53,PHM,MRQ,2008-03-31,2008-03-31,2008-03-31,2021-07-27,0.0,9047124000.0,,,,,14.316,-2464000.0,1071165000.0,1071165000.0,2145621000.0,-696144000.0,,1.496,3735716000.0,,,3735716000.0,0.0,19715000.0,133227000.0,0.011,0.04,-693056000.0,-673341000.0,-0.465,-673341000.0,-693056000.0,-693056000.0,-2.75,-2.75,-2.75,3624382000.0,,3624382000.0,6605484907.0,-2.0,-2.244,217387000.0,0.859,1.0,-696802000.0,-0.481,0.0,0.0,11711675000.0,,6524155000.0,394095000.0,,,5422742000.0,,,3746954907.0,10854000.0,-7248000.0,-3169000.0,-186765000.0,-10295000.0,-200229000.0,-8755000.0,957000.0,219851000.0,-13000.0,-696144000.0,-696144000.0,-696144000.0,0.0,0.0,-0.48,0.0,-696802000.0,360571000.0,-0.015,1.034,-1.307,-1.283,0.0,0.0,14.55,0.424,0.417,0.0,,1448819000.0,1448819000.0,0.0,,,,,12350000.0,0.0,1.0,257522674.0,253166000,253166000.0,5.723,9047124000.0,105906000.0,3088000.0,108105000.0,35.736,
54,PHM,MRQ,2007-12-31,2007-12-31,2007-12-31,2021-07-27,-4883000.0,10225703000.0,,,,,17.11,-5639000.0,1060311000.0,1060311000.0,1539836000.0,-874661000.0,,1.367,3918841000.0,,,3918841000.0,0.0,19743000.0,132720000.0,0.015,0.04,-431307000.0,-411564000.0,-0.142,-411564000.0,-431307000.0,-435171000.0,-3.46,-3.46,-3.46,4320193000.0,,4320193000.0,6385719552.0,-3.0,-2.671,887948000.0,3.517,1.0,1352186000.0,0.468,0.0,3864000.0,13084233000.0,,7300743000.0,552568000.0,,,5905510000.0,,,2698543552.0,958525000.0,-30805000.0,962000.0,126926000.0,-10285000.0,115129000.0,-50172000.0,-13728000.0,893587000.0,-19000.0,-874661000.0,-874661000.0,-874661000.0,-18662000.0,0.0,-0.302,0.0,1352186000.0,418637000.0,-0.012,0.625,-1.196,-1.179,0.0,0.0,10.54,0.292,0.287,0.0,2960001000.0,2892022000.0,2892022000.0,0.0,,,,,18664000.0,1094483000.0,1.0,256028800.0,252489000,252489000.0,11.454,10225703000.0,369069000.0,439490000.0,126758000.0,40.5,
55,PHM,MRQ,2007-09-30,2007-09-30,2007-09-30,2021-07-27,0.0,10932454000.0,,,,,20.569,-17269000.0,101786000.0,101786000.0,3514136000.0,-787871000.0,,1.107,3788962000.0,,,3788962000.0,0.0,20836000.0,215081000.0,0.012,0.04,-1093913000.0,-1073077000.0,-0.434,-1073077000.0,-1093913000.0,-1093913000.0,-3.12,-3.12,-3.12,5188849000.0,,5188849000.0,7391832054.0,-4.0,-3.748,300170000.0,1.19,1.0,-1042338000.0,-0.422,152835000.0,0.0,14466795000.0,,8534875000.0,490498000.0,,,5743605000.0,,,3482879054.0,27134000.0,-60405000.0,148000.0,-202100000.0,-10238000.0,-212607000.0,-77674000.0,0.0,317439000.0,-24000.0,-787871000.0,-787871000.0,-787871000.0,0.0,0.0,-0.319,0.0,-1042338000.0,560904000.0,-0.013,0.671,-2.507,-2.475,0.0,0.0,13.61,0.324,0.319,0.0,,2471798000.0,2471798000.0,0.0,,,,,17441000.0,0.0,1.0,255905882.0,252264000,252264000.0,9.798,10779619000.0,702206000.0,-306042000.0,128040000.0,42.731,
56,PHM,MRQ,2007-06-30,2007-06-30,2007-06-30,2021-07-27,0.0,11951648000.0,,,,,23.682,-13550000.0,74652000.0,74652000.0,2772704000.0,-507551000.0,,1.002,3983605000.0,,,3983605000.0,0.0,21613000.0,272576000.0,0.007,0.04,-806609000.0,-784996000.0,-0.388,-784996000.0,-806609000.0,-806609000.0,-2.01,-2.01,-2.01,5970167000.0,,5970167000.0,9454414769.0,-14.0,-16.187,-208456000.0,-0.827,1.0,-751458000.0,-0.372,490506000.0,0.0,15370095000.0,,9513329000.0,545772000.0,,,5981481000.0,,,5746469769.0,-42296000.0,13654000.0,2827000.0,159946000.0,-10234000.0,152506000.0,104000.0,0.0,-194906000.0,0.0,-507551000.0,-507551000.0,-507551000.0,0.0,0.0,-0.251,0.0,-751458000.0,609803000.0,-0.02,0.963,-13.968,-13.858,0.0,0.0,22.45,0.485,0.478,0.0,,2021246000.0,2021246000.0,0.0,,,,,15440000.0,0.0,1.0,255967473.0,252093000,252093000.0,8.018,11461142000.0,440209000.0,-299058000.0,524000.0,45.464,
57,PHM,MRQ,2007-03-31,2007-03-31,2007-03-31,2021-07-27,0.0,12151020000.0,,,,,25.681,-13891000.0,116948000.0,116948000.0,2013005000.0,-85672000.0,,0.878,3824893000.0,,,3824893000.0,0.0,21660000.0,241679000.0,0.006,0.04,-142548000.0,-120888000.0,-0.065,-120888000.0,-142548000.0,-142548000.0,-0.34,-0.34,-0.34,6469523000.0,,6469523000.0,10575518186.0,20.0,17.41,188244000.0,0.747,1.0,-141572000.0,-0.076,492569000.0,0.0,15366396000.0,,9880866000.0,549831000.0,,,5681497000.0,,,6774156186.0,-434344000.0,-79784000.0,-2320000.0,-533555000.0,-10240000.0,-542668000.0,-93675000.0,0.0,202135000.0,-136000.0,-85672000.0,-85672000.0,-85672000.0,0.0,0.0,-0.046,0.0,-141572000.0,586115000.0,-0.118,1.047,19.974,19.6,0.0,0.0,26.46,0.514,0.506,0.0,,1871433000.0,1871433000.0,0.0,,,,,19150000.0,0.0,1.0,256014973.0,251919000,251919000.0,7.429,11658451000.0,171426000.0,-56876000.0,33676000.0,46.279,
58,PHM,MRQ,2006-12-31,2006-12-31,2006-12-31,2021-07-27,-2986000.0,13176874000.0,,,,,26.18,-8040000.0,551292000.0,551292000.0,4310437000.0,-8412000.0,,1.003,4352654000.0,,,4352654000.0,0.0,25166000.0,200478000.0,0.005,0.04,-18166000.0,7000000.0,0.002,7000000.0,-18166000.0,-18166000.0,-0.03,-0.03,-0.03,6577361000.0,,6577361000.0,13162902306.0,12.0,11.306,991143000.0,3.945,1.0,78469000.0,0.018,494631000.0,0.0,16483605000.0,,9883767000.0,1022035000.0,,,6599513000.0,,,8431797306.0,456659000.0,74016000.0,727000.0,-553236000.0,-10190000.0,-558674000.0,16760000.0,-49216000.0,999183000.0,-610000.0,-8412000.0,-8412000.0,-8412000.0,111000.0,0.0,-0.002,0.0,78469000.0,576321000.0,-1.333,1.282,12.265,12.132,0.0,0.0,33.12,0.591,0.585,0.0,5293107000.0,4388906000.0,4388906000.0,0.0,,,,,24075000.0,0.0,1.0,254583252.0,251237000,257625000.0,17.469,12682243000.0,170518000.0,-9754000.0,66267000.0,50.479,
59,PHM,MRQ,2006-09-30,2006-09-30,2006-09-30,2021-07-27,0.0,13916223000.0,,,,,26.135,-17639000.0,94633000.0,94633000.0,3270326000.0,190219000.0,,1.119,4825738000.0,,,4825738000.0,0.0,20522000.0,356497000.0,0.005,0.04,294283000.0,314805000.0,0.088,314805000.0,294283000.0,294283000.0,0.76,0.74,0.76,6567474000.0,,6567474000.0,12649531597.0,6.0,6.179,-230890000.0,-0.919,1.0,293633000.0,0.082,498057000.0,0.0,18149271000.0,,11333288000.0,828620000.0,,,7348749000.0,,,8125225597.0,-9826000.0,-26177000.0,-18510000.0,274177000.0,-10195000.0,246349000.0,-43816000.0,0.0,-213251000.0,892000.0,190219000.0,190219000.0,190219000.0,1231000.0,0.0,0.053,0.0,293633000.0,883223000.0,0.053,1.237,6.396,6.359,0.0,0.0,31.86,0.541,0.533,0.0,,3563959000.0,3563959000.0,0.0,,,,,20615000.0,0.0,1.0,255029052.0,251287000,257215000.0,14.183,13418166000.0,0.0,104064000.0,45610000.0,53.398,
60,PHM,MRQ,2006-06-30,2006-06-30,2006-06-30,2021-07-27,0.0,13623693000.0,,,,,25.274,-38873000.0,104459000.0,104459000.0,2970030000.0,243019000.0,,1.134,4628765000.0,,,4628765000.0,0.0,19624000.0,423046000.0,0.006,0.04,386892000.0,406516000.0,0.121,406516000.0,386892000.0,386892000.0,0.96,0.94,0.96,6384610000.0,,6384610000.0,11124898321.0,5.0,4.684,-695797000.0,-2.754,1.0,388937000.0,0.116,500119000.0,0.0,17647880000.0,,11135696000.0,743736000.0,,,7239083000.0,,,7387507321.0,-16554000.0,22374000.0,-48790000.0,716080000.0,-10223000.0,657465000.0,-16499000.0,0.0,-656924000.0,-596000.0,243019000.0,243019000.0,243019000.0,833000.0,0.0,0.072,0.0,388937000.0,938718000.0,0.042,1.157,5.006,4.972,0.0,0.0,28.79,0.485,0.477,0.0,,3358967000.0,3358967000.0,0.0,,,,,17634000.0,0.0,1.0,256599768.0,252618000,258947000.0,13.297,13123574000.0,0.0,143873000.0,91200000.0,51.95,
61,PHM,MRQ,2006-03-31,2006-03-31,2006-03-31,2021-07-27,0.0,12703016000.0,,,,,24.374,-14986000.0,121013000.0,121013000.0,2577975000.0,262645000.0,,1.054,3858404000.0,,,3858404000.0,0.0,18363000.0,420699000.0,0.004,0.04,417544000.0,435907000.0,0.147,435907000.0,417544000.0,417544000.0,1.04,1.01,1.04,6183324000.0,,6183324000.0,13181092066.0,5.0,5.341,-411520000.0,-1.622,1.0,384601000.0,0.13,501079000.0,0.0,15939328000.0,,10165198000.0,768056000.0,,,6519692000.0,,,9903832066.0,-881255000.0,-77561000.0,-47372000.0,-385072000.0,-10271000.0,-441319000.0,-43331000.0,49216000.0,-396534000.0,-71000.0,262645000.0,262645000.0,262645000.0,0.0,0.0,0.089,0.0,384601000.0,876865000.0,0.038,1.602,6.446,6.382,0.0,0.0,38.42,0.654,0.644,0.0,,2962576000.0,2962576000.0,0.0,,,,,15842000.0,0.0,1.0,257778034.0,253684000,260738000.0,11.678,12201937000.0,0.0,154899000.0,193821000.0,48.099,
62,PHM,MRQ,2005-12-31,2005-12-31,2005-12-31,2021-07-27,-5496000.0,13060860000.0,,,,,23.35,-25481000.0,1002268000.0,1002268000.0,4322023000.0,574539000.0,,1.192,4279528000.0,,,4279528000.0,0.0,16702000.0,392041000.0,0.003,0.04,873395000.0,890097000.0,0.173,890097000.0,873395000.0,873395000.0,2.25,2.19,2.25,5957342000.0,,5957342000.0,13931414556.0,6.0,5.82,492501000.0,1.93,1.0,809577000.0,0.158,434897000.0,0.0,15903223000.0,,9090488000.0,1340119000.0,,,7103518000.0,,,10173401556.0,792831000.0,96054000.0,-96758000.0,322390000.0,-10129000.0,215503000.0,59207000.0,-11366000.0,517982000.0,139000.0,574539000.0,574539000.0,574539000.0,-42802000.0,0.0,0.112,0.0,809577000.0,789399000.0,0.018,1.708,6.819,6.74,0.0,0.0,39.36,0.692,0.684,0.0,4751120000.0,5131600000.0,5131600000.0,0.0,,,,,12312000.0,0.0,1.0,258470568.0,255135000,262768000.0,20.113,12625963000.0,12686000.0,298856000.0,239930000.0,49.487,
63,PHM,MRQ,2005-09-30,2005-09-30,2005-09-30,2021-07-27,0.0,12283757000.0,,,,,21.35,-23133000.0,214897000.0,214897000.0,3196159000.0,395421000.0,,1.247,3972910000.0,,,3972910000.0,0.0,16112000.0,482932000.0,0.003,0.04,626706000.0,642818000.0,0.169,642818000.0,626706000.0,626706000.0,1.54,1.5,1.54,5467298000.0,,5467298000.0,14609223269.0,7.0,6.774,-181476000.0,-0.709,1.0,598013000.0,0.158,442242000.0,0.0,15599528000.0,,9654523000.0,844671000.0,,,6816459000.0,,,11093345269.0,-234365000.0,-41274000.0,-17292000.0,13151000.0,-10458000.0,-14599000.0,-61407000.0,3000000.0,-158343000.0,-16000.0,395421000.0,395421000.0,395421000.0,-13004000.0,0.0,0.104,0.0,598013000.0,2147569000.0,0.026,2.029,8.438,8.318,0.0,0.0,42.92,0.817,0.81,0.0,,3794172000.0,3794172000.0,0.0,,,,,10224000.0,0.0,1.0,258465640.0,256081000,263908000.0,14.816,11841515000.0,0.0,231285000.0,213048000.0,46.241,
64,PHM,MRQ,2005-06-30,2005-06-30,2005-06-30,2021-07-27,0.0,11631073000.0,,,,,19.871,-16327000.0,450772000.0,450772000.0,2788971000.0,303711000.0,,1.288,3966650000.0,,,3966650000.0,0.0,14965000.0,480447000.0,0.002,0.025,484346000.0,499311000.0,0.154,499311000.0,484346000.0,484346000.0,1.19,1.15,1.19,5084486000.0,,5084486000.0,14363716810.0,8.0,7.349,-94998000.0,-0.371,1.0,461974000.0,0.142,444304000.0,0.0,14702647000.0,,8995858000.0,761630000.0,,,6546587000.0,,,10865306810.0,97150000.0,65662000.0,-1624000.0,134512000.0,-6545000.0,126343000.0,49335000.0,0.0,-78671000.0,143000.0,303711000.0,303711000.0,303711000.0,1476000.0,0.0,0.093,0.0,461974000.0,1941984000.0,0.021,2.137,9.136,8.982,0.0,0.0,42.125,0.853,0.846,0.0,,3250945000.0,3250945000.0,0.0,,,,,10663000.0,0.0,1.0,257930132.0,255874000,263677000.0,12.705,11186769000.0,0.0,180635000.0,157506000.0,43.72,
65,PHM,MRQ,2005-03-31,2005-03-31,2005-03-31,2021-07-27,0.0,10901107000.0,,,,,18.715,-18088000.0,350716000.0,350716000.0,2185718000.0,218242000.0,,1.285,3849126000.0,,,3849126000.0,0.0,13733000.0,403857000.0,0.003,0.025,347592000.0,361325000.0,0.144,361325000.0,347592000.0,347592000.0,0.86,0.83,0.86,4769867000.0,,4769867000.0,12647091724.0,7.0,7.145,-280352000.0,-1.1,1.0,332100000.0,0.132,441085000.0,0.0,13958432000.0,,8450909000.0,717395000.0,,,6131240000.0,,,9482760724.0,38534000.0,-62696000.0,3676000.0,375891000.0,-6418000.0,373149000.0,-72418000.0,8366000.0,-262264000.0,67000.0,218242000.0,218242000.0,218242000.0,-695000.0,0.0,0.087,0.0,332100000.0,1780488000.0,0.029,1.988,8.836,8.673,0.0,0.0,36.815,0.79,0.782,0.0,,2517818000.0,2517818000.0,0.0,,,,,12525000.0,0.0,1.0,257578724.0,254868000,262753000.0,9.879,10460022000.0,0.0,129350000.0,97769000.0,41.041,
66,PHM,MRQ,2004-12-31,2004-12-31,2004-12-31,2021-07-27,-14380000.0,10406897000.0,,,,,17.655,-18287000.0,308118000.0,308118000.0,3376952000.0,397373000.0,,1.301,3478965000.0,,,3478965000.0,0.0,12255000.0,341050000.0,0.003,0.025,640794000.0,653049000.0,0.163,653049000.0,640794000.0,640794000.0,1.57,1.52,1.57,4522274000.0,,4522274000.0,11737143599.0,7.0,7.194,477387000.0,1.864,1.0,630829000.0,0.157,443147000.0,0.0,13134597000.0,,7577816000.0,955945000.0,,,5884623000.0,,,8138001599.0,206251000.0,-24977000.0,-7740000.0,-232135000.0,-6369000.0,-246244000.0,-43267000.0,0.0,495674000.0,88000.0,397373000.0,397373000.0,397373000.0,16429000.0,0.0,0.099,0.0,630829000.0,609039000.0,0.016,1.8,8.249,8.159,0.0,0.0,31.9,0.707,0.7,0.0,3419401000.0,4007781000.0,4007781000.0,0.0,,,,,5990000.0,0.0,1.0,255109768.0,256154000,263390000.0,15.646,9963750000.0,31766000.0,243421000.0,203806000.0,38.897,
67,PHM,MRQ,2004-09-30,2004-09-30,2004-09-30,2021-07-27,0.0,10087060000.0,,,,,16.207,-16411000.0,116411000.0,116411000.0,2557982000.0,269936000.0,,1.459,3715553000.0,,,3715553000.0,0.0,12015000.0,0.0,0.003,0.025,428781000.0,440796000.0,0.149,440796000.0,428781000.0,428781000.0,1.07,1.03,1.07,4102610000.0,,4102610000.0,10689810295.0,8.0,7.709,-715946000.0,-2.828,1.0,401823000.0,0.136,445210000.0,0.0,13240992000.0,,8133980000.0,355656000.0,,,5984450000.0,,,7788984295.0,25050000.0,6491000.0,11067000.0,730919000.0,-6379000.0,735607000.0,-9920000.0,0.0,-699535000.0,-1102000.0,269936000.0,269936000.0,269936000.0,-10812000.0,0.0,0.091,0.0,401823000.0,2134264000.0,0.023,1.899,9.305,9.146,0.0,0.0,30.685,0.748,0.746,0.0,,2959805000.0,2959805000.0,0.0,,,,,6043000.0,0.0,1.0,253836868.0,253133000,260970000.0,11.693,9641850000.0,0.0,158845000.0,134633000.0,38.09,
68,PHM,MRQ,2004-06-30,2004-06-30,2004-06-30,2021-07-27,0.0,8944688000.0,,,,,15.094,-24798000.0,90318000.0,90318000.0,2221582000.0,187603000.0,,1.347,2991144000.0,,,2991144000.0,0.0,11866000.0,0.0,0.003,0.025,303092000.0,314958000.0,0.125,314958000.0,303092000.0,303092000.0,0.745,0.725,0.745,3811349000.0,,3811349000.0,8961024557.0,8.0,7.323,-395353000.0,-1.566,1.0,293576000.0,0.117,447272000.0,0.0,11398242000.0,,7148814000.0,335480000.0,,,5133339000.0,,,6596067557.0,-373965000.0,-87248000.0,3032000.0,110787000.0,-6405000.0,107414000.0,-111543000.0,0.0,-370555000.0,719000.0,187603000.0,187603000.0,187603000.0,867000.0,0.0,0.075,0.0,293576000.0,2007279000.0,0.034,1.731,8.962,8.745,0.0,0.0,26.015,0.669,0.666,0.0,,2515158000.0,2515158000.0,0.0,,,,,5300000.0,0.0,1.0,253548628.0,252508000,258712000.0,9.961,8497416000.0,0.0,115489000.0,134916000.0,33.652,
69,PHM,MRQ,2004-03-31,2004-03-31,2004-03-31,2021-07-27,0.0,8354127000.0,,,,,14.464,-8629000.0,464414000.0,464414000.0,1825782000.0,131629000.0,,1.305,2829371000.0,,,2829371000.0,0.0,10160000.0,0.0,0.003,0.025,212625000.0,222785000.0,0.11,222785000.0,212625000.0,212625000.0,0.525,0.51,0.525,3624731000.0,,3624731000.0,9199888406.0,9.0,8.244,-126375000.0,-0.504,1.0,205950000.0,0.101,449335000.0,0.0,10269749000.0,,6145177000.0,304526000.0,,,4729396000.0,,,6973721406.0,61533000.0,-25196000.0,22913000.0,196216000.0,-6274000.0,212855000.0,-33825000.0,0.0,-117746000.0,249000.0,131629000.0,131629000.0,131629000.0,548000.0,0.0,0.065,0.0,205950000.0,1821764000.0,0.048,1.924,10.407,10.183,0.0,0.0,27.8,0.75,0.749,0.0,,2031732000.0,2031732000.0,0.0,,,,,5970000.0,0.0,1.0,250853288.0,250602000,257658000.0,8.107,7904792000.0,0.0,80996000.0,78261000.0,31.543,
70,PHM,MRQ,2003-12-31,2003-12-31,2003-12-31,2021-07-27,-39142000.0,8072151000.0,,,,,13.965,-5398000.0,401883000.0,401883000.0,2525967000.0,247894000.0,,1.341,2630259000.0,,,2630259000.0,0.0,10051000.0,372507000.0,0.002,0.025,398033000.0,408084000.0,0.14,408084000.0,398033000.0,398033000.0,1.015,0.975,1.015,3448123000.0,,3448123000.0,8219153572.0,8.0,7.899,118592000.0,0.48,1.0,384244000.0,0.132,451397000.0,0.0,9849130000.0,,5835249000.0,611004000.0,,,4624028000.0,,,5809181572.0,86180000.0,5133000.0,21519000.0,-50816000.0,-6254000.0,-35551000.0,-265000.0,0.0,123990000.0,-1011000.0,247894000.0,247894000.0,247894000.0,318000.0,0.0,0.085,0.0,384244000.0,452648000.0,0.025,1.685,9.3,9.143,0.0,0.0,23.405,0.659,0.648,0.0,2470678000.0,2910211000.0,2910211000.0,0.0,,,,,16017000.0,0.0,1.0,248202588.0,246912000,255732000.0,11.786,7620754000.0,8799000.0,150139000.0,97411000.0,30.864,
71,PHM,MRQ,2003-09-30,2003-09-30,2003-09-30,2021-07-27,0.0,7874203000.0,,,,,12.897,-12277000.0,312151000.0,312151000.0,2151697000.0,168886000.0,,1.497,2722123000.0,,,2722123000.0,0.0,10326000.0,0.0,0.002,0.01,267516000.0,277842000.0,0.116,277842000.0,267516000.0,267516000.0,0.69,0.67,0.69,3153260000.0,,3153260000.0,6449579627.0,7.0,6.939,-148818000.0,-0.609,1.0,248106000.0,0.103,453460000.0,0.0,9830715000.0,,5535951000.0,518292000.0,,,4720943000.0,,,4189356627.0,-77189000.0,20075000.0,1642000.0,52385000.0,-2473000.0,51554000.0,7798000.0,0.0,-136541000.0,-1747000.0,168886000.0,168886000.0,168886000.0,-7851000.0,0.0,0.07,0.0,248106000.0,1871174000.0,0.014,1.329,7.636,7.55,0.0,0.0,17.003,0.497,0.493,0.0,,2399803000.0,2399803000.0,0.0,,,,,5340000.0,0.0,1.0,246396508.0,244496000,251556000.0,9.815,7420743000.0,41580000.0,98630000.0,127646000.0,30.351,
72,PHM,MRQ,2003-06-30,2003-06-30,2003-06-30,2021-07-27,0.0,7329016000.0,,,,,12.294,-9138000.0,391087000.0,391087000.0,1765827000.0,121717000.0,,1.456,2651310000.0,,,2651310000.0,0.0,10711000.0,0.0,0.003,0.01,196550000.0,207261000.0,0.106,207261000.0,196550000.0,196550000.0,0.5,0.485,0.5,2984080000.0,,2984080000.0,5840496927.0,7.0,6.833,-178025000.0,-0.733,1.0,192358000.0,0.098,455522000.0,0.0,9133717000.0,,5078263000.0,431735000.0,,,4344936000.0,,,3766467927.0,-89254000.0,-2237000.0,13228000.0,80053000.0,-2444000.0,90837000.0,-11375000.0,0.0,-168887000.0,935000.0,121717000.0,121717000.0,121717000.0,283000.0,0.0,0.062,0.0,192358000.0,1637936000.0,0.02,1.262,7.485,7.447,0.0,0.0,15.415,0.477,0.474,0.0,,1958185000.0,1958185000.0,0.0,,,,,6697000.0,0.0,1.0,244337848.0,242736000,249888000.0,8.067,6873494000.0,14767000.0,74833000.0,55690000.0,28.317,
73,PHM,MRQ,2003-03-31,2003-03-31,2003-03-31,2021-07-27,0.0,6802880000.0,,,,,11.666,-7284000.0,479577000.0,479577000.0,1422091000.0,86137000.0,,1.403,2553606000.0,,,2553606000.0,0.0,8331000.0,0.0,0.003,0.01,138995000.0,147326000.0,0.095,147326000.0,138995000.0,138995000.0,0.355,0.345,0.355,2831058000.0,,2831058000.0,4926849063.0,6.0,6.129,-162251000.0,-0.669,1.0,130499000.0,0.084,457585000.0,0.0,8419324000.0,,4604208000.0,389150000.0,,,3971822000.0,,,3067128063.0,-133591000.0,6808000.0,-15200000.0,39664000.0,-2441000.0,22023000.0,-476000.0,0.0,-154967000.0,-171000.0,86137000.0,86137000.0,86137000.0,164000.0,0.0,0.055,0.0,130499000.0,1376538000.0,0.028,1.083,6.503,6.456,0.0,0.0,12.537,0.403,0.399,0.0,,1552590000.0,1552590000.0,0.0,,,,,2461000.0,0.0,1.0,244636336.0,242668000,248076000.0,6.398,6345295000.0,4948000.0,52858000.0,41678000.0,26.148,
74,PHM,MRQ,2002-12-31,2002-12-31,2002-12-31,2021-07-27,-35371000.0,6872087000.0,,,,,11.354,9912000.0,613168000.0,613168000.0,2243055000.0,171884000.0,,1.49,2472889000.0,,,2472889000.0,0.0,15135000.0,265817000.0,0.003,0.01,281930000.0,297065000.0,0.118,297065000.0,281930000.0,281930000.0,0.708,0.692,0.708,2760426000.0,,2760426000.0,4937916332.0,7.0,6.356,74936000.0,0.308,1.0,279075000.0,0.111,459647000.0,0.0,8272161000.0,,4293597000.0,600339000.0,,,4111661000.0,,,2929934332.0,401661000.0,-9389000.0,-2567000.0,340191000.0,-2459000.0,335165000.0,2854000.0,0.0,65024000.0,-1382000.0,171884000.0,171884000.0,171884000.0,344000.0,0.0,0.068,0.0,279075000.0,376653000.0,0.014,1.061,6.459,6.383,0.0,0.0,11.967,0.393,0.389,0.0,1871890000.0,2522130000.0,2522130000.0,0.0,,,,,2199000.0,0.0,1.0,244824260.0,243132000,247368000.0,10.374,6412440000.0,11743000.0,110046000.0,90009000.0,26.374,
75,PHM,MRQ,2002-09-30,2002-09-30,2002-09-30,2021-07-27,0.0,6319157000.0,,,,,10.663,11586000.0,212077000.0,212077000.0,1675702000.0,123446000.0,,1.437,2220059000.0,,,2220059000.0,0.0,7038000.0,0.0,0.004,0.01,196031000.0,203069000.0,0.109,203069000.0,196031000.0,196031000.0,0.507,0.497,0.507,2592904000.0,,2592904000.0,4618091887.0,7.0,6.733,8649000.0,0.036,1.0,183804000.0,0.099,461184000.0,0.0,7865955000.0,,4439060000.0,329161000.0,,,3726253000.0,,,2608668887.0,-690000.0,0.0,1357000.0,-16187000.0,-2448000.0,-17321000.0,18656000.0,0.0,-2937000.0,912000.0,123446000.0,123446000.0,123446000.0,-9937000.0,0.0,0.066,0.0,183804000.0,1425222000.0,0.02,1.006,6.502,6.243,0.0,0.0,10.658,0.376,0.374,0.0,,1859506000.0,1859506000.0,0.0,,,,,5690000.0,0.0,1.0,244773060.0,243168000,247800000.0,7.647,5857973000.0,51351000.0,72585000.0,80972000.0,24.09,
76,PHM,MRQ,2002-06-30,2002-06-30,2002-06-30,2021-07-27,0.0,6107163000.0,,,,,10.198,0.0,212767000.0,212767000.0,1540585000.0,90203000.0,,1.475,2222190000.0,,,2222190000.0,0.0,8413000.0,0.0,0.003,0.01,148017000.0,156430000.0,0.093,156430000.0,148017000.0,148017000.0,0.372,0.362,0.372,2467998000.0,,2467998000.0,5548231766.0,9.0,8.829,-1750000.0,-0.007,1.0,144978000.0,0.086,463222000.0,0.0,7653364000.0,,4244918000.0,286484000.0,,,3639165000.0,,,3499142766.0,152995000.0,0.0,7098000.0,153905000.0,-2444000.0,158559000.0,-2717000.0,0.0,-1750000.0,-1097000.0,90203000.0,90203000.0,90203000.0,205000.0,0.0,0.054,0.0,144978000.0,1328893000.0,0.027,1.418,9.705,9.055,0.0,0.0,14.37,0.534,0.531,0.0,,1685563000.0,1685563000.0,0.0,,,,,1406000.0,0.0,1.0,243503324.0,242000000,249436000.0,6.965,5643941000.0,57783000.0,57814000.0,88082000.0,23.322,
77,PHM,MRQ,2002-03-31,2002-03-31,2002-03-31,2021-07-27,0.0,5608028000.0,,,,,9.925,0.0,59772000.0,59772000.0,1269892000.0,68112000.0,,1.36,2108861000.0,,,2108861000.0,0.0,8339000.0,0.0,0.003,0.01,112006000.0,120345000.0,0.087,120345000.0,112006000.0,112006000.0,0.285,0.278,0.285,2376450000.0,,2376450000.0,5076795515.0,9.0,8.836,98416000.0,0.411,1.0,108849000.0,0.079,465260000.0,0.0,7191857000.0,,3972287000.0,279062000.0,,,3231578000.0,,,2887395515.0,-12372000.0,0.0,24365000.0,-124424000.0,-2422000.0,-102438000.0,-6684000.0,0.0,98416000.0,-1666000.0,68112000.0,68112000.0,68112000.0,528000.0,0.0,0.049,0.0,108849000.0,1099293000.0,0.035,1.215,8.746,7.619,0.0,0.0,11.963,0.487,0.483,0.0,,1378741000.0,1378741000.0,0.0,,,,,1092000.0,0.0,1.0,241370576.0,239452000,245888000.0,5.758,5142768000.0,40486000.0,43894000.0,23424000.0,21.477,
78,PHM,MRQ,2001-12-31,2001-12-31,2001-12-31,2021-07-27,-13969000.0,5710893000.0,,,,,11.592,-12081000.0,72144000.0,72144000.0,1814453000.0,119441000.0,,1.508,2246539000.0,,,2246539000.0,0.0,11760000.0,200212000.0,0.004,0.01,194294000.0,206054000.0,0.103,206054000.0,194294000.0,194294000.0,0.542,0.528,0.542,2276665000.0,,2276665000.0,4805106255.0,10.0,9.185,147000.0,0.001,1.0,190792000.0,0.095,467297000.0,0.0,7417991000.0,,3833763000.0,435461000.0,,,3434228000.0,,,2632187255.0,12390000.0,1334000.0,3717000.0,8735000.0,-2372000.0,8859000.0,-6067000.0,0.0,12228000.0,-2630000.0,119441000.0,119441000.0,119441000.0,95000.0,0.0,0.06,0.0,190792000.0,333845000.0,0.018,1.156,8.733,7.275,0.0,0.0,11.168,0.488,0.407,0.0,1431020000.0,2005245000.0,2005245000.0,0.0,,,,,314000.0,0.0,1.0,235700672.0,196392000,201292000.0,10.21,5243596000.0,67019000.0,74853000.0,35370000.0,26.7,
79,PHM,MRQ,2001-09-30,2001-09-30,2001-09-30,2021-07-27,0.0,5721365000.0,,,,,10.155,0.0,59754000.0,59754000.0,1350821000.0,82787000.0,,1.637,2232673000.0,,,2232673000.0,0.0,10687000.0,0.0,0.005,0.01,134859000.0,145546000.0,0.098,145546000.0,134859000.0,134859000.0,0.388,0.38,0.388,2169883000.0,,2169883000.0,2785091166.0,6.0,6.044,-157843000.0,-0.739,1.0,133998000.0,0.09,450855000.0,0.0,7443429000.0,,4002423000.0,302016000.0,,,3551482000.0,,,1805792166.0,-42051000.0,10310000.0,157000.0,110031000.0,-2356000.0,107640000.0,8152000.0,0.0,-157843000.0,0.0,82787000.0,82787000.0,82787000.0,364000.0,0.0,0.056,0.0,133998000.0,1252630000.0,0.026,0.832,6.749,5.119,0.0,0.0,7.662,0.378,0.342,0.0,,1484819000.0,1484819000.0,0.0,,,,,0.0,0.0,1.0,235666188.0,213684000,218072000.0,6.949,5270510000.0,23696000.0,52072000.0,66179000.0,24.665,
80,PHM,MRQ,2001-06-30,2001-06-30,2001-06-30,2021-07-27,0.0,3227565000.0,,,,,8.094,0.0,101805000.0,101805000.0,966073000.0,59794000.0,,1.374,1081104000.0,,,1081104000.0,0.0,4892000.0,0.0,0.004,0.01,97742000.0,102634000.0,0.097,102634000.0,97742000.0,97742000.0,0.355,0.345,0.355,1359370000.0,,1359370000.0,2692844454.0,7.0,6.969,-98140000.0,-0.584,1.0,92649000.0,0.088,0.0,0.0,4206864000.0,,2289842000.0,203622000.0,,,1868195000.0,,,1796120454.0,-97538000.0,0.0,1988000.0,-2370000.0,-1687000.0,-47000.0,649000.0,0.0,-98140000.0,0.0,59794000.0,59794000.0,59794000.0,825000.0,0.0,0.056,0.0,92649000.0,750987000.0,0.028,1.321,8.329,8.198,0.0,0.0,10.658,0.411,0.41,0.0,,1058722000.0,1058722000.0,0.0,,,,,0.0,0.0,1.0,168531124.0,167948000,173460000.0,6.304,3227565000.0,44738000.0,37948000.0,36104000.0,19.218,
81,PHM,MRQ,2001-03-31,2001-03-31,2001-03-31,2021-07-27,0.0,3042911000.0,,,,,7.75,0.0,199343000.0,199343000.0,779673000.0,39371000.0,,1.349,1096067000.0,,,1096067000.0,0.0,5045000.0,0.0,0.004,0.01,63860000.0,68905000.0,0.082,68905000.0,63860000.0,63860000.0,0.237,0.23,0.237,1295611000.0,,1295611000.0,2428979544.0,7.0,6.651,-162932000.0,-0.975,1.0,60802000.0,0.072,0.0,0.0,3939635000.0,,2049248000.0,220108000.0,,,1747300000.0,,,1692759544.0,15358000.0,0.0,7675000.0,174805000.0,-1695000.0,180176000.0,-1886000.0,0.0,-162932000.0,0.0,39371000.0,39371000.0,39371000.0,-252000.0,0.0,0.047,0.0,60802000.0,650458000.0,0.042,1.307,8.316,8.18,0.0,0.0,10.102,0.394,0.393,0.0,,840475000.0,840475000.0,0.0,,,,,0.0,0.0,1.0,167558480.0,167180000,171996000.0,5.027,3042911000.0,42764000.0,24489000.0,775000.0,18.201,
82,PHM,MRQ,2000-12-31,2000-12-31,2000-12-31,2021-07-27,185000.0,2886483000.0,,,,,7.605,0.0,183985000.0,183985000.0,1262852000.0,85593000.0,,1.313,920205000.0,,,920205000.0,0.0,4528000.0,0.0,0.004,0.01,139191000.0,143719000.0,0.103,143719000.0,139191000.0,139191000.0,0.517,0.505,0.517,1247931000.0,,1247931000.0,2559116752.0,8.0,7.539,100918000.0,0.615,1.0,134053000.0,0.096,30449000.0,0.0,3592254000.0,,1896856000.0,259239000.0,,,1638552000.0,,,1716736752.0,151600000.0,0.0,16127000.0,36738000.0,-1650000.0,52025000.0,-1343000.0,0.0,100918000.0,0.0,85593000.0,85593000.0,85593000.0,3000.0,0.0,0.061,0.0,134053000.0,220916000.0,0.019,1.376,9.107,9.252,0.0,0.0,10.547,0.404,0.41,0.0,1137737000.0,1396905000.0,1396905000.0,0.0,,,,,0.0,0.0,1.0,162762432.0,164100000,170360000.0,8.513,2856034000.0,56572000.0,53598000.0,10169000.0,17.404,
83,PHM,MRQ,2000-09-30,2000-09-30,2000-09-30,2021-07-27,0.0,2895846000.0,,,,,7.038,0.0,32130000.0,32130000.0,976752000.0,30892000.0,,1.541,874510000.0,,,874510000.0,0.0,2171000.0,0.0,0.005,0.01,68983000.0,71154000.0,0.066,71154000.0,68983000.0,68983000.0,0.19,0.185,0.19,1139535000.0,,1139535000.0,2240528764.0,8.0,7.151,75243000.0,0.465,1.0,96633000.0,0.09,0.0,0.0,3738226000.0,,2052831000.0,149299000.0,,,1756311000.0,,,1331995764.0,1382000.0,0.0,7728000.0,-72608000.0,-1597000.0,-72728000.0,-1133000.0,0.0,75243000.0,0.0,30892000.0,30892000.0,30892000.0,29967000.0,0.0,0.029,0.0,96633000.0,811993000.0,0.053,1.169,7.72,8.049,0.0,0.0,8.25,0.324,0.325,0.0,,1073385000.0,1073385000.0,0.0,,,,,0.0,0.0,1.0,161454032.0,161904000,166108000.0,6.63,2895846000.0,57617000.0,38091000.0,11991000.0,17.886,
84,PHM,MRQ,2000-06-30,2000-06-30,2000-06-30,2021-07-27,0.0,2823594000.0,,,,,6.743,0.0,30715000.0,30715000.0,906733000.0,47692000.0,,1.55,939248000.0,,,939248000.0,0.0,3905000.0,0.0,0.007,0.01,77522000.0,81427000.0,0.083,81427000.0,77522000.0,77522000.0,0.29,0.287,0.29,1107264000.0,,1107264000.0,1732618947.0,6.0,5.411,-24303000.0,-0.148,1.0,75851000.0,0.077,0.0,0.0,3732127000.0,,1983751000.0,148836000.0,,,1716330000.0,,,889747947.0,-7924000.0,0.0,-38784000.0,54604000.0,-1647000.0,17511000.0,-1132000.0,0.0,-24303000.0,0.0,47692000.0,47692000.0,47692000.0,-32000.0,0.0,0.049,0.0,75851000.0,714348000.0,0.034,0.804,4.714,4.876,0.0,0.0,5.402,0.222,0.221,0.0,,982584000.0,982584000.0,0.0,,,,,0.0,0.0,1.0,164691892.0,164212000,166276000.0,5.984,2823594000.0,55381000.0,29830000.0,5206000.0,17.195,
85,PHM,MRQ,2000-03-31,2000-03-31,2000-03-31,2021-07-27,0.0,2694078000.0,,,,,6.419,0.0,38864000.0,38864000.0,736888000.0,24336000.0,,1.458,881735000.0,,,881735000.0,0.0,3626000.0,0.0,0.008,0.01,39529000.0,43155000.0,0.056,43155000.0,39529000.0,39529000.0,0.142,0.142,0.142,1096254000.0,,1096254000.0,1590718526.0,6.0,5.305,-128536000.0,-0.753,1.0,38931000.0,0.05,0.0,0.0,3536949000.0,,1992601000.0,123994000.0,,,1597824000.0,,,902512526.0,-12870000.0,0.0,-22670000.0,139066000.0,-1689000.0,117243000.0,-1577000.0,0.0,-128536000.0,0.0,24336000.0,24336000.0,24336000.0,-67000.0,0.0,0.031,0.0,38931000.0,658820000.0,0.07,0.823,5.065,5.053,0.0,0.0,5.22,0.234,0.231,0.0,,775819000.0,775819000.0,0.0,,,,,0.0,0.0,1.0,172895120.0,170784000,171484000.0,4.543,2694078000.0,50208000.0,15193000.0,0.0,15.775,
86,PHM,MRQ,1999-12-31,1999-12-31,1999-12-31,2021-07-27,-259000.0,2487351000.0,,,,,6.319,0.0,51797000.0,51797000.0,1165303000.0,69625000.0,,1.275,739924000.0,,,739924000.0,0.0,4928000.0,0.0,0.007,0.01,112649000.0,117577000.0,0.092,117577000.0,112649000.0,112649000.0,0.403,0.4,0.403,1093319000.0,,1093319000.0,1774503050.0,6.0,5.919,105046000.0,0.607,1.0,108778000.0,0.085,0.0,0.0,3175478000.0,,1792733000.0,218062000.0,,,1394032000.0,,,973120050.0,21120000.0,0.0,284000.0,-79066000.0,0.0,-79881000.0,-4086000.0,0.0,105046000.0,0.0,69625000.0,69625000.0,69625000.0,168000.0,0.0,0.055,0.0,108778000.0,207354000.0,0.025,0.89,5.462,5.461,0.0,0.0,5.625,0.259,0.259,0.0,1016075000.0,1274081000.0,1274081000.0,0.0,,,,,0.0,0.0,1.0,172999120.0,173032000,174212000.0,7.363,2487351000.0,57224000.0,43024000.0,11769000.0,14.375,
87,PHM,MRQ,1999-09-30,1999-09-30,1999-09-30,2021-07-27,0.0,2619100000.0,,,,,5.92,0.0,30587000.0,30587000.0,897772000.0,47094000.0,,1.557,831970000.0,,,831970000.0,0.0,2462000.0,0.0,0.007,0.01,75579000.0,78041000.0,0.08,78041000.0,75579000.0,75579000.0,0.273,0.268,0.273,1024100000.0,,1024100000.0,1715791215.0,7.0,6.976,37199000.0,0.215,1.0,75345000.0,0.077,0.0,0.0,3420483000.0,,1879075000.0,149854000.0,,,1595000000.0,,,940639215.0,5242000.0,-24714000.0,1362000.0,-2851000.0,-3460000.0,-6103000.0,-25726000.0,-219000.0,37199000.0,0.0,47094000.0,47094000.0,47094000.0,383000.0,0.0,0.048,0.0,75345000.0,701998000.0,0.037,0.919,6.396,6.375,0.0,0.0,5.438,0.277,0.277,0.0,,973117000.0,973117000.0,0.0,,,,,0.0,0.0,1.0,172991120.0,172992000,175332000.0,5.625,2619100000.0,0.0,28485000.0,4348000.0,15.14,
88,PHM,MRQ,1999-06-30,1999-06-30,1999-06-30,2021-07-27,0.0,2467632000.0,,,,,5.666,0.0,25217000.0,25217000.0,776415000.0,37116000.0,,1.518,800369000.0,,,800369000.0,0.0,2965000.0,0.0,0.007,0.01,58087000.0,61052000.0,0.073,61052000.0,58087000.0,58087000.0,0.215,0.212,0.215,980191000.0,,980191000.0,1669395151.0,8.0,7.691,-98358000.0,-0.569,1.0,57737000.0,0.069,0.0,0.0,3242784000.0,,1723814000.0,159981000.0,,,1487441000.0,,,997349151.0,-19085000.0,0.0,0.0,82173000.0,-1726000.0,80679000.0,-1134000.0,999000.0,-98358000.0,0.0,37116000.0,37116000.0,37116000.0,-53000.0,0.0,0.044,0.0,57737000.0,622505000.0,0.047,1.018,7.76,7.738,0.0,0.0,5.765,0.313,0.313,0.0,,834152000.0,834152000.0,0.0,,,,,0.0,0.0,1.0,173000720.0,172980000,175352000.0,4.822,2467632000.0,0.0,20971000.0,8066000.0,14.265,
89,PHM,MRQ,1999-03-31,1999-03-31,1999-03-31,2021-07-27,0.0,2299866000.0,,,,,5.462,0.0,44030000.0,44030000.0,644738000.0,24330000.0,,1.435,716076000.0,,,716076000.0,0.0,3142000.0,0.0,0.008,0.01,39968000.0,43110000.0,0.063,43110000.0,39968000.0,39968000.0,0.14,0.138,0.14,944589000.0,,944589000.0,1561346326.0,8.0,8.002,-28774000.0,-0.166,1.0,37729000.0,0.055,0.0,0.0,2971912000.0,,1582886000.0,156689000.0,,,1355277000.0,,,899370326.0,-80809000.0,0.0,0.0,-82008000.0,-1733000.0,-82337000.0,29943000.0,28596000.0,-28774000.0,0.0,24330000.0,24330000.0,24330000.0,-376000.0,0.0,0.036,0.0,37729000.0,566753000.0,0.071,0.952,7.804,7.8,0.0,0.0,5.202,0.297,0.297,0.0,,682467000.0,682467000.0,0.0,,,,,0.0,0.0,1.0,172872720.0,172932000,176188000.0,3.946,2299866000.0,0.0,15638000.0,15943000.0,13.299,
90,PHM,MRQ,1998-12-31,1998-12-31,1998-12-31,2021-07-27,1130000.0,2349839000.0,,,,,5.336,0.0,125198000.0,125198000.0,844773000.0,38522000.0,,1.55,787174000.0,,,787174000.0,0.0,831000.0,0.0,0.005,0.01,62937000.0,63768000.0,0.07,63768000.0,62937000.0,62937000.0,0.225,0.22,0.225,921442000.0,,921442000.0,1732996656.0,10.0,10.082,-192512000.0,-1.115,1.0,62146000.0,0.069,0.0,0.0,3011815000.0,,1455208000.0,264264000.0,,,1428397000.0,,,1200423656.0,-46819000.0,90602000.0,6952000.0,87751000.0,-1729000.0,7762000.0,153689000.0,-19995000.0,-192512000.0,0.0,38522000.0,38522000.0,38522000.0,-335000.0,0.0,0.042,0.0,62146000.0,575373000.0,0.044,1.303,11.748,11.685,0.0,0.0,6.952,0.419,0.417,0.0,844829000.0,906919000.0,906919000.0,0.0,,,,,0.0,0.0,1.0,172660720.0,172668000,175968000.0,5.252,2349839000.0,79663000.0,24415000.0,9592000.0,13.609,
91,PHM,MRQ,1998-09-30,1998-09-30,1998-09-30,2021-07-27,0.0,2292924000.0,,,,,5.118,0.0,154238000.0,154238000.0,709649000.0,28556000.0,,1.597,686811000.0,,,686811000.0,0.0,2375000.0,0.0,0.006,0.01,46755000.0,49130000.0,0.065,49130000.0,46755000.0,46755000.0,0.165,0.16,0.165,882995000.0,,882995000.0,1504358325.0,11.0,10.862,3003000.0,0.017,1.0,49685000.0,0.065,0.0,0.0,2825497000.0,,1402662000.0,167038000.0,,,1409929000.0,,,1064511325.0,-132326000.0,-114863000.0,0.0,-17327000.0,-1733000.0,-16326000.0,-112340000.0,12096000.0,3003000.0,0.0,28556000.0,28556000.0,28556000.0,-91000.0,0.0,0.038,0.0,49685000.0,621406000.0,0.061,1.206,13.207,13.133,0.0,0.0,6.173,0.379,0.38,0.0,,759334000.0,759334000.0,0.0,,,,,0.0,0.0,1.0,172460320.0,172544000,177120000.0,4.401,2292924000.0,0.0,18199000.0,15500000.0,13.289,
92,PHM,MRQ,1998-06-30,1998-06-30,1998-06-30,2021-07-27,0.0,2200075000.0,,,,,4.977,0.0,279901000.0,279901000.0,641249000.0,23844000.0,,1.568,719748000.0,,,719748000.0,0.0,166000.0,0.0,0.004,0.01,38934000.0,39100000.0,0.058,39100000.0,38934000.0,38934000.0,0.138,0.135,0.138,856757000.0,,856757000.0,1667993211.0,14.0,13.63,-26291000.0,-0.153,1.0,38448000.0,0.057,0.0,0.0,2639922000.0,,1196552000.0,198851000.0,,,1343318000.0,,,1274155211.0,-24712000.0,-43969000.0,0.0,37228000.0,-1716000.0,44795000.0,-41532000.0,11210000.0,-26291000.0,0.0,23844000.0,23844000.0,23844000.0,-238000.0,0.0,0.035,0.0,38448000.0,508588000.0,0.072,1.487,17.757,17.701,0.0,0.0,7.47,0.469,0.473,0.0,,679697000.0,679697000.0,0.0,,,,,0.0,0.0,1.0,170569640.0,172156000,175808000.0,3.948,2200075000.0,0.0,15090000.0,12016000.0,12.78,
93,PHM,MRQ,1998-03-31,1998-03-31,1998-03-31,2021-07-27,0.0,2075179000.0,,,,,4.838,0.0,302929000.0,302929000.0,504884000.0,11261000.0,,1.518,696767000.0,,,696767000.0,0.0,1672000.0,0.0,0.005,0.007,18223000.0,19895000.0,0.038,19895000.0,18223000.0,18223000.0,0.065,0.065,0.065,824134000.0,,824134000.0,1492104982.0,15.0,13.776,110307000.0,0.648,1.0,15687000.0,0.03,0.0,0.0,2469017000.0,,1100026000.0,172330000.0,,,1251045000.0,,,990240982.0,81878000.0,0.0,0.0,-83940000.0,-1278000.0,-54293000.0,1759000.0,18623000.0,110307000.0,0.0,11261000.0,11261000.0,11261000.0,-371000.0,0.0,0.022,0.0,15687000.0,421040000.0,0.108,1.202,16.027,15.925,0.0,0.0,5.812,0.379,0.379,0.0,,520571000.0,520571000.0,0.0,,,,,0.0,0.0,1.0,170364040.0,170352000,172992000.0,3.056,2075179000.0,0.0,6962000.0,13868000.0,12.182,
94,PHM,MRQ,1997-12-31,1997-12-31,1997-12-31,2021-07-27,1687000.0,2129419000.0,,,,,5.065,0.0,245156000.0,245156000.0,797128000.0,16941000.0,,1.62,747020000.0,,,747020000.0,0.0,2582000.0,0.0,0.006,0.007,27788000.0,30370000.0,0.036,30370000.0,27788000.0,27788000.0,0.102,0.1,0.102,812837000.0,,812837000.0,,,,66468000.0,0.414,1.0,48957000.0,0.058,0.0,0.0,2631283000.0,,1141952000.0,224485000.0,,,1316582000.0,,,890365064.0,188584000.0,0.0,-78000.0,106905000.0,-1276000.0,120391000.0,1909000.0,11454000.0,66468000.0,0.0,16941000.0,16941000.0,16941000.0,388000.0,0.0,0.02,0.0,48957000.0,482123000.0,0.069,1.095,16.875,17.305,0.0,0.0,5.226,0.353,0.36,0.0,749102000.0,846085000.0,846085000.0,0.0,,,,,0.0,0.0,1.0,170364040.0,160468000,162768000.0,5.273,2129419000.0,103603000.0,10847000.0,7265000.0,13.27,
95,PHM,MRQ,1997-09-30,1997-09-30,1997-09-30,2021-07-27,,,,,,,,0.0,,,639054000.0,19710000.0,,,,,,,,1678000.0,,0.006,0.007,31333000.0,33011000.0,0.049,33011000.0,31333000.0,31333000.0,0.117,0.115,0.117,,,,,,,5324000.0,0.031,1.0,30837000.0,0.046,,0.0,,,,,,,,,,,-25483000.0,0.0,0.0,-42285000.0,-1219000.0,-32668000.0,1986000.0,9806000.0,5324000.0,0.0,19710000.0,19710000.0,19710000.0,-1145000.0,0.0,0.029,0.0,30837000.0,,0.06,,,,,0.0,4.781,,,,,669891000.0,669891000.0,0.0,,,,,0.0,0.0,1.0,,169092000,170960000.0,3.962,,,11623000.0,,,
96,PHM,MRQ,1997-06-30,1997-06-30,1997-06-30,2021-07-27,,,,,,,,0.0,,,555011000.0,13873000.0,,,,,,,,3231000.0,,0.007,0.007,21805000.0,25036000.0,0.043,25036000.0,21805000.0,21805000.0,0.08,0.08,0.08,,,,,,,-33485000.0,-0.196,1.0,21304000.0,0.037,,0.0,,,,,,,,,,,19673000.0,0.0,-74595000.0,117932000.0,-2658000.0,50982000.0,1978000.0,-20111000.0,-33485000.0,0.0,13873000.0,13873000.0,13873000.0,-1201000.0,0.0,0.024,0.0,21304000.0,,0.087,,,,,0.0,4.329,,,,,576315000.0,576315000.0,0.0,,,,,0.0,0.0,1.0,,171056000,172064000.0,3.369,,,7932000.0,,,
97,PHM,MRQ,1997-03-31,1997-03-31,1997-03-31,2021-07-27,,,,,,,,0.0,,,429783000.0,2237000.0,,,,,,,,322000.0,,0.008,0.007,3010000.0,3332000.0,0.008,3332000.0,3010000.0,3010000.0,0.011,0.011,0.011,,,,,,,-73481000.0,-0.394,1.0,1917000.0,0.004,,0.0,,,,,,,,,,,-127668000.0,0.0,0.0,-75535000.0,0.0,-55969000.0,2096000.0,29715000.0,-73481000.0,0.0,2237000.0,2237000.0,2237000.0,-1003000.0,0.0,0.005,0.0,1917000.0,,0.636,,,,,0.0,3.656,,,,,431700000.0,431700000.0,0.0,,,,,0.0,0.0,1.0,,186368000,187744000.0,2.316,,,773000.0,,,
98,PHM,MRQ,1996-12-31,1996-12-31,1996-12-31,2021-07-27,1474000.0,1985141000.0,,,,,4.159,,189625000.0,189625000.0,,,,1.394,590615000.0,,,590615000.0,0.0,,0.0,0.008,0.007,,,,,,,,,,829273000.0,,829273000.0,,,,,,1.0,,,0.0,,2386131000.0,,1017262000.0,217556000.0,,,1155868000.0,,,,,,,,,,,,,,,,,,,,,,439578000.0,,,,4.271,0.0,,3.844,,0.321,0.0,770050000.0,,,,,,,,,,1.0,,199408000,,,1985141000.0,127686000.0,,12930000.0,9.955,
0,PHM,MRT,2021-06-30,2021-06-30,2021-06-30,2021-07-27,0.0,12082020000.0,11774570250.0,,,1.039,26.549,-53155000.0,1721122000.0,1721122000.0,9025519000.0,1662015000.0,,0.736,2398961000.0,,,2398961000.0,0.0,69950000.0,730995000.0,0.01,0.54,2041442000.0,2111392000.0,0.173,2111392000.0,2041442000.0,2041442000.0,6.21,6.19,6.21,6958468000.0,6613436500.0,6958468000.0,15008763223.0,7.0,7.108,1355383000.0,5.171,1.0,3211077000.0,0.262,153464000.0,0.0,12606395000.0,12309182750.0,8417525000.0,625950000.0,,,5123552000.0,,,14350061223.0,23326000.0,-1584000.0,-428703000.0,-756287000.0,-139757000.0,-1335331000.0,-49881000.0,0.0,1408538000.0,0.0,1662015000.0,1662015000.0,1662015000.0,0.0,0.0,0.136,1108166000.0,2102911000.0,441826000.0,0.087,2.062,8.634,8.787,0.0,0.0,54.57,1.173,1.169,0.0,,12236596000.0,12236596000.0,0.0,0.141,0.251,0.166,0.167,37764000.0,1094886000.0,1.0,262966121.0,262099000,262747000.0,46.687,11928556000.0,143441000.0,379427000.0,115519000.0,45.512,
1,PHM,MRT,2021-03-31,2021-03-31,2021-03-31,2021-07-27,0.0,11445741000.0,11493686500.0,,,0.998,25.189,-52967000.0,1644054000.0,1644054000.0,8513046000.0,1507236000.0,,0.712,2302756000.0,,,2302756000.0,0.0,68074000.0,589634000.0,0.01,0.52,1858978000.0,1927052000.0,0.168,1927052000.0,1858978000.0,1858978000.0,5.59,5.58,5.59,6685274000.0,6336736500.0,6685274000.0,14475381946.0,8.0,7.512,1703508000.0,6.418,1.0,2957847000.0,0.258,158432000.0,0.0,11946011000.0,12186123750.0,8007007000.0,534607000.0,,,4760467000.0,,,13943493946.0,-207199000.0,7729000.0,-228703000.0,-1549638000.0,-135050000.0,-1923900000.0,-39774000.0,0.0,1756475000.0,0.0,1507236000.0,1507236000.0,1507236000.0,0.0,0.0,0.131,1037400000.0,1920447000.0,404564000.0,0.093,2.086,9.251,9.381,0.0,0.0,52.44,1.216,1.213,0.0,,11470893000.0,11470893000.0,0.0,0.131,0.238,0.153,0.162,32994000.0,1019458000.0,1.0,265894240.0,265407000,266012000.0,43.22,11287309000.0,132204000.0,351742000.0,110884000.0,42.528,
2,PHM,MRT,2020-12-31,2020-12-31,2020-12-31,2021-07-27,0.0,12205498000.0,11488094750.0,,,0.961,24.464,-58354000.0,2632235000.0,2632235000.0,8257930000.0,1406839000.0,,0.858,3164123000.0,,,3164123000.0,0.0,66081000.0,449474000.0,0.012,0.5,1728694000.0,1794775000.0,0.163,1794775000.0,1728694000.0,1728694000.0,5.19,5.18,5.19,6569989000.0,6048015750.0,6569989000.0,12474010155.0,7.0,6.95,1725988000.0,6.427,1.0,2778152000.0,0.252,163425000.0,0.0,12573961000.0,12479496000.0,7749760000.0,600541000.0,,,5635509000.0,,,11560202155.0,1380779000.0,-56065000.0,-170676000.0,19981000.0,-130179000.0,-295616000.0,-107947000.0,0.0,1784342000.0,0.0,1406839000.0,1406839000.0,1406839000.0,0.0,0.0,0.127,1049458000.0,1728694000.0,511321000.0,0.096,1.76,8.217,8.308,0.0,0.0,43.12,1.047,1.049,0.0,3306057000.0,11036082000.0,11036082000.0,0.0,0.122,0.233,0.139,0.157,32843000.0,1011442000.0,1.0,268093742.0,268553000,269414000.0,41.095,12042073000.0,136267000.0,321855000.0,103548000.0,44.841,
3,PHM,MRT,2020-09-30,2020-09-30,2020-09-30,2021-07-27,0.0,11365022000.0,11115619500.0,,,0.977,23.252,-61882000.0,2114208000.0,2114208000.0,8190027000.0,1304527000.0,,0.821,3028016000.0,,,3028016000.0,0.0,62233000.0,403646000.0,0.01,0.48,1640896000.0,1703129000.0,0.157,1703129000.0,1640896000.0,1640896000.0,4.81,4.79,4.81,6240015000.0,5770063500.0,6240015000.0,13743124881.0,8.0,8.069,1699965000.0,6.335,1.0,2670604000.0,0.246,168466000.0,0.0,12110364000.0,12443696250.0,7642338000.0,441789000.0,,,5125007000.0,,,12413943881.0,1345564000.0,-64975000.0,-125621000.0,-23883000.0,-127871000.0,-292810000.0,-123473000.0,0.0,1761847000.0,0.0,1304527000.0,1304527000.0,1304527000.0,0.0,0.0,0.12,1029708000.0,1640896000.0,342277000.0,0.1,1.989,9.516,9.624,0.0,0.0,46.29,1.143,1.144,0.0,,10860631000.0,10860631000.0,0.0,0.117,0.226,0.132,0.151,31989000.0,993330000.0,1.0,268177660.0,268363000,268961000.0,40.47,11196556000.0,80833000.0,336369000.0,15769000.0,41.722,
4,PHM,MRT,2020-06-30,2020-06-30,2020-06-30,2021-07-27,0.0,10958485000.0,10840492250.0,,,0.979,21.808,-65290000.0,1697796000.0,1697796000.0,8063463000.0,1161233000.0,,0.873,3026977000.0,,,3026977000.0,0.0,59040000.0,335040000.0,0.014,0.47,1522875000.0,1581915000.0,0.149,1581915000.0,1522875000.0,1522875000.0,4.26,4.24,4.26,5851668000.0,5505457750.0,5851668000.0,10999772863.0,7.0,6.953,1512877000.0,5.638,1.0,2552576000.0,0.24,173507000.0,0.0,12114159000.0,12506309750.0,7614148000.0,441995000.0,,,5106817000.0,,,9125093863.0,1038522000.0,-74938000.0,-261538000.0,-617000.0,-126062000.0,-402880000.0,-136765000.0,0.0,1578167000.0,0.0,1161233000.0,1161233000.0,1161233000.0,0.0,0.0,0.109,1029701000.0,1522875000.0,295249000.0,0.11,1.559,7.858,7.988,0.0,0.0,34.03,0.86,0.86,0.0,,10616039000.0,10616039000.0,0.0,0.107,0.211,0.122,0.143,27746000.0,992698000.0,1.0,268148512.0,268324000,269025000.0,39.564,10784978000.0,120768000.0,361642000.0,146729000.0,40.194,
5,PHM,MRT,2020-03-31,2020-03-31,2020-03-31,2021-07-27,0.0,11423374000.0,10624755250.0,,,0.989,20.483,-62188000.0,1851253000.0,1851253000.0,8034105000.0,1053654000.0,,1.066,3725932000.0,,,3725932000.0,0.0,55938000.0,344973000.0,0.021,0.46,1386642000.0,1442580000.0,0.137,1442580000.0,1386642000.0,1386642000.0,3.83,3.81,3.83,5530391000.0,5309992500.0,5530391000.0,7866000094.0,6.0,5.453,1059524000.0,3.924,1.0,2477138000.0,0.236,178553000.0,0.0,13119500000.0,12547415500.0,7889300000.0,418349000.0,,,5892983000.0,,,6025843094.0,770300000.0,-249099000.0,-345010000.0,432234000.0,-124288000.0,-47998000.0,-303414000.0,0.0,1121712000.0,0.0,1053654000.0,1053654000.0,1053654000.0,0.0,0.0,0.1,1090496000.0,1386642000.0,429724000.0,0.12,1.09,5.719,5.828,0.0,0.0,22.32,0.573,0.573,0.0,,10511243000.0,10511243000.0,0.0,0.099,0.198,0.111,0.132,30828000.0,1055280000.0,1.0,269975049.0,270000000,271218000.0,38.931,11244821000.0,150387000.0,332988000.0,72546000.0,41.647,
6,PHM,MRT,2019-12-31,2019-12-31,2019-12-31,2021-07-27,-245000.0,10715597000.0,10320745750.0,,,0.99,19.884,-58119000.0,1251456000.0,1251456000.0,7815568000.0,1016700000.0,,0.963,3091613000.0,,,3091613000.0,0.0,53999000.0,294427000.0,0.012,0.45,1339576000.0,1393575000.0,0.136,1393575000.0,1339576000.0,1339576000.0,3.67,3.66,3.67,5458180000.0,5160754500.0,5458180000.0,12739693159.0,10.0,9.142,1017883000.0,3.708,1.0,2397389000.0,0.235,124992000.0,0.0,12430762000.0,12329838750.0,7704623000.0,568733000.0,,,5257417000.0,,,10514796159.0,117756000.0,-173025000.0,-274333000.0,-331826000.0,-122350000.0,-733560000.0,-224686000.0,0.0,1076002000.0,0.0,1016700000.0,1016700000.0,1016700000.0,0.0,0.0,0.1,1057813000.0,1339576000.0,435916000.0,0.123,1.926,10.342,10.572,0.0,0.0,38.8,1.03,1.043,0.0,2220574000.0,10212957000.0,10212957000.0,0.0,0.099,0.197,0.109,0.131,28368000.0,1044337000.0,1.0,270999901.0,274495000,275297000.0,37.206,10590605000.0,170107000.0,322876000.0,0.0,38.582,
7,PHM,MRT,2019-09-30,2019-09-30,2019-09-30,2021-07-27,0.0,10264513000.0,10185090500.0,,,1.001,18.981,-55672000.0,768644000.0,768644000.0,7870292000.0,918550000.0,,0.981,2993541000.0,,,2993541000.0,0.0,53014000.0,333672000.0,0.012,0.44,1233116000.0,1286130000.0,0.126,1286130000.0,1233116000.0,1233116000.0,3.28,3.28,3.28,5181592000.0,5000655000.0,5181592000.0,12337929717.0,10.0,9.593,960408000.0,3.518,1.0,2324901000.0,0.228,128592000.0,0.0,12360818000.0,12294288750.0,7864554000.0,446075000.0,,,5082921000.0,,,10022692717.0,9632000.0,-160750000.0,-366894000.0,-298904000.0,-117971000.0,-787565000.0,-218883000.0,0.0,1016080000.0,0.0,918550000.0,918550000.0,918550000.0,0.0,0.0,0.09,1091785000.0,1233116000.0,389843000.0,0.134,1.934,10.911,11.143,0.0,0.0,36.55,0.983,0.979,0.0,,10195193000.0,10195193000.0,0.0,0.09,0.184,0.1,0.121,28158000.0,1075109000.0,1.0,274218679.0,272992000,273632000.0,37.346,10135921000.0,191802000.0,314566000.0,38624000.0,37.129,
8,PHM,MRT,2019-06-30,2019-06-30,2019-06-30,2021-07-27,0.0,10095537000.0,10132732250.0,,,1.0,18.326,-55555000.0,659274000.0,659274000.0,7810239000.0,934981000.0,,0.991,2974511000.0,,,2974511000.0,0.0,51765000.0,334484000.0,0.013,0.42,1251658000.0,1303423000.0,0.129,1303423000.0,1251658000.0,1251658000.0,3.3,3.3,3.3,5069807000.0,4887476500.0,5069807000.0,10928674513.0,9.0,8.385,1150850000.0,4.16,1.0,2323955000.0,0.229,132192000.0,0.0,12278582000.0,12309478500.0,7840710000.0,401978000.0,,,5025730000.0,,,8763075513.0,257359000.0,-157113000.0,-290546000.0,-327578000.0,-113256000.0,-742344000.0,-206702000.0,0.0,1206405000.0,0.0,934981000.0,934981000.0,934981000.0,0.0,0.0,0.092,1072297000.0,1251658000.0,380363000.0,0.127,1.728,9.372,9.582,0.0,0.0,31.62,0.865,0.863,0.0,,10134194000.0,10134194000.0,0.0,0.092,0.191,0.102,0.124,29432000.0,1057241000.0,1.0,277137113.0,276652000,277584000.0,36.632,9963345000.0,224104000.0,316677000.0,27913000.0,36.014,
9,PHM,MRT,2019-03-31,2019-03-31,2019-03-31,2021-07-27,0.0,10207336000.0,10062742000.0,,,1.015,17.769,-59681000.0,1080953000.0,1080953000.0,7837509000.0,1018029000.0,,1.069,3246552000.0,,,3246552000.0,0.0,50749000.0,294548000.0,0.014,0.4,1340052000.0,1390801000.0,0.136,1390801000.0,1340052000.0,1340052000.0,3.56,3.56,3.56,4933439000.0,4751702750.0,4933439000.0,9991668516.0,7.0,7.184,1378491000.0,4.965,1.0,2377422000.0,0.233,123742000.0,0.0,12249193000.0,12377158500.0,7545974000.0,382720000.0,,,5273897000.0,,,7748890516.0,896166000.0,9986000.0,-260074000.0,-118907000.0,-108475000.0,-500439000.0,-41567000.0,0.0,1438172000.0,0.0,1018029000.0,1018029000.0,1018029000.0,0.0,0.0,0.1,1037370000.0,1340052000.0,444322000.0,0.112,1.571,7.612,7.854,0.0,0.0,27.96,0.759,0.76,0.0,,10214931000.0,10214931000.0,0.0,0.101,0.214,0.108,0.131,28858000.0,1023857000.0,1.0,277142007.0,277637000,278640000.0,36.792,10083594000.0,250881000.0,322023000.0,18108000.0,36.319,
10,PHM,MRT,2018-12-31,2018-12-31,2018-12-31,2021-07-27,-345000.0,10172976000.0,9937506750.0,,,1.025,16.989,-59039000.0,1133700000.0,1133700000.0,7814919000.0,1022023000.0,,1.112,3376478000.0,,,3376478000.0,0.0,49429000.0,254624000.0,0.015,0.38,1347540000.0,1396969000.0,0.137,1396969000.0,1347540000.0,1347540000.0,3.56,3.55,3.56,4817782000.0,4587007250.0,4817782000.0,9796725019.0,7.0,7.013,1389241000.0,4.899,1.0,2373412000.0,0.233,127192000.0,0.0,12288562000.0,12494544250.0,7290202000.0,515944000.0,,,5355194000.0,,,7299586019.0,827532000.0,10275000.0,-294566000.0,-180332000.0,-104020000.0,-580273000.0,-40475000.0,0.0,1448280000.0,0.0,1022023000.0,1022023000.0,1022023000.0,0.0,0.0,0.1,1025872000.0,1347540000.0,352029000.0,0.107,1.515,7.142,7.301,0.0,0.0,25.99,0.716,0.723,0.0,1613929000.0,10188331000.0,10188331000.0,0.0,0.103,0.223,0.108,0.132,28290000.0,1012023000.0,1.0,280861332.0,283578000,284865000.0,35.928,10045784000.0,275579000.0,325517000.0,11580000.0,35.425,
11,PHM,MRT,2018-09-30,2018-09-30,2018-09-30,2021-07-27,0.0,10055080000.0,9815925000.0,,,1.017,16.681,-55032000.0,759012000.0,759012000.0,7625243000.0,861789000.0,,1.126,3256151000.0,,,3256151000.0,0.0,49026000.0,342376000.0,0.015,0.36,1426815000.0,1475841000.0,0.148,1475841000.0,1426815000.0,1426815000.0,2.99,2.98,2.99,4728878000.0,4421068250.0,4728878000.0,9902957905.0,7.0,6.71,1370549000.0,4.835,1.0,2358828000.0,0.236,130642000.0,0.0,12421577000.0,12593468750.0,7555359000.0,404062000.0,,,5326202000.0,,,7035139905.0,561915000.0,-2030000.0,-416579000.0,-296657000.0,-105014000.0,-821207000.0,-42459000.0,0.0,1425581000.0,0.0,861789000.0,861789000.0,861789000.0,0.0,0.0,0.086,932013000.0,1426815000.0,465833000.0,0.12,1.488,8.163,8.284,0.0,0.0,24.77,0.705,0.703,0.0,,9984071000.0,9984071000.0,0.0,0.088,0.195,0.113,0.143,28699000.0,921313000.0,1.0,284018567.0,283489000,284672000.0,35.219,9924438000.0,408029000.0,565026000.0,10324000.0,35.008,
12,PHM,MRT,2018-06-30,2018-06-30,2018-06-30,2021-07-27,0.0,9815576000.0,9794972250.0,,,0.966,15.868,-48218000.0,401915000.0,401915000.0,7235842000.0,749793000.0,,1.168,3269733000.0,,,3269733000.0,0.0,49136000.0,354968000.0,0.013,0.36,1310376000.0,1359512000.0,0.144,1359512000.0,1310376000.0,1310376000.0,2.57,2.55,2.57,4526712000.0,4325120000.0,4526712000.0,11358722121.0,9.0,8.355,986118000.0,3.457,1.0,2229921000.0,0.236,134092000.0,0.0,12549302000.0,12755209000.0,7577606000.0,431352000.0,,,5288864000.0,,,8208839121.0,162060000.0,-6205000.0,-617003000.0,-112776000.0,-106918000.0,-826471000.0,-45805000.0,0.0,1034336000.0,0.0,749793000.0,749793000.0,749793000.0,0.0,0.0,0.079,919545000.0,1310376000.0,399330000.0,0.14,1.813,10.948,11.187,0.0,0.0,28.75,0.867,0.866,0.0,,9465763000.0,9465763000.0,0.0,0.077,0.173,0.103,0.138,28974000.0,906051000.0,1.0,285524839.0,285276000,286654000.0,33.181,9681484000.0,511381000.0,560583000.0,22484000.0,33.937,
13,PHM,MRT,2018-03-31,2018-03-31,2018-03-31,2021-07-27,0.0,9706395000.0,9794297750.0,,,0.911,14.911,-37483000.0,184787000.0,184787000.0,6969316000.0,526453000.0,,1.271,3334670000.0,,,3334670000.0,0.0,49679000.0,308864000.0,0.012,0.36,1023753000.0,1073432000.0,0.12,1073432000.0,1023753000.0,1023753000.0,1.77,1.75,1.77,4274657000.0,4304442500.0,4274657000.0,11586456912.0,11.0,10.794,754807000.0,2.633,1.0,1948585000.0,0.219,137542000.0,0.0,12718736000.0,12790090500.0,7534550000.0,450263000.0,,,5431738000.0,,,8447853912.0,-239076000.0,-9235000.0,-864300000.0,-27560000.0,-109993000.0,-988523000.0,-42843000.0,0.0,792290000.0,0.0,526453000.0,526453000.0,526453000.0,0.0,0.0,0.059,924832000.0,1023753000.0,446304000.0,0.203,1.976,16.047,16.661,0.0,0.0,29.49,0.947,0.948,0.0,,8917901000.0,8917901000.0,0.0,0.054,0.122,0.08,0.115,27973000.0,896206000.0,1.0,286465036.0,286683000,288026000.0,31.107,9568853000.0,614898000.0,497300000.0,115667000.0,33.378,
14,PHM,MRT,2017-12-31,2017-12-31,2017-12-31,2021-07-27,-445000.0,9686649000.0,9847902500.0,,,0.871,13.616,-32051000.0,306168000.0,306168000.0,6714890000.0,447221000.0,,1.332,3444771000.0,,,3444771000.0,0.0,50998000.0,250779000.0,0.011,0.36,938828000.0,989826000.0,0.115,989826000.0,938828000.0,938828000.0,1.45,1.44,1.45,4154026000.0,4400814500.0,4154026000.0,13016135296.0,14.0,13.15,631029000.0,2.068,1.0,1862796000.0,0.217,140992000.0,0.0,12684260000.0,12759405000.0,7215514000.0,633557000.0,,,5532623000.0,,,9774424296.0,-417080000.0,-23037000.0,-910331000.0,-28564000.0,-112748000.0,-1029918000.0,-50242000.0,0.0,663080000.0,0.0,447221000.0,447221000.0,447221000.0,0.0,0.0,0.052,923968000.0,938828000.0,393815000.0,0.248,2.353,21.856,22.931,0.0,0.0,33.25,1.14,1.183,0.0,980061000.0,8577686000.0,8577686000.0,0.0,0.045,0.102,0.074,0.109,33683000.0,891581000.0,1.0,293967648.0,305089000,306814000.0,28.115,9545657000.0,645295000.0,491607000.0,86925000.0,31.288,
15,PHM,MRT,2017-09-30,2017-09-30,2017-09-30,2021-07-27,0.0,9971269000.0,9970790250.0,,,0.831,14.555,-32292000.0,197097000.0,197097000.0,6399616000.0,642979000.0,,1.295,3438808000.0,,,3438808000.0,0.0,52478000.0,306641000.0,0.013,0.36,943783000.0,996261000.0,0.12,996261000.0,943783000.0,943783000.0,2.01,1.99,2.01,4345085000.0,4527148750.0,4345085000.0,11269541072.0,12.0,11.312,594963000.0,1.993,1.0,1884313000.0,0.227,144442000.0,0.0,13068538000.0,12778609750.0,7466301000.0,426231000.0,,,5626184000.0,,,8245699072.0,-264092000.0,-22497000.0,-918172000.0,161820000.0,-116386000.0,-849973000.0,-41374000.0,0.0,627255000.0,0.0,642979000.0,642979000.0,642979000.0,0.0,0.0,0.078,940530000.0,943783000.0,441481000.0,0.179,1.898,12.824,13.597,0.0,0.0,27.33,0.995,0.985,0.0,,8283929000.0,8283929000.0,0.0,0.064,0.142,0.074,0.114,28920000.0,897622000.0,1.0,301708711.0,298538000,300228000.0,27.748,9826827000.0,939759000.0,300804000.0,0.0,32.917,
16,PHM,MRT,2017-06-30,2017-06-30,2017-06-30,2021-07-27,0.0,9812878000.0,9945856000.0,,,0.814,14.229,-35143000.0,239855000.0,239855000.0,6236623000.0,593910000.0,,1.208,3263697000.0,,,3263697000.0,0.0,53325000.0,290890000.0,0.015,0.36,887869000.0,941194000.0,0.116,941194000.0,887869000.0,887869000.0,1.79,1.78,1.79,4444002000.0,4608885500.0,4444002000.0,10565832471.0,12.0,11.226,529559000.0,1.696,1.0,1859153000.0,0.23,147892000.0,0.0,12688828000.0,12641715500.0,7194816000.0,424556000.0,,,5368876000.0,,,7739310471.0,-15816000.0,-19035000.0,-908219000.0,469901000.0,-119861000.0,-537110000.0,-43408000.0,0.0,564702000.0,0.0,593910000.0,593910000.0,593910000.0,0.0,0.0,0.073,971284000.0,887869000.0,407691000.0,0.201,1.742,13.031,13.704,0.0,0.0,24.53,0.956,0.946,0.0,,8095776000.0,8095776000.0,0.0,0.06,0.129,0.07,0.11,26193000.0,911041000.0,1.0,315503892.0,312315000,313880000.0,25.922,9664986000.0,986787000.0,293959000.0,0.0,30.946,
17,PHM,MRT,2017-03-31,2017-03-31,2017-03-31,2021-07-27,0.0,9920814000.0,9869400500.0,,,0.798,14.666,-39831000.0,423863000.0,423863000.0,5911761000.0,610921000.0,,1.129,3250385000.0,,,3250385000.0,0.0,54103000.0,240745000.0,0.015,0.36,954902000.0,1009005000.0,0.128,1009005000.0,954902000.0,954902000.0,1.81,1.8,1.81,4660145000.0,4702414250.0,4660145000.0,10203376379.0,11.0,10.112,131159000.0,0.413,1.0,1962069000.0,0.249,151342000.0,0.0,12595994000.0,12440159250.0,7076898000.0,410672000.0,,,5260669000.0,,,7484987379.0,-594252000.0,-16254000.0,-655983000.0,38845000.0,-122200000.0,-722427000.0,-42815000.0,0.0,170990000.0,0.0,610921000.0,610921000.0,610921000.0,0.0,0.0,0.078,1007167000.0,954902000.0,367180000.0,0.199,1.606,12.252,13.011,0.0,0.0,23.55,0.951,0.95,0.0,,7873830000.0,7873830000.0,0.0,0.062,0.13,0.077,0.121,27034000.0,951103000.0,1.0,317833859.0,317756000,320085000.0,24.779,9769472000.0,1028414000.0,343981000.0,41941000.0,30.745,
18,PHM,MRT,2016-12-31,2016-12-31,2016-12-31,2021-07-27,-526000.0,10178200000.0,9850067000.0,,,0.779,13.714,-39295000.0,723248000.0,723248000.0,5728662000.0,602703000.0,,1.184,3460919000.0,,,3460919000.0,0.0,54007000.0,187891000.0,0.02,0.36,933850000.0,987857000.0,0.129,987857000.0,933850000.0,933850000.0,1.76,1.75,1.76,4659363000.0,4730759750.0,4659363000.0,8886667550.0,10.0,8.996,28975000.0,0.085,1.0,1947868000.0,0.254,154792000.0,0.0,12761079000.0,12253200000.0,6802383000.0,590943000.0,,,5518837000.0,,,6078996550.0,-52187000.0,-444997000.0,-603206000.0,1072762000.0,-124666000.0,350735000.0,-471192000.0,0.0,68270000.0,0.0,602703000.0,602703000.0,602703000.0,0.0,0.0,0.079,1014018000.0,933850000.0,405455000.0,0.205,1.305,10.086,10.443,0.0,0.0,18.38,0.792,0.813,0.0,1540208000.0,7676530000.0,7676530000.0,0.0,0.061,0.127,0.076,0.122,22228000.0,957150000.0,1.0,330739747.0,339747000,342123000.0,22.595,10023408000.0,1049408000.0,331147000.0,34860000.0,29.503,
19,PHM,MRT,2016-09-30,2016-09-30,2016-09-30,2021-07-27,0.0,9871532000.0,9602868500.0,,,0.754,13.734,-41942000.0,461189000.0,461189000.0,5214016000.0,557558000.0,,1.113,3268860000.0,,,3268860000.0,0.0,52721000.0,248302000.0,0.018,0.36,893446000.0,946167000.0,0.131,946167000.0,893446000.0,893446000.0,1.59,1.58,1.59,4672032000.0,4755750250.0,4672032000.0,9423063279.0,11.0,9.959,-441139000.0,-1.297,1.0,2023009000.0,0.28,158242000.0,0.0,12520961000.0,11724464750.0,7007710000.0,400780000.0,,,5199500000.0,,,6886144279.0,-289322000.0,-444961000.0,-350846000.0,1060840000.0,-122359000.0,593644000.0,-483769000.0,0.0,-399197000.0,0.0,557558000.0,557558000.0,557558000.0,0.0,0.0,0.077,1129563000.0,893446000.0,378423000.0,0.226,1.474,12.351,12.604,0.0,0.0,20.04,0.952,0.942,0.0,,7237025000.0,7237025000.0,0.0,0.058,0.117,0.076,0.123,24426000.0,1093438000.0,1.0,343619974.0,340171000,342421000.0,21.275,9713290000.0,1195905000.0,335888000.0,33562000.0,28.554,
20,PHM,MRT,2016-06-30,2016-06-30,2016-06-30,2021-07-27,0.0,9507056000.0,9335380000.0,,,0.729,13.956,-43369000.0,255671000.0,255671000.0,4904754000.0,536857000.0,,0.973,2792590000.0,,,2792590000.0,0.0,51074000.0,252259000.0,0.018,0.35,860387000.0,911461000.0,0.134,911461000.0,860387000.0,860387000.0,1.53,1.51,1.53,4818117000.0,4730643500.0,4818117000.0,8912030338.0,10.0,9.778,-509962000.0,-1.477,1.0,1896113000.0,0.279,161372000.0,0.0,11882603000.0,11124138250.0,6715245000.0,416504000.0,,,4688939000.0,,,6744168338.0,-221048000.0,-444248000.0,-221478000.0,1068284000.0,-119852000.0,731009000.0,-485464000.0,0.0,-466593000.0,0.0,536857000.0,536857000.0,536857000.0,0.0,0.0,0.079,1035726000.0,860387000.0,340847000.0,0.229,1.4,12.562,12.739,0.0,0.0,19.49,0.992,0.989,0.0,,6800867000.0,6800867000.0,0.0,0.058,0.113,0.077,0.127,27004000.0,1001885000.0,1.0,346032239.0,345240000,347999000.0,19.699,9345684000.0,1277096000.0,323530000.0,33980000.0,27.07,
21,PHM,MRT,2016-03-31,2016-03-31,2016-03-31,2021-07-27,0.0,9843480000.0,8998105000.0,,,0.698,13.724,-40383000.0,1018115000.0,1018115000.0,4542961000.0,522421000.0,,1.062,3185977000.0,,,3185977000.0,0.0,48273000.0,223692000.0,0.018,0.34,838434000.0,886707000.0,0.141,886707000.0,838434000.0,838434000.0,1.47,1.45,1.47,4773527000.0,4677679000.0,4773527000.0,8109776647.0,10.0,9.146,-415493000.0,-1.195,1.0,1738283000.0,0.277,163185000.0,0.0,11848157000.0,10470139250.0,6287496000.0,343668000.0,,,5069953000.0,,,6532565647.0,-52170000.0,-443999000.0,-387528000.0,1300818000.0,-117910000.0,799371000.0,-476431000.0,0.0,-375110000.0,0.0,522421000.0,522421000.0,522421000.0,0.0,0.0,0.083,899849000.0,838434000.0,331932000.0,0.231,1.368,12.504,12.728,0.0,0.0,18.71,1.04,1.036,0.0,,6281244000.0,6281244000.0,0.0,0.058,0.112,0.08,0.133,25827000.0,875731000.0,1.0,349148351.0,347815000,350477000.0,18.059,9680295000.0,1344853000.0,316013000.0,33460000.0,27.832,
22,PHM,MRT,2015-12-31,2015-12-31,2015-12-31,2021-07-27,-609000.0,9189406000.0,8645556250.0,,,0.692,13.347,-45440000.0,775435000.0,775435000.0,4353850000.0,494090000.0,,0.931,2342382000.0,,,2342382000.0,0.0,46222000.0,186141000.0,0.019,0.33,816023000.0,862245000.0,0.144,862245000.0,816023000.0,816023000.0,1.38,1.36,1.38,4759325000.0,4669795750.0,4759325000.0,7653140888.0,9.0,8.876,-383030000.0,-1.074,1.0,1628114000.0,0.272,110215000.0,0.0,10646138000.0,9791291000.0,5531550000.0,483982000.0,,,4430081000.0,,,6221623888.0,-533785000.0,-454000.0,-442738000.0,386530000.0,-115958000.0,-161631000.0,-34564000.0,0.0,-337590000.0,0.0,494090000.0,494090000.0,494090000.0,0.0,0.0,0.083,812091000.0,816023000.0,327725000.0,0.239,1.307,12.592,12.913,0.0,0.0,17.82,1.04,1.062,0.0,1662641000.0,5981964000.0,5981964000.0,0.0,0.057,0.106,0.083,0.136,24752000.0,794728000.0,1.0,349137143.0,356576000,359793000.0,16.776,9079191000.0,1394879000.0,321933000.0,57050000.0,25.462,
23,PHM,MRT,2015-09-30,2015-09-30,2015-09-30,2021-07-27,0.0,8801578000.0,8490557250.0,,,0.676,13.056,-40951000.0,760095000.0,760095000.0,4207574000.0,483158000.0,,0.925,2191612000.0,,,2191612000.0,0.0,44719000.0,241047000.0,0.017,0.32,709204000.0,753923000.0,0.131,753923000.0,709204000.0,709829000.0,1.33,1.32,1.33,4571605000.0,4681203000.0,4571605000.0,7882463545.0,11.0,10.455,-179804000.0,-0.514,1.0,1535320000.0,0.267,113440000.0,-625000.0,10119655000.0,9403725750.0,5428610000.0,312167000.0,,,4229973000.0,,,6657147545.0,-544021000.0,-4959000.0,-540617000.0,295481000.0,-106599000.0,-331771000.0,-73397000.0,-48401000.0,-138853000.0,0.0,483158000.0,483158000.0,483158000.0,0.0,0.0,0.084,815202000.0,720118000.0,372498000.0,0.241,1.456,13.778,14.188,0.0,0.0,18.87,1.159,1.151,0.0,,5742894000.0,5742894000.0,0.0,0.057,0.103,0.075,0.123,28141000.0,790391000.0,1.0,352790013.0,350147000,353372000.0,16.401,8688138000.0,1549304000.0,226671000.0,50906000.0,24.813,
24,PHM,MRT,2015-06-30,2015-06-30,2015-06-30,2021-07-27,0.0,8157956000.0,8443824000.0,,,0.691,12.759,-38982000.0,477535000.0,477535000.0,4282328000.0,515934000.0,,0.771,1702851000.0,,,1702851000.0,0.0,42813000.0,217315000.0,0.014,0.29,755066000.0,797879000.0,0.137,797879000.0,755066000.0,755481000.0,1.39,1.39,1.39,4606259000.0,4715904000.0,4606259000.0,8166178751.0,11.0,10.235,3514000.0,0.01,1.0,1548544000.0,0.266,116665000.0,-415000.0,9266607000.0,9156345250.0,5075337000.0,309776000.0,,,3551697000.0,,,7346809751.0,-766930000.0,-89996000.0,-471374000.0,-187727000.0,-96619000.0,-738660000.0,-70766000.0,34957000.0,42496000.0,0.0,515934000.0,515934000.0,515934000.0,0.0,0.0,0.088,784050000.0,764494000.0,290436000.0,0.209,1.595,14.24,14.496,0.0,0.0,20.15,1.26,1.248,0.0,,5830872000.0,5830872000.0,0.0,0.061,0.109,0.082,0.129,27149000.0,778166000.0,1.0,364605943.0,361009000,364241000.0,16.152,8041291000.0,1617609000.0,239547000.0,48774000.0,22.274,
25,PHM,MRT,2015-03-31,2015-03-31,2015-03-31,2021-07-27,0.0,8433285000.0,8521169000.0,,,0.685,12.93,-45465000.0,1068261000.0,1068261000.0,4284607000.0,454490000.0,,0.778,1887630000.0,,,1887630000.0,0.0,41984000.0,177763000.0,0.012,0.26,655323000.0,697307000.0,0.119,697307000.0,655323000.0,655535000.0,1.22,1.22,1.22,4741994000.0,4723850250.0,4741994000.0,8834638190.0,13.0,12.67,145623000.0,0.397,1.0,1552161000.0,0.266,119890000.0,-212000.0,9132764000.0,9074506250.0,4785840000.0,267766000.0,,,3691291000.0,,,8185056190.0,-270592000.0,-88804000.0,-310869000.0,31109000.0,-86197000.0,-349029000.0,-112651000.0,8381000.0,191088000.0,0.0,454490000.0,454490000.0,454490000.0,0.0,0.0,0.078,889836000.0,662325000.0,271165000.0,0.213,1.726,18.009,18.221,0.0,0.0,22.23,1.402,1.397,0.0,,5836768000.0,5836768000.0,0.0,0.053,0.096,0.072,0.112,29050000.0,877814000.0,1.0,368198659.0,366748000,370110000.0,15.915,8313395000.0,1679863000.0,201045000.0,47346000.0,22.668,
26,PHM,MRT,2014-12-31,2014-12-31,2014-12-31,2021-07-27,-690000.0,8569410000.0,8500700500.0,,,0.685,12.973,-48790000.0,1309220000.0,1309220000.0,4244479000.0,474338000.0,,0.783,1958802000.0,,,1958802000.0,0.0,39864000.0,142642000.0,0.011,0.23,689758000.0,729622000.0,0.125,729622000.0,689758000.0,689758000.0,1.27,1.26,1.27,4804954000.0,4704367500.0,4804954000.0,8598500245.0,12.0,11.785,259091000.0,0.7,1.0,1577884000.0,0.271,123115000.0,0.0,9095877000.0,8972479500.0,4493290000.0,379899000.0,,,3764456000.0,,,7956672245.0,-343824000.0,-82428000.0,-253019000.0,-216054000.0,-75646000.0,-529092000.0,-122613000.0,0.0,307881000.0,0.0,474338000.0,474338000.0,474338000.0,0.0,0.0,0.081,888126000.0,689758000.0,270516000.0,0.181,1.656,16.774,16.898,0.0,0.0,21.46,1.367,1.365,0.0,1728953000.0,5822363000.0,5822363000.0,0.0,0.056,0.101,0.077,0.118,29292000.0,861390000.0,1.0,370767579.0,370377000,374102000.0,15.72,8446295000.0,1720668000.0,215420000.0,48722000.0,22.805,
27,PHM,MRT,2014-09-30,2014-09-30,2014-09-30,2021-07-27,0.0,8614645000.0,8541883750.0,,,0.662,12.61,-52442000.0,1246820000.0,1246820000.0,4313348000.0,477297000.0,,0.829,1888648000.0,,,1888648000.0,0.0,37317000.0,192551000.0,0.011,0.2,655140000.0,692457000.0,0.122,692457000.0,655140000.0,655058000.0,1.26,1.25,1.26,4710409000.0,4665367000.0,4710409000.0,7240713197.0,11.0,10.457,475579000.0,1.273,1.0,1341797000.0,0.237,126340000.0,82000.0,9130133000.0,8975706000.0,4541780000.0,276667000.0,,,3904236000.0,,,6639200197.0,-128177000.0,-76612000.0,-192861000.0,-296742000.0,-76009000.0,-558716000.0,-97482000.0,30873000.0,528021000.0,0.0,477297000.0,477297000.0,477297000.0,0.0,0.0,0.084,693968000.0,647829000.0,299004000.0,0.159,1.409,13.91,14.016,0.0,0.0,17.66,1.174,1.166,0.0,,5655145000.0,5655145000.0,0.0,0.056,0.102,0.073,0.116,30200000.0,671496000.0,1.0,375945651.0,373531000,377292000.0,15.14,8488305000.0,1922294000.0,177761000.0,196214000.0,22.724,
28,PHM,MRT,2014-06-30,2014-06-30,2014-06-30,2021-07-27,0.0,8467336000.0,8561653000.0,,,0.659,12.333,-50814000.0,1272541000.0,1272541000.0,4345131000.0,2618636000.0,,0.826,1874054000.0,,,1874054000.0,0.0,35407000.0,206991000.0,0.012,0.25,604895000.0,640302000.0,0.113,640302000.0,604895000.0,604852000.0,6.81,6.75,6.81,4638044000.0,4610686000.0,4638044000.0,8139740881.0,13.0,12.712,569539000.0,1.514,1.0,1297367000.0,0.23,129598000.0,43000.0,8939251000.0,9019832500.0,4304743000.0,261738000.0,,,3829292000.0,,,7633621881.0,-41734000.0,8175000.0,-224925000.0,-268370000.0,-76534000.0,-563173000.0,-98914000.0,-55614000.0,620353000.0,0.0,2618636000.0,2618636000.0,2618636000.0,0.0,0.0,0.464,700118000.0,597249000.0,253915000.0,0.037,1.646,2.915,2.96,0.0,0.0,20.16,1.353,1.344,0.0,,5642498000.0,5642498000.0,0.0,0.306,0.568,0.067,0.107,31512000.0,662997000.0,1.0,378651879.0,376072000,379664000.0,15.004,8337738000.0,2001726000.0,-2013784000.0,193146000.0,22.171,
29,PHM,MRT,2014-03-31,2014-03-31,2014-03-31,2021-07-27,0.0,8351411000.0,8057886750.0,,,0.699,12.146,-41422000.0,1343758000.0,1343758000.0,4398056000.0,2613173000.0,,0.791,1849877000.0,,,1849877000.0,0.0,33190000.0,168573000.0,0.01,0.2,575507000.0,608697000.0,0.108,608697000.0,575507000.0,575501000.0,6.79,6.73,6.79,4664063000.0,4033228750.0,4664063000.0,7827927324.0,14.0,12.86,660490000.0,1.72,1.0,1237677000.0,0.22,132873000.0,6000.0,8724657000.0,8578117250.0,4129025000.0,250041000.0,,,3687348000.0,,,7317139324.0,-324762000.0,6769000.0,-171339000.0,-750422000.0,-57447000.0,-962039000.0,-64635000.0,-29321000.0,701912000.0,0.0,2613173000.0,2613173000.0,2613173000.0,0.0,0.0,0.464,668897000.0,568780000.0,205234000.0,0.029,1.569,2.8,2.826,0.0,0.0,19.19,1.298,1.308,0.0,,5635733000.0,5635733000.0,0.0,0.324,0.648,0.067,0.102,31861000.0,583761000.0,1.0,381299600.0,383991000,387806000.0,14.677,8218538000.0,2034668000.0,-2037672000.0,205810000.0,21.403,
30,PHM,MRT,2013-12-31,2013-12-31,2013-12-31,2021-07-27,-795000.0,8734143000.0,7655319250.0,,,0.742,12.136,-28899000.0,1653044000.0,1653044000.0,4507196000.0,2620116000.0,,0.879,2163832000.0,,,2163832000.0,0.0,31587000.0,134858000.0,0.007,0.15,527822000.0,559409000.0,0.098,559409000.0,527822000.0,527822000.0,6.79,6.72,6.79,4648952000.0,3436091750.0,4648952000.0,8555219442.0,16.0,15.293,852237000.0,2.225,1.0,1172399000.0,0.206,136148000.0,0.0,9108783000.0,8272959750.0,4064320000.0,333256000.0,,,4085191000.0,,,7802879442.0,175569000.0,0.0,-127661000.0,-512958000.0,-38382000.0,-659590000.0,-45977000.0,-16417000.0,881136000.0,0.0,2620116000.0,2620116000.0,2620116000.0,0.0,0.0,0.461,644577000.0,527822000.0,202736000.0,0.022,1.678,2.978,3.0,0.0,0.0,20.37,1.374,1.374,0.0,1593918000.0,5679595000.0,5679595000.0,0.0,0.342,0.763,0.064,0.093,30480000.0,568500000.0,1.0,383057410.0,383077000,386866000.0,14.826,8597995000.0,2086754000.0,-2092294000.0,206015000.0,22.445,
31,PHM,MRT,2013-09-30,2013-09-30,2013-09-30,2021-07-27,0.0,8693722000.0,7155385750.0,,,0.781,11.731,-18809000.0,1419415000.0,1419415000.0,4567563000.0,2458805000.0,,0.936,2171755000.0,,,2171755000.0,0.0,30883000.0,173665000.0,0.006,0.1,347362000.0,378245000.0,0.068,378245000.0,347362000.0,346615000.0,6.37,6.33,6.37,4491685000.0,2821257750.0,4491685000.0,7270570715.0,21.0,19.222,875049000.0,2.285,1.0,1023659000.0,0.183,139423000.0,747000.0,9306639000.0,7934978750.0,4243676000.0,341928000.0,,,4202037000.0,,,6407753715.0,-213657000.0,-15714000.0,-89940000.0,-991429000.0,-19317000.0,-1076760000.0,-30755000.0,3768000.0,893858000.0,0.0,2458805000.0,2458805000.0,2458805000.0,0.0,0.0,0.44,681454000.0,342205000.0,214098000.0,0.016,1.427,2.606,2.59,0.0,0.0,16.5,1.146,1.13,0.0,,5591222000.0,5591222000.0,0.0,0.344,0.872,0.044,0.062,30099000.0,560560000.0,1.0,388348710.0,382883000,386103000.0,14.603,8554299000.0,2108756000.0,-2112190000.0,196870000.0,22.342,
32,PHM,MRT,2013-06-30,2013-06-30,2013-06-30,2021-07-27,0.0,6452271000.0,6767100250.0,,,0.785,6.041,-14994000.0,1279111000.0,1279111000.0,4379592000.0,293554000.0,,1.771,2141928000.0,,,2141928000.0,0.0,30283000.0,167076000.0,0.0,0.0,278576000.0,308859000.0,0.058,308859000.0,278576000.0,277799000.0,0.76,0.76,0.76,2328215000.0,2228848000.0,2328215000.0,8259917800.0,30.0,26.743,868671000.0,2.254,1.0,932143000.0,0.175,142698000.0,777000.0,7172390000.0,7720947250.0,4306585000.0,281973000.0,,,4124056000.0,,,7351058800.0,-97810000.0,-15872000.0,-6500000.0,-1012284000.0,0.0,-967431000.0,-14044000.0,16822000.0,883665000.0,0.0,293554000.0,293554000.0,293554000.0,0.0,0.0,0.055,658406000.0,273737000.0,207750000.0,0.0,3.157,25.042,24.961,0.0,0.0,18.97,1.384,1.376,0.0,,5311735000.0,5311735000.0,0.0,0.043,0.132,0.036,0.052,29776000.0,547114000.0,1.0,387509689.0,385389000,391180000.0,13.783,6309573000.0,0.0,-15755000.0,200646000.0,16.372,
33,PHM,MRT,2013-03-31,2013-03-31,2013-03-31,2021-07-27,0.0,6741141000.0,6892238750.0,,,0.74,5.922,-12392000.0,1659501000.0,1659501000.0,4242346000.0,299573000.0,,1.962,2568360000.0,,,2568360000.0,0.0,29973000.0,126069000.0,0.0,0.0,280204000.0,310177000.0,0.061,310177000.0,280204000.0,279395000.0,0.78,0.78,0.78,2275515000.0,2140556000.0,2275515000.0,8996452895.0,32.0,29.004,903678000.0,2.352,1.0,859372000.0,0.168,145973000.0,809000.0,7504027000.0,8051175250.0,4243938000.0,282948000.0,,,4465626000.0,,,7824754895.0,381189000.0,-13771000.0,-6543000.0,-564302000.0,0.0,-530499000.0,-4382000.0,21781000.0,916070000.0,0.0,299573000.0,299573000.0,299573000.0,0.0,0.0,0.059,585220000.0,274152000.0,176696000.0,0.0,3.439,26.12,25.949,0.0,0.0,20.24,1.534,1.524,0.0,,5101718000.0,5101718000.0,0.0,0.043,0.14,0.035,0.055,26319000.0,520769000.0,1.0,386598562.0,384228000,390321000.0,13.278,6595168000.0,0.0,-20178000.0,196863000.0,17.165,
34,PHM,MRT,2012-12-31,2012-12-31,2012-12-31,2021-07-27,-992000.0,6734409000.0,6921814250.0,,,0.696,5.739,-6356000.0,1476710000.0,1476710000.0,4063842000.0,206145000.0,,2.076,2648408000.0,,,2648408000.0,0.0,30027000.0,101183000.0,0.0,0.0,184373000.0,214400000.0,0.044,214400000.0,184373000.0,183554000.0,0.54,0.54,0.54,2189616000.0,2053884250.0,2189616000.0,8477985032.0,46.0,39.543,753784000.0,1.976,1.0,756156000.0,0.157,149248000.0,819000.0,7756859000.0,8297596500.0,4336216000.0,364560000.0,,,4544793000.0,,,7015529032.0,321689000.0,-13427000.0,-961000.0,-480005000.0,0.0,-448157000.0,9706000.0,29489000.0,760140000.0,0.0,206145000.0,206145000.0,206145000.0,0.0,0.0,0.043,580755000.0,175401000.0,178274000.0,0.0,3.204,34.032,33.63,0.0,0.0,18.16,1.456,1.438,0.0,-844147000.0,4819998000.0,4819998000.0,0.0,0.03,0.1,0.022,0.038,22897000.0,514457000.0,1.0,386317678.0,381562000,384564000.0,12.632,6585161000.0,0.0,-22591000.0,198865000.0,17.258,
35,PHM,MRT,2012-09-30,2012-09-30,2012-09-30,2021-07-27,0.0,7140580000.0,6959617000.0,,,0.649,5.564,-10862000.0,1640381000.0,1640381000.0,3868436000.0,161224000.0,,2.365,3102837000.0,,,3102837000.0,0.0,29747000.0,122144000.0,0.0,0.0,124205000.0,153952000.0,0.034,153952000.0,124205000.0,123266000.0,0.43,0.42,0.43,2122046000.0,1991134000.0,2122046000.0,7644475004.0,62.0,49.655,587615000.0,1.541,1.0,646941000.0,0.143,152523000.0,939000.0,8450513000.0,8515053000.0,4611148000.0,294172000.0,,,5018534000.0,,,5948200004.0,404609000.0,719000.0,-1776000.0,-242275000.0,0.0,-216619000.0,22751000.0,32894000.0,598477000.0,0.0,161224000.0,161224000.0,161224000.0,0.0,0.0,0.036,532802000.0,114139000.0,210332000.0,0.0,2.803,36.894,36.047,0.0,0.0,15.5,1.317,1.309,0.0,,4515377000.0,4515377000.0,0.0,0.023,0.081,0.015,0.028,16894000.0,489895000.0,1.0,383754839.0,381355000,384570000.0,11.84,6988057000.0,28282000.0,-37958000.0,202280000.0,18.324,
36,PHM,MRT,2012-06-30,2012-06-30,2012-06-30,2021-07-27,0.0,6952825000.0,6981635500.0,,,0.624,5.189,-11383000.0,1397273000.0,1397273000.0,3767281000.0,-84707000.0,,2.52,3093548000.0,,,3093548000.0,0.0,29953000.0,117320000.0,0.0,0.0,-184080000.0,-154127000.0,-0.035,-154127000.0,-184080000.0,-185140000.0,-0.22,-0.22,-0.22,1975047000.0,1941489250.0,1975047000.0,5894389510.0,-32.0,-38.244,436763000.0,1.147,1.0,587436000.0,0.135,155798000.0,1060000.0,8493302000.0,8688071000.0,4701721000.0,265910000.0,,,4977778000.0,,,4105047510.0,221621000.0,1094000.0,-1788000.0,-251902000.0,0.0,-253690000.0,27165000.0,37454000.0,448146000.0,0.0,-84707000.0,-84707000.0,-84707000.0,0.0,0.0,-0.019,780898000.0,-193462000.0,214254000.0,0.0,2.078,-48.462,-48.636,0.0,0.0,10.7,0.943,0.935,0.0,,4354717000.0,4354717000.0,0.0,-0.012,-0.044,-0.021,-0.042,14451000.0,486257000.0,1.0,383649300.0,380655000,382203000.0,11.44,6797027000.0,28897000.0,-100433000.0,212477000.0,17.856,
37,PHM,MRT,2012-03-31,2012-03-31,2012-03-31,2021-07-27,0.0,6859443000.0,7099830500.0,,,0.593,5.069,-6279000.0,1301604000.0,1301604000.0,3702482000.0,-182528000.0,,2.556,3090946000.0,,,3090946000.0,0.0,30521000.0,71580000.0,0.0,0.0,-277220000.0,-246699000.0,-0.059,-246699000.0,-277220000.0,-278399000.0,-0.48,-0.48,-0.48,1928828000.0,1960159250.0,1928828000.0,5289489756.0,-19.0,-21.441,175331000.0,0.461,1.0,510042000.0,0.121,159073000.0,1179000.0,8489712000.0,8850988500.0,4746769000.0,218310000.0,,,4930615000.0,,,3386076756.0,-93687000.0,826000.0,-2712000.0,-305901000.0,0.0,-308613000.0,33316000.0,38769000.0,181610000.0,0.0,-182528000.0,-182528000.0,-182528000.0,0.0,0.0,-0.043,796262000.0,-286220000.0,170609000.0,0.0,1.756,-18.551,-18.438,0.0,0.0,8.85,0.804,0.799,0.0,,4212524000.0,4212524000.0,0.0,-0.026,-0.093,-0.031,-0.066,15179000.0,500451000.0,1.0,382607543.0,380502000,380502000.0,11.071,6700370000.0,29673000.0,-95871000.0,215150000.0,17.609,
38,PHM,MRT,2011-12-31,2011-12-31,2011-12-31,2021-07-27,-1306000.0,6885620000.0,7264127000.0,,,0.569,5.103,-10683000.0,1184931000.0,1184931000.0,3641343000.0,-210388000.0,,2.552,3088344000.0,,,3088344000.0,0.0,32098000.0,46960000.0,0.0,0.0,-308987000.0,-276889000.0,-0.067,-276889000.0,-308987000.0,-310300000.0,-0.55,-0.55,-0.55,1938615000.0,2002987250.0,1938615000.0,4494900608.0,-15.0,-16.234,6596000.0,0.017,1.0,495347000.0,0.12,162348000.0,1313000.0,8626685000.0,8993196000.0,4796680000.0,294063000.0,,,4947005000.0,,,2415346608.0,-400319000.0,-72000.0,-2836000.0,-321133000.0,0.0,-323969000.0,-93629000.0,-82874000.0,17279000.0,0.0,-210388000.0,-210388000.0,-210388000.0,0.0,0.0,-0.051,812685000.0,-317338000.0,196447000.0,0.0,1.246,-11.48,-11.473,0.0,0.0,6.31,0.584,0.579,0.0,-1050145000.0,4136690000.0,4136690000.0,0.0,-0.029,-0.105,-0.034,-0.075,16970000.0,519583000.0,1.0,382780762.0,379877000,379877000.0,10.89,6723272000.0,0.0,-99912000.0,203313000.0,17.699,
39,PHM,MRT,2011-09-30,2011-09-30,2011-09-30,2021-07-27,0.0,7228654000.0,7467566000.0,,,0.544,5.061,-8705000.0,1255809000.0,1255809000.0,3662119000.0,-389637000.0,,2.758,3335363000.0,,,3335363000.0,0.0,35359000.0,78435000.0,0.0,0.0,-490270000.0,-454911000.0,-0.112,-454911000.0,-490270000.0,-491700000.0,-1.03,-1.03,-1.03,1923467000.0,2052125250.0,1923467000.0,3641060036.0,-7.0,-8.004,-375133000.0,-0.987,1.0,397496000.0,0.098,165623000.0,1430000.0,9142585000.0,9128290750.0,5049653000.0,211140000.0,,,5305187000.0,,,1512254036.0,-1466393000.0,753000.0,-11597000.0,-1002853000.0,0.0,-1005782000.0,-94183000.0,-86231000.0,-366428000.0,0.0,-389637000.0,-389637000.0,-389637000.0,0.0,0.0,-0.096,896495000.0,-498999000.0,224956000.0,0.0,0.786,-3.881,-3.835,0.0,0.0,3.95,0.373,0.37,0.0,,4059615000.0,4059615000.0,0.0,-0.052,-0.19,-0.054,-0.121,19045000.0,553117000.0,1.0,382849123.0,380025000,380025000.0,10.682,7063031000.0,79378000.0,-102063000.0,221128000.0,18.586,
40,PHM,MRT,2011-06-30,2011-06-30,2011-06-30,2021-07-27,0.0,7425605000.0,7933561500.0,,,0.501,5.397,-7439000.0,1203457000.0,1203457000.0,3679018000.0,-1255455000.0,,2.623,3332263000.0,,,3332263000.0,0.0,38277000.0,84570000.0,0.0,0.0,-1311140000.0,-1272863000.0,-0.32,-1272863000.0,-1311140000.0,-1313037000.0,-3.32,-3.32,-3.32,2049727000.0,2145364250.0,2049727000.0,4886966759.0,-4.0,-3.839,-484709000.0,-1.276,1.0,296430000.0,0.075,409439000.0,1897000.0,9144972000.0,9418522250.0,5063319000.0,189560000.0,,,5375878000.0,,,2932339759.0,-1659922000.0,-2061000.0,-12847000.0,-1078686000.0,0.0,-1082865000.0,-99787000.0,-90287000.0,-477270000.0,0.0,-1255455000.0,-1255455000.0,-1255455000.0,0.0,0.0,-0.316,1614377000.0,-1317947000.0,218853000.0,0.0,1.431,-2.336,-2.307,0.0,0.0,7.66,0.738,0.732,0.0,,3975448000.0,3975448000.0,0.0,-0.158,-0.585,-0.139,-0.33,27001000.0,857207000.0,1.0,382811979.0,379781000,379781000.0,10.468,7016166000.0,78864000.0,-57582000.0,292002000.0,18.474,
41,PHM,MRT,2011-03-31,2011-03-31,2011-03-31,2021-07-27,0.0,7516629000.0,8556034250.0,,,0.509,5.533,-14237000.0,1426353000.0,1426353000.0,3998291000.0,-1123767000.0,,2.579,3380980000.0,,,3380980000.0,0.0,41744000.0,66422000.0,0.0,0.0,-1262832000.0,-1221088000.0,-0.28,-1221088000.0,-1262832000.0,-1265430000.0,-2.97,-2.97,-2.97,2100140000.0,2453379000.0,2100140000.0,4723280872.0,-4.0,-3.868,-149321000.0,-0.393,1.0,355843000.0,0.082,412714000.0,2598000.0,9058542000.0,9737923000.0,4907177000.0,189316000.0,,,5416489000.0,,,2826838872.0,-1278383000.0,-21231000.0,-11384000.0,-1007743000.0,0.0,-1010459000.0,-132840000.0,-97372000.0,-135084000.0,0.0,-1123767000.0,-1123767000.0,-1123767000.0,0.0,0.0,-0.258,1630978000.0,-1275135000.0,206067000.0,0.0,1.346,-2.516,-2.492,0.0,0.0,7.4,0.649,0.645,0.0,,4354134000.0,4354134000.0,0.0,-0.131,-0.458,-0.13,-0.29,29482000.0,876242000.0,1.0,382005253.0,379544000,379544000.0,11.472,7103915000.0,79449000.0,-141663000.0,289605000.0,18.717,
42,PHM,MRT,2010-12-31,2010-12-31,2010-12-31,2021-07-27,-1519000.0,7699376000.0,9154123000.0,,,0.499,5.64,-13399000.0,1507991000.0,1507991000.0,4176062000.0,-1096729000.0,,2.606,3391668000.0,,,3391668000.0,0.0,45660000.0,51727000.0,0.0,0.0,-1231817000.0,-1186157000.0,-0.26,-1186157000.0,-1231817000.0,-1234546000.0,-2.9,-2.9,-2.9,2135167000.0,2727482750.0,2135167000.0,4504495252.0,-4.0,-3.798,578725000.0,1.529,1.0,393228000.0,0.086,415989000.0,2729000.0,9167064000.0,10112601750.0,4903649000.0,222477000.0,,,5564209000.0,,,2874356252.0,-376997000.0,-18659000.0,-4023000.0,-954311000.0,0.0,-949666000.0,-19455000.0,12603000.0,592124000.0,0.0,-1096729000.0,-1096729000.0,-1096729000.0,0.0,0.0,-0.24,1637487000.0,-1244259000.0,226466000.0,0.0,1.346,-2.621,-2.593,0.0,0.0,7.52,0.629,0.623,0.0,-840053000.0,4569290000.0,4569290000.0,0.0,-0.12,-0.402,-0.122,-0.27,32081000.0,895102000.0,1.0,382228225.0,378585000,378585000.0,12.069,7283387000.0,81307000.0,-137817000.0,294408000.0,19.238,
43,PHM,MRT,2010-09-30,2010-09-30,2010-09-30,2021-07-27,0.0,9092636000.0,9742084500.0,,,0.525,6.062,-23697000.0,2656244000.0,2656244000.0,4855439000.0,-1048198000.0,,2.959,4286383000.0,,,4286383000.0,0.0,49834000.0,78502000.0,0.0,0.0,-1958090000.0,-1908256000.0,-0.373,-1908256000.0,-1958090000.0,-1961296000.0,-2.52,-2.52,-2.52,2296423000.0,2992301000.0,2296423000.0,4937072585.0,-3.0,-2.587,1173733000.0,3.098,1.0,259404000.0,0.051,419264000.0,3206000.0,10303511000.0,10664853750.0,5038286000.0,238981000.0,,,6796213000.0,,,3352531585.0,1096824000.0,-20247000.0,6801000.0,-69067000.0,0.0,-62266000.0,-37770000.0,6174000.0,1197430000.0,-570000.0,-1048198000.0,-1048198000.0,-1048198000.0,0.0,0.0,-0.205,2235632000.0,-1976228000.0,280135000.0,0.0,1.46,-3.198,-3.476,0.0,0.0,8.76,0.655,0.649,0.0,,5114843000.0,5114843000.0,0.0,-0.108,-0.35,-0.184,-0.383,38220000.0,946438000.0,1.0,382709085.0,378842000,378842000.0,13.501,8673372000.0,136845000.0,-913098000.0,318312000.0,22.894,
44,PHM,MRT,2010-06-30,2010-06-30,2010-06-30,2021-07-27,0.0,9915496000.0,10039543750.0,,,0.513,8.668,-23623000.0,2775627000.0,2775627000.0,5010021000.0,-414469000.0,,2.021,4360168000.0,,,4360168000.0,0.0,53799000.0,89606000.0,0.0,0.0,-1293330000.0,-1239531000.0,-0.241,-1239531000.0,-1293330000.0,-1296178000.0,-1.04,-1.04,-1.04,3281786000.0,3245542500.0,3281786000.0,4897316495.0,-4.0,-3.951,1155849000.0,3.053,1.0,138152000.0,0.027,1077462000.0,2848000.0,10422575000.0,10960494000.0,5000957000.0,330696000.0,,,6633710000.0,,,3167852495.0,1100751000.0,1719160000.0,5280000.0,-1783647000.0,0.0,-1778367000.0,1701306000.0,5769000.0,1179472000.0,-1660000.0,-414469000.0,-414469000.0,-414469000.0,0.0,0.0,-0.081,1448367000.0,-1310215000.0,275974000.0,0.0,0.965,-7.643,-7.962,0.0,0.0,8.28,0.615,0.609,0.0,,5148173000.0,5148173000.0,0.0,-0.041,-0.128,-0.118,-0.251,45930000.0,742333000.0,1.0,382590881.0,378618000,380412000.0,13.597,8838034000.0,86631000.0,-881709000.0,298432000.0,23.343,
45,PHM,MRT,2010-03-31,2010-03-31,2010-03-31,2021-07-27,0.0,9908984000.0,9161397000.0,,,0.493,8.462,-20872000.0,2612329000.0,2612329000.0,4624557000.0,-680237000.0,,2.1,4341793000.0,,,4341793000.0,0.0,54154000.0,81340000.0,0.0,0.0,-1475115000.0,-1420961000.0,-0.314,-1420961000.0,-1475115000.0,-1477381000.0,-1.98,-1.98,-1.98,3196555000.0,2962472500.0,3196555000.0,6709818681.0,-5.0,-4.722,1095296000.0,2.9,1.0,-103702000.0,-0.023,1081191000.0,2266000.0,10557257000.0,10297248500.0,5156329000.0,240598000.0,,,6712429000.0,,,4300502681.0,826021000.0,1731327000.0,4873000.0,-2016247000.0,0.0,-2011374000.0,1720652000.0,10197000.0,1116168000.0,575000.0,-680237000.0,-680237000.0,-680237000.0,0.0,0.0,-0.15,1380606000.0,-1484308000.0,262724000.0,0.0,1.345,-6.322,-5.682,0.0,0.0,11.25,0.951,0.94,0.0,,4520855000.0,4520855000.0,0.0,-0.074,-0.23,-0.143,-0.326,45967000.0,707181000.0,1.0,382266905.0,377747000,377747000.0,11.968,8827793000.0,191175000.0,-797144000.0,381120000.0,23.37,
46,PHM,MRT,2009-12-31,2009-12-31,2009-12-31,2021-07-27,-2249000.0,10051222000.0,8387884250.0,,,0.487,10.642,-37201000.0,1890610000.0,1890610000.0,4658498000.0,-1182567000.0,,2.146,4299926000.0,,,4299926000.0,0.0,54246000.0,74057000.0,0.0,0.0,-1972857000.0,-1918611000.0,-0.47,-1918611000.0,-1972857000.0,-1975119000.0,-3.94,-3.94,-3.94,3194440000.0,2745280500.0,3194440000.0,6596058070.0,-3.0,-3.438,692154000.0,2.306,1.0,-574109000.0,-0.141,1084466000.0,2262000.0,11376072000.0,9733613500.0,5173135000.0,240632000.0,,,6856782000.0,,,3803671070.0,193135000.0,1722210000.0,-2602000.0,-2227429000.0,0.0,-2230031000.0,1693811000.0,8802000.0,729355000.0,0.0,-1182567000.0,-1182567000.0,-1182567000.0,0.0,0.0,-0.29,1358263000.0,-1932372000.0,278333000.0,0.0,1.191,-3.216,-2.538,0.0,0.0,10.0,0.931,0.735,0.0,257145000.0,4084389000.0,4084389000.0,0.0,-0.141,-0.431,-0.203,-0.483,46343000.0,672434000.0,1.0,380367107.0,300179000,300179000.0,13.607,8966756000.0,955186000.0,-792552000.0,360921000.0,29.871,
47,PHM,MRT,2009-09-30,2009-09-30,2009-09-30,2021-07-27,0.0,10282473000.0,7802193250.0,,,0.528,10.573,-27871000.0,1551118000.0,1551118000.0,4697052000.0,-1403835000.0,,2.106,4343505000.0,,,4343505000.0,0.0,55781000.0,93596000.0,0.004,0.04,-1535545000.0,-1479764000.0,-0.359,-1479764000.0,-1535545000.0,-1537619000.0,-5.24,-5.24,-5.24,3309389000.0,2655595000.0,3309389000.0,4209007610.0,-3.0,-2.844,759719000.0,2.427,1.0,-580798000.0,-0.141,1588788000.0,2074000.0,11486072000.0,9228221750.0,5927534000.0,296412000.0,,,6969063000.0,,,2842323610.0,342731000.0,1719358000.0,-2410000.0,-2137788000.0,-10268000.0,-2150466000.0,1707390000.0,15903000.0,787590000.0,-1783000.0,-1403835000.0,-1403835000.0,-1403835000.0,0.0,0.0,-0.341,781037000.0,-1361835000.0,333467000.0,-0.008,0.859,-2.025,-2.097,0.0,0.0,10.99,0.691,0.836,0.0,,4116254000.0,4116254000.0,0.0,-0.18,-0.529,-0.166,-0.373,39148000.0,686733000.0,1.0,258628172.0,312996000,312996000.0,13.151,8693685000.0,76669000.0,-133784000.0,285596000.0,27.776,
48,PHM,MRT,2009-06-30,2009-06-30,2009-06-30,2021-07-27,0.0,6402909000.0,7277332750.0,,,0.625,8.437,-27835000.0,1636040000.0,1636040000.0,5214705000.0,-1322835000.0,,1.979,3002724000.0,,,3002724000.0,0.0,59955000.0,57147000.0,0.009,0.08,-1471125000.0,-1411170000.0,-0.31,-1411170000.0,-1471125000.0,-1473491000.0,-5.2,-5.2,-5.2,2149506000.0,2624087500.0,2149506000.0,3770969886.0,-3.0,-2.672,1103163000.0,4.33,1.0,-667756000.0,-0.147,0.0,2366000.0,7769593000.0,8948589750.0,3913649000.0,185230000.0,,,4253403000.0,,,2283185886.0,647695000.0,-19030000.0,1302000.0,-417955000.0,-20561000.0,-437214000.0,-44992000.0,1873000.0,1130998000.0,-1097000.0,-1322835000.0,-1322835000.0,-1322835000.0,0.0,0.0,-0.291,672128000.0,-1339884000.0,175087000.0,-0.015,1.062,-1.726,-1.698,0.0,0.0,8.83,0.502,0.495,0.0,,4546949000.0,4546949000.0,0.0,-0.182,-0.504,-0.164,-0.324,30923000.0,665545000.0,1.0,258571448.0,254764000,254764000.0,17.848,6402909000.0,7040000.0,-150656000.0,133203000.0,25.133,
49,PHM,MRT,2009-03-31,2009-03-31,2009-03-31,2021-07-27,0.0,6814933000.0,7821396500.0,,,0.697,9.144,-30278000.0,1745796000.0,1745796000.0,6081926000.0,-1291787000.0,,1.928,3233580000.0,,,3233580000.0,0.0,67243000.0,40889000.0,0.011,0.12,-1499151000.0,-1431908000.0,-0.263,-1431908000.0,-1499151000.0,-1501789000.0,-5.09,-5.09,-5.09,2327787000.0,2954115750.0,2327787000.0,4574922721.0,-3.0,-3.195,1261017000.0,4.953,1.0,-633089000.0,-0.116,0.0,2638000.0,8302717000.0,9760695250.0,4136448000.0,219654000.0,,,4487146000.0,,,2826321721.0,674631000.0,-48086000.0,1369000.0,-510115000.0,-30824000.0,-539570000.0,-74691000.0,3673000.0,1291295000.0,-2403000.0,-1291787000.0,-1291787000.0,-1291787000.0,0.0,0.0,-0.237,778204000.0,-1411293000.0,165515000.0,-0.024,1.214,-2.188,-2.147,0.0,0.0,10.93,0.519,0.511,0.0,,5448837000.0,5448837000.0,0.0,-0.165,-0.437,-0.154,-0.275,35242000.0,729686000.0,1.0,258583872.0,254578000,254578000.0,21.403,6814933000.0,9660000.0,-210002000.0,131853000.0,26.77,
50,PHM,MRT,2008-12-31,2008-12-31,2008-12-31,2021-07-27,-4099000.0,7708458000.0,8379444250.0,,,0.747,11.186,-13564000.0,1655264000.0,1655264000.0,7102257000.0,-1473113000.0,,1.718,3403865000.0,,,3403865000.0,0.0,73980000.0,40950000.0,0.015,0.16,-1679691000.0,-1605711000.0,-0.256,-1605711000.0,-1679691000.0,-1682599000.0,-5.81,-5.81,-5.81,2835698000.0,3278264500.0,2835698000.0,4998798572.0,-3.0,-3.113,1206828000.0,4.76,1.0,-839203000.0,-0.134,102554000.0,2908000.0,9354505000.0,10612934750.0,4537344000.0,432641000.0,,,4872760000.0,,,2814285572.0,594953000.0,-47842000.0,-717000.0,-525818000.0,-41119000.0,-567654000.0,-55944000.0,5462000.0,1220392000.0,-1841000.0,-1473113000.0,-1473113000.0,-1473113000.0,0.0,0.0,-0.235,854079000.0,-1693282000.0,218135000.0,-0.028,0.992,-1.91,-1.881,0.0,0.0,10.93,0.449,0.442,0.0,1442425000.0,6263054000.0,6263054000.0,0.0,-0.176,-0.449,-0.158,-0.268,39107000.0,814508000.0,1.0,257482669.0,253512000,253512000.0,24.705,7605904000.0,373569000.0,-209486000.0,130615000.0,30.002,
51,PHM,MRT,2008-09-30,2008-09-30,2008-09-30,2021-07-27,0.0,8183031000.0,9008755500.0,,,0.826,12.554,-15243000.0,1173892000.0,1173892000.0,6972327000.0,-2009609000.0,,1.571,3358405000.0,,,3358405000.0,0.0,77284000.0,107489000.0,0.011,0.16,-1632750000.0,-1555466000.0,-0.209,-1555466000.0,-1632750000.0,-1638045000.0,-7.95,-7.95,-7.95,3183359000.0,3649388250.0,3183359000.0,6034896095.0,-4.0,-3.88,1641657000.0,6.474,1.0,470771000.0,0.063,0.0,5295000.0,10367544000.0,11545366750.0,5533271000.0,381598000.0,,,4999672000.0,,,3596045095.0,1072106000.0,-74321000.0,-1195000.0,-439275000.0,-41136000.0,-484080000.0,-101207000.0,-11643000.0,1656900000.0,493000.0,-2009609000.0,-2009609000.0,-2009609000.0,-18662000.0,0.0,-0.27,407412000.0,63359000.0,334568000.0,-0.02,1.13,-1.789,-1.757,0.0,0.0,13.97,0.483,0.476,0.0,,7443098000.0,7443098000.0,0.0,-0.223,-0.551,-0.141,-0.219,54226000.0,1481237000.0,1.0,257411961.0,253582000,253582000.0,29.352,8183031000.0,248204000.0,371564000.0,159721000.0,32.27,
52,PHM,MRT,2008-06-30,2008-06-30,2008-06-30,2021-07-27,0.0,8579164000.0,9696111250.0,,,0.866,13.689,-29845000.0,988345000.0,988345000.0,8833141000.0,-2517093000.0,,1.473,3427196000.0,,,3427196000.0,0.0,79407000.0,130426000.0,0.017,0.16,-2432795000.0,-2353388000.0,-0.28,-2353388000.0,-2432795000.0,-2437367000.0,-9.96,-9.96,-9.96,3469619000.0,4150760750.0,3469619000.0,5143083142.0,-2.0,-2.185,1670525000.0,6.591,1.0,-440034000.0,-0.052,0.0,4572000.0,11018015000.0,12570179500.0,6060418000.0,437719000.0,,,5109545000.0,,,2478532142.0,913693000.0,-132898000.0,-1923000.0,-571275000.0,-41081000.0,-617170000.0,-170380000.0,-7637000.0,1700370000.0,873000.0,-2517093000.0,-2517093000.0,-2517093000.0,-18662000.0,0.0,-0.3,204964000.0,-644998000.0,359338000.0,-0.016,0.714,-0.985,-0.967,0.0,0.0,9.63,0.295,0.291,0.0,,8393107000.0,8393107000.0,0.0,-0.26,-0.606,-0.194,-0.29,61187000.0,1280887000.0,1.0,257376131.0,253454000,253454000.0,33.115,8579164000.0,169566000.0,79726000.0,112399000.0,33.849,
53,PHM,MRT,2008-03-31,2008-03-31,2008-03-31,2021-07-27,0.0,9047124000.0,10539232250.0,,,0.838,14.316,-38922000.0,1071165000.0,1071165000.0,9972297000.0,-2866227000.0,,1.496,3735716000.0,,,3735716000.0,0.0,81907000.0,133227000.0,0.011,0.16,-3024885000.0,-2942978000.0,-0.333,-2942978000.0,-3024885000.0,-3028749000.0,-11.34,-11.34,-11.34,3624382000.0,4775897750.0,3624382000.0,6605484907.0,-2.0,-2.244,1197049000.0,4.728,1.0,-1138412000.0,-0.129,0.0,3864000.0,11711675000.0,13658199500.0,6524155000.0,394095000.0,,,5422742000.0,,,3746954907.0,954217000.0,-84804000.0,768000.0,-101993000.0,-41052000.0,-145201000.0,-136497000.0,-12771000.0,1235971000.0,-56000.0,-2866227000.0,-2866227000.0,-2866227000.0,-18662000.0,0.0,-0.324,0.0,-1138412000.0,360571000.0,-0.014,1.034,-1.307,-1.283,0.0,0.0,14.55,0.424,0.417,0.0,,8833885000.0,8833885000.0,0.0,-0.272,-0.6,-0.221,-0.342,63895000.0,1094483000.0,1.0,257522674.0,253166000,253166000.0,34.894,9047124000.0,105906000.0,-162522000.0,108105000.0,35.736,
54,PHM,MRT,2007-12-31,2007-12-31,2007-12-31,2021-07-27,-4883000.0,10225703000.0,11315206250.0,,,0.818,17.131,-50349000.0,1060311000.0,1060311000.0,9839681000.0,-2255755000.0,,1.367,3918841000.0,,,3918841000.0,0.0,83852000.0,132720000.0,0.015,0.16,-2474377000.0,-2390525000.0,-0.258,-2390525000.0,-2474377000.0,-2478241000.0,-8.94,-8.94,-8.94,4320193000.0,5487183000.0,4320193000.0,6385719552.0,-3.0,-2.671,1167906000.0,4.631,1.0,-583182000.0,-0.063,0.0,3864000.0,13084233000.0,14571879750.0,7300743000.0,552568000.0,,,5905510000.0,,,2698543552.0,509019000.0,-157340000.0,1617000.0,-448783000.0,-40997000.0,-487640000.0,-221417000.0,-13728000.0,1218255000.0,-179000.0,-2255755000.0,-2255755000.0,-2255755000.0,-18662000.0,0.0,-0.244,1726430000.0,-2309612000.0,418637000.0,-0.018,0.625,-1.196,-1.179,0.0,0.0,10.54,0.292,0.287,0.0,2960001000.0,9256499000.0,9256499000.0,0.0,-0.199,-0.411,-0.17,-0.267,70695000.0,1094483000.0,1.0,256028800.0,252192000,252192000.0,36.704,10225703000.0,369069000.0,-222486000.0,126758000.0,40.547,
55,PHM,MRT,2007-09-30,2007-09-30,2007-09-30,2021-07-27,0.0,10932454000.0,12052999000.0,,,0.892,20.569,-52750000.0,101786000.0,101786000.0,12610282000.0,-1389506000.0,,1.107,3788962000.0,,,3788962000.0,0.0,89275000.0,215081000.0,0.012,0.16,-2061236000.0,-1971961000.0,-0.183,-1971961000.0,-2061236000.0,-2061236000.0,-5.5,-5.5,-5.5,5188849000.0,6051475000.0,5188849000.0,7391832054.0,-4.0,-3.748,1271101000.0,5.039,1.0,-1856899000.0,-0.173,152835000.0,0.0,14466795000.0,15421722750.0,8534875000.0,490498000.0,,,5743605000.0,,,3482879054.0,7153000.0,-52519000.0,1382000.0,-1128945000.0,-40902000.0,-1161443000.0,-154485000.0,-49216000.0,1323851000.0,-770000.0,-1389506000.0,-1389506000.0,-1389506000.0,111000.0,0.0,-0.129,0.0,-1856899000.0,560904000.0,-0.029,0.671,-2.507,-2.475,0.0,0.0,13.61,0.324,0.319,0.0,,10753383000.0,10753383000.0,0.0,-0.115,-0.23,-0.134,-0.192,76106000.0,0.0,1.0,255905882.0,252264000,252264000.0,42.627,10779619000.0,702206000.0,-671730000.0,128040000.0,42.731,
56,PHM,MRT,2007-06-30,2007-06-30,2007-06-30,2021-07-27,0.0,11951648000.0,12798941250.0,,,0.926,23.682,-53120000.0,74652000.0,74652000.0,12366472000.0,-411416000.0,,1.002,3983605000.0,,,3983605000.0,0.0,88961000.0,272576000.0,0.007,0.16,-673040000.0,-584079000.0,-0.049,-584079000.0,-673040000.0,-673040000.0,-1.62,-1.64,-1.62,5970167000.0,6396131250.0,5970167000.0,9454414769.0,-14.0,-16.187,740041000.0,2.936,1.0,-520928000.0,-0.044,490506000.0,0.0,15370095000.0,16342341750.0,9513329000.0,545772000.0,,,5981481000.0,,,5746469769.0,-29807000.0,-18291000.0,-17276000.0,-652668000.0,-40859000.0,-702487000.0,-120627000.0,-49216000.0,793161000.0,146000.0,-411416000.0,-411416000.0,-411416000.0,1342000.0,0.0,-0.035,0.0,-520928000.0,609803000.0,-0.099,0.963,-13.968,-13.858,0.0,0.0,22.45,0.485,0.478,0.0,,11845544000.0,11845544000.0,0.0,-0.032,-0.064,-0.041,-0.057,79280000.0,0.0,1.0,255967473.0,252093000,252093000.0,46.989,11461142000.0,440209000.0,-261624000.0,524000.0,45.464,
57,PHM,MRT,2007-03-31,2007-03-31,2007-03-31,2021-07-27,0.0,12151020000.0,13216952500.0,,,0.997,25.681,-78443000.0,116948000.0,116948000.0,12563798000.0,339154000.0,,0.878,3824893000.0,,,3824893000.0,0.0,86972000.0,241679000.0,0.006,0.16,520461000.0,607433000.0,0.046,607433000.0,520461000.0,520461000.0,1.35,1.31,1.35,6469523000.0,6499742000.0,6469523000.0,10575518186.0,20.0,17.41,252700000.0,1.003,1.0,619467000.0,0.047,492569000.0,0.0,15366396000.0,16911788000.0,9880866000.0,549831000.0,,,5681497000.0,,,6774156186.0,-4065000.0,-9571000.0,-68893000.0,-96534000.0,-40848000.0,-197528000.0,-137230000.0,-49216000.0,331143000.0,-450000.0,339154000.0,339154000.0,339154000.0,2175000.0,0.0,0.026,0.0,619467000.0,586115000.0,0.119,1.047,19.974,19.6,0.0,0.0,26.46,0.514,0.506,0.0,,13183265000.0,13183265000.0,0.0,0.026,0.052,0.031,0.039,81474000.0,0.0,1.0,256014973.0,251919000,251919000.0,52.331,11658451000.0,171426000.0,181307000.0,33676000.0,46.279,
58,PHM,MRT,2006-12-31,2006-12-31,2006-12-31,2021-07-27,-2986000.0,13176874000.0,13354951500.0,,,1.069,26.08,-79538000.0,551292000.0,551292000.0,13128768000.0,687471000.0,,1.003,4352654000.0,,,4352654000.0,0.0,83675000.0,200478000.0,0.005,0.16,1080553000.0,1164228000.0,0.082,1164228000.0,1080553000.0,1080553000.0,2.73,2.66,2.73,6577361000.0,6428192250.0,6577361000.0,13162902306.0,12.0,11.306,-347064000.0,-1.376,1.0,1145640000.0,0.08,494631000.0,0.0,16483605000.0,17055021000.0,9883767000.0,1022035000.0,,,6599513000.0,,,8431797306.0,-450976000.0,-7348000.0,-113945000.0,51949000.0,-40879000.0,-96179000.0,-86886000.0,0.0,-267526000.0,-385000.0,687471000.0,687471000.0,687471000.0,2175000.0,0.0,0.048,0.0,1145640000.0,576321000.0,0.059,1.282,12.265,12.132,0.0,0.0,33.12,0.591,0.585,0.0,5293107000.0,14274408000.0,14274408000.0,0.0,0.051,0.107,0.063,0.076,78166000.0,0.0,1.0,254583252.0,252200000,258621000.0,56.6,12682243000.0,170518000.0,393082000.0,66267000.0,50.286,
59,PHM,MRT,2006-09-30,2006-09-30,2006-09-30,2021-07-27,0.0,13916223000.0,13325948000.0,,,1.127,26.135,-96979000.0,94633000.0,94633000.0,13140354000.0,1270422000.0,,1.119,4825738000.0,,,4825738000.0,0.0,75211000.0,356497000.0,0.005,0.16,1972114000.0,2047325000.0,0.136,2047325000.0,1972114000.0,1972114000.0,5.01,4.88,5.01,6567474000.0,6273187500.0,6567474000.0,12649531597.0,6.0,6.179,-845706000.0,-3.365,1.0,1876748000.0,0.125,498057000.0,0.0,18149271000.0,16909925500.0,11333288000.0,828620000.0,,,7348749000.0,,,8125225597.0,-114804000.0,14690000.0,-211430000.0,927575000.0,-40818000.0,677998000.0,-44439000.0,37850000.0,-748727000.0,364000.0,1270422000.0,1270422000.0,1270422000.0,-40738000.0,0.0,0.085,0.0,1876748000.0,883223000.0,0.032,1.237,6.396,6.359,0.0,0.0,31.86,0.541,0.533,0.0,,15017102000.0,15017102000.0,0.0,0.095,0.203,0.117,0.131,66403000.0,0.0,1.0,255029052.0,251287000,257215000.0,59.761,13418166000.0,0.0,701692000.0,45610000.0,53.398,
60,PHM,MRT,2006-06-30,2006-06-30,2006-06-30,2021-07-27,0.0,13623693000.0,12917831500.0,,,1.18,25.274,-102473000.0,104459000.0,104459000.0,13066187000.0,1475624000.0,,1.134,4628765000.0,,,4628765000.0,0.0,70801000.0,423046000.0,0.006,0.16,2304537000.0,2375338000.0,0.156,2375338000.0,2304537000.0,2304537000.0,5.79,5.64,5.79,6384610000.0,5998143500.0,6384610000.0,11124898321.0,5.0,4.684,-796292000.0,-3.152,1.0,2181128000.0,0.143,500119000.0,0.0,17647880000.0,16272489750.0,11135696000.0,743736000.0,,,7239083000.0,,,7387507321.0,-339343000.0,-407000.0,-210212000.0,666549000.0,-41081000.0,417050000.0,-62030000.0,40850000.0,-693819000.0,-544000.0,1475624000.0,1475624000.0,1475624000.0,-54973000.0,0.0,0.097,0.0,2181128000.0,938718000.0,0.028,1.157,5.006,4.972,0.0,0.0,28.79,0.485,0.477,0.0,,15247315000.0,15247315000.0,0.0,0.114,0.246,0.142,0.151,56012000.0,0.0,1.0,256599768.0,252618000,258947000.0,60.357,13123574000.0,0.0,828913000.0,91200000.0,51.95,
61,PHM,MRT,2006-03-31,2006-03-31,2006-03-31,2021-07-27,0.0,12703016000.0,12419676500.0,,,1.219,24.374,-79927000.0,121013000.0,121013000.0,12885128000.0,1536316000.0,,1.054,3858404000.0,,,3858404000.0,0.0,66142000.0,420699000.0,0.004,0.145,2401991000.0,2468133000.0,0.163,2468133000.0,2401991000.0,2401991000.0,6.02,5.85,6.02,6183324000.0,5673112500.0,6183324000.0,13181092066.0,5.0,5.341,-195493000.0,-0.771,1.0,2254165000.0,0.149,501079000.0,0.0,15939328000.0,15536181500.0,10165198000.0,768056000.0,,,6519692000.0,,,9903832066.0,-225639000.0,42881000.0,-163046000.0,84981000.0,-37403000.0,-114072000.0,3804000.0,40850000.0,-115566000.0,195000.0,1536316000.0,1536316000.0,1536316000.0,-54330000.0,0.0,0.101,0.0,2254165000.0,876865000.0,0.024,1.602,6.446,6.382,0.0,0.0,38.42,0.654,0.644,0.0,,15139293000.0,15139293000.0,0.0,0.124,0.271,0.155,0.159,49041000.0,0.0,1.0,257778034.0,253684000,260738000.0,59.678,12201937000.0,0.0,865675000.0,193821000.0,48.099,
62,PHM,MRT,2005-12-31,2005-12-31,2005-12-31,2021-07-27,-5496000.0,13060860000.0,11969199250.0,,,1.228,23.317,-83029000.0,1002268000.0,1002268000.0,12492871000.0,1491913000.0,,1.192,4279528000.0,,,4279528000.0,0.0,61512000.0,392041000.0,0.003,0.13,2332039000.0,2393551000.0,0.163,2393551000.0,2332039000.0,2332039000.0,5.84,5.68,5.84,5957342000.0,5319748250.0,5957342000.0,13931414556.0,6.0,5.82,-64325000.0,-0.252,1.0,2201664000.0,0.15,434897000.0,0.0,15903223000.0,15040957500.0,9090488000.0,1340119000.0,,,7103518000.0,,,10173401556.0,694150000.0,57746000.0,-111998000.0,845944000.0,-33550000.0,700396000.0,-25283000.0,0.0,18704000.0,333000.0,1491913000.0,1491913000.0,1491913000.0,-55025000.0,0.0,0.102,0.0,2201664000.0,789399000.0,0.022,1.708,6.819,6.74,0.0,0.0,39.36,0.692,0.684,0.0,4751120000.0,14694535000.0,14694535000.0,0.0,0.125,0.28,0.155,0.159,45724000.0,0.0,1.0,258470568.0,255492000,262801000.0,57.515,12625963000.0,12686000.0,840126000.0,239930000.0,49.418,
63,PHM,MRT,2005-09-30,2005-09-30,2005-09-30,2021-07-27,0.0,12283757000.0,11305708500.0,,,1.2,21.35,-75835000.0,214897000.0,214897000.0,11547800000.0,1314747000.0,,1.247,3972910000.0,,,3972910000.0,0.0,57065000.0,482932000.0,0.003,0.115,2099438000.0,2156503000.0,0.159,2156503000.0,2099438000.0,2099438000.0,5.16,5.0,5.16,5467298000.0,4960981250.0,5467298000.0,14609223269.0,7.0,6.774,-79439000.0,-0.31,1.0,2022916000.0,0.149,442242000.0,0.0,15599528000.0,14348801000.0,9654523000.0,844671000.0,,,6816459000.0,,,11093345269.0,107570000.0,-63285000.0,-22980000.0,291419000.0,-29790000.0,238649000.0,-127757000.0,11366000.0,-3604000.0,282000.0,1314747000.0,1314747000.0,1314747000.0,4206000.0,0.0,0.097,0.0,2022916000.0,2147569000.0,0.022,2.029,8.438,8.318,0.0,0.0,42.92,0.817,0.81,0.0,,13570716000.0,13570716000.0,0.0,0.116,0.265,0.146,0.155,39402000.0,0.0,1.0,258465640.0,256081000,263908000.0,52.994,11841515000.0,0.0,784691000.0,213048000.0,46.241,
64,PHM,MRT,2005-06-30,2005-06-30,2005-06-30,2021-07-27,0.0,11631073000.0,10756534250.0,,,1.184,19.871,-69113000.0,450772000.0,450772000.0,10909623000.0,1189262000.0,,1.288,3966650000.0,,,3966650000.0,0.0,52968000.0,480447000.0,0.002,0.1,1901513000.0,1954481000.0,0.153,1954481000.0,1901513000.0,1901513000.0,4.69,4.53,4.69,5084486000.0,4619809250.0,5084486000.0,14363716810.0,8.0,7.349,-613909000.0,-2.399,1.0,1826726000.0,0.143,444304000.0,0.0,14702647000.0,13759167000.0,8995858000.0,761630000.0,,,6546587000.0,,,10865306810.0,366985000.0,-15520000.0,5379000.0,1009187000.0,-25711000.0,988855000.0,-76270000.0,8366000.0,-544796000.0,-804000.0,1189262000.0,1189262000.0,1189262000.0,6398000.0,0.0,0.093,0.0,1826726000.0,1941984000.0,0.021,2.137,9.136,8.982,0.0,0.0,42.125,0.853,0.846,0.0,,12736349000.0,12736349000.0,0.0,0.111,0.257,0.138,0.149,35221000.0,0.0,1.0,257930132.0,255874000,263677000.0,49.776,11186769000.0,0.0,712251000.0,157506000.0,43.72,
65,PHM,MRT,2005-03-31,2005-03-31,2005-03-31,2021-07-27,0.0,10901107000.0,10084938000.0,,,1.19,18.715,-77584000.0,350716000.0,350716000.0,10342234000.0,1073154000.0,,1.285,3849126000.0,,,3849126000.0,0.0,49869000.0,403857000.0,0.003,0.1,1720259000.0,1770128000.0,0.148,1770128000.0,1720259000.0,1720259000.0,4.245,4.105,4.245,4769867000.0,4301525000.0,4769867000.0,12647091724.0,7.0,7.145,-914264000.0,-3.587,1.0,1658328000.0,0.138,441085000.0,0.0,13958432000.0,12933065750.0,8450909000.0,717395000.0,,,6131240000.0,,,9482760724.0,-104130000.0,-168430000.0,10035000.0,985462000.0,-25571000.0,969926000.0,-237148000.0,8366000.0,-836680000.0,-228000.0,1073154000.0,1073154000.0,1073154000.0,5789000.0,0.0,0.089,0.0,1658328000.0,1780488000.0,0.024,1.988,8.836,8.673,0.0,0.0,36.815,0.79,0.782,0.0,,12000562000.0,12000562000.0,0.0,0.106,0.249,0.133,0.143,29858000.0,0.0,1.0,257578724.0,254868000,262753000.0,47.085,10460022000.0,0.0,647105000.0,97769000.0,41.041,
66,PHM,MRT,2004-12-31,2004-12-31,2004-12-31,2021-07-27,-14380000.0,10406897000.0,9448193000.0,,,1.219,17.904,-68125000.0,308118000.0,308118000.0,9982298000.0,986541000.0,,1.301,3478965000.0,,,3478965000.0,0.0,46296000.0,341050000.0,0.003,0.1,1585292000.0,1631588000.0,0.142,1631588000.0,1585292000.0,1585292000.0,3.91,3.79,3.91,4522274000.0,4015241000.0,4522274000.0,11737143599.0,7.0,7.194,-760287000.0,-3.01,1.0,1532178000.0,0.133,443147000.0,0.0,13134597000.0,12010895000.0,7577816000.0,955945000.0,,,5884623000.0,,,8138001599.0,-81131000.0,-130930000.0,29272000.0,805787000.0,-25427000.0,809632000.0,-198555000.0,0.0,-692162000.0,-46000.0,986541000.0,986541000.0,986541000.0,7032000.0,0.0,0.086,0.0,1532178000.0,609039000.0,0.026,1.8,8.249,8.159,0.0,0.0,31.9,0.707,0.7,0.0,3419401000.0,11514476000.0,11514476000.0,0.0,0.104,0.246,0.132,0.138,23303000.0,0.0,1.0,255109768.0,252590000,260234000.0,45.586,9963750000.0,31766000.0,598751000.0,203806000.0,39.446,
67,PHM,MRT,2004-09-30,2004-09-30,2004-09-30,2021-07-27,0.0,10087060000.0,8864506500.0,,,1.175,16.207,-55236000.0,116411000.0,116411000.0,9131313000.0,837062000.0,,1.459,3715553000.0,,,3715553000.0,0.0,44092000.0,0.0,0.003,0.1,1342531000.0,1386623000.0,0.133,1386623000.0,1342531000.0,1342531000.0,3.355,3.24,3.355,4102610000.0,3746703250.0,4102610000.0,10689810295.0,8.0,7.709,-1119082000.0,-4.421,1.0,1285593000.0,0.123,445210000.0,0.0,13240992000.0,11189528250.0,8133980000.0,355656000.0,,,5984450000.0,,,7788984295.0,-201202000.0,-100820000.0,58531000.0,987106000.0,-25312000.0,1020325000.0,-155553000.0,0.0,-1063846000.0,-1145000.0,837062000.0,837062000.0,837062000.0,-9079000.0,0.0,0.08,0.0,1285593000.0,2134264000.0,0.03,1.899,9.305,9.146,0.0,0.0,30.685,0.748,0.746,0.0,,10416906000.0,10416906000.0,0.0,0.094,0.223,0.12,0.129,33330000.0,0.0,1.0,253836868.0,253133000,260970000.0,41.152,9641850000.0,0.0,505469000.0,134633000.0,38.09,
68,PHM,MRT,2004-06-30,2004-06-30,2004-06-30,2021-07-27,0.0,8944688000.0,8311292250.0,,,1.186,15.094,-51102000.0,90318000.0,90318000.0,8725028000.0,736012000.0,,1.347,2991144000.0,,,2991144000.0,0.0,42403000.0,0.0,0.003,0.085,1181266000.0,1223669000.0,0.124,1223669000.0,1181266000.0,1181266000.0,2.975,2.88,2.975,3811349000.0,3509365750.0,3811349000.0,8961024557.0,8.0,7.323,-551954000.0,-2.186,1.0,1131876000.0,0.115,447272000.0,0.0,11398242000.0,10336959000.0,7148814000.0,335480000.0,,,5133339000.0,,,6596067557.0,-303441000.0,-87236000.0,49106000.0,308572000.0,-21406000.0,336272000.0,-137835000.0,0.0,-500852000.0,-1790000.0,736012000.0,736012000.0,736012000.0,-6118000.0,0.0,0.075,0.0,1131876000.0,2007279000.0,0.029,1.731,8.962,8.745,0.0,0.0,26.015,0.669,0.666,0.0,,9856904000.0,9856904000.0,0.0,0.089,0.21,0.114,0.12,32627000.0,0.0,1.0,253548628.0,252508000,258712000.0,39.036,8497416000.0,0.0,445254000.0,134916000.0,33.652,
69,PHM,MRT,2004-03-31,2004-03-31,2004-03-31,2021-07-27,0.0,8354127000.0,7907374250.0,,,1.176,14.464,-35442000.0,464414000.0,464414000.0,8269273000.0,670126000.0,,1.305,2829371000.0,,,2829371000.0,0.0,41248000.0,0.0,0.003,0.07,1074724000.0,1115972000.0,0.12,1115972000.0,1074724000.0,1074724000.0,2.73,2.64,2.73,3624731000.0,3302548500.0,3624731000.0,9199888406.0,9.0,8.244,-334626000.0,-1.335,1.0,1030658000.0,0.111,449335000.0,0.0,10269749000.0,9770827750.0,6145177000.0,304526000.0,,,4729396000.0,,,6973721406.0,-18730000.0,-2225000.0,59302000.0,277838000.0,-17445000.0,319695000.0,-37667000.0,0.0,-299184000.0,-1574000.0,670126000.0,670126000.0,670126000.0,-6702000.0,0.0,0.072,0.0,1030658000.0,1821764000.0,0.026,1.924,10.407,10.183,0.0,0.0,27.8,0.75,0.749,0.0,,9299931000.0,9299931000.0,0.0,0.085,0.203,0.11,0.116,34024000.0,0.0,1.0,250853288.0,250602000,257658000.0,37.11,7904792000.0,0.0,404598000.0,78261000.0,31.543,
70,PHM,MRT,2003-12-31,2003-12-31,2003-12-31,2021-07-27,-39142000.0,8072151000.0,7519562500.0,,,1.173,14.113,-34097000.0,401883000.0,401883000.0,7865582000.0,624634000.0,,1.341,2630259000.0,,,2630259000.0,0.0,39419000.0,372507000.0,0.002,0.055,1001094000.0,1040513000.0,0.118,1040513000.0,1001094000.0,1001094000.0,2.56,2.48,2.56,3448123000.0,3104130250.0,3448123000.0,8219153572.0,8.0,7.899,-370502000.0,-1.516,1.0,955207000.0,0.108,451397000.0,0.0,9849130000.0,9308221500.0,5835249000.0,611004000.0,,,4624028000.0,,,5809181572.0,-213854000.0,29779000.0,21189000.0,121286000.0,-13612000.0,128863000.0,-4318000.0,0.0,-336405000.0,-1994000.0,624634000.0,624634000.0,624634000.0,-7086000.0,0.0,0.071,0.0,955207000.0,452648000.0,0.021,1.685,9.3,9.143,0.0,0.0,23.405,0.659,0.648,0.0,2470678000.0,8820789000.0,8820789000.0,0.0,0.083,0.201,0.108,0.113,30515000.0,0.0,1.0,248202588.0,244323000,251460000.0,36.103,7620754000.0,8799000.0,376460000.0,97411000.0,31.191,
71,PHM,MRT,2003-09-30,2003-09-30,2003-09-30,2021-07-27,0.0,7874203000.0,7219546500.0,,,1.168,12.897,-18787000.0,312151000.0,312151000.0,7582670000.0,548624000.0,,1.497,2722123000.0,,,2722123000.0,0.0,44503000.0,0.0,0.002,0.04,884991000.0,929494000.0,0.11,929494000.0,884991000.0,884991000.0,2.252,2.192,2.252,3153260000.0,2932206000.0,3153260000.0,6449579627.0,7.0,6.939,-414158000.0,-1.694,1.0,850038000.0,0.101,453460000.0,0.0,9830715000.0,8913979250.0,5535951000.0,518292000.0,,,4720943000.0,,,4189356627.0,101627000.0,15257000.0,-2897000.0,512293000.0,-9817000.0,499579000.0,-1199000.0,0.0,-395371000.0,-2365000.0,548624000.0,548624000.0,548624000.0,-7060000.0,0.0,0.065,0.0,850038000.0,1871174000.0,0.018,1.329,7.636,7.55,0.0,0.0,17.003,0.497,0.493,0.0,,8432708000.0,8432708000.0,0.0,0.076,0.187,0.099,0.105,16697000.0,0.0,1.0,246396508.0,244496000,251556000.0,34.49,7420743000.0,41580000.0,336367000.0,127646000.0,30.351,
72,PHM,MRT,2003-06-30,2003-06-30,2003-06-30,2021-07-27,0.0,7329016000.0,6830785000.0,,,1.155,12.294,5076000.0,391087000.0,391087000.0,7106675000.0,503184000.0,,1.456,2651310000.0,,,2651310000.0,0.0,41215000.0,0.0,0.003,0.04,813506000.0,854721000.0,0.108,854721000.0,813506000.0,813506000.0,2.07,2.02,2.07,2984080000.0,2792117000.0,2984080000.0,5840496927.0,7.0,6.833,-256691000.0,-1.057,1.0,785736000.0,0.1,455522000.0,0.0,9133717000.0,8422789250.0,5078263000.0,431735000.0,,,4344936000.0,,,3766467927.0,178126000.0,-4818000.0,-3182000.0,443721000.0,-9792000.0,430704000.0,9659000.0,0.0,-261767000.0,294000.0,503184000.0,503184000.0,503184000.0,-9146000.0,0.0,0.064,0.0,785736000.0,1637936000.0,0.019,1.262,7.485,7.447,0.0,0.0,15.415,0.477,0.474,0.0,,7892411000.0,7892411000.0,0.0,0.074,0.18,0.097,0.103,17047000.0,0.0,1.0,244337848.0,242736000,249888000.0,32.514,6873494000.0,14767000.0,310322000.0,55690000.0,28.317,
73,PHM,MRT,2003-03-31,2003-03-31,2003-03-31,2021-07-27,0.0,6802880000.0,6525321750.0,,,1.168,11.666,14214000.0,479577000.0,479577000.0,6881433000.0,471670000.0,,1.403,2553606000.0,,,2553606000.0,0.0,38917000.0,0.0,0.003,0.04,764973000.0,803890000.0,0.106,803890000.0,764973000.0,764973000.0,1.942,1.897,1.942,2831058000.0,2663096500.0,2831058000.0,4926849063.0,6.0,6.129,-80416000.0,-0.331,1.0,738356000.0,0.097,457585000.0,0.0,8419324000.0,8052701000.0,4604208000.0,389150000.0,,,3971822000.0,,,3067128063.0,420375000.0,-2581000.0,-9312000.0,517573000.0,-9792000.0,498426000.0,18317000.0,0.0,-94630000.0,-1738000.0,471670000.0,471670000.0,471670000.0,-9224000.0,0.0,0.062,0.0,738356000.0,1376538000.0,0.021,1.083,6.503,6.456,0.0,0.0,12.537,0.403,0.399,0.0,,7619789000.0,7619789000.0,0.0,0.072,0.177,0.095,0.1,11756000.0,0.0,1.0,244636336.0,242668000,248076000.0,31.4,6345295000.0,4948000.0,293303000.0,41678000.0,26.148,
74,PHM,MRT,2002-12-31,2002-12-31,2002-12-31,2021-07-27,-35371000.0,6872087000.0,6226608750.0,,,1.196,11.416,21498000.0,613168000.0,613168000.0,6729234000.0,453645000.0,,1.49,2472889000.0,,,2472889000.0,0.0,38925000.0,265817000.0,0.003,0.04,737984000.0,776909000.0,0.104,776909000.0,737984000.0,737984000.0,1.875,1.835,1.875,2760426000.0,2549444500.0,2760426000.0,4937916332.0,7.0,6.356,180251000.0,0.745,1.0,716706000.0,0.096,459647000.0,0.0,8272161000.0,7745834250.0,4293597000.0,600339000.0,,,4111661000.0,,,2929934332.0,541594000.0,-9389000.0,30253000.0,353485000.0,-9773000.0,373965000.0,12109000.0,0.0,158753000.0,-3233000.0,453645000.0,453645000.0,453645000.0,-8860000.0,0.0,0.061,0.0,716706000.0,376653000.0,0.021,1.061,6.459,6.383,0.0,0.0,11.967,0.393,0.389,0.0,1871890000.0,7445940000.0,7445940000.0,0.0,0.073,0.178,0.095,0.099,10387000.0,0.0,1.0,244824260.0,241812000,246984000.0,30.792,6412440000.0,11743000.0,284339000.0,90009000.0,26.518,
75,PHM,MRT,2002-09-30,2002-09-30,2002-09-30,2021-07-27,0.0,6319157000.0,5936310250.0,,,1.167,10.663,-495000.0,212077000.0,212077000.0,6300632000.0,401202000.0,,1.437,2220059000.0,,,2220059000.0,0.0,35550000.0,0.0,0.004,0.04,650348000.0,685898000.0,0.099,685898000.0,650348000.0,650348000.0,1.707,1.665,1.707,2592904000.0,2428504250.0,2592904000.0,4618091887.0,7.0,6.733,105462000.0,0.434,1.0,628423000.0,0.091,461184000.0,0.0,7865955000.0,7532291750.0,4439060000.0,329161000.0,,,3726253000.0,,,2608668887.0,152323000.0,1334000.0,36537000.0,22029000.0,-9686000.0,47659000.0,3188000.0,0.0,105957000.0,-4481000.0,401202000.0,401202000.0,401202000.0,-9109000.0,0.0,0.058,0.0,628423000.0,1425222000.0,0.023,1.006,6.502,6.243,0.0,0.0,10.658,0.376,0.374,0.0,,6929055000.0,6929055000.0,0.0,0.068,0.165,0.086,0.094,8502000.0,0.0,1.0,244773060.0,243168000,247800000.0,28.495,5857973000.0,51351000.0,249146000.0,80972000.0,24.09,
76,PHM,MRT,2002-06-30,2002-06-30,2002-06-30,2021-07-27,0.0,6107163000.0,5786862250.0,,,1.133,10.198,-12081000.0,212767000.0,212767000.0,5975751000.0,360543000.0,,1.475,2222190000.0,,,2222190000.0,0.0,39199000.0,0.0,0.003,0.04,589176000.0,628375000.0,0.096,628375000.0,589176000.0,589176000.0,1.587,1.547,1.587,2467998000.0,2322749000.0,2467998000.0,5548231766.0,9.0,8.829,-61030000.0,-0.252,1.0,578617000.0,0.088,463222000.0,0.0,7653364000.0,7426660250.0,4244918000.0,286484000.0,,,3639165000.0,,,3499142766.0,110962000.0,11644000.0,35337000.0,148247000.0,-9594000.0,172620000.0,-7316000.0,0.0,-48949000.0,-5393000.0,360543000.0,360543000.0,360543000.0,1192000.0,0.0,0.055,0.0,578617000.0,1328893000.0,0.025,1.418,9.705,9.055,0.0,0.0,14.37,0.534,0.531,0.0,,6554368000.0,6554368000.0,0.0,0.062,0.155,0.079,0.09,2812000.0,0.0,1.0,243503324.0,242000000,249436000.0,27.084,5643941000.0,57783000.0,228633000.0,88082000.0,23.322,
77,PHM,MRT,2002-03-31,2002-03-31,2002-03-31,2021-07-27,0.0,5608028000.0,5066962750.0,,,1.17,9.925,-12081000.0,59772000.0,59772000.0,5401239000.0,330134000.0,,1.36,2108861000.0,,,2108861000.0,0.0,35678000.0,0.0,0.003,0.04,538901000.0,574579000.0,0.097,574579000.0,538901000.0,538901000.0,1.57,1.53,1.57,2376450000.0,2045592000.0,2376450000.0,5076795515.0,9.0,8.836,-157420000.0,-0.657,1.0,526288000.0,0.089,465260000.0,0.0,7191857000.0,6565035250.0,3972287000.0,279062000.0,,,3231578000.0,,,2887395515.0,-139571000.0,11644000.0,30227000.0,-8028000.0,-8837000.0,14014000.0,-3950000.0,0.0,-145339000.0,-4296000.0,330134000.0,330134000.0,330134000.0,1812000.0,0.0,0.056,0.0,526288000.0,1099293000.0,0.025,1.215,8.746,7.619,0.0,0.0,11.963,0.487,0.483,0.0,,5927527000.0,5927527000.0,0.0,0.065,0.161,0.082,0.091,1406000.0,0.0,1.0,241370576.0,239452000,245888000.0,24.755,5142768000.0,40486000.0,208767000.0,23424000.0,21.477,
78,PHM,MRT,2001-12-31,2001-12-31,2001-12-31,2021-07-27,-13969000.0,5710893000.0,4425683500.0,,,1.218,11.592,-12081000.0,72144000.0,72144000.0,4911020000.0,301393000.0,,1.508,2246539000.0,,,2246539000.0,0.0,32384000.0,200212000.0,0.004,0.04,490755000.0,523139000.0,0.097,523139000.0,490755000.0,490755000.0,1.535,1.495,1.535,2276665000.0,1775382250.0,2276665000.0,4805106255.0,10.0,9.185,-418768000.0,-2.132,1.0,478241000.0,0.089,467297000.0,0.0,7417991000.0,5751979750.0,3833763000.0,435461000.0,,,3434228000.0,,,2632187255.0,-111841000.0,11644000.0,13537000.0,291201000.0,-8110000.0,296628000.0,848000.0,0.0,-406687000.0,-2630000.0,301393000.0,301393000.0,301393000.0,1032000.0,0.0,0.056,0.0,478241000.0,333845000.0,0.026,1.156,8.733,7.275,0.0,0.0,11.168,0.488,0.407,0.0,1431020000.0,5389261000.0,5389261000.0,0.0,0.068,0.17,0.085,0.091,314000.0,0.0,1.0,235700672.0,196392000,201292000.0,27.441,5243596000.0,67019000.0,189362000.0,35370000.0,26.7,
79,PHM,MRT,2001-09-30,2001-09-30,2001-09-30,2021-07-27,0.0,5721365000.0,3719581000.0,,,1.285,10.155,0.0,59754000.0,59754000.0,4359419000.0,267545000.0,,1.637,2232673000.0,,,2232673000.0,0.0,25152000.0,0.0,0.005,0.04,435652000.0,460804000.0,0.096,460804000.0,435652000.0,435652000.0,1.497,1.46,1.497,2169883000.0,1518198750.0,2169883000.0,2785091166.0,6.0,6.044,-317997000.0,-1.488,1.0,421502000.0,0.088,450855000.0,0.0,7443429000.0,4795545500.0,4002423000.0,302016000.0,,,3551482000.0,,,1805792166.0,27369000.0,10310000.0,25947000.0,319204000.0,-7388000.0,339794000.0,5572000.0,0.0,-317997000.0,0.0,267545000.0,267545000.0,267545000.0,940000.0,0.0,0.056,0.0,421502000.0,1252630000.0,0.027,0.832,6.749,5.119,0.0,0.0,7.662,0.378,0.342,0.0,,4780921000.0,4780921000.0,0.0,0.072,0.176,0.091,0.091,0.0,0.0,1.0,235666188.0,213684000,218072000.0,22.374,5270510000.0,23696000.0,168107000.0,66179000.0,24.665,
80,PHM,MRT,2001-06-30,2001-06-30,2001-06-30,2021-07-27,0.0,3227565000.0,3013201250.0,,,1.45,8.094,0.0,101805000.0,101805000.0,3985350000.0,215650000.0,,1.374,1081104000.0,,,1081104000.0,0.0,16636000.0,0.0,0.004,0.04,369776000.0,386412000.0,0.088,386412000.0,369776000.0,369776000.0,1.3,1.265,1.3,1359370000.0,1260611750.0,1359370000.0,2692844454.0,7.0,6.969,-84911000.0,-0.506,1.0,384137000.0,0.088,0.0,0.0,4206864000.0,3869244750.0,2289842000.0,203622000.0,,,1868195000.0,,,1796120454.0,70802000.0,0.0,33518000.0,136565000.0,-6629000.0,159426000.0,-3713000.0,0.0,-84911000.0,0.0,215650000.0,215650000.0,215650000.0,30543000.0,0.0,0.049,0.0,384137000.0,750987000.0,0.031,1.321,8.329,8.198,0.0,0.0,10.658,0.411,0.41,0.0,,4369487000.0,4369487000.0,0.0,0.072,0.171,0.096,0.085,0.0,0.0,1.0,168531124.0,167948000,173460000.0,26.017,3227565000.0,44738000.0,154126000.0,36104000.0,19.218,
81,PHM,MRT,2001-03-31,2001-03-31,2001-03-31,2021-07-27,0.0,3042911000.0,2912208500.0,,,1.474,7.75,0.0,199343000.0,199343000.0,3926010000.0,203548000.0,,1.349,1096067000.0,,,1096067000.0,0.0,15649000.0,0.0,0.004,0.04,349556000.0,365205000.0,0.085,365205000.0,349556000.0,349556000.0,1.235,1.208,1.235,1295611000.0,1197585250.0,1295611000.0,2428979544.0,7.0,6.651,-11074000.0,-0.066,1.0,367339000.0,0.086,0.0,0.0,3939635000.0,3750560500.0,2049248000.0,220108000.0,,,1747300000.0,,,1692759544.0,160416000.0,0.0,-7254000.0,193539000.0,-6589000.0,176984000.0,-5494000.0,0.0,-11074000.0,0.0,203548000.0,203548000.0,203548000.0,29686000.0,0.0,0.047,0.0,367339000.0,650458000.0,0.032,1.307,8.316,8.18,0.0,0.0,10.102,0.394,0.393,0.0,,4293349000.0,4293349000.0,0.0,0.07,0.17,0.093,0.081,0.0,0.0,1.0,167558480.0,167180000,171996000.0,25.681,3042911000.0,42764000.0,146008000.0,775000.0,18.201,
82,PHM,MRT,2000-12-31,2000-12-31,2000-12-31,2021-07-27,185000.0,2886483000.0,2825000250.0,,,1.503,7.552,0.0,183985000.0,183985000.0,3901509000.0,188513000.0,,1.313,920205000.0,,,920205000.0,0.0,14230000.0,0.0,0.004,0.04,325225000.0,339455000.0,0.08,339455000.0,325225000.0,325225000.0,1.14,1.117,1.14,1247931000.0,1147746000.0,1247931000.0,2559116752.0,8.0,7.539,23322000.0,0.141,1.0,345468000.0,0.081,30449000.0,0.0,3592254000.0,3649889000.0,1896856000.0,259239000.0,,,1638552000.0,,,1716736752.0,132188000.0,0.0,-37599000.0,157800000.0,-6583000.0,114051000.0,-5185000.0,0.0,23322000.0,0.0,188513000.0,188513000.0,188513000.0,29871000.0,0.0,0.044,0.0,345468000.0,220916000.0,0.035,1.376,9.107,9.252,0.0,0.0,10.547,0.404,0.41,0.0,1137737000.0,4246977000.0,4246977000.0,0.0,0.067,0.164,0.089,0.077,0.0,0.0,1.0,162762432.0,165240000,168584000.0,25.702,2856034000.0,56572000.0,136712000.0,10169000.0,17.284,
83,PHM,MRT,2000-09-30,2000-09-30,2000-09-30,2021-07-27,0.0,2895846000.0,2725217250.0,,,1.507,7.038,0.0,32130000.0,32130000.0,3785676000.0,172545000.0,,1.541,874510000.0,,,874510000.0,0.0,14630000.0,0.0,0.005,0.04,298683000.0,313313000.0,0.076,313313000.0,298683000.0,298683000.0,1.025,1.015,1.025,1139535000.0,1109093000.0,1139535000.0,2240528764.0,8.0,7.151,27450000.0,0.17,1.0,320193000.0,0.078,0.0,0.0,3738226000.0,3545695000.0,2052831000.0,149299000.0,,,1756311000.0,,,1331995764.0,1708000.0,0.0,-53442000.0,41996000.0,-4933000.0,-17855000.0,-7928000.0,0.0,27450000.0,0.0,172545000.0,172545000.0,172545000.0,30036000.0,0.0,0.042,0.0,320193000.0,811993000.0,0.039,1.169,7.72,8.049,0.0,0.0,8.25,0.324,0.325,0.0,,4105869000.0,4105869000.0,0.0,0.063,0.156,0.084,0.073,0.0,0.0,1.0,161454032.0,161904000,166108000.0,25.36,2895846000.0,57617000.0,126138000.0,11991000.0,17.886,
84,PHM,MRT,2000-06-30,2000-06-30,2000-06-30,2021-07-27,0.0,2823594000.0,2656030750.0,,,1.508,6.743,0.0,30715000.0,30715000.0,3706696000.0,188747000.0,,1.55,939248000.0,,,939248000.0,0.0,14921000.0,0.0,0.007,0.04,305279000.0,320200000.0,0.08,320200000.0,305279000.0,305279000.0,1.108,1.097,1.108,1107264000.0,1080234250.0,1107264000.0,1732618947.0,6.0,5.411,-10594000.0,-0.065,1.0,298905000.0,0.075,0.0,0.0,3732127000.0,3466259250.0,1983751000.0,148836000.0,,,1716330000.0,,,889747947.0,5568000.0,-24714000.0,-59808000.0,111753000.0,-6796000.0,48770000.0,-32521000.0,-219000.0,-10594000.0,0.0,188747000.0,188747000.0,188747000.0,452000.0,0.0,0.047,0.0,298905000.0,714348000.0,0.036,0.804,4.714,4.876,0.0,0.0,5.402,0.222,0.221,0.0,,4005601000.0,4005601000.0,0.0,0.071,0.175,0.088,0.076,0.0,0.0,1.0,164691892.0,164212000,166276000.0,24.393,2823594000.0,55381000.0,116532000.0,5206000.0,17.195,
85,PHM,MRT,2000-03-31,2000-03-31,2000-03-31,2021-07-27,0.0,2694078000.0,2567040250.0,,,1.503,6.419,0.0,38864000.0,38864000.0,3576378000.0,178171000.0,,1.458,881735000.0,,,881735000.0,0.0,13981000.0,0.0,0.008,0.04,285844000.0,299825000.0,0.078,299825000.0,285844000.0,285844000.0,1.033,1.022,1.033,1096254000.0,1048466000.0,1096254000.0,1590718526.0,6.0,5.305,-84649000.0,-0.496,1.0,280791000.0,0.073,0.0,0.0,3536949000.0,3343923500.0,1992601000.0,123994000.0,,,1597824000.0,,,902512526.0,-5593000.0,-24714000.0,-21024000.0,139322000.0,-6875000.0,111938000.0,-32523000.0,780000.0,-84649000.0,0.0,178171000.0,178171000.0,178171000.0,431000.0,0.0,0.046,0.0,280791000.0,658820000.0,0.039,0.823,5.065,5.053,0.0,0.0,5.22,0.234,0.231,0.0,,3857169000.0,3857169000.0,0.0,0.069,0.17,0.085,0.074,0.0,0.0,1.0,172895120.0,170784000,171484000.0,22.585,2694078000.0,50208000.0,107673000.0,0.0,15.775,
86,PHM,MRT,1999-12-31,1999-12-31,1999-12-31,2021-07-27,-259000.0,2487351000.0,2468487250.0,,,1.525,6.32,0.0,51797000.0,51797000.0,3484228000.0,178165000.0,,1.275,739924000.0,,,739924000.0,0.0,13497000.0,0.0,0.007,0.04,286283000.0,299780000.0,0.08,299780000.0,286283000.0,286283000.0,1.03,1.018,1.03,1093319000.0,1010549750.0,1093319000.0,1774503050.0,6.0,5.919,15113000.0,0.087,1.0,279589000.0,0.074,0.0,0.0,3175478000.0,3202664250.0,1792733000.0,218062000.0,,,1394032000.0,,,973120050.0,-73532000.0,-24714000.0,1646000.0,-81752000.0,-6919000.0,-87642000.0,-1003000.0,29376000.0,15113000.0,0.0,178165000.0,178165000.0,178165000.0,122000.0,0.0,0.047,0.0,279589000.0,207354000.0,0.039,0.89,5.462,5.461,0.0,0.0,5.625,0.259,0.259,0.0,1016075000.0,3763817000.0,3763817000.0,0.0,0.072,0.176,0.089,0.076,0.0,0.0,1.0,172999120.0,172984000,175292000.0,21.758,2487351000.0,57224000.0,108118000.0,11769000.0,14.379,
87,PHM,MRT,1999-09-30,1999-09-30,1999-09-30,2021-07-27,0.0,2619100000.0,2434109250.0,,,1.395,5.92,0.0,30587000.0,30587000.0,3163698000.0,147062000.0,,1.557,831970000.0,,,831970000.0,0.0,9400000.0,0.0,0.007,0.04,236571000.0,245971000.0,0.072,245971000.0,236571000.0,236571000.0,0.853,0.837,0.853,1024100000.0,967580500.0,1024100000.0,1715791215.0,7.0,6.976,-282445000.0,-1.633,1.0,232957000.0,0.069,0.0,0.0,3420483000.0,3161748500.0,1879075000.0,149854000.0,,,1595000000.0,,,940639215.0,-141471000.0,65888000.0,8314000.0,85065000.0,-8648000.0,1000.0,156772000.0,9381000.0,-282445000.0,0.0,147062000.0,147062000.0,147062000.0,-381000.0,0.0,0.043,0.0,232957000.0,701998000.0,0.047,0.919,6.396,6.375,0.0,0.0,5.438,0.277,0.277,0.0,,3396655000.0,3396655000.0,0.0,0.06,0.152,0.075,0.07,0.0,0.0,1.0,172991120.0,172992000,175332000.0,19.635,2619100000.0,0.0,89509000.0,4348000.0,15.14,
88,PHM,MRT,1999-06-30,1999-06-30,1999-06-30,2021-07-27,0.0,2467632000.0,2352565250.0,,,1.353,5.666,0.0,25217000.0,25217000.0,2975575000.0,128524000.0,,1.518,800369000.0,,,800369000.0,0.0,9313000.0,0.0,0.007,0.04,207747000.0,217060000.0,0.068,217060000.0,207747000.0,207747000.0,0.745,0.73,0.745,980191000.0,932304250.0,980191000.0,1669395151.0,8.0,7.691,-316641000.0,-1.831,1.0,207297000.0,0.065,0.0,0.0,3242784000.0,3013002000.0,1723814000.0,159981000.0,,,1487441000.0,,,997349151.0,-279039000.0,-24261000.0,6952000.0,70589000.0,-6921000.0,-10222000.0,70158000.0,21696000.0,-316641000.0,0.0,128524000.0,128524000.0,128524000.0,-855000.0,0.0,0.04,0.0,207297000.0,622505000.0,0.054,1.018,7.76,7.738,0.0,0.0,5.765,0.313,0.313,0.0,,3182872000.0,3182872000.0,0.0,0.055,0.138,0.069,0.065,0.0,0.0,1.0,173000720.0,172980000,175352000.0,18.4,2467632000.0,0.0,79223000.0,8066000.0,14.265,
89,PHM,MRT,1999-03-31,1999-03-31,1999-03-31,2021-07-27,0.0,2299866000.0,2285676000.0,,,1.325,5.462,0.0,44030000.0,44030000.0,2840409000.0,115252000.0,,1.435,716076000.0,,,716076000.0,0.0,6514000.0,0.0,0.008,0.04,188594000.0,195108000.0,0.064,195108000.0,188594000.0,188594000.0,0.667,0.653,0.667,944589000.0,901445750.0,944589000.0,1561346326.0,8.0,8.002,-244574000.0,-1.414,1.0,188008000.0,0.062,0.0,0.0,2971912000.0,2862286500.0,1582886000.0,156689000.0,,,1355277000.0,,,899370326.0,-284666000.0,-68230000.0,6952000.0,25644000.0,-6911000.0,-46106000.0,29760000.0,31907000.0,-244574000.0,0.0,115252000.0,115252000.0,115252000.0,-1040000.0,0.0,0.038,0.0,188008000.0,566753000.0,0.06,0.952,7.804,7.8,0.0,0.0,5.202,0.297,0.297,0.0,,3028417000.0,3028417000.0,0.0,0.05,0.128,0.066,0.062,0.0,0.0,1.0,172872720.0,172932000,176188000.0,17.512,2299866000.0,0.0,73342000.0,15943000.0,13.299,
90,PHM,MRT,1998-12-31,1998-12-31,1998-12-31,2021-07-27,1130000.0,2349839000.0,2229504250.0,,,1.286,5.359,0.0,125198000.0,125198000.0,2700555000.0,102183000.0,,1.55,787174000.0,,,787174000.0,0.0,5044000.0,0.0,0.005,0.037,166849000.0,171893000.0,0.06,171893000.0,166849000.0,166849000.0,0.595,0.583,0.595,921442000.0,871332000.0,921442000.0,1732996656.0,10.0,10.082,-105493000.0,-0.614,1.0,165966000.0,0.058,0.0,0.0,3011815000.0,2736562750.0,1455208000.0,264264000.0,,,1428397000.0,,,1200423656.0,-121979000.0,-68230000.0,6952000.0,23712000.0,-6456000.0,-18062000.0,1576000.0,21934000.0,-105493000.0,0.0,102183000.0,102183000.0,102183000.0,-1035000.0,0.0,0.036,0.0,165966000.0,575373000.0,0.062,1.303,11.748,11.685,0.0,0.0,6.952,0.419,0.417,0.0,844829000.0,2866521000.0,2866521000.0,0.0,0.046,0.117,0.061,0.058,0.0,0.0,1.0,172660720.0,171936000,175536000.0,16.672,2349839000.0,79663000.0,64666000.0,9592000.0,13.667,
91,PHM,MRT,1998-09-30,1998-09-30,1998-09-30,2021-07-27,0.0,2292924000.0,2174399250.0,,,1.29,5.118,0.0,154238000.0,154238000.0,2652910000.0,80602000.0,,1.597,686811000.0,,,686811000.0,0.0,6795000.0,0.0,0.006,0.035,131700000.0,138495000.0,0.049,138495000.0,131700000.0,131700000.0,0.47,0.46,0.47,882995000.0,844180750.0,882995000.0,1504358325.0,11.0,10.862,153487000.0,0.89,1.0,152777000.0,0.054,0.0,0.0,2825497000.0,2641429750.0,1402662000.0,167038000.0,,,1409929000.0,,,1064511325.0,113424000.0,-158832000.0,-78000.0,42866000.0,-6003000.0,94567000.0,-150204000.0,53383000.0,153487000.0,0.0,80602000.0,80602000.0,80602000.0,-312000.0,0.0,0.029,0.0,152777000.0,621406000.0,0.074,1.206,13.207,13.133,0.0,0.0,6.173,0.379,0.38,0.0,,2805687000.0,2805687000.0,0.0,0.037,0.095,0.05,0.047,0.0,0.0,1.0,172460320.0,172544000,177120000.0,16.261,2292924000.0,0.0,51098000.0,15500000.0,13.289,
92,PHM,MRT,1998-06-30,1998-06-30,1998-06-30,2021-07-27,0.0,2200075000.0,,,,,4.977,0.0,279901000.0,279901000.0,2582315000.0,71756000.0,,1.568,719748000.0,,,719748000.0,0.0,6098000.0,0.0,0.004,0.033,116278000.0,122376000.0,0.045,122376000.0,116278000.0,116278000.0,0.422,0.415,0.422,856757000.0,,856757000.0,1667993211.0,14.0,13.63,155808000.0,0.905,1.0,133929000.0,0.049,0.0,0.0,2639922000.0,,1196552000.0,198851000.0,,,1343318000.0,,,1274155211.0,220267000.0,-43969000.0,-78000.0,17908000.0,-5489000.0,78225000.0,-35878000.0,51093000.0,155808000.0,0.0,71756000.0,71756000.0,71756000.0,-1366000.0,0.0,0.026,0.0,133929000.0,508588000.0,0.078,1.487,17.757,17.701,0.0,0.0,7.47,0.469,0.473,0.0,,2716244000.0,2716244000.0,0.0,,,,0.043,0.0,0.0,1.0,170569640.0,172156000,175808000.0,15.778,2200075000.0,0.0,44522000.0,12016000.0,12.78,
93,PHM,MRT,1998-03-31,1998-03-31,1998-03-31,2021-07-27,0.0,2075179000.0,,,,,4.838,0.0,302929000.0,302929000.0,2496077000.0,61785000.0,,1.518,696767000.0,,,696767000.0,0.0,9163000.0,0.0,0.005,0.03,99149000.0,108312000.0,0.041,108312000.0,99149000.0,99149000.0,0.365,0.36,0.365,824134000.0,,824134000.0,1492104982.0,15.0,13.776,148614000.0,0.872,1.0,116785000.0,0.045,0.0,0.0,2469017000.0,,1100026000.0,172330000.0,,,1251045000.0,,,990240982.0,264652000.0,0.0,-74673000.0,98612000.0,-6431000.0,84412000.0,7632000.0,19772000.0,148614000.0,0.0,61785000.0,61785000.0,61785000.0,-2329000.0,0.0,0.024,0.0,116785000.0,421040000.0,0.082,1.202,16.027,15.925,0.0,0.0,5.812,0.379,0.379,0.0,,2612862000.0,2612862000.0,0.0,,,,0.038,0.0,0.0,1.0,170364040.0,170352000,172992000.0,15.338,2075179000.0,0.0,37364000.0,13868000.0,12.182,
94,PHM,MRT,1997-12-31,1997-12-31,1997-12-31,2021-07-27,1687000.0,2129419000.0,2057280000.0,,,1.227,4.67,0.0,245156000.0,245156000.0,2420976000.0,52761000.0,,1.62,747020000.0,,,747020000.0,0.0,7813000.0,0.0,0.006,0.03,83936000.0,91749000.0,0.036,91749000.0,83936000.0,83936000.0,0.302,0.3,0.302,812837000.0,821055000.0,812837000.0,,,,-35174000.0,-0.202,1.0,103015000.0,0.041,0.0,0.0,2631283000.0,2508707000.0,1141952000.0,224485000.0,,,1316582000.0,,,890365064.0,55106000.0,0.0,-74673000.0,107017000.0,-5153000.0,82736000.0,7969000.0,30864000.0,-35174000.0,0.0,52761000.0,52761000.0,52761000.0,-2961000.0,0.0,0.021,20000000.0,83015000.0,482123000.0,0.099,1.095,16.875,17.305,0.0,0.0,5.226,0.353,0.36,0.0,749102000.0,2523991000.0,2523991000.0,0.0,0.026,0.064,0.033,0.033,0.0,0.0,1.0,170364040.0,174040000,175632000.0,14.502,2129419000.0,103603000.0,31175000.0,7265000.0,12.235,
95,PHM,MRT,1997-09-30,1997-09-30,1997-09-30,2021-07-27,,,,,,,,,,,,,,,,,,,,,,0.006,0.03,,,,,,,,,,,,,,,,,,1.0,,,,,,,,,,,,,,,,,,,,,,,,,,,,,,,,,,,,,,,,4.781,,,,,,,,,,,,,,1.0,,169092000,,,,,,,,
96,PHM,MRT,1997-06-30,1997-06-30,1997-06-30,2021-07-27,,,,,,,,,,,,,,,,,,,,,,0.007,0.03,,,,,,,,,,,,,,,,,,1.0,,,,,,,,,,,,,,,,,,,,,,,,,,,,,,,,,,,,,,,,4.329,,,,,,,,,,,,,,1.0,,171056000,,,,,,,,
97,PHM,MRT,1997-03-31,1997-03-31,1997-03-31,2021-07-27,,,,,,,,,,,,,,,,,,,,,,0.008,0.03,,,,,,,,,,,,,,,,,,1.0,,,,,,,,,,,,,,,,,,,,,,,,,,,,,,,,,,,,,,,,3.656,,,,,,,,,,,,,,1.0,,186368000,,,,,,,,
98,PHM,MRT,1996-12-31,1996-12-31,1996-12-31,2021-07-27,1474000.0,1985141000.0,,,,,4.159,0.0,189625000.0,189625000.0,2279866000.0,179643000.0,,1.394,590615000.0,,,590615000.0,0.0,6747000.0,0.0,0.008,0.03,218895000.0,225642000.0,0.095,225642000.0,218895000.0,218895000.0,0.9,0.892,0.9,829273000.0,,829273000.0,,,,-64225000.0,-0.322,1.0,104417000.0,0.044,0.0,0.0,2386131000.0,,1017262000.0,217556000.0,,,1155868000.0,,,,-102961000.0,0.0,-99561000.0,-179092000.0,-5958000.0,-245959000.0,207582000.0,213481000.0,-64225000.0,0.0,179643000.0,179643000.0,179643000.0,-116432000.0,0.0,0.075,0.0,104417000.0,439578000.0,0.033,,,4.271,0.0,0.0,3.844,,0.321,0.0,770050000.0,2384283000.0,2384283000.0,0.0,,,,0.092,0.0,0.0,1.0,,199408000,201216000.0,11.957,1985141000.0,127686000.0,39252000.0,12930000.0,9.955,
99,PHM,MRT,1995-12-31,1995-12-31,1995-12-31,2021-07-27,,,,,,,,0.0,,,1947116000.0,58346000.0,,,,,,,,6338000.0,,0.007,0.03,91531000.0,97869000.0,0.048,97869000.0,91531000.0,91531000.0,0.269,0.266,0.269,,,,,,,-55754000.0,-0.257,1.0,82024000.0,0.04,,0.0,,,,,,,,,,,13673000.0,0.0,-11707000.0,86590000.0,-6489000.0,75292000.0,113097000.0,71956000.0,-55754000.0,0.0,58346000.0,58346000.0,58346000.0,-9507000.0,0.0,0.029,0.0,82024000.0,,0.112,,,15.627,,0.0,4.204,,0.449,,,2029140000.0,2029140000.0,0.0,,,,0.045,0.0,0.0,1.0,,216592000,219376000.0,9.368,,,33185000.0,,,
