None,ticker,dimension,calendardate,datekey,reportperiod,lastupdated,accoci,assets,assetsavg,assetsc,assetsnc,assetturnover,bvps,capex,cashneq,cashnequsd,cor,consolinc,currentratio,de,debt,debtc,debtnc,debtusd,deferredrev,depamor,deposits,divyield,dps,ebit,ebitda,ebitdamargin,ebitdausd,ebitusd,ebt,eps,epsdil,epsusd,equity,equityavg,equityusd,ev,evebit,evebitda,fcf,fcfps,fxusd,gp,grossmargin,intangibles,intexp,invcap,invcapavg,inventory,investments,investmentsc,investmentsnc,liabilities,liabilitiesc,liabilitiesnc,marketcap,ncf,ncfbus,ncfcommon,ncfdebt,ncfdiv,ncff,ncfi,ncfinv,ncfo,ncfx,netinc,netinccmn,netinccmnusd,netincdis,netincnci,netmargin,opex,opinc,payables,payoutratio,pb,pe,pe1,ppnenet,prefdivis,price,ps,ps1,receivables,retearn,revenue,revenueusd,rnd,roa,roe,roic,ros,sbcomp,sgna,sharefactor,sharesbas,shareswa,shareswadil,sps,tangibles,taxassets,taxexp,taxliabilities,tbvps,workingcapital
0,NOC,MRY,2020-12-31,2020-12-31,2020-12-31,2021-08-25,-128000000.0,44469000000.0,43979750000.0,15344000000.0,29125000000.0,0.837,63.309,-1215000000.0,4907000000.0,4907000000.0,29321000000.0,3189000000.0,1.602,3.204,15604000000.0,0.0,15604000000.0,15604000000.0,2517000000.0,1267000000.0,0.0,0.019,5.67,4321000000.0,5588000000.0,0.152,5588000000.0,4321000000.0,3728000000.0,19.08,19.03,19.08,10579000000.0,9955000000.0,10579000000.0,61358694035.0,14.0,10.98,3090000000.0,18.492,1.0,7478000000.0,0.203,18301000000.0,593000000.0,27285000000.0,26037750000.0,759000000.0,0.0,0.0,0.0,33890000000.0,9580000000.0,24310000000.0,50801694035.0,2662000000.0,0.0,-490000000.0,1134000000.0,-953000000.0,-432000000.0,-1211000000.0,0.0,4305000000.0,0.0,3189000000.0,3189000000.0,3189000000.0,0.0,0.0,0.087,3413000000.0,4065000000.0,1806000000.0,0.297,4.802,15.93,15.971,8604000000.0,0.0,304.72,1.381,1.384,6641000000.0,10482000000.0,36799000000.0,36799000000.0,0.0,0.073,0.32,0.166,0.117,90000000.0,3413000000.0,1.0,166715982.0,167100000,167600000.0,220.221,26168000000.0,311000000.0,539000000.0,0.0,156.601,5764000000.0
1,NOC,MRY,2019-12-31,2019-12-31,2019-12-31,2021-08-25,-97000000.0,41089000000.0,40244250000.0,10685000000.0,30404000000.0,0.841,52.091,-1264000000.0,2245000000.0,2245000000.0,26582000000.0,2248000000.0,1.133,3.659,14078000000.0,0.0,14078000000.0,14078000000.0,2237000000.0,1265000000.0,0.0,0.015,5.16,3076000000.0,4341000000.0,0.128,4341000000.0,3076000000.0,2548000000.0,13.28,13.22,13.28,8819000000.0,9125750000.0,8819000000.0,71973213801.0,23.0,16.58,3033000000.0,17.915,1.0,7259000000.0,0.215,19748000000.0,528000000.0,23740000000.0,25136250000.0,783000000.0,0.0,0.0,0.0,32270000000.0,9434000000.0,22836000000.0,57970213801.0,666000000.0,0.0,-744000000.0,-729000000.0,-880000000.0,-2424000000.0,-1207000000.0,0.0,4297000000.0,0.0,2248000000.0,2248000000.0,2248000000.0,0.0,0.0,0.066,3290000000.0,3969000000.0,2226000000.0,0.389,6.573,25.787,25.901,8423000000.0,0.0,343.97,1.713,1.721,6660000000.0,8748000000.0,33841000000.0,33841000000.0,0.0,0.056,0.246,0.122,0.091,127000000.0,3290000000.0,1.0,168532761.0,169300000,170000000.0,199.888,21341000000.0,508000000.0,300000000.0,0.0,126.054,1251000000.0
2,NOC,MRY,2018-12-31,2018-12-31,2018-12-31,2021-08-25,-52000000.0,37653000000.0,36942250000.0,9680000000.0,27973000000.0,0.815,47.133,-1249000000.0,1579000000.0,1579000000.0,23304000000.0,3229000000.0,1.17,3.599,13883000000.0,0.0,13883000000.0,13883000000.0,1917000000.0,800000000.0,0.0,0.019,4.7,4304000000.0,5104000000.0,0.17,5104000000.0,4304000000.0,3742000000.0,18.59,18.49,18.59,8187000000.0,8299250000.0,8187000000.0,55180466979.0,13.0,10.811,2578000000.0,14.842,1.0,6791000000.0,0.226,20044000000.0,562000000.0,21639000000.0,21591750000.0,654000000.0,0.0,0.0,0.0,29466000000.0,8274000000.0,21192000000.0,42519466979.0,-9646000000.0,-7657000000.0,-1263000000.0,-2398000000.0,-821000000.0,-4595000000.0,-8878000000.0,0.0,3827000000.0,0.0,3229000000.0,3229000000.0,3229000000.0,0.0,0.0,0.107,3011000000.0,3780000000.0,2182000000.0,0.253,5.194,13.168,13.174,6372000000.0,0.0,244.9,1.413,1.413,6474000000.0,8068000000.0,30095000000.0,30095000000.0,0.0,0.087,0.389,0.199,0.143,86000000.0,3011000000.0,1.0,173619710.0,173700000,174600000.0,173.258,17609000000.0,94000000.0,513000000.0,108000000.0,101.376,1406000000.0
3,NOC,MRY,2017-12-31,2017-12-31,2017-12-31,2021-08-25,1000000.0,35128000000.0,28216750000.0,16587000000.0,18541000000.0,0.922,40.894,-928000000.0,11225000000.0,11225000000.0,20074000000.0,2869000000.0,2.339,3.925,14399000000.0,0.0,14399000000.0,14399000000.0,0.0,475000000.0,0.0,0.013,3.9,4589000000.0,5064000000.0,0.195,5064000000.0,4589000000.0,4229000000.0,16.45,16.34,16.45,7132000000.0,6275500000.0,7132000000.0,57775439187.0,13.0,11.409,1685000000.0,9.662,1.0,5930000000.0,0.228,12507000000.0,360000000.0,18703000000.0,14066750000.0,398000000.0,0.0,0.0,0.0,27996000000.0,7092000000.0,20904000000.0,53426439187.0,8684000000.0,0.0,-393000000.0,8232000000.0,-689000000.0,6960000000.0,-889000000.0,0.0,2613000000.0,0.0,2869000000.0,2869000000.0,2869000000.0,0.0,0.0,0.11,2712000000.0,3218000000.0,1661000000.0,0.237,7.491,18.622,18.657,4225000000.0,0.0,306.91,2.055,2.058,4519000000.0,6913000000.0,26004000000.0,26004000000.0,0.0,0.102,0.457,0.326,0.176,94000000.0,2712000000.0,1.0,174078522.0,174400000,175600000.0,149.106,22621000000.0,447000000.0,1360000000.0,0.0,129.708,9495000000.0
4,NOC,MRY,2016-12-31,2016-12-31,2016-12-31,2021-08-25,-5546000000.0,25614000000.0,24432000000.0,6856000000.0,18758000000.0,1.011,29.396,-920000000.0,2541000000.0,2541000000.0,18797000000.0,2043000000.0,1.218,3.871,7058000000.0,0.0,7058000000.0,7058000000.0,0.0,456000000.0,0.0,0.015,3.5,2982000000.0,3438000000.0,0.139,3438000000.0,2982000000.0,2681000000.0,11.42,11.32,11.42,5259000000.0,5582000000.0,5259000000.0,46279003633.0,16.0,13.461,1893000000.0,10.581,1.0,5909000000.0,0.239,12450000000.0,301000000.0,12051000000.0,11814500000.0,816000000.0,0.0,0.0,0.0,20355000000.0,5630000000.0,14725000000.0,40995003633.0,222000000.0,0.0,-1547000000.0,563000000.0,-640000000.0,-1786000000.0,-805000000.0,0.0,2813000000.0,0.0,2043000000.0,2043000000.0,2043000000.0,0.0,0.0,0.083,2632000000.0,3277000000.0,1554000000.0,0.306,7.795,20.066,20.366,3588000000.0,0.0,232.58,1.659,1.684,3299000000.0,10630000000.0,24706000000.0,24706000000.0,0.0,0.084,0.366,0.252,0.121,93000000.0,2632000000.0,1.0,176261947.0,178900000,180500000.0,138.099,13164000000.0,1462000000.0,638000000.0,0.0,73.583,1226000000.0
5,NOC,MRY,2015-12-31,2015-12-31,2015-12-31,2021-08-25,-5320000000.0,24424000000.0,24552000000.0,6334000000.0,18090000000.0,0.958,29.155,-471000000.0,2319000000.0,2319000000.0,17884000000.0,1990000000.0,1.161,3.423,6386000000.0,0.0,6386000000.0,6386000000.0,0.0,467000000.0,0.0,0.016,3.1,3091000000.0,3558000000.0,0.151,3558000000.0,3091000000.0,2790000000.0,10.51,10.39,10.51,5522000000.0,6034500000.0,5522000000.0,39560741782.0,13.0,11.119,1691000000.0,8.928,1.0,5642000000.0,0.24,12460000000.0,301000000.0,10574000000.0,11202000000.0,807000000.0,0.0,0.0,0.0,18902000000.0,5457000000.0,13445000000.0,34435741782.0,-1544000000.0,0.0,-3182000000.0,600000000.0,-603000000.0,-3275000000.0,-431000000.0,0.0,2162000000.0,0.0,1990000000.0,1990000000.0,1990000000.0,0.0,0.0,0.085,2566000000.0,3076000000.0,1282000000.0,0.295,6.236,17.304,17.965,3064000000.0,0.0,188.81,1.464,1.52,2841000000.0,10661000000.0,23526000000.0,23526000000.0,0.0,0.081,0.33,0.276,0.131,-4000000.0,2566000000.0,1.0,182383040.0,189400000,191600000.0,124.213,11964000000.0,1409000000.0,800000000.0,0.0,63.168,877000000.0
6,NOC,MRY,2014-12-31,2014-12-31,2014-12-31,2021-08-25,-5356000000.0,26572000000.0,25625250000.0,7780000000.0,18792000000.0,0.936,34.65,-561000000.0,3863000000.0,3863000000.0,18378000000.0,2069000000.0,1.32,2.673,5925000000.0,0.0,5925000000.0,5925000000.0,0.0,462000000.0,0.0,0.018,2.71,3219000000.0,3681000000.0,0.154,3681000000.0,3219000000.0,2937000000.0,9.91,9.75,9.91,7235000000.0,9491250000.0,7235000000.0,32296675206.0,10.0,8.774,2032000000.0,9.732,1.0,5601000000.0,0.234,12466000000.0,282000000.0,10276000000.0,9906750000.0,742000000.0,0.0,0.0,0.0,19337000000.0,5892000000.0,13445000000.0,29772675206.0,-1287000000.0,0.0,-2668000000.0,0.0,-563000000.0,-3235000000.0,-645000000.0,0.0,2593000000.0,0.0,2069000000.0,2069000000.0,2069000000.0,0.0,0.0,0.086,2405000000.0,3196000000.0,1305000000.0,0.273,4.115,14.39,14.873,2991000000.0,0.0,147.39,1.242,1.283,2806000000.0,12392000000.0,23979000000.0,23979000000.0,0.0,0.081,0.218,0.325,0.134,53000000.0,2405000000.0,1.0,201999289.0,208800000,212100000.0,114.842,14106000000.0,2026000000.0,868000000.0,0.0,67.557,1888000000.0
7,NOC,MRY,2013-12-31,2013-12-31,2013-12-31,2021-08-25,-2984000000.0,26381000000.0,26802000000.0,9488000000.0,16893000000.0,0.92,46.254,-364000000.0,5150000000.0,5150000000.0,19282000000.0,1952000000.0,1.632,1.484,5928000000.0,0.0,5928000000.0,5928000000.0,0.0,495000000.0,0.0,0.021,2.38,3120000000.0,3615000000.0,0.147,3615000000.0,3120000000.0,2863000000.0,8.5,8.35,8.5,10620000000.0,9750750000.0,10620000000.0,26426340718.0,8.0,7.31,2119000000.0,9.229,1.0,5379000000.0,0.218,12438000000.0,257000000.0,8906000000.0,9557000000.0,698000000.0,0.0,0.0,0.0,15761000000.0,5815000000.0,9946000000.0,25442340718.0,1288000000.0,0.0,-2371000000.0,1964000000.0,-545000000.0,-849000000.0,-346000000.0,0.0,2483000000.0,0.0,1952000000.0,1952000000.0,1952000000.0,0.0,0.0,0.079,2256000000.0,3123000000.0,1229000000.0,0.28,2.396,13.034,13.484,2806000000.0,0.0,114.61,1.032,1.067,2685000000.0,12538000000.0,24661000000.0,24661000000.0,0.0,0.073,0.2,0.326,0.127,101000000.0,2256000000.0,1.0,221990583.0,229600000,233900000.0,107.409,13943000000.0,814000000.0,911000000.0,0.0,60.727,3673000000.0
8,NOC,MRY,2012-12-31,2012-12-31,2012-12-31,2021-08-25,-4787000000.0,26543000000.0,25521000000.0,8392000000.0,18151000000.0,0.988,38.27,-331000000.0,3862000000.0,3862000000.0,19638000000.0,1978000000.0,1.386,1.79,3930000000.0,0.0,3930000000.0,3930000000.0,0.0,510000000.0,0.0,0.032,2.15,3177000000.0,3687000000.0,0.146,3687000000.0,3177000000.0,2965000000.0,7.96,7.81,7.96,9514000000.0,10429250000.0,9514000000.0,16993099370.0,5.0,4.609,2309000000.0,9.288,1.0,5580000000.0,0.221,12431000000.0,212000000.0,8124000000.0,8030750000.0,798000000.0,0.0,0.0,0.0,17029000000.0,6056000000.0,10973000000.0,16587099370.0,860000000.0,0.0,-1316000000.0,0.0,-535000000.0,-1696000000.0,-84000000.0,250000000.0,2640000000.0,0.0,1978000000.0,1978000000.0,1978000000.0,0.0,0.0,0.078,2450000000.0,3130000000.0,1392000000.0,0.27,1.743,8.386,8.49,2887000000.0,0.0,67.58,0.658,0.666,2858000000.0,11138000000.0,25218000000.0,25218000000.0,0.0,0.078,0.19,0.396,0.126,138000000.0,2450000000.0,1.0,245443909.0,248600000,253400000.0,101.44,14112000000.0,2116000000.0,987000000.0,0.0,56.766,2336000000.0
9,NOC,MRY,2011-12-31,2011-12-31,2011-12-31,2021-08-25,-3490000000.0,25411000000.0,25669500000.0,7746000000.0,17665000000.0,1.029,37.341,-492000000.0,3002000000.0,3002000000.0,20786000000.0,2118000000.0,1.263,1.458,3935000000.0,0.0,3935000000.0,3935000000.0,1777000000.0,544000000.0,0.0,0.034,1.97,3336000000.0,3880000000.0,0.147,3880000000.0,3336000000.0,3115000000.0,7.65,7.52,7.65,10336000000.0,11778250000.0,10336000000.0,16308687675.0,5.0,4.203,1623000000.0,5.863,1.0,5626000000.0,0.213,12374000000.0,221000000.0,7835000000.0,7983250000.0,873000000.0,0.0,0.0,0.0,15075000000.0,6135000000.0,8940000000.0,15279687675.0,-699000000.0,1429000000.0,-2194000000.0,-768000000.0,-543000000.0,-3494000000.0,680000000.0,-250000000.0,2115000000.0,0.0,2118000000.0,2118000000.0,2118000000.0,-32000000.0,0.0,0.08,2350000000.0,3276000000.0,1481000000.0,0.258,1.478,7.214,7.644,3047000000.0,0.0,58.48,0.579,0.613,2964000000.0,9699000000.0,26412000000.0,26412000000.0,0.0,0.083,0.18,0.418,0.126,123000000.0,2350000000.0,1.0,261280569.0,276800000,281600000.0,95.419,13037000000.0,1396000000.0,997000000.0,0.0,47.099,1611000000.0
10,NOC,MRY,2010-12-31,2010-12-31,2010-12-31,2021-08-25,-2757000000.0,31410000000.0,30260500000.0,13774000000.0,17636000000.0,0.93,45.254,-585000000.0,3701000000.0,3701000000.0,22849000000.0,2053000000.0,1.374,1.338,4724000000.0,784000000.0,3940000000.0,4724000000.0,1969000000.0,555000000.0,0.0,0.028,1.84,2784000000.0,3339000000.0,0.119,3339000000.0,2784000000.0,2515000000.0,6.91,6.82,6.91,13436000000.0,13043250000.0,13436000000.0,20596023451.0,7.0,6.168,1868000000.0,6.292,1.0,5294000000.0,0.188,12568000000.0,269000000.0,9838000000.0,9908500000.0,896000000.0,0.0,0.0,0.0,17974000000.0,10027000000.0,7947000000.0,18915023451.0,427000000.0,0.0,-1035000000.0,702000000.0,-545000000.0,-1266000000.0,-760000000.0,-2000000.0,2453000000.0,0.0,2053000000.0,2053000000.0,2053000000.0,-149000000.0,0.0,0.073,2467000000.0,2827000000.0,1573000000.0,0.266,1.408,9.213,9.375,3045000000.0,0.0,64.78,0.672,0.683,3329000000.0,8124000000.0,28143000000.0,28143000000.0,0.0,0.068,0.157,0.281,0.099,92000000.0,2467000000.0,1.0,291988630.0,296900000,301100000.0,94.789,18842000000.0,1020000000.0,462000000.0,0.0,63.462,3747000000.0
11,NOC,MRY,2009-12-31,2009-12-31,2009-12-31,2021-08-25,-3014000000.0,30252000000.0,30346750000.0,8635000000.0,21617000000.0,0.911,39.746,-473000000.0,3275000000.0,3275000000.0,22805000000.0,1686000000.0,1.236,1.384,4294000000.0,103000000.0,4191000000.0,4294000000.0,1954000000.0,429000000.0,0.0,0.03,1.69,2591000000.0,3020000000.0,0.109,3020000000.0,2591000000.0,2322000000.0,5.28,5.21,5.28,12687000000.0,12340500000.0,12687000000.0,20312033897.0,8.0,6.726,1660000000.0,5.201,1.0,4845000000.0,0.175,14390000000.0,269000000.0,9896000000.0,10334500000.0,1170000000.0,0.0,0.0,0.0,17565000000.0,6985000000.0,10580000000.0,17523033897.0,1770000000.0,1650000000.0,-1049000000.0,369000000.0,-539000000.0,-1229000000.0,866000000.0,0.0,2133000000.0,0.0,1686000000.0,1686000000.0,1686000000.0,-252000000.0,0.0,0.061,2571000000.0,2274000000.0,1921000000.0,0.32,1.381,10.393,10.578,4868000000.0,0.0,55.85,0.634,0.645,3394000000.0,6737000000.0,27650000000.0,27650000000.0,0.0,0.056,0.137,0.251,0.094,101000000.0,2571000000.0,1.0,313751726.0,319200000,323300000.0,86.623,15862000000.0,1534000000.0,636000000.0,0.0,49.693,1650000000.0
12,NOC,MRY,2008-12-31,2008-12-31,2008-12-31,2021-08-25,-3642000000.0,30197000000.0,32573250000.0,8243000000.0,21954000000.0,0.992,35.635,-681000000.0,1504000000.0,1504000000.0,26375000000.0,-1262000000.0,1.107,1.533,3944000000.0,501000000.0,3443000000.0,3944000000.0,2028000000.0,567000000.0,0.0,0.035,1.57,-108000000.0,459000000.0,0.014,459000000.0,-108000000.0,-403000000.0,-3.77,-3.77,-3.77,11920000000.0,16236750000.0,11920000000.0,17653478895.0,-163.0,38.461,2530000000.0,7.564,1.0,5940000000.0,0.184,14456000000.0,295000000.0,10732000000.0,11246750000.0,1003000000.0,0.0,0.0,0.0,18277000000.0,7449000000.0,10828000000.0,14725478895.0,541000000.0,83000000.0,-1452000000.0,-115000000.0,-525000000.0,-2044000000.0,-626000000.0,0.0,3211000000.0,0.0,-1262000000.0,-1262000000.0,-1262000000.0,-117000000.0,0.0,-0.039,6203000000.0,-263000000.0,1887000000.0,-0.416,1.235,-11.668,-11.947,4785000000.0,0.0,45.04,0.456,0.466,3701000000.0,5590000000.0,32315000000.0,32315000000.0,0.0,-0.039,-0.078,-0.01,-0.003,22000000.0,3143000000.0,1.0,326942249.0,334500000,334500000.0,96.607,15741000000.0,2082000000.0,859000000.0,0.0,47.058,794000000.0
13,NOC,MRY,2007-12-31,2007-12-31,2007-12-31,2021-08-25,-699000000.0,33373000000.0,32417250000.0,6797000000.0,26576000000.0,0.936,51.762,-681000000.0,963000000.0,963000000.0,24354000000.0,1790000000.0,1.057,0.887,4055000000.0,137000000.0,3918000000.0,4055000000.0,1563000000.0,570000000.0,0.0,0.019,1.48,2981000000.0,3551000000.0,0.117,3551000000.0,2981000000.0,2645000000.0,5.24,5.12,5.24,17687000000.0,16894000000.0,17687000000.0,29932767784.0,10.0,8.429,2209000000.0,6.465,1.0,5987000000.0,0.197,18746000000.0,336000000.0,11287000000.0,10804000000.0,1000000000.0,0.0,0.0,0.0,15686000000.0,6432000000.0,9254000000.0,26608767784.0,-52000000.0,-690000000.0,-901000000.0,-159000000.0,-504000000.0,-1512000000.0,-1430000000.0,0.0,2890000000.0,0.0,1790000000.0,1790000000.0,1790000000.0,-39000000.0,0.0,0.059,3062000000.0,2925000000.0,1890000000.0,0.282,1.504,14.865,15.008,4690000000.0,0.0,78.64,0.877,0.886,3790000000.0,7387000000.0,30341000000.0,30341000000.0,0.0,0.055,0.106,0.276,0.098,92000000.0,3062000000.0,1.0,338361747.0,341700000,354300000.0,88.794,14627000000.0,607000000.0,855000000.0,0.0,42.807,365000000.0
14,NOC,MRY,2006-12-31,2006-12-31,2006-12-31,2021-08-25,-1260000000.0,32009000000.0,33314250000.0,6725000000.0,25284000000.0,0.9,48.062,-711000000.0,1015000000.0,1015000000.0,24495000000.0,1542000000.0,0.996,0.927,4162000000.0,170000000.0,3992000000.0,4162000000.0,1571000000.0,567000000.0,0.0,0.017,1.16,2612000000.0,3179000000.0,0.106,3179000000.0,2612000000.0,2265000000.0,4.46,4.37,4.46,16615000000.0,16902500000.0,16615000000.0,26567433358.0,10.0,8.357,1045000000.0,3.023,1.0,5496000000.0,0.183,18358000000.0,347000000.0,10045000000.0,11326000000.0,1176000000.0,0.0,0.0,0.0,15394000000.0,6753000000.0,8641000000.0,23384433358.0,-590000000.0,43000000.0,-432000000.0,-968000000.0,-402000000.0,-1745000000.0,-601000000.0,174000000.0,1756000000.0,0.0,1542000000.0,1542000000.0,1542000000.0,51000000.0,0.0,0.051,3002000000.0,2494000000.0,1682000000.0,0.26,1.407,15.165,15.179,4525000000.0,0.0,67.7,0.78,0.78,3562000000.0,6183000000.0,29991000000.0,29991000000.0,0.0,0.046,0.091,0.231,0.087,70000000.0,3002000000.0,1.0,345412605.0,345700000,358600000.0,86.754,13651000000.0,706000000.0,723000000.0,535000000.0,39.488,-28000000.0
15,NOC,MRY,2005-12-31,2005-12-31,2005-12-31,2021-08-25,-145000000.0,34214000000.0,33676750000.0,7551000000.0,26663000000.0,0.89,47.203,-812000000.0,1605000000.0,1605000000.0,24898000000.0,1400000000.0,0.947,1.033,5145000000.0,1264000000.0,3881000000.0,5145000000.0,1626000000.0,556000000.0,0.0,0.017,1.01,2457000000.0,3013000000.0,0.101,3013000000.0,2457000000.0,2069000000.0,3.93,3.85,3.93,16828000000.0,16827000000.0,16828000000.0,24795179777.0,10.0,8.229,1815000000.0,5.091,1.0,5080000000.0,0.169,18656000000.0,388000000.0,11124000000.0,11773250000.0,1164000000.0,0.0,0.0,0.0,17386000000.0,7974000000.0,9412000000.0,21357179777.0,375000000.0,-304000000.0,-1047000000.0,9000000.0,-359000000.0,-1397000000.0,-855000000.0,238000000.0,2627000000.0,0.0,1400000000.0,1400000000.0,1400000000.0,-4000000.0,0.0,0.047,2880000000.0,2200000000.0,1589000000.0,0.257,1.269,15.255,15.295,4403000000.0,0.0,60.11,0.712,0.715,3553000000.0,5055000000.0,29978000000.0,29978000000.0,0.0,0.042,0.083,0.209,0.082,172000000.0,2880000000.0,1.0,355301610.0,356500000,363200000.0,84.09,15558000000.0,783000000.0,669000000.0,1263000000.0,43.641,-423000000.0
16,NOC,MRY,2004-12-31,2004-12-31,2004-12-31,2021-08-25,-101000000.0,33303000000.0,33375750000.0,6849000000.0,26454000000.0,0.869,46.428,-644000000.0,1230000000.0,1230000000.0,24371000000.0,1084000000.0,1.111,0.994,5158000000.0,42000000.0,5116000000.0,5158000000.0,1336000000.0,507000000.0,0.0,0.016,0.89,2030000000.0,2537000000.0,0.087,2537000000.0,2030000000.0,1599000000.0,3.01,2.97,3.01,16700000000.0,16158500000.0,16700000000.0,24223000051.0,12.0,9.548,1292000000.0,3.592,1.0,4629000000.0,0.16,18659000000.0,431000000.0,12407000000.0,12930000000.0,1057000000.0,0.0,0.0,0.0,16603000000.0,6165000000.0,10438000000.0,19299000051.0,936000000.0,125000000.0,48000000.0,-735000000.0,-322000000.0,-1009000000.0,9000000.0,517000000.0,1936000000.0,0.0,1084000000.0,1084000000.0,1084000000.0,-4000000.0,0.0,0.037,2643000000.0,1986000000.0,1750000000.0,0.296,1.156,17.804,18.06,4210000000.0,0.0,54.36,0.665,0.674,3492000000.0,4014000000.0,29000000000.0,29000000000.0,0.0,0.032,0.067,0.157,0.07,154000000.0,2643000000.0,1.0,355022076.0,359700000,365000000.0,80.623,14644000000.0,777000000.0,515000000.0,960000000.0,40.712,684000000.0
17,NOC,MRY,2003-12-31,2003-12-31,2003-12-31,2021-08-25,-73000000.0,33022000000.0,33757000000.0,5738000000.0,27284000000.0,0.782,43.211,-551000000.0,294000000.0,294000000.0,22535000000.0,866000000.0,0.902,1.092,5891000000.0,481000000.0,5410000000.0,5891000000.0,0.0,682000000.0,0.0,0.021,1.0,1660000000.0,2342000000.0,0.089,2342000000.0,1660000000.0,1163000000.0,2.34,2.32,2.34,15785000000.0,14933750000.0,15785000000.0,23561087755.0,14.0,10.06,247000000.0,0.676,1.0,3861000000.0,0.146,19043000000.0,497000000.0,13215000000.0,14864500000.0,1167000000.0,0.0,0.0,0.0,17237000000.0,6361000000.0,10876000000.0,17507087755.0,-1081000000.0,3548000000.0,-167000000.0,-3819000000.0,-305000000.0,-4749000000.0,2870000000.0,0.0,798000000.0,0.0,866000000.0,866000000.0,866000000.0,-108000000.0,0.0,0.033,2393000000.0,1468000000.0,1514000000.0,0.427,1.109,20.216,20.427,4047000000.0,0.0,47.8,0.663,0.662,3226000000.0,3431000000.0,26396000000.0,26396000000.0,0.0,0.026,0.058,0.112,0.063,84000000.0,2393000000.0,1.0,366257066.0,365300000,368400000.0,72.258,13979000000.0,770000000.0,297000000.0,864000000.0,38.267,-623000000.0
18,NOC,MRY,2002-12-31,2002-12-31,2002-12-31,2021-08-25,-1048000000.0,42326000000.0,26493250000.0,15895000000.0,26431000000.0,0.657,61.973,-483000000.0,1412000000.0,1412000000.0,14526000000.0,64000000.0,1.39,1.955,9623000000.0,225000000.0,9398000000.0,9623000000.0,0.0,517000000.0,0.0,0.016,0.8,766000000.0,1283000000.0,0.074,1283000000.0,766000000.0,344000000.0,0.17,0.17,0.17,14322000000.0,9424500000.0,14322000000.0,15543501430.0,20.0,12.115,1206000000.0,5.219,1.0,2880000000.0,0.165,18210000000.0,422000000.0,20894000000.0,13681500000.0,1091000000.0,0.0,0.0,0.0,28004000000.0,11433000000.0,16571000000.0,10974501430.0,911000000.0,279000000.0,76000000.0,-487000000.0,-205000000.0,-623000000.0,-155000000.0,29000000.0,1689000000.0,0.0,64000000.0,64000000.0,64000000.0,-41000000.0,0.0,0.004,1760000000.0,1120000000.0,1427000000.0,4.706,0.766,171.477,285.294,3605000000.0,0.0,48.5,0.631,0.644,2949000000.0,2870000000.0,17406000000.0,17406000000.0,0.0,0.002,0.007,0.056,0.044,67000000.0,1760000000.0,1.0,226278380.0,231100000,234900000.0,75.318,24116000000.0,836000000.0,280000000.0,1237000000.0,104.353,4462000000.0
19,NOC,MRY,2001-12-31,2001-12-31,2001-12-31,2021-08-25,-53000000.0,20818000000.0,16637000000.0,5573000000.0,15245000000.0,0.782,43.734,-281000000.0,464000000.0,464000000.0,10707000000.0,427000000.0,1.093,1.817,5488000000.0,450000000.0,5038000000.0,5488000000.0,0.0,576000000.0,0.0,0.016,0.8,1068000000.0,1644000000.0,0.126,1644000000.0,1068000000.0,695000000.0,2.42,2.4,2.42,7391000000.0,5471000000.0,7391000000.0,13657028144.0,13.0,8.307,536000000.0,3.172,1.0,2305000000.0,0.177,8975000000.0,373000000.0,11767000000.0,9618750000.0,1098000000.0,0.0,0.0,0.0,13427000000.0,5100000000.0,8327000000.0,8648028144.0,145000000.0,-3043000000.0,1515000000.0,1239000000.0,-158000000.0,2532000000.0,-3204000000.0,148000000.0,817000000.0,0.0,427000000.0,427000000.0,427000000.0,32000000.0,0.0,0.033,1272000000.0,1033000000.0,982000000.0,0.331,1.17,20.253,20.826,2584000000.0,0.0,50.4,0.665,0.655,2643000000.0,3011000000.0,13012000000.0,13012000000.0,0.0,0.026,0.078,0.111,0.082,46000000.0,1272000000.0,1.0,171587860.0,169000000,169000000.0,76.994,11843000000.0,38000000.0,268000000.0,1150000000.0,70.077,473000000.0
20,NOC,MRY,2000-12-31,2000-12-31,2000-12-31,2021-08-25,-23000000.0,9622000000.0,9357250000.0,2526000000.0,7096000000.0,0.814,27.755,-230000000.0,319000000.0,319000000.0,5446000000.0,608000000.0,0.94,1.455,1615000000.0,10000000.0,1605000000.0,1615000000.0,0.0,381000000.0,0.0,0.024,1.0,1133000000.0,1514000000.0,0.199,1514000000.0,1133000000.0,958000000.0,4.305,4.29,4.305,3919000000.0,3674000000.0,3919000000.0,7669418333.0,7.0,5.066,780000000.0,5.524,1.0,2172000000.0,0.285,4432000000.0,175000000.0,3798000000.0,4225000000.0,585000000.0,0.0,0.0,0.0,5703000000.0,2688000000.0,3015000000.0,5804418333.0,177000000.0,158000000.0,19000000.0,-660000000.0,-114000000.0,-755000000.0,-78000000.0,0.0,1010000000.0,0.0,608000000.0,608000000.0,608000000.0,17000000.0,0.0,0.08,1074000000.0,1098000000.0,564000000.0,0.232,1.481,9.547,9.64,1015000000.0,0.0,41.5,0.762,0.769,1557000000.0,2742000000.0,7618000000.0,7618000000.0,0.0,0.065,0.165,0.268,0.149,8000000.0,1074000000.0,1.0,139865502.0,141200000,141200000.0,53.952,5190000000.0,21000000.0,350000000.0,1043000000.0,36.756,-162000000.0
21,NOC,MRY,1999-12-31,1999-12-31,1999-12-31,2021-08-25,-19000000.0,9285000000.0,9533250000.0,2793000000.0,6492000000.0,0.799,23.499,-161000000.0,142000000.0,142000000.0,5634000000.0,467000000.0,1.134,1.851,2225000000.0,225000000.0,2000000000.0,2225000000.0,0.0,389000000.0,0.0,0.03,0.8,964000000.0,1353000000.0,0.178,1353000000.0,964000000.0,740000000.0,3.365,3.345,3.365,3257000000.0,3083500000.0,3257000000.0,6318550148.0,7.0,4.67,1046000000.0,7.547,1.0,1982000000.0,0.26,4230000000.0,224000000.0,4674000000.0,5360750000.0,1190000000.0,0.0,0.0,0.0,6028000000.0,2464000000.0,3564000000.0,3756550148.0,98000000.0,-232000000.0,6000000.0,-612000000.0,-111000000.0,-717000000.0,-392000000.0,0.0,1207000000.0,0.0,467000000.0,467000000.0,467000000.0,-9000000.0,0.0,0.061,1028000000.0,954000000.0,490000000.0,0.238,1.153,8.044,8.033,1240000000.0,0.0,27.03,0.493,0.492,1402000000.0,2248000000.0,7616000000.0,7616000000.0,0.0,0.049,0.151,0.18,0.127,2000000.0,1028000000.0,1.0,138977068.0,138600000,138600000.0,54.949,5055000000.0,23000000.0,273000000.0,672000000.0,36.472,329000000.0
22,NOC,MRY,1998-12-31,1998-12-31,1998-12-31,2021-08-25,0.0,9536000000.0,9806750000.0,3033000000.0,6503000000.0,0.751,20.803,-148000000.0,44000000.0,44000000.0,5604000000.0,194000000.0,1.281,2.346,0.0,269000000.0,2562000000.0,0.0,0.0,393000000.0,0.0,0.022,0.8,542000000.0,935000000.0,0.127,935000000.0,542000000.0,310000000.0,1.415,1.395,1.415,2850000000.0,2799000000.0,2850000000.0,7888637377.0,15.0,8.437,96000000.0,0.701,1.0,1763000000.0,0.239,795000000.0,232000000.0,6330000000.0,6018250000.0,1373000000.0,63000000.0,0.0,63000000.0,6686000000.0,2367000000.0,4319000000.0,5032637377.0,-19000000.0,-80000000.0,36000000.0,40000000.0,-109000000.0,-28000000.0,-235000000.0,0.0,244000000.0,0.0,194000000.0,194000000.0,194000000.0,-1000000.0,0.0,0.026,1011000000.0,752000000.0,0.0,0.565,1.766,25.941,25.841,1274000000.0,0.0,36.565,0.683,0.68,1507000000.0,1892000000.0,7367000000.0,7367000000.0,0.0,0.02,0.069,0.09,0.074,88000000.0,1011000000.0,1.0,137635372.0,137000000,137000000.0,53.774,8741000000.0,190000000.0,116000000.0,0.0,63.803,666000000.0
23,NOC,MRY,1997-12-31,1997-12-31,1997-12-31,2021-08-25,0.0,9677000000.0,9661000000.0,2936000000.0,6741000000.0,0.947,19.663,-132000000.0,63000000.0,63000000.0,7040000000.0,407000000.0,1.081,2.689,0.0,291000000.0,2500000000.0,0.0,0.0,418000000.0,0.0,0.014,0.8,908000000.0,1326000000.0,0.145,1326000000.0,908000000.0,651000000.0,3.05,2.99,3.05,2623000000.0,,2623000000.0,,,,598000000.0,4.483,1.0,2113000000.0,0.231,4317000000.0,257000000.0,2582000000.0,3823000000.0,1283000000.0,81000000.0,0.0,81000000.0,7054000000.0,2715000000.0,4339000000.0,7756549670.0,-60000000.0,19000000.0,17000000.0,-586000000.0,-102000000.0,-677000000.0,-113000000.0,0.0,730000000.0,0.0,407000000.0,407000000.0,407000000.0,0.0,0.0,0.044,1233000000.0,880000000.0,0.0,0.262,2.957,19.058,18.852,1346000000.0,0.0,57.5,0.847,0.838,1441000000.0,1807000000.0,9153000000.0,9153000000.0,0.0,0.042,,0.238,0.099,24000000.0,1233000000.0,1.0,134896516.0,133400000,133400000.0,68.613,5360000000.0,567000000.0,244000000.0,0.0,40.18,221000000.0
24,NOC,MRY,1996-12-31,1996-12-31,1996-12-31,2021-08-25,0.0,9645000000.0,,2775000000.0,6870000000.0,,,-140000000.0,123000000.0,123000000.0,6658000000.0,264000000.0,,,0.0,,,0.0,0.0,375000000.0,0.0,0.019,0.8,702000000.0,1077000000.0,0.125,1077000000.0,702000000.0,432000000.0,2.11,2.075,2.11,,,,,,,603000000.0,4.816,1.0,1949000000.0,0.226,4458000000.0,270000000.0,5064000000.0,,1053000000.0,251000000.0,0.0,251000000.0,,,,,67000000.0,-2841000000.0,502000000.0,2009000000.0,-87000000.0,2317000000.0,-2993000000.0,9000000.0,743000000.0,0.0,264000000.0,264000000.0,264000000.0,0.0,0.0,0.031,1246000000.0,703000000.0,0.0,0.379,,,19.609,1412000000.0,0.0,41.375,,0.602,1453000000.0,,8607000000.0,8607000000.0,0.0,,,,0.082,10000000.0,1246000000.0,1.0,,125200000,125200000.0,68.746,5187000000.0,598000000.0,168000000.0,0.0,41.43,
25,NOC,MRY,1995-12-31,1995-12-31,1995-12-31,2021-08-25,,,,,,,,-106000000.0,,,5697000000.0,277000000.0,,,,,,,,290000000.0,,0.025,0.8,585000000.0,875000000.0,0.12,875000000.0,585000000.0,448000000.0,2.395,2.355,2.395,,,,,,,671000000.0,5.804,1.0,1575000000.0,0.217,,137000000.0,,,,,,,,,,,7000000.0,-18000000.0,8000000.0,-552000000.0,-82000000.0,-626000000.0,-144000000.0,1000000.0,777000000.0,0.0,277000000.0,277000000.0,277000000.0,0.0,0.0,0.038,1003000000.0,572000000.0,,0.334,,,13.361,,0.0,32.0,,0.509,,,7272000000.0,7272000000.0,0.0,,,,0.08,0.0,1003000000.0,1.0,,115600000,115600000.0,62.907,,,171000000.0,,,
0,NOC,MRQ,2021-06-30,2021-06-30,2021-06-30,2021-08-25,-132000000.0,42142000000.0,,12762000000.0,29380000000.0,,69.391,-174000000.0,3941000000.0,3941000000.0,7108000000.0,1037000000.0,1.486,2.772,14153000000.0,0.0,14153000000.0,14153000000.0,2526000000.0,300000000.0,0.0,0.016,1.57,1438000000.0,1738000000.0,0.19,1738000000.0,1438000000.0,1302000000.0,6.44,6.42,6.44,11172000000.0,,11172000000.0,69099131823.0,11.0,9.031,854000000.0,5.304,1.0,2043000000.0,0.223,18198000000.0,136000000.0,25565000000.0,,863000000.0,0.0,0.0,0.0,30970000000.0,8591000000.0,22379000000.0,58498131823.0,424000000.0,0.0,-143000000.0,-36000000.0,-248000000.0,-430000000.0,-174000000.0,0.0,1028000000.0,0.0,1037000000.0,1037000000.0,1037000000.0,0.0,0.0,0.113,999000000.0,1044000000.0,2001000000.0,0.244,5.236,12.862,13.082,8739000000.0,0.0,363.43,1.556,1.556,7328000000.0,11144000000.0,9151000000.0,9151000000.0,0.0,,,,,22000000.0,999000000.0,1.0,160961208.0,161000000,161500000.0,56.839,23944000000.0,433000000.0,265000000.0,0.0,148.72,4171000000.0
1,NOC,MRQ,2021-03-31,2021-03-31,2021-03-31,2021-08-25,-131000000.0,41423000000.0,,12253000000.0,29170000000.0,,64.531,-205000000.0,3517000000.0,3517000000.0,7417000000.0,2195000000.0,1.464,2.936,14118000000.0,0.0,14118000000.0,14118000000.0,2393000000.0,294000000.0,0.0,0.018,1.45,3171000000.0,3465000000.0,0.378,3465000000.0,3171000000.0,3016000000.0,13.46,13.43,13.46,10525000000.0,,10525000000.0,64653737798.0,10.0,8.532,-271000000.0,-1.662,1.0,1740000000.0,0.19,18250000000.0,155000000.0,25407000000.0,,860000000.0,0.0,0.0,0.0,30898000000.0,8367000000.0,22531000000.0,53956737798.0,-1390000000.0,3400000000.0,-2000000000.0,-2200000000.0,-238000000.0,-4520000000.0,3196000000.0,0.0,-66000000.0,0.0,2195000000.0,2195000000.0,2195000000.0,0.0,0.0,0.24,898000000.0,842000000.0,1895000000.0,0.108,5.127,11.948,11.829,8645000000.0,0.0,323.64,1.445,1.414,7229000000.0,10487000000.0,9157000000.0,9157000000.0,0.0,,,,,18000000.0,898000000.0,1.0,166718384.0,163100000,163500000.0,56.143,23173000000.0,311000000.0,821000000.0,0.0,142.078,3886000000.0
2,NOC,MRQ,2020-12-31,2020-12-31,2020-12-31,2021-08-25,-128000000.0,44469000000.0,,15344000000.0,29125000000.0,,63.309,-387000000.0,4907000000.0,4907000000.0,8122000000.0,330000000.0,1.602,3.204,15604000000.0,0.0,15604000000.0,15604000000.0,2517000000.0,345000000.0,0.0,0.019,1.45,465000000.0,810000000.0,0.079,810000000.0,465000000.0,305000000.0,1.97,1.98,1.97,10579000000.0,,10579000000.0,61358694035.0,14.0,10.98,1215000000.0,7.271,1.0,2090000000.0,0.205,18301000000.0,160000000.0,27285000000.0,,759000000.0,0.0,0.0,0.0,33890000000.0,9580000000.0,24310000000.0,50801694035.0,-88000000.0,0.0,0.0,-1065000000.0,-242000000.0,-1307000000.0,-383000000.0,0.0,1602000000.0,0.0,330000000.0,330000000.0,330000000.0,0.0,0.0,0.032,938000000.0,1152000000.0,1806000000.0,0.736,4.802,15.93,15.971,8604000000.0,0.0,304.72,1.381,1.384,6641000000.0,10482000000.0,10212000000.0,10212000000.0,0.0,,,,,29000000.0,938000000.0,1.0,166715982.0,167100000,167300000.0,61.113,26168000000.0,311000000.0,-25000000.0,0.0,156.601,5764000000.0
3,NOC,MRQ,2020-09-30,2020-09-30,2020-09-30,2021-08-25,-121000000.0,44772000000.0,,14552000000.0,30220000000.0,,62.752,-287000000.0,4995000000.0,4995000000.0,7243000000.0,986000000.0,1.44,3.277,15552000000.0,0.0,15552000000.0,15552000000.0,2235000000.0,317000000.0,0.0,0.018,1.45,1321000000.0,1638000000.0,0.18,1638000000.0,1321000000.0,1167000000.0,5.91,5.89,5.91,10467000000.0,,10467000000.0,64010619736.0,19.0,13.677,1072000000.0,6.427,1.0,1840000000.0,0.203,19555000000.0,154000000.0,25665000000.0,,853000000.0,0.0,0.0,0.0,34305000000.0,10109000000.0,24196000000.0,52596619736.0,817000000.0,0.0,0.0,-27000000.0,-242000000.0,-253000000.0,-289000000.0,0.0,1359000000.0,0.0,986000000.0,986000000.0,986000000.0,0.0,0.0,0.109,855000000.0,985000000.0,2197000000.0,0.245,5.025,21.468,21.433,8666000000.0,0.0,315.49,1.49,1.49,7681000000.0,10394000000.0,9083000000.0,9083000000.0,0.0,,,,,25000000.0,855000000.0,1.0,166714063.0,166800000,167300000.0,54.454,25217000000.0,188000000.0,181000000.0,39000000.0,151.181,4443000000.0
4,NOC,MRQ,2020-06-30,2020-06-30,2020-06-30,2021-08-25,-117000000.0,43475000000.0,,13179000000.0,30296000000.0,,58.191,-269000000.0,4178000000.0,4178000000.0,7058000000.0,1005000000.0,1.355,3.476,15592000000.0,0.0,15592000000.0,15592000000.0,2179000000.0,308000000.0,0.0,0.018,1.45,1357000000.0,1665000000.0,0.187,1665000000.0,1357000000.0,1203000000.0,6.02,6.01,6.02,9712000000.0,,9712000000.0,63552087311.0,19.0,14.004,2068000000.0,12.391,1.0,1826000000.0,0.206,19616000000.0,154000000.0,25546000000.0,,832000000.0,0.0,0.0,0.0,33763000000.0,9727000000.0,24036000000.0,51251087311.0,900000000.0,0.0,-146000000.0,-777000000.0,-242000000.0,-1168000000.0,-269000000.0,0.0,2337000000.0,0.0,1005000000.0,1005000000.0,1005000000.0,0.0,0.0,0.113,832000000.0,994000000.0,2006000000.0,0.241,5.277,21.381,21.454,8591000000.0,0.0,307.44,1.477,1.479,7449000000.0,9652000000.0,8884000000.0,8884000000.0,0.0,,,,,18000000.0,832000000.0,1.0,166702730.0,166900000,167300000.0,53.229,23859000000.0,346000000.0,198000000.0,0.0,142.954,3452000000.0
5,NOC,MRQ,2020-03-31,2020-03-31,2020-03-31,2021-08-25,-116000000.0,43203000000.0,,13128000000.0,30075000000.0,,54.037,-272000000.0,3278000000.0,3278000000.0,6898000000.0,868000000.0,1.29,3.767,15579000000.0,0.0,15579000000.0,15579000000.0,2027000000.0,297000000.0,0.0,0.017,1.32,1178000000.0,1475000000.0,0.171,1475000000.0,1178000000.0,1053000000.0,5.18,5.15,5.18,9062000000.0,,9062000000.0,62551613682.0,20.0,14.406,-1265000000.0,-7.543,1.0,1722000000.0,0.2,19672000000.0,125000000.0,25655000000.0,,785000000.0,0.0,0.0,0.0,34141000000.0,10177000000.0,23964000000.0,50718613682.0,1033000000.0,0.0,-344000000.0,2976000000.0,-227000000.0,2296000000.0,-270000000.0,0.0,-993000000.0,0.0,868000000.0,868000000.0,868000000.0,0.0,0.0,0.101,788000000.0,934000000.0,2071000000.0,0.255,5.597,22.512,22.612,8425000000.0,0.0,302.55,1.48,1.48,8054000000.0,9011000000.0,8620000000.0,8620000000.0,0.0,,,,,18000000.0,788000000.0,1.0,167637130.0,167700000,168400000.0,51.401,23531000000.0,355000000.0,185000000.0,0.0,140.316,2951000000.0
6,NOC,MRQ,2019-12-31,2019-12-31,2019-12-31,2021-08-25,-97000000.0,41089000000.0,,10685000000.0,30404000000.0,,52.369,-471000000.0,2245000000.0,2245000000.0,6615000000.0,-409000000.0,1.133,3.659,14078000000.0,0.0,14078000000.0,14078000000.0,2237000000.0,341000000.0,0.0,0.015,1.32,-439000000.0,-98000000.0,-0.011,-98000000.0,-439000000.0,-569000000.0,-2.39,-2.38,-2.39,8819000000.0,,8819000000.0,71973213801.0,23.0,16.58,1993000000.0,11.835,1.0,2106000000.0,0.241,19748000000.0,130000000.0,23740000000.0,,783000000.0,0.0,0.0,0.0,32270000000.0,9434000000.0,22836000000.0,57970213801.0,1118000000.0,0.0,-300000000.0,-399000000.0,-222000000.0,-924000000.0,-422000000.0,0.0,2464000000.0,0.0,-409000000.0,-409000000.0,-409000000.0,0.0,0.0,-0.047,970000000.0,1136000000.0,2226000000.0,-0.552,6.573,25.787,25.901,8423000000.0,0.0,343.97,1.713,1.721,6660000000.0,8748000000.0,8721000000.0,8721000000.0,0.0,,,,,34000000.0,970000000.0,1.0,168532761.0,168400000,169100000.0,51.787,21341000000.0,508000000.0,-160000000.0,0.0,126.728,1251000000.0
7,NOC,MRQ,2019-09-30,2019-09-30,2019-09-30,2021-08-25,-87000000.0,40553000000.0,,10836000000.0,29717000000.0,,57.546,-257000000.0,1127000000.0,1127000000.0,6748000000.0,933000000.0,1.288,3.167,15130000000.0,0.0,15130000000.0,15130000000.0,2127000000.0,318000000.0,0.0,0.013,1.32,1178000000.0,1496000000.0,0.177,1496000000.0,1178000000.0,1055000000.0,5.52,5.49,5.52,9731000000.0,,9731000000.0,77244782884.0,19.0,14.713,882000000.0,5.216,1.0,1727000000.0,0.204,19830000000.0,123000000.0,26310000000.0,,810000000.0,0.0,0.0,0.0,30822000000.0,8416000000.0,22406000000.0,63413782884.0,39000000.0,0.0,-213000000.0,-411000000.0,-223000000.0,-850000000.0,-250000000.0,0.0,1139000000.0,0.0,933000000.0,933000000.0,933000000.0,0.0,0.0,0.11,776000000.0,951000000.0,2021000000.0,0.239,6.517,21.047,21.079,8122000000.0,0.0,374.79,1.906,1.905,7888000000.0,9649000000.0,8475000000.0,8475000000.0,0.0,,,,,38000000.0,776000000.0,1.0,169198172.0,169100000,169900000.0,50.118,20723000000.0,83000000.0,122000000.0,111000000.0,122.549,2420000000.0
8,NOC,MRQ,2019-06-30,2019-06-30,2019-06-30,2021-08-25,-75000000.0,39584000000.0,,10159000000.0,29425000000.0,,54.296,-252000000.0,1088000000.0,1088000000.0,6726000000.0,861000000.0,1.246,3.296,14919000000.0,0.0,14919000000.0,14919000000.0,1942000000.0,304000000.0,0.0,0.015,1.32,1165000000.0,1469000000.0,0.174,1469000000.0,1165000000.0,1028000000.0,5.07,5.06,5.07,9214000000.0,,9214000000.0,69069974282.0,16.0,12.549,1355000000.0,7.985,1.0,1730000000.0,0.205,19914000000.0,137000000.0,25346000000.0,,810000000.0,0.0,0.0,0.0,30370000000.0,8155000000.0,22215000000.0,54863974282.0,240000000.0,0.0,-171000000.0,-713000000.0,-224000000.0,-1112000000.0,-255000000.0,0.0,1607000000.0,0.0,861000000.0,861000000.0,861000000.0,0.0,0.0,0.102,784000000.0,946000000.0,1962000000.0,0.26,5.954,16.505,16.647,7800000000.0,0.0,323.11,1.668,1.667,7489000000.0,9120000000.0,8456000000.0,8456000000.0,0.0,,,,,29000000.0,784000000.0,1.0,169799679.0,169700000,170300000.0,49.829,19670000000.0,85000000.0,167000000.0,140000000.0,115.91,2004000000.0
9,NOC,MRQ,2019-03-31,2019-03-31,2019-03-31,2021-08-25,-59000000.0,39751000000.0,,10443000000.0,29308000000.0,,51.406,-284000000.0,755000000.0,755000000.0,6493000000.0,863000000.0,1.184,3.549,14961000000.0,0.0,14961000000.0,14961000000.0,1969000000.0,302000000.0,0.0,0.018,1.2,1172000000.0,1474000000.0,0.18,1474000000.0,1172000000.0,1034000000.0,5.08,5.06,5.08,8739000000.0,,8739000000.0,58065231887.0,13.0,10.927,-1197000000.0,-7.041,1.0,1696000000.0,0.207,19987000000.0,138000000.0,25149000000.0,,778000000.0,0.0,0.0,0.0,31012000000.0,8821000000.0,22191000000.0,45761231887.0,-731000000.0,0.0,-60000000.0,794000000.0,-211000000.0,462000000.0,-280000000.0,0.0,-913000000.0,0.0,863000000.0,863000000.0,863000000.0,0.0,0.0,0.105,760000000.0,936000000.0,1932000000.0,0.236,5.236,14.072,14.295,7703000000.0,0.0,269.6,1.45,1.453,7951000000.0,8628000000.0,8189000000.0,8189000000.0,0.0,,,,,26000000.0,760000000.0,1.0,169737507.0,170000000,170700000.0,48.171,19764000000.0,84000000.0,171000000.0,133000000.0,116.259,1622000000.0
10,NOC,MRQ,2018-12-31,2018-12-31,2018-12-31,2021-08-25,-52000000.0,37653000000.0,,9680000000.0,27973000000.0,,47.627,-463000000.0,1579000000.0,1579000000.0,6469000000.0,356000000.0,1.17,3.599,13883000000.0,0.0,13883000000.0,13883000000.0,1917000000.0,266000000.0,0.0,0.019,1.2,545000000.0,811000000.0,0.099,811000000.0,545000000.0,403000000.0,2.11,2.09,2.11,8187000000.0,,8187000000.0,55180466979.0,13.0,10.811,1914000000.0,11.134,1.0,1687000000.0,0.207,20044000000.0,142000000.0,21639000000.0,,654000000.0,0.0,0.0,0.0,29466000000.0,8274000000.0,21192000000.0,42519466979.0,351000000.0,0.0,-1054000000.0,-307000000.0,-205000000.0,-1568000000.0,-458000000.0,0.0,2377000000.0,0.0,356000000.0,356000000.0,356000000.0,0.0,0.0,0.044,744000000.0,943000000.0,2182000000.0,0.569,5.194,13.168,13.174,6372000000.0,0.0,244.9,1.413,1.413,6474000000.0,8068000000.0,8156000000.0,8156000000.0,0.0,,,,,4000000.0,744000000.0,1.0,173619710.0,171900000,172800000.0,47.446,17609000000.0,94000000.0,47000000.0,108000000.0,102.437,1406000000.0
11,NOC,MRQ,2018-09-30,2018-09-30,2018-09-30,2021-08-25,-5535000000.0,37943000000.0,,10132000000.0,27811000000.0,,52.286,-282000000.0,1228000000.0,1228000000.0,6096000000.0,1244000000.0,1.26,3.168,13889000000.0,0.0,13889000000.0,13889000000.0,0.0,253000000.0,0.0,0.014,1.2,1497000000.0,1750000000.0,0.216,1750000000.0,1497000000.0,1364000000.0,7.15,7.11,7.15,9103000000.0,,9103000000.0,68109549488.0,12.0,10.596,530000000.0,3.044,1.0,1989000000.0,0.246,20102000000.0,133000000.0,22463000000.0,,719000000.0,0.0,0.0,0.0,28840000000.0,8039000000.0,20801000000.0,55261549488.0,-311000000.0,0.0,-168000000.0,-476000000.0,-209000000.0,-862000000.0,-261000000.0,0.0,812000000.0,0.0,1244000000.0,1244000000.0,1244000000.0,0.0,0.0,0.154,817000000.0,1172000000.0,1939000000.0,0.168,6.071,14.191,14.2,6025000000.0,0.0,317.37,1.94,1.939,7302000000.0,14464000000.0,8085000000.0,8085000000.0,0.0,,,,,29000000.0,817000000.0,1.0,174123419.0,174100000,174900000.0,46.439,17841000000.0,69000000.0,120000000.0,0.0,102.476,2093000000.0
12,NOC,MRQ,2018-06-30,2018-06-30,2018-06-30,2021-08-25,-5616000000.0,37378000000.0,,9722000000.0,27656000000.0,,47.146,-199000000.0,1539000000.0,1539000000.0,5563000000.0,789000000.0,1.241,3.543,14387000000.0,0.0,14387000000.0,14387000000.0,0.0,159000000.0,0.0,0.014,1.2,1120000000.0,1279000000.0,0.18,1279000000.0,1120000000.0,976000000.0,4.52,4.5,4.52,8227000000.0,,8227000000.0,57681007878.0,11.0,10.222,676000000.0,3.874,1.0,1556000000.0,0.219,20076000000.0,144000000.0,22317000000.0,,690000000.0,0.0,0.0,0.0,29151000000.0,7833000000.0,21318000000.0,53658007878.0,-8830000000.0,-7657000000.0,-41000000.0,-1601000000.0,-209000000.0,-1853000000.0,-7852000000.0,0.0,875000000.0,0.0,789000000.0,789000000.0,789000000.0,0.0,0.0,0.111,739000000.0,817000000.0,1824000000.0,0.265,6.522,16.295,16.289,5864000000.0,0.0,307.7,1.989,1.99,7087000000.0,13669000000.0,7119000000.0,7119000000.0,0.0,,,,,34000000.0,739000000.0,1.0,174384166.0,174500000,175400000.0,40.797,17302000000.0,179000000.0,187000000.0,0.0,99.152,1889000000.0
13,NOC,MRQ,2018-03-31,2018-03-31,2018-03-31,2021-08-25,-5699000000.0,34795000000.0,,16157000000.0,18638000000.0,,44.062,-305000000.0,10369000000.0,10369000000.0,5176000000.0,840000000.0,2.519,3.531,14392000000.0,0.0,14392000000.0,14392000000.0,0.0,122000000.0,0.0,0.012,1.1,1142000000.0,1264000000.0,0.188,1264000000.0,1142000000.0,999000000.0,4.82,4.79,4.82,7680000000.0,,7680000000.0,63951457675.0,13.0,11.929,-542000000.0,-3.11,1.0,1559000000.0,0.231,12455000000.0,143000000.0,19948000000.0,,435000000.0,0.0,0.0,0.0,27115000000.0,6415000000.0,20700000000.0,60777457675.0,-856000000.0,0.0,0.0,-14000000.0,-198000000.0,-312000000.0,-307000000.0,0.0,-237000000.0,0.0,840000000.0,840000000.0,840000000.0,0.0,0.0,0.125,711000000.0,848000000.0,1395000000.0,0.228,7.914,19.868,19.893,4285000000.0,0.0,349.12,2.308,2.311,5110000000.0,13205000000.0,6735000000.0,6735000000.0,0.0,,,,,19000000.0,711000000.0,1.0,174087585.0,174300000,175400000.0,38.64,22340000000.0,474000000.0,159000000.0,0.0,128.17,9742000000.0
14,NOC,MRQ,2017-12-31,2017-12-31,2017-12-31,2021-08-25,1000000.0,35128000000.0,,16587000000.0,18541000000.0,,40.965,-278000000.0,11225000000.0,11225000000.0,5257000000.0,1021000000.0,2.339,3.925,14399000000.0,0.0,14399000000.0,14399000000.0,0.0,152000000.0,0.0,0.013,1.0,1983000000.0,2135000000.0,0.326,2135000000.0,1983000000.0,1847000000.0,5.86,5.82,5.86,7132000000.0,,7132000000.0,57775439187.0,13.0,11.409,1329000000.0,7.634,1.0,1295000000.0,0.198,12507000000.0,136000000.0,18703000000.0,,398000000.0,0.0,0.0,0.0,27996000000.0,7092000000.0,20904000000.0,53426439187.0,9347000000.0,0.0,0.0,8232000000.0,-174000000.0,8000000000.0,-260000000.0,0.0,1607000000.0,0.0,1021000000.0,1021000000.0,1021000000.0,0.0,0.0,0.156,649000000.0,646000000.0,1661000000.0,0.171,7.491,18.622,18.657,4225000000.0,0.0,306.91,2.055,2.058,4519000000.0,6913000000.0,6552000000.0,6552000000.0,0.0,,,,,28000000.0,649000000.0,1.0,174078522.0,174100000,175600000.0,37.634,22621000000.0,447000000.0,826000000.0,0.0,129.931,9495000000.0
15,NOC,MRQ,2017-09-30,2017-09-30,2017-09-30,2021-08-25,-5243000000.0,26513000000.0,,7599000000.0,18914000000.0,,37.273,-217000000.0,1878000000.0,1878000000.0,5053000000.0,643000000.0,1.206,3.083,6227000000.0,0.0,6227000000.0,6227000000.0,0.0,110000000.0,0.0,0.013,1.0,855000000.0,965000000.0,0.147,965000000.0,855000000.0,782000000.0,3.69,3.67,3.69,6493000000.0,,6493000000.0,54926412284.0,17.0,15.065,721000000.0,4.139,1.0,1516000000.0,0.231,12456000000.0,73000000.0,12106000000.0,,1007000000.0,0.0,0.0,0.0,20020000000.0,6300000000.0,13720000000.0,50090412284.0,495000000.0,0.0,-26000000.0,0.0,-174000000.0,-240000000.0,-203000000.0,0.0,938000000.0,0.0,643000000.0,643000000.0,643000000.0,0.0,0.0,0.098,679000000.0,837000000.0,1507000000.0,0.271,7.715,22.604,22.673,3925000000.0,0.0,287.72,1.923,1.924,4414000000.0,11546000000.0,6569000000.0,6569000000.0,0.0,,,,,24000000.0,679000000.0,1.0,174094301.0,174200000,175300000.0,37.71,14057000000.0,1200000000.0,139000000.0,0.0,80.695,1299000000.0
16,NOC,MRQ,2017-06-30,2017-06-30,2017-06-30,2021-08-25,-5342000000.0,25813000000.0,,6864000000.0,18949000000.0,,33.92,-217000000.0,1383000000.0,1383000000.0,4914000000.0,555000000.0,1.11,3.361,6219000000.0,0.0,6219000000.0,6219000000.0,0.0,109000000.0,0.0,0.014,1.0,888000000.0,997000000.0,0.154,997000000.0,888000000.0,812000000.0,3.18,3.16,3.18,5919000000.0,,5919000000.0,50471576814.0,16.0,13.877,290000000.0,1.662,1.0,1559000000.0,0.241,12453000000.0,76000000.0,12010000000.0,,1039000000.0,0.0,0.0,0.0,19894000000.0,6186000000.0,13708000000.0,44814576814.0,-20000000.0,0.0,-138000000.0,0.0,-175000000.0,-315000000.0,-212000000.0,0.0,507000000.0,0.0,555000000.0,555000000.0,555000000.0,0.0,0.0,0.086,686000000.0,873000000.0,1385000000.0,0.314,7.571,20.604,20.736,3802000000.0,0.0,256.71,1.748,1.748,4280000000.0,11087000000.0,6473000000.0,6473000000.0,0.0,,,,,25000000.0,686000000.0,1.0,174572774.0,174500000,175500000.0,37.095,13360000000.0,1385000000.0,257000000.0,0.0,76.562,678000000.0
17,NOC,MRQ,2017-03-31,2017-03-31,2017-03-31,2021-08-25,-5441000000.0,25413000000.0,,6568000000.0,18845000000.0,,31.796,-216000000.0,1403000000.0,1403000000.0,4850000000.0,650000000.0,1.271,3.572,7060000000.0,0.0,7060000000.0,7060000000.0,0.0,104000000.0,0.0,0.015,0.9,863000000.0,967000000.0,0.151,967000000.0,863000000.0,788000000.0,3.72,3.69,3.72,5558000000.0,,5558000000.0,46043722723.0,15.0,12.97,-655000000.0,-3.747,1.0,1560000000.0,0.243,12454000000.0,75000000.0,13448000000.0,,933000000.0,0.0,0.0,0.0,19855000000.0,5168000000.0,14687000000.0,41526722723.0,-1138000000.0,0.0,-229000000.0,0.0,-166000000.0,-485000000.0,-214000000.0,0.0,-439000000.0,0.0,650000000.0,650000000.0,650000000.0,0.0,0.0,0.101,698000000.0,862000000.0,1374000000.0,0.242,7.472,19.432,19.705,3656000000.0,0.0,237.84,1.651,1.652,4072000000.0,10824000000.0,6410000000.0,6410000000.0,0.0,,,,,17000000.0,698000000.0,1.0,174599406.0,174800000,176100000.0,36.67,12959000000.0,1416000000.0,138000000.0,0.0,74.136,1400000000.0
18,NOC,MRQ,2016-12-31,2016-12-31,2016-12-31,2021-08-25,-5546000000.0,25614000000.0,,6856000000.0,18758000000.0,,29.847,-312000000.0,2541000000.0,2541000000.0,4986000000.0,368000000.0,1.218,3.871,7058000000.0,0.0,7058000000.0,7058000000.0,0.0,134000000.0,0.0,0.015,0.9,583000000.0,717000000.0,0.109,717000000.0,583000000.0,506000000.0,2.1,2.09,2.1,5259000000.0,,5259000000.0,46279003633.0,16.0,13.461,1219000000.0,6.918,1.0,1609000000.0,0.244,12450000000.0,77000000.0,12051000000.0,,816000000.0,0.0,0.0,0.0,20355000000.0,5630000000.0,14725000000.0,40995003633.0,1438000000.0,0.0,-398000000.0,670000000.0,-158000000.0,107000000.0,-200000000.0,0.0,1531000000.0,0.0,368000000.0,368000000.0,368000000.0,0.0,0.0,0.056,694000000.0,915000000.0,1554000000.0,0.429,7.795,20.066,20.366,3588000000.0,0.0,232.58,1.659,1.684,3299000000.0,10630000000.0,6595000000.0,6595000000.0,0.0,,,,,32000000.0,694000000.0,1.0,176261947.0,176200000,177500000.0,37.429,13164000000.0,1462000000.0,138000000.0,0.0,74.711,1226000000.0
19,NOC,MRQ,2016-09-30,2016-09-30,2016-09-30,2021-08-25,-5038000000.0,24100000000.0,,5771000000.0,18329000000.0,,32.381,-137000000.0,1103000000.0,1103000000.0,4667000000.0,602000000.0,1.13,3.179,6387000000.0,0.0,6387000000.0,6387000000.0,0.0,113000000.0,0.0,0.016,0.9,843000000.0,956000000.0,0.155,956000000.0,843000000.0,769000000.0,3.38,3.35,3.38,5767000000.0,,5767000000.0,43454050860.0,14.0,12.223,601000000.0,3.375,1.0,1488000000.0,0.242,12464000000.0,74000000.0,11814000000.0,,797000000.0,0.0,0.0,0.0,18333000000.0,5106000000.0,13227000000.0,38206050860.0,-36000000.0,0.0,-467000000.0,0.0,-160000000.0,-638000000.0,-136000000.0,0.0,738000000.0,0.0,602000000.0,602000000.0,602000000.0,0.0,0.0,0.098,662000000.0,826000000.0,1325000000.0,0.266,6.625,17.903,18.055,3334000000.0,0.0,213.95,1.605,1.601,3659000000.0,10628000000.0,6155000000.0,6155000000.0,0.0,,,,,24000000.0,662000000.0,1.0,178574671.0,178100000,179600000.0,34.559,11636000000.0,1239000000.0,167000000.0,0.0,65.334,665000000.0
20,NOC,MRQ,2016-06-30,2016-06-30,2016-06-30,2021-08-25,-5132000000.0,24081000000.0,,5781000000.0,18300000000.0,,31.544,-173000000.0,1139000000.0,1139000000.0,4583000000.0,517000000.0,1.134,3.239,6387000000.0,0.0,6387000000.0,6387000000.0,0.0,106000000.0,0.0,0.015,0.9,804000000.0,910000000.0,0.152,910000000.0,804000000.0,730000000.0,2.87,2.85,2.87,5681000000.0,,5681000000.0,45220786760.0,15.0,12.861,431000000.0,2.393,1.0,1417000000.0,0.236,12463000000.0,74000000.0,11767000000.0,,973000000.0,0.0,0.0,0.0,18400000000.0,5099000000.0,13301000000.0,40110786760.0,-138000000.0,0.0,-400000000.0,0.0,-163000000.0,-571000000.0,-171000000.0,0.0,604000000.0,0.0,517000000.0,517000000.0,517000000.0,0.0,0.0,0.086,620000000.0,797000000.0,1272000000.0,0.314,7.061,19.585,19.758,3299000000.0,0.0,222.28,1.698,1.694,3483000000.0,10634000000.0,6000000000.0,6000000000.0,0.0,,,,,23000000.0,620000000.0,1.0,180451623.0,180100000,181500000.0,33.315,11618000000.0,1375000000.0,213000000.0,0.0,64.509,682000000.0
21,NOC,MRQ,2016-03-31,2016-03-31,2016-03-31,2021-08-25,-5224000000.0,23933000000.0,,5706000000.0,18227000000.0,,31.004,-298000000.0,1277000000.0,1277000000.0,4561000000.0,556000000.0,1.152,3.258,6387000000.0,0.0,6387000000.0,6387000000.0,0.0,103000000.0,0.0,0.016,0.8,752000000.0,855000000.0,0.144,855000000.0,752000000.0,676000000.0,3.07,3.03,3.07,5621000000.0,,5621000000.0,39905663238.0,13.0,11.292,-358000000.0,-1.975,1.0,1395000000.0,0.234,12462000000.0,76000000.0,11626000000.0,,898000000.0,0.0,0.0,0.0,18312000000.0,4955000000.0,13357000000.0,35808663238.0,-1042000000.0,0.0,-282000000.0,-107000000.0,-159000000.0,-684000000.0,-298000000.0,0.0,-60000000.0,0.0,556000000.0,556000000.0,556000000.0,0.0,0.0,0.093,656000000.0,739000000.0,1204000000.0,0.261,6.371,17.366,17.749,3230000000.0,0.0,197.9,1.522,1.525,3346000000.0,10664000000.0,5956000000.0,5956000000.0,0.0,,,,,14000000.0,656000000.0,1.0,180943220.0,181300000,183400000.0,32.852,11471000000.0,1383000000.0,120000000.0,0.0,63.271,751000000.0
22,NOC,MRQ,2015-12-31,2015-12-31,2015-12-31,2021-08-25,-5320000000.0,24424000000.0,,6334000000.0,18090000000.0,,30.307,-137000000.0,2319000000.0,2319000000.0,4378000000.0,459000000.0,1.161,3.423,6386000000.0,0.0,6386000000.0,6386000000.0,0.0,138000000.0,0.0,0.016,0.8,696000000.0,834000000.0,0.146,834000000.0,696000000.0,621000000.0,2.53,2.5,2.53,5522000000.0,,5522000000.0,39560741782.0,13.0,11.119,1496000000.0,8.211,1.0,1316000000.0,0.231,12460000000.0,75000000.0,10574000000.0,,807000000.0,0.0,0.0,0.0,18902000000.0,5457000000.0,13445000000.0,34435741782.0,1027000000.0,0.0,-318000000.0,0.0,-145000000.0,-473000000.0,-133000000.0,0.0,1633000000.0,0.0,459000000.0,459000000.0,459000000.0,0.0,0.0,0.081,627000000.0,689000000.0,1282000000.0,0.316,6.236,17.304,17.965,3064000000.0,0.0,188.81,1.464,1.52,2841000000.0,10661000000.0,5694000000.0,5694000000.0,0.0,,,,,37000000.0,627000000.0,1.0,182383040.0,182200000,184400000.0,31.251,11964000000.0,1409000000.0,162000000.0,0.0,65.664,877000000.0
23,NOC,MRQ,2015-09-30,2015-09-30,2015-09-30,2021-08-25,-5099000000.0,23966000000.0,,5951000000.0,18015000000.0,,30.662,-102000000.0,1292000000.0,1292000000.0,4522000000.0,516000000.0,1.159,3.207,6417000000.0,0.0,6417000000.0,6417000000.0,0.0,113000000.0,0.0,0.018,0.8,804000000.0,917000000.0,0.153,917000000.0,804000000.0,729000000.0,2.78,2.75,2.78,5697000000.0,,5697000000.0,35607788030.0,11.0,9.785,455000000.0,2.449,1.0,1457000000.0,0.244,12458000000.0,75000000.0,11500000000.0,,856000000.0,0.0,0.0,0.0,18269000000.0,5133000000.0,13136000000.0,31097788030.0,-615000000.0,0.0,-948000000.0,0.0,-149000000.0,-1108000000.0,-64000000.0,0.0,557000000.0,0.0,516000000.0,516000000.0,516000000.0,0.0,0.0,0.086,663000000.0,794000000.0,1194000000.0,0.288,5.459,15.266,15.775,3005000000.0,0.0,165.95,1.299,1.288,3268000000.0,10613000000.0,5979000000.0,5979000000.0,0.0,,,,,18000000.0,663000000.0,1.0,187392516.0,185800000,187900000.0,32.18,11508000000.0,1688000000.0,213000000.0,0.0,61.938,818000000.0
24,NOC,MRQ,2015-06-30,2015-06-30,2015-06-30,2021-08-25,-5181000000.0,24552000000.0,,6460000000.0,18092000000.0,,32.174,-115000000.0,1907000000.0,1907000000.0,4442000000.0,531000000.0,1.253,2.979,6417000000.0,0.0,6417000000.0,6417000000.0,0.0,117000000.0,0.0,0.018,0.8,811000000.0,928000000.0,0.157,928000000.0,811000000.0,736000000.0,2.77,2.74,2.77,6171000000.0,,6171000000.0,34512064423.0,11.0,9.613,511000000.0,2.664,1.0,1454000000.0,0.247,12464000000.0,75000000.0,11444000000.0,,856000000.0,0.0,0.0,0.0,18381000000.0,5154000000.0,13227000000.0,30740064423.0,-739000000.0,0.0,-1091000000.0,0.0,-153000000.0,-1246000000.0,-119000000.0,0.0,626000000.0,0.0,531000000.0,531000000.0,531000000.0,0.0,0.0,0.09,641000000.0,813000000.0,1246000000.0,0.289,4.981,15.416,15.816,3005000000.0,0.0,158.63,1.284,1.271,3151000000.0,11164000000.0,5896000000.0,5896000000.0,0.0,,,,,22000000.0,641000000.0,1.0,193784684.0,191800000,193700000.0,30.74,12088000000.0,1769000000.0,205000000.0,0.0,63.024,1306000000.0
25,NOC,MRQ,2015-03-31,2015-03-31,2015-03-31,2021-08-25,-5290000000.0,25266000000.0,,7143000000.0,18123000000.0,,34.133,-117000000.0,2646000000.0,2646000000.0,4542000000.0,484000000.0,1.352,2.744,6418000000.0,0.0,6418000000.0,6418000000.0,0.0,99000000.0,0.0,0.017,0.7,780000000.0,879000000.0,0.148,879000000.0,780000000.0,704000000.0,2.45,2.41,2.45,6748000000.0,,6748000000.0,33997397407.0,11.0,9.454,-771000000.0,-3.9,1.0,1415000000.0,0.238,12464000000.0,76000000.0,11290000000.0,,818000000.0,0.0,0.0,0.0,18518000000.0,5284000000.0,13234000000.0,31935397407.0,-1217000000.0,0.0,-825000000.0,600000000.0,-156000000.0,-448000000.0,-115000000.0,0.0,-654000000.0,0.0,484000000.0,484000000.0,484000000.0,0.0,0.0,0.081,635000000.0,780000000.0,1248000000.0,0.286,4.733,16.178,16.645,2989000000.0,0.0,160.96,1.326,1.321,3131000000.0,11843000000.0,5957000000.0,5957000000.0,0.0,,,,,-81000000.0,635000000.0,1.0,198405799.0,197700000,200500000.0,30.132,12802000000.0,1764000000.0,220000000.0,0.0,64.755,1859000000.0
26,NOC,MRQ,2014-12-31,2014-12-31,2014-12-31,2021-08-25,-5356000000.0,26572000000.0,,7780000000.0,18792000000.0,,36.103,-276000000.0,3863000000.0,3863000000.0,4653000000.0,506000000.0,1.32,2.673,5925000000.0,0.0,5925000000.0,5925000000.0,0.0,140000000.0,0.0,0.018,0.7,775000000.0,915000000.0,0.15,915000000.0,775000000.0,701000000.0,2.52,2.47,2.52,7235000000.0,,7235000000.0,32296675206.0,10.0,8.774,1214000000.0,6.058,1.0,1455000000.0,0.238,12466000000.0,74000000.0,10276000000.0,,742000000.0,0.0,0.0,0.0,19337000000.0,5892000000.0,13445000000.0,29772675206.0,461000000.0,0.0,-610000000.0,0.0,-140000000.0,-741000000.0,-288000000.0,0.0,1490000000.0,0.0,506000000.0,506000000.0,506000000.0,0.0,0.0,0.083,693000000.0,762000000.0,1305000000.0,0.278,4.115,14.39,14.873,2991000000.0,0.0,147.39,1.242,1.283,2806000000.0,12392000000.0,6108000000.0,6108000000.0,0.0,,,,,35000000.0,693000000.0,1.0,201999289.0,200400000,204000000.0,30.479,14106000000.0,2026000000.0,195000000.0,0.0,70.389,1888000000.0
27,NOC,MRQ,2014-09-30,2014-09-30,2014-09-30,2021-08-25,-2878000000.0,25043000000.0,,8122000000.0,16921000000.0,,47.978,-109000000.0,3402000000.0,3402000000.0,4635000000.0,473000000.0,1.474,1.531,5926000000.0,0.0,5926000000.0,5926000000.0,0.0,105000000.0,0.0,0.02,0.7,763000000.0,868000000.0,0.145,868000000.0,763000000.0,694000000.0,2.29,2.26,2.29,9893000000.0,,9893000000.0,29849003244.0,9.0,8.074,824000000.0,3.996,1.0,1349000000.0,0.225,12463000000.0,69000000.0,9593000000.0,,671000000.0,0.0,0.0,0.0,15150000000.0,5511000000.0,9639000000.0,27398003244.0,-74000000.0,0.0,-757000000.0,0.0,-143000000.0,-898000000.0,-109000000.0,0.0,933000000.0,0.0,473000000.0,473000000.0,473000000.0,0.0,0.0,0.079,580000000.0,769000000.0,1193000000.0,0.306,2.769,13.424,13.797,2845000000.0,0.0,131.76,1.14,1.131,3233000000.0,12568000000.0,5984000000.0,5984000000.0,0.0,,,,,41000000.0,580000000.0,1.0,207938701.0,206200000,209200000.0,29.02,12580000000.0,655000000.0,221000000.0,0.0,61.009,2611000000.0
28,NOC,MRQ,2014-06-30,2014-06-30,2014-06-30,2021-08-25,-2886000000.0,25351000000.0,,8390000000.0,16961000000.0,,48.343,-116000000.0,3476000000.0,3476000000.0,4629000000.0,511000000.0,1.55,1.469,5927000000.0,0.0,5927000000.0,5927000000.0,0.0,108000000.0,0.0,0.021,0.7,826000000.0,934000000.0,0.155,934000000.0,826000000.0,756000000.0,2.41,2.37,2.41,10268000000.0,,10268000000.0,27659002470.0,9.0,7.397,456000000.0,2.147,1.0,1410000000.0,0.233,12468000000.0,70000000.0,9920000000.0,,741000000.0,0.0,0.0,0.0,15083000000.0,5414000000.0,9669000000.0,25617002470.0,-409000000.0,0.0,-731000000.0,0.0,-148000000.0,-865000000.0,-116000000.0,0.0,572000000.0,0.0,511000000.0,511000000.0,511000000.0,0.0,0.0,0.085,590000000.0,820000000.0,1178000000.0,0.29,2.495,12.405,12.673,2818000000.0,0.0,119.63,1.061,1.052,3280000000.0,12945000000.0,6039000000.0,6039000000.0,0.0,,,,,23000000.0,590000000.0,1.0,214135271.0,212400000,215200000.0,28.432,12883000000.0,734000000.0,245000000.0,0.0,60.654,2976000000.0
29,NOC,MRQ,2014-03-31,2014-03-31,2014-03-31,2021-08-25,-2921000000.0,25535000000.0,,8604000000.0,16931000000.0,,48.863,-60000000.0,3885000000.0,3885000000.0,4461000000.0,579000000.0,1.632,1.416,5927000000.0,0.0,5927000000.0,5927000000.0,0.0,109000000.0,0.0,0.02,0.61,855000000.0,964000000.0,0.165,964000000.0,855000000.0,786000000.0,2.68,2.63,2.68,10569000000.0,,10569000000.0,27519041658.0,9.0,7.43,-462000000.0,-2.136,1.0,1387000000.0,0.237,12468000000.0,69000000.0,9838000000.0,,781000000.0,0.0,0.0,0.0,14966000000.0,5271000000.0,9695000000.0,26741041658.0,-1265000000.0,0.0,-570000000.0,0.0,-132000000.0,-731000000.0,-132000000.0,0.0,-402000000.0,0.0,579000000.0,579000000.0,579000000.0,0.0,0.0,0.099,542000000.0,845000000.0,1229000000.0,0.228,2.53,13.096,13.529,2793000000.0,0.0,123.38,1.096,1.094,3234000000.0,12983000000.0,5848000000.0,5848000000.0,0.0,,,,,-46000000.0,542000000.0,1.0,216737248.0,216300000,220400000.0,27.037,13067000000.0,738000000.0,207000000.0,0.0,60.411,3333000000.0
30,NOC,MRQ,2013-12-31,2013-12-31,2013-12-31,2021-08-25,-2984000000.0,26381000000.0,,9488000000.0,16893000000.0,,48.273,-186000000.0,5150000000.0,5150000000.0,4828000000.0,478000000.0,1.632,1.484,5928000000.0,0.0,5928000000.0,5928000000.0,0.0,150000000.0,0.0,0.021,0.61,781000000.0,931000000.0,0.151,931000000.0,781000000.0,707000000.0,2.17,2.13,2.17,10620000000.0,,10620000000.0,26426340718.0,8.0,7.31,1018000000.0,4.627,1.0,1329000000.0,0.216,12438000000.0,74000000.0,8906000000.0,,698000000.0,0.0,0.0,0.0,15761000000.0,5815000000.0,9946000000.0,25442340718.0,206000000.0,0.0,-710000000.0,0.0,-134000000.0,-821000000.0,-177000000.0,0.0,1204000000.0,0.0,478000000.0,478000000.0,478000000.0,0.0,0.0,0.078,561000000.0,768000000.0,1229000000.0,0.281,2.396,13.034,13.484,2806000000.0,0.0,114.61,1.032,1.067,2685000000.0,12538000000.0,6157000000.0,6157000000.0,0.0,,,,,20000000.0,561000000.0,1.0,221990583.0,220000000,224600000.0,27.986,13943000000.0,814000000.0,229000000.0,0.0,63.377,3673000000.0
31,NOC,MRQ,2013-09-30,2013-09-30,2013-09-30,2021-08-25,-4543000000.0,27405000000.0,,9591000000.0,17814000000.0,,40.999,-90000000.0,4944000000.0,4944000000.0,4761000000.0,497000000.0,1.665,1.929,5928000000.0,0.0,5928000000.0,5928000000.0,0.0,120000000.0,0.0,0.024,0.61,790000000.0,910000000.0,0.149,910000000.0,790000000.0,720000000.0,2.18,2.14,2.18,9356000000.0,,9356000000.0,22950533808.0,7.0,6.264,860000000.0,3.769,1.0,1345000000.0,0.22,12438000000.0,70000000.0,10189000000.0,,784000000.0,0.0,0.0,0.0,18049000000.0,5762000000.0,12287000000.0,21925533808.0,40000000.0,0.0,-740000000.0,0.0,-139000000.0,-823000000.0,-87000000.0,0.0,950000000.0,0.0,497000000.0,497000000.0,497000000.0,0.0,0.0,0.081,555000000.0,790000000.0,1221000000.0,0.28,2.343,10.925,11.168,2763000000.0,0.0,95.26,0.878,0.87,3003000000.0,12196000000.0,6106000000.0,6106000000.0,0.0,,,,,37000000.0,555000000.0,1.0,230165167.0,228200000,232600000.0,26.757,14967000000.0,1870000000.0,223000000.0,0.0,65.587,3829000000.0
32,NOC,MRQ,2013-06-30,2013-06-30,2013-06-30,2021-08-25,-4635000000.0,27508000000.0,,9564000000.0,17944000000.0,,40.846,-48000000.0,4904000000.0,4904000000.0,4906000000.0,488000000.0,1.696,1.878,5929000000.0,0.0,5929000000.0,5929000000.0,1802000000.0,115000000.0,0.0,0.027,0.61,784000000.0,899000000.0,0.143,899000000.0,784000000.0,724000000.0,2.09,2.05,2.09,9558000000.0,,9558000000.0,20225987238.0,6.0,5.572,280000000.0,1.197,1.0,1388000000.0,0.221,12437000000.0,60000000.0,10457000000.0,,745000000.0,0.0,0.0,0.0,17950000000.0,5639000000.0,12311000000.0,19471987238.0,1721000000.0,0.0,-465000000.0,1964000000.0,-142000000.0,1437000000.0,-44000000.0,0.0,328000000.0,0.0,488000000.0,488000000.0,488000000.0,0.0,0.0,0.078,582000000.0,806000000.0,1195000000.0,0.292,2.037,9.889,10.085,2783000000.0,0.0,82.8,0.774,0.771,3124000000.0,11838000000.0,6294000000.0,6294000000.0,0.0,,,,,37000000.0,582000000.0,1.0,235168928.0,234000000,237500000.0,26.897,15071000000.0,1980000000.0,236000000.0,0.0,64.406,3925000000.0
33,NOC,MRQ,2013-03-31,2013-03-31,2013-03-31,2021-08-25,-4723000000.0,25914000000.0,,7846000000.0,18068000000.0,,40.055,-40000000.0,3183000000.0,3183000000.0,4787000000.0,489000000.0,1.412,1.737,3937000000.0,0.0,3937000000.0,3937000000.0,1801000000.0,110000000.0,0.0,0.031,0.55,765000000.0,875000000.0,0.143,875000000.0,765000000.0,712000000.0,2.07,2.03,2.07,9469000000.0,,9469000000.0,16702424045.0,5.0,4.597,-39000000.0,-0.165,1.0,1317000000.0,0.216,12437000000.0,53000000.0,8676000000.0,,930000000.0,0.0,0.0,0.0,16445000000.0,5555000000.0,10890000000.0,16634424045.0,-679000000.0,0.0,-456000000.0,0.0,-130000000.0,-642000000.0,-38000000.0,0.0,1000000.0,0.0,489000000.0,489000000.0,489000000.0,0.0,0.0,0.08,558000000.0,759000000.0,1225000000.0,0.266,1.757,8.483,8.736,2829000000.0,0.0,70.15,0.662,0.66,3050000000.0,11496000000.0,6104000000.0,6104000000.0,0.0,,,,,7000000.0,558000000.0,1.0,237126501.0,236400000,241000000.0,25.821,13477000000.0,2034000000.0,223000000.0,0.0,57.009,2291000000.0
34,NOC,MRQ,2012-12-31,2012-12-31,2012-12-31,2021-08-25,-4787000000.0,26543000000.0,,8392000000.0,18151000000.0,,39.12,-135000000.0,3862000000.0,3862000000.0,4915000000.0,533000000.0,1.386,1.79,3930000000.0,0.0,3930000000.0,3930000000.0,0.0,139000000.0,0.0,0.032,0.55,841000000.0,980000000.0,0.151,980000000.0,841000000.0,787000000.0,2.19,2.14,2.19,9514000000.0,,9514000000.0,16993099370.0,5.0,4.609,922000000.0,3.791,1.0,1561000000.0,0.241,12431000000.0,54000000.0,8124000000.0,,798000000.0,0.0,0.0,0.0,17029000000.0,6056000000.0,10973000000.0,16587099370.0,337000000.0,0.0,-623000000.0,0.0,-134000000.0,-575000000.0,-145000000.0,0.0,1057000000.0,0.0,533000000.0,533000000.0,533000000.0,0.0,0.0,0.082,737000000.0,824000000.0,1392000000.0,0.251,1.743,8.386,8.49,2887000000.0,0.0,67.58,0.658,0.666,2858000000.0,11138000000.0,6476000000.0,6476000000.0,0.0,,,,,68000000.0,737000000.0,1.0,245443909.0,243200000,248600000.0,26.628,14112000000.0,2116000000.0,254000000.0,0.0,58.026,2336000000.0
35,NOC,MRQ,2012-09-30,2012-09-30,2012-09-30,2021-08-25,-3334000000.0,25262000000.0,,7902000000.0,17360000000.0,,44.284,-64000000.0,3525000000.0,3525000000.0,4962000000.0,459000000.0,1.389,1.308,3931000000.0,0.0,3931000000.0,3931000000.0,1838000000.0,128000000.0,0.0,0.032,0.55,748000000.0,876000000.0,0.14,876000000.0,748000000.0,695000000.0,1.86,1.82,1.86,10947000000.0,,10947000000.0,17206177040.0,5.0,4.654,748000000.0,3.026,1.0,1308000000.0,0.209,12373000000.0,53000000.0,7605000000.0,,627000000.0,0.0,0.0,0.0,14315000000.0,5690000000.0,8625000000.0,16422177040.0,377000000.0,0.0,-205000000.0,0.0,-136000000.0,-334000000.0,-101000000.0,0.0,812000000.0,0.0,459000000.0,459000000.0,459000000.0,0.0,0.0,0.073,572000000.0,736000000.0,1194000000.0,0.296,1.5,8.24,8.441,2895000000.0,0.0,66.43,0.65,0.65,2973000000.0,10739000000.0,6270000000.0,6270000000.0,0.0,,,,,23000000.0,572000000.0,1.0,247210252.0,247200000,252100000.0,25.364,12889000000.0,1240000000.0,236000000.0,0.0,52.14,2212000000.0
36,NOC,MRQ,2012-06-30,2012-06-30,2012-06-30,2021-08-25,-3395000000.0,25226000000.0,,7700000000.0,17526000000.0,,42.723,-51000000.0,3148000000.0,3148000000.0,4920000000.0,480000000.0,1.373,1.354,3932000000.0,0.0,3932000000.0,3932000000.0,1826000000.0,123000000.0,0.0,0.032,0.55,779000000.0,902000000.0,0.144,902000000.0,779000000.0,727000000.0,1.91,1.88,1.91,10715000000.0,,10715000000.0,17294425488.0,5.0,4.593,825000000.0,3.289,1.0,1354000000.0,0.216,12344000000.0,52000000.0,8058000000.0,,704000000.0,0.0,0.0,0.0,14511000000.0,5608000000.0,8903000000.0,16043425488.0,466000000.0,0.0,-265000000.0,0.0,-138000000.0,-403000000.0,-7000000.0,0.0,876000000.0,0.0,480000000.0,480000000.0,480000000.0,0.0,0.0,0.077,580000000.0,774000000.0,1191000000.0,0.288,1.497,7.811,8.075,2935000000.0,0.0,63.79,0.627,0.625,3119000000.0,10419000000.0,6274000000.0,6274000000.0,0.0,,,,,48000000.0,580000000.0,1.0,251503770.0,250800000,254700000.0,25.016,12882000000.0,1342000000.0,247000000.0,0.0,51.364,2092000000.0
37,NOC,MRQ,2012-03-31,2012-03-31,2012-03-31,2021-08-25,-3434000000.0,25053000000.0,,7360000000.0,17693000000.0,,41.648,-81000000.0,2682000000.0,2682000000.0,4841000000.0,506000000.0,1.316,1.377,3933000000.0,0.0,3933000000.0,3933000000.0,1756000000.0,120000000.0,0.0,0.033,0.5,809000000.0,929000000.0,0.15,929000000.0,809000000.0,756000000.0,2.0,1.96,2.0,10541000000.0,,10541000000.0,16376748878.0,5.0,4.267,-186000000.0,-0.735,1.0,1357000000.0,0.219,12374000000.0,53000000.0,8336000000.0,,804000000.0,0.0,0.0,0.0,14512000000.0,5594000000.0,8918000000.0,15430748878.0,-320000000.0,0.0,-223000000.0,0.0,-127000000.0,-384000000.0,169000000.0,250000000.0,-105000000.0,0.0,506000000.0,506000000.0,506000000.0,0.0,0.0,0.082,561000000.0,796000000.0,1226000000.0,0.25,1.464,7.369,7.801,2993000000.0,0.0,61.08,0.596,0.597,3231000000.0,10077000000.0,6198000000.0,6198000000.0,0.0,,,,,-1000000.0,561000000.0,1.0,252631776.0,253100000,258000000.0,24.488,12679000000.0,1361000000.0,250000000.0,0.0,50.095,1766000000.0
38,NOC,MRQ,2011-12-31,2011-12-31,2011-12-31,2021-08-25,-3490000000.0,25411000000.0,,7746000000.0,17665000000.0,,40.078,-166000000.0,3002000000.0,3002000000.0,5070000000.0,548000000.0,1.263,1.458,3935000000.0,0.0,3935000000.0,3935000000.0,1777000000.0,157000000.0,0.0,0.034,0.5,833000000.0,990000000.0,0.152,990000000.0,833000000.0,780000000.0,2.1,2.07,2.1,10336000000.0,,10336000000.0,16308687675.0,5.0,4.203,1155000000.0,4.478,1.0,1436000000.0,0.221,12374000000.0,53000000.0,7835000000.0,,873000000.0,0.0,0.0,0.0,15075000000.0,6135000000.0,8940000000.0,15279687675.0,56000000.0,0.0,-693000000.0,-18000000.0,-129000000.0,-856000000.0,-409000000.0,-250000000.0,1321000000.0,0.0,548000000.0,548000000.0,548000000.0,2000000.0,0.0,0.084,637000000.0,799000000.0,1481000000.0,0.238,1.478,7.214,7.644,3047000000.0,0.0,58.48,0.579,0.613,2964000000.0,9699000000.0,6506000000.0,6506000000.0,0.0,,,,,74000000.0,637000000.0,1.0,261280569.0,257900000,262700000.0,25.227,13037000000.0,1396000000.0,232000000.0,0.0,50.551,1611000000.0
39,NOC,MRQ,2011-09-30,2011-09-30,2011-09-30,2021-08-25,-2176000000.0,25100000000.0,,7686000000.0,17414000000.0,,43.474,-109000000.0,2946000000.0,2946000000.0,5198000000.0,520000000.0,1.343,1.1,3975000000.0,39000000.0,3936000000.0,3975000000.0,1744000000.0,132000000.0,0.0,0.037,0.5,812000000.0,944000000.0,0.143,944000000.0,812000000.0,755000000.0,1.89,1.86,1.89,11951000000.0,,11951000000.0,15675217204.0,5.0,4.264,839000000.0,3.052,1.0,1414000000.0,0.214,12540000000.0,57000000.0,7868000000.0,,884000000.0,0.0,0.0,0.0,13149000000.0,5721000000.0,7428000000.0,14506217204.0,136000000.0,0.0,-574000000.0,0.0,-137000000.0,-711000000.0,-101000000.0,0.0,948000000.0,0.0,520000000.0,520000000.0,520000000.0,0.0,0.0,0.079,589000000.0,825000000.0,1338000000.0,0.265,1.214,7.454,7.627,3010000000.0,0.0,52.17,0.541,0.535,3328000000.0,9401000000.0,6612000000.0,6612000000.0,0.0,,,,,25000000.0,589000000.0,1.0,278056684.0,274900000,279300000.0,24.052,12560000000.0,880000000.0,235000000.0,0.0,45.689,1965000000.0
40,NOC,MRQ,2011-06-30,2011-06-30,2011-06-30,2021-08-25,-2173000000.0,25377000000.0,,7814000000.0,17563000000.0,,42.99,-94000000.0,2810000000.0,2810000000.0,5163000000.0,520000000.0,1.348,1.089,3979000000.0,42000000.0,3937000000.0,3979000000.0,1820000000.0,134000000.0,0.0,0.028,0.5,841000000.0,975000000.0,0.149,975000000.0,841000000.0,788000000.0,1.84,1.81,1.84,12149000000.0,,12149000000.0,20259160572.0,7.0,5.586,-128000000.0,-0.453,1.0,1397000000.0,0.213,12550000000.0,53000000.0,8201000000.0,,902000000.0,0.0,0.0,0.0,13228000000.0,5795000000.0,7433000000.0,20300160572.0,-1209000000.0,0.0,-957000000.0,0.0,-140000000.0,-1084000000.0,-91000000.0,0.0,-34000000.0,0.0,520000000.0,520000000.0,520000000.0,0.0,0.0,0.079,556000000.0,841000000.0,1259000000.0,0.272,1.671,10.557,10.444,3028000000.0,0.0,69.35,0.744,0.719,3474000000.0,9018000000.0,6560000000.0,6560000000.0,0.0,,,,,9000000.0,556000000.0,1.0,292720412.0,282600000,287200000.0,23.213,12827000000.0,1020000000.0,268000000.0,0.0,45.389,2019000000.0
41,NOC,MRQ,2011-03-31,2011-03-31,2011-03-31,2021-08-25,-2187000000.0,26790000000.0,,9071000000.0,17719000000.0,,43.444,-123000000.0,4019000000.0,4019000000.0,5355000000.0,530000000.0,1.472,1.113,3978000000.0,39000000.0,3939000000.0,3978000000.0,1899000000.0,121000000.0,0.0,0.03,0.47,850000000.0,971000000.0,0.144,971000000.0,850000000.0,792000000.0,1.82,1.79,1.82,12677000000.0,,12677000000.0,19396237603.0,7.0,5.596,-243000000.0,-0.833,1.0,1379000000.0,0.205,12559000000.0,58000000.0,8029000000.0,,859000000.0,0.0,0.0,0.0,14113000000.0,6161000000.0,7952000000.0,18268237603.0,318000000.0,1429000000.0,30000000.0,-750000000.0,-137000000.0,-843000000.0,1281000000.0,0.0,-120000000.0,0.0,530000000.0,530000000.0,530000000.0,-34000000.0,0.0,0.079,568000000.0,811000000.0,1347000000.0,0.258,1.441,8.642,8.746,3046000000.0,0.0,62.71,0.653,0.654,3563000000.0,8637000000.0,6734000000.0,6734000000.0,0.0,,,,,15000000.0,568000000.0,1.0,291312990.0,291800000,296900000.0,23.077,14231000000.0,1108000000.0,262000000.0,0.0,48.77,2910000000.0
42,NOC,MRQ,2010-12-31,2010-12-31,2010-12-31,2021-08-25,-2757000000.0,31410000000.0,,13774000000.0,17636000000.0,,46.045,-284000000.0,3701000000.0,3701000000.0,5580000000.0,376000000.0,1.374,1.338,4724000000.0,784000000.0,3940000000.0,4724000000.0,1969000000.0,243000000.0,0.0,0.028,0.47,543000000.0,786000000.0,0.114,786000000.0,543000000.0,480000000.0,1.29,1.28,1.29,13436000000.0,,13436000000.0,20596023451.0,7.0,6.168,1103000000.0,3.78,1.0,1323000000.0,0.192,12568000000.0,63000000.0,9838000000.0,,896000000.0,0.0,0.0,0.0,17974000000.0,10027000000.0,7947000000.0,18915023451.0,1174000000.0,0.0,-87000000.0,793000000.0,-137000000.0,166000000.0,-379000000.0,-2000000.0,1387000000.0,0.0,376000000.0,376000000.0,376000000.0,-70000000.0,0.0,0.054,648000000.0,675000000.0,1573000000.0,0.364,1.408,9.213,9.375,3045000000.0,0.0,64.78,0.672,0.683,3329000000.0,8124000000.0,6903000000.0,6903000000.0,0.0,,,,,13000000.0,648000000.0,1.0,291988630.0,291800000,296900000.0,23.657,18842000000.0,1020000000.0,104000000.0,0.0,64.572,3747000000.0
43,NOC,MRQ,2010-09-30,2010-09-30,2010-09-30,2021-08-25,-2930000000.0,30176000000.0,,9003000000.0,21173000000.0,,44.954,-123000000.0,2528000000.0,2528000000.0,5774000000.0,497000000.0,1.16,1.287,4209000000.0,772000000.0,3437000000.0,4209000000.0,2069000000.0,110000000.0,0.0,0.03,0.47,785000000.0,895000000.0,0.127,895000000.0,785000000.0,721000000.0,1.69,1.67,1.69,13194000000.0,,13194000000.0,20005591946.0,7.0,6.331,855000000.0,2.913,1.0,1297000000.0,0.183,14318000000.0,64000000.0,9776000000.0,,1193000000.0,0.0,0.0,0.0,16982000000.0,7763000000.0,9219000000.0,17838591946.0,484000000.0,-13000000.0,-196000000.0,-1000000.0,-138000000.0,-331000000.0,-163000000.0,0.0,978000000.0,0.0,497000000.0,497000000.0,497000000.0,-49000000.0,0.0,0.07,574000000.0,723000000.0,1677000000.0,0.278,1.352,8.535,8.736,4767000000.0,0.0,60.63,0.741,0.74,4172000000.0,8005000000.0,7071000000.0,7071000000.0,0.0,,,,,30000000.0,574000000.0,1.0,294220550.0,293500000,297600000.0,24.092,15858000000.0,1372000000.0,224000000.0,0.0,54.031,1240000000.0
44,NOC,MRQ,2010-06-30,2010-06-30,2010-06-30,2021-08-25,-2987000000.0,29694000000.0,,8384000000.0,21310000000.0,,43.067,-75000000.0,2044000000.0,2044000000.0,5884000000.0,711000000.0,1.094,1.301,4211000000.0,773000000.0,3438000000.0,4211000000.0,1979000000.0,103000000.0,0.0,0.032,0.47,711000000.0,814000000.0,0.112,814000000.0,711000000.0,646000000.0,2.37,2.34,2.37,12903000000.0,,12903000000.0,18651172628.0,7.0,6.022,544000000.0,1.816,1.0,1371000000.0,0.189,14340000000.0,65000000.0,9855000000.0,,1148000000.0,0.0,0.0,0.0,16791000000.0,7666000000.0,9125000000.0,16397172628.0,83000000.0,13000000.0,-315000000.0,-3000000.0,-141000000.0,-453000000.0,-83000000.0,0.0,619000000.0,0.0,711000000.0,711000000.0,711000000.0,29000000.0,0.0,0.098,621000000.0,750000000.0,1643000000.0,0.198,1.271,7.872,8.006,4763000000.0,0.0,54.44,0.647,0.644,4160000000.0,7646000000.0,7255000000.0,7255000000.0,0.0,,,,,21000000.0,621000000.0,1.0,301197146.0,299600000,303800000.0,24.216,15354000000.0,1492000000.0,-65000000.0,0.0,51.248,718000000.0
45,NOC,MRQ,2010-03-31,2010-03-31,2010-03-31,2021-08-25,-3002000000.0,29762000000.0,,8369000000.0,21393000000.0,,41.785,-103000000.0,1961000000.0,1961000000.0,5611000000.0,469000000.0,1.118,1.355,4215000000.0,775000000.0,3440000000.0,4215000000.0,1909000000.0,99000000.0,0.0,0.026,0.43,745000000.0,844000000.0,0.122,844000000.0,745000000.0,668000000.0,1.55,1.53,1.55,12640000000.0,,12640000000.0,20871721813.0,8.0,6.781,-634000000.0,-2.096,1.0,1303000000.0,0.188,14363000000.0,77000000.0,10165000000.0,,1289000000.0,0.0,0.0,0.0,17122000000.0,7488000000.0,9634000000.0,19852721813.0,-1314000000.0,0.0,-437000000.0,-87000000.0,-129000000.0,-648000000.0,-135000000.0,0.0,-531000000.0,0.0,469000000.0,469000000.0,469000000.0,-59000000.0,0.0,0.068,624000000.0,679000000.0,1642000000.0,0.277,1.571,11.242,11.605,4797000000.0,0.0,65.57,0.746,0.745,4197000000.0,7077000000.0,6914000000.0,6914000000.0,0.0,,,,,28000000.0,624000000.0,1.0,302771417.0,302500000,306100000.0,22.856,15399000000.0,1510000000.0,199000000.0,0.0,50.906,881000000.0
46,NOC,MRQ,2009-12-31,2009-12-31,2009-12-31,2021-08-25,-3014000000.0,30252000000.0,,8635000000.0,21617000000.0,,40.82,-37000000.0,3275000000.0,3275000000.0,2030000000.0,413000000.0,1.236,1.384,4294000000.0,103000000.0,4191000000.0,4294000000.0,1954000000.0,5000000.0,0.0,0.03,0.43,602000000.0,607000000.0,0.215,607000000.0,602000000.0,552000000.0,1.33,1.31,1.33,12687000000.0,,12687000000.0,20312033897.0,8.0,6.726,894000000.0,2.876,1.0,790000000.0,0.28,14390000000.0,50000000.0,9896000000.0,,1170000000.0,0.0,0.0,0.0,17565000000.0,6985000000.0,10580000000.0,17523033897.0,1350000000.0,1683000000.0,-428000000.0,-412000000.0,-134000000.0,-986000000.0,1405000000.0,0.0,931000000.0,0.0,413000000.0,413000000.0,413000000.0,-177000000.0,0.0,0.146,368000000.0,422000000.0,1921000000.0,0.323,1.381,10.393,10.578,4868000000.0,0.0,55.85,0.634,0.645,3394000000.0,6737000000.0,2820000000.0,2820000000.0,0.0,,,,,22000000.0,368000000.0,1.0,313751726.0,310800000,314900000.0,9.073,15862000000.0,1534000000.0,139000000.0,0.0,51.036,1650000000.0
47,NOC,MRQ,2009-09-30,2009-09-30,2009-09-30,2021-08-25,-3404000000.0,30845000000.0,,8084000000.0,22761000000.0,,39.196,-139000000.0,1924000000.0,1924000000.0,6987000000.0,490000000.0,1.112,1.482,4713000000.0,519000000.0,4194000000.0,4713000000.0,1977000000.0,146000000.0,0.0,0.032,0.43,686000000.0,832000000.0,0.1,832000000.0,686000000.0,610000000.0,1.55,1.53,1.55,12429000000.0,,12429000000.0,19274082842.0,-78.0,58.942,405000000.0,1.277,1.0,1363000000.0,0.163,15425000000.0,76000000.0,10939000000.0,,1243000000.0,0.0,0.0,0.0,18416000000.0,7270000000.0,11146000000.0,16462082842.0,868000000.0,0.0,-215000000.0,850000000.0,-136000000.0,501000000.0,-177000000.0,0.0,544000000.0,0.0,490000000.0,490000000.0,490000000.0,-26000000.0,0.0,0.059,744000000.0,619000000.0,1793000000.0,0.277,1.324,-13.065,-14.455,4775000000.0,0.0,51.75,0.508,0.506,3951000000.0,6457000000.0,8350000000.0,8350000000.0,0.0,,,,,24000000.0,744000000.0,1.0,318107881.0,317100000,320600000.0,26.332,15420000000.0,1794000000.0,120000000.0,0.0,48.628,814000000.0
48,NOC,MRQ,2009-06-30,2009-06-30,2009-06-30,2021-08-25,-3477000000.0,30148000000.0,,7256000000.0,22892000000.0,,37.854,-135000000.0,1056000000.0,1056000000.0,7190000000.0,394000000.0,1.002,1.473,3868000000.0,520000000.0,3348000000.0,3868000000.0,2050000000.0,142000000.0,0.0,0.036,0.43,653000000.0,795000000.0,0.093,795000000.0,653000000.0,583000000.0,1.22,1.21,1.22,12189000000.0,,12189000000.0,17835055149.0,-155.0,39.284,695000000.0,2.158,1.0,1355000000.0,0.159,15461000000.0,70000000.0,10256000000.0,,1099000000.0,0.0,0.0,0.0,17959000000.0,7243000000.0,10716000000.0,14776055149.0,174000000.0,-33000000.0,-264000000.0,-68000000.0,-138000000.0,-470000000.0,-186000000.0,0.0,830000000.0,0.0,394000000.0,394000000.0,394000000.0,-26000000.0,0.0,0.046,741000000.0,614000000.0,1774000000.0,0.352,1.212,-11.935,-12.689,4778000000.0,0.0,45.68,0.455,0.453,4251000000.0,6104000000.0,8545000000.0,8545000000.0,0.0,,,,,20000000.0,741000000.0,1.0,323468808.0,322000000,325800000.0,26.537,14687000000.0,1901000000.0,189000000.0,0.0,45.612,13000000.0
49,NOC,MRQ,2009-03-31,2009-03-31,2009-03-31,2021-08-25,-3596000000.0,30142000000.0,,7252000000.0,22890000000.0,,36.883,-162000000.0,882000000.0,882000000.0,6598000000.0,389000000.0,0.966,1.5,3941000000.0,589000000.0,3352000000.0,3941000000.0,1953000000.0,136000000.0,0.0,0.037,0.4,650000000.0,786000000.0,0.099,786000000.0,650000000.0,577000000.0,1.19,1.17,1.19,12057000000.0,,12057000000.0,16718156584.0,304.0,26.878,-334000000.0,-1.022,1.0,1337000000.0,0.168,15445000000.0,73000000.0,10247000000.0,,1178000000.0,0.0,0.0,0.0,18085000000.0,7509000000.0,10576000000.0,14278156584.0,-622000000.0,0.0,-142000000.0,-1000000.0,-131000000.0,-274000000.0,-176000000.0,0.0,-172000000.0,0.0,389000000.0,389000000.0,389000000.0,-23000000.0,0.0,0.049,718000000.0,619000000.0,1924000000.0,0.336,1.184,-12.558,-12.988,4777000000.0,0.0,43.64,0.439,0.439,4416000000.0,5846000000.0,7935000000.0,7935000000.0,0.0,,,,,35000000.0,718000000.0,1.0,327180490.0,326900000,332100000.0,24.273,14697000000.0,1975000000.0,188000000.0,0.0,44.959,-257000000.0
50,NOC,MRQ,2008-12-31,2008-12-31,2008-12-31,2021-08-25,-3642000000.0,30197000000.0,,8243000000.0,21954000000.0,,36.486,-237000000.0,1504000000.0,1504000000.0,6003000000.0,-2533000000.0,1.107,1.533,3944000000.0,501000000.0,3443000000.0,3944000000.0,2028000000.0,151000000.0,0.0,0.035,0.4,-2237000000.0,-2086000000.0,-0.275,-2086000000.0,-2237000000.0,-2309000000.0,-7.54,-7.46,-7.54,11920000000.0,,11920000000.0,17653478895.0,-163.0,38.461,800000000.0,2.449,1.0,1579000000.0,0.208,14456000000.0,72000000.0,10732000000.0,,1003000000.0,0.0,0.0,0.0,18277000000.0,7449000000.0,10828000000.0,14725478895.0,488000000.0,-92000000.0,-85000000.0,-8000000.0,-130000000.0,-222000000.0,-327000000.0,0.0,1037000000.0,0.0,-2533000000.0,-2533000000.0,-2533000000.0,-101000000.0,0.0,-0.334,3883000000.0,-2304000000.0,1887000000.0,-0.053,1.235,-11.668,-11.947,4785000000.0,0.0,45.04,0.456,0.466,3701000000.0,5590000000.0,7582000000.0,7582000000.0,0.0,,,,,-10000000.0,823000000.0,1.0,326942249.0,326700000,304500000.0,23.208,15741000000.0,2082000000.0,224000000.0,0.0,48.182,794000000.0
51,NOC,MRQ,2008-09-30,2008-09-30,2008-09-30,2021-08-25,-685000000.0,33254000000.0,,7009000000.0,26245000000.0,,52.552,-167000000.0,1016000000.0,1016000000.0,6825000000.0,512000000.0,1.029,0.893,3944000000.0,101000000.0,3843000000.0,3944000000.0,1889000000.0,140000000.0,0.0,0.025,0.4,819000000.0,959000000.0,0.114,959000000.0,819000000.0,745000000.0,1.53,1.51,1.53,17563000000.0,,17563000000.0,23794142238.0,8.0,6.911,1206000000.0,3.609,1.0,1556000000.0,0.186,18439000000.0,74000000.0,10931000000.0,,1147000000.0,0.0,0.0,0.0,15691000000.0,6812000000.0,8879000000.0,20434142238.0,435000000.0,0.0,-644000000.0,5000000.0,-134000000.0,-771000000.0,-167000000.0,0.0,1373000000.0,0.0,512000000.0,512000000.0,512000000.0,-3000000.0,0.0,0.061,785000000.0,771000000.0,1820000000.0,0.261,1.163,11.846,11.847,4675000000.0,0.0,60.54,0.638,0.632,3957000000.0,8253000000.0,8381000000.0,8381000000.0,0.0,,,,,39000000.0,785000000.0,1.0,337531256.0,334200000,340100000.0,25.078,14815000000.0,481000000.0,233000000.0,0.0,44.33,197000000.0
52,NOC,MRQ,2008-06-30,2008-06-30,2008-06-30,2021-08-25,-686000000.0,33467000000.0,,7094000000.0,26373000000.0,,52.693,-134000000.0,581000000.0,581000000.0,7025000000.0,495000000.0,1.076,0.874,3941000000.0,97000000.0,3844000000.0,3941000000.0,1825000000.0,140000000.0,0.0,0.023,0.4,823000000.0,963000000.0,0.112,963000000.0,823000000.0,751000000.0,1.46,1.44,1.46,17863000000.0,,17863000000.0,26551626078.0,9.0,7.725,473000000.0,1.395,1.0,1603000000.0,0.186,18578000000.0,72000000.0,11658000000.0,,1089000000.0,0.0,0.0,0.0,15604000000.0,6591000000.0,9013000000.0,22883626078.0,152000000.0,175000000.0,-192000000.0,-145000000.0,-135000000.0,-471000000.0,16000000.0,0.0,607000000.0,0.0,495000000.0,495000000.0,495000000.0,-12000000.0,0.0,0.057,797000000.0,806000000.0,1727000000.0,0.274,1.281,13.445,13.327,4651000000.0,0.0,66.9,0.726,0.72,4325000000.0,7877000000.0,8628000000.0,8628000000.0,0.0,,,,,37000000.0,797000000.0,1.0,342057191.0,339000000,344100000.0,25.451,14889000000.0,503000000.0,256000000.0,0.0,43.92,503000000.0
53,NOC,MRQ,2008-03-31,2008-03-31,2008-03-31,2021-08-25,-694000000.0,33375000000.0,,6949000000.0,26426000000.0,,51.951,-143000000.0,429000000.0,429000000.0,6522000000.0,264000000.0,1.031,0.896,4097000000.0,169000000.0,3928000000.0,4097000000.0,1834000000.0,136000000.0,0.0,0.019,0.37,487000000.0,623000000.0,0.081,623000000.0,487000000.0,410000000.0,0.78,0.76,0.78,17601000000.0,,17601000000.0,29385507269.0,11.0,8.754,51000000.0,0.151,1.0,1202000000.0,0.156,18640000000.0,77000000.0,11666000000.0,,1132000000.0,0.0,0.0,0.0,15774000000.0,6737000000.0,9037000000.0,26293507269.0,-534000000.0,0.0,-531000000.0,33000000.0,-126000000.0,-580000000.0,-148000000.0,0.0,194000000.0,0.0,264000000.0,264000000.0,264000000.0,-1000000.0,0.0,0.034,738000000.0,464000000.0,1806000000.0,0.474,1.494,15.773,15.88,4645000000.0,0.0,77.81,0.855,0.857,4358000000.0,7518000000.0,7724000000.0,7724000000.0,0.0,,,,,-44000000.0,738000000.0,1.0,337919384.0,338800000,349300000.0,22.798,14735000000.0,529000000.0,146000000.0,0.0,43.492,212000000.0
54,NOC,MRQ,2007-12-31,2007-12-31,2007-12-31,2021-08-25,-699000000.0,33373000000.0,,6797000000.0,26576000000.0,,52.313,-266000000.0,963000000.0,963000000.0,5848000000.0,454000000.0,1.057,0.887,4055000000.0,137000000.0,3918000000.0,4055000000.0,1563000000.0,154000000.0,0.0,0.019,0.37,744000000.0,898000000.0,0.123,898000000.0,744000000.0,664000000.0,1.34,1.31,1.34,17687000000.0,,17687000000.0,29932767784.0,10.0,8.429,468000000.0,1.384,1.0,1430000000.0,0.196,18746000000.0,80000000.0,11287000000.0,,1000000000.0,0.0,0.0,0.0,15686000000.0,6432000000.0,9254000000.0,26608767784.0,250000000.0,-5000000.0,-53000000.0,0.0,-126000000.0,-200000000.0,-284000000.0,0.0,734000000.0,0.0,454000000.0,454000000.0,454000000.0,-58000000.0,0.0,0.062,764000000.0,666000000.0,1890000000.0,0.276,1.504,14.865,15.008,4690000000.0,0.0,78.64,0.877,0.886,3790000000.0,7387000000.0,7278000000.0,7278000000.0,0.0,,,,,103000000.0,764000000.0,1.0,338361747.0,338100000,351000000.0,21.526,14627000000.0,607000000.0,210000000.0,0.0,43.262,365000000.0
55,NOC,MRQ,2007-09-30,2007-09-30,2007-09-30,2021-08-25,-1279000000.0,32223000000.0,,6454000000.0,25769000000.0,,49.28,-127000000.0,713000000.0,713000000.0,6282000000.0,489000000.0,1.041,0.922,4037000000.0,151000000.0,3886000000.0,4037000000.0,1532000000.0,140000000.0,0.0,0.018,0.37,813000000.0,953000000.0,0.121,953000000.0,813000000.0,729000000.0,1.44,1.41,1.44,16765000000.0,,16765000000.0,30508578884.0,10.0,8.515,888000000.0,2.61,1.0,1589000000.0,0.202,18767000000.0,84000000.0,10580000000.0,,1102000000.0,0.0,0.0,0.0,15458000000.0,6200000000.0,9258000000.0,26981578884.0,192000000.0,-101000000.0,-452000000.0,-30000000.0,-124000000.0,-594000000.0,-229000000.0,0.0,1015000000.0,0.0,489000000.0,489000000.0,489000000.0,0.0,0.0,0.062,783000000.0,806000000.0,1540000000.0,0.257,1.609,15.082,14.971,4539000000.0,0.0,78.0,0.872,0.857,3666000000.0,7063000000.0,7871000000.0,7871000000.0,0.0,,,,,33000000.0,783000000.0,1.0,345917678.0,340200000,352600000.0,23.136,13456000000.0,691000000.0,240000000.0,6000000.0,39.553,254000000.0
56,NOC,MRQ,2007-06-30,2007-06-30,2007-06-30,2021-08-25,-1287000000.0,32028000000.0,,6261000000.0,25767000000.0,,48.879,-130000000.0,521000000.0,521000000.0,6307000000.0,460000000.0,1.023,0.909,4048000000.0,173000000.0,3875000000.0,4048000000.0,1583000000.0,141000000.0,0.0,0.017,0.37,742000000.0,883000000.0,0.112,883000000.0,742000000.0,659000000.0,1.34,1.31,1.34,16780000000.0,,16780000000.0,30903738127.0,11.0,9.297,611000000.0,1.78,1.0,1571000000.0,0.199,18778000000.0,83000000.0,10655000000.0,,1157000000.0,0.0,0.0,0.0,15248000000.0,6122000000.0,9126000000.0,26873738127.0,159000000.0,-6000000.0,48000000.0,-336000000.0,-133000000.0,-412000000.0,-170000000.0,0.0,741000000.0,0.0,460000000.0,460000000.0,460000000.0,12000000.0,0.0,0.058,808000000.0,763000000.0,1506000000.0,0.276,1.602,16.775,16.746,4539000000.0,0.0,77.87,0.881,0.876,3685000000.0,6703000000.0,7878000000.0,7878000000.0,0.0,,,,,22000000.0,808000000.0,1.0,345110288.0,343300000,355300000.0,22.948,13250000000.0,654000000.0,199000000.0,45000000.0,38.596,139000000.0
57,NOC,MRQ,2007-03-31,2007-03-31,2007-03-31,2021-08-25,-1296000000.0,32045000000.0,,6209000000.0,25836000000.0,,47.333,-158000000.0,362000000.0,362000000.0,5917000000.0,387000000.0,0.95,0.961,4392000000.0,400000000.0,3992000000.0,4392000000.0,1561000000.0,135000000.0,0.0,0.017,0.37,682000000.0,817000000.0,0.112,817000000.0,682000000.0,593000000.0,1.12,1.1,1.12,16344000000.0,,16344000000.0,29143478000.0,11.0,8.973,242000000.0,0.701,1.0,1397000000.0,0.191,18843000000.0,89000000.0,10694000000.0,,1195000000.0,0.0,0.0,0.0,15701000000.0,6538000000.0,9163000000.0,25996478000.0,-653000000.0,-578000000.0,-444000000.0,207000000.0,-121000000.0,-306000000.0,-747000000.0,0.0,400000000.0,0.0,387000000.0,387000000.0,387000000.0,7000000.0,0.0,0.053,707000000.0,690000000.0,1446000000.0,0.33,1.591,16.537,16.276,4544000000.0,0.0,74.22,0.86,0.848,3749000000.0,6374000000.0,7314000000.0,7314000000.0,0.0,,,,,-66000000.0,707000000.0,1.0,350262436.0,345300000,358300000.0,21.182,13202000000.0,668000000.0,206000000.0,242000000.0,38.233,-329000000.0
58,NOC,MRQ,2006-12-31,2006-12-31,2006-12-31,2021-08-25,-1260000000.0,32009000000.0,,6725000000.0,25284000000.0,,48.104,-228000000.0,1015000000.0,1015000000.0,6458000000.0,453000000.0,0.996,0.927,4162000000.0,170000000.0,3992000000.0,4162000000.0,1571000000.0,152000000.0,0.0,0.017,0.3,778000000.0,930000000.0,0.118,930000000.0,778000000.0,694000000.0,1.31,1.28,1.31,16615000000.0,,16615000000.0,26567433358.0,10.0,8.357,43000000.0,0.124,1.0,1433000000.0,0.182,18358000000.0,84000000.0,10045000000.0,,1176000000.0,0.0,0.0,0.0,15394000000.0,6753000000.0,8641000000.0,23384433358.0,-448000000.0,0.0,21000000.0,-482000000.0,-104000000.0,-560000000.0,-159000000.0,209000000.0,271000000.0,0.0,453000000.0,453000000.0,453000000.0,24000000.0,0.0,0.057,780000000.0,653000000.0,1682000000.0,0.229,1.407,15.165,15.179,4525000000.0,0.0,67.7,0.78,0.78,3562000000.0,6183000000.0,7891000000.0,7891000000.0,0.0,,,,,19000000.0,780000000.0,1.0,345412605.0,345400000,378100000.0,22.846,13651000000.0,706000000.0,241000000.0,535000000.0,39.522,-28000000.0
59,NOC,MRQ,2006-09-30,2006-09-30,2006-09-30,2021-08-25,-126000000.0,34055000000.0,,7439000000.0,26616000000.0,,50.276,-169000000.0,1463000000.0,1463000000.0,6094000000.0,302000000.0,1.028,0.965,4646000000.0,850000000.0,3796000000.0,4646000000.0,1571000000.0,137000000.0,0.0,0.016,0.3,557000000.0,694000000.0,0.093,694000000.0,557000000.0,471000000.0,0.88,0.86,0.88,17330000000.0,,17330000000.0,27335123593.0,11.0,9.721,793000000.0,2.301,1.0,1335000000.0,0.18,18494000000.0,86000000.0,11507000000.0,,1275000000.0,0.0,0.0,0.0,16725000000.0,7237000000.0,9488000000.0,23451123593.0,712000000.0,0.0,34000000.0,6000000.0,-104000000.0,-59000000.0,-191000000.0,0.0,962000000.0,0.0,302000000.0,302000000.0,302000000.0,6000000.0,0.0,0.041,786000000.0,549000000.0,1494000000.0,0.341,1.353,16.503,16.522,4437000000.0,0.0,68.07,0.79,0.79,3690000000.0,5837000000.0,7429000000.0,7429000000.0,0.0,,,,,38000000.0,786000000.0,1.0,344514817.0,344700000,351000000.0,21.552,15561000000.0,746000000.0,169000000.0,1177000000.0,45.144,202000000.0
60,NOC,MRQ,2006-06-30,2006-06-30,2006-06-30,2021-08-25,-125000000.0,33676000000.0,,7045000000.0,26631000000.0,,49.552,-147000000.0,751000000.0,751000000.0,6155000000.0,430000000.0,0.987,0.976,4635000000.0,814000000.0,3821000000.0,4635000000.0,0.0,143000000.0,0.0,0.017,0.3,664000000.0,807000000.0,0.106,807000000.0,664000000.0,577000000.0,1.25,1.23,1.25,17046000000.0,,17046000000.0,26362509797.0,11.0,9.253,491000000.0,1.427,1.0,1446000000.0,0.19,18580000000.0,87000000.0,11842000000.0,,1296000000.0,0.0,0.0,0.0,16630000000.0,7138000000.0,9492000000.0,22021509797.0,378000000.0,17000000.0,14000000.0,-72000000.0,-102000000.0,-152000000.0,-108000000.0,0.0,638000000.0,0.0,430000000.0,430000000.0,430000000.0,12000000.0,0.0,0.057,764000000.0,682000000.0,1452000000.0,0.24,1.292,15.596,15.778,4403000000.0,0.0,64.06,0.745,0.745,3907000000.0,5642000000.0,7601000000.0,7601000000.0,0.0,,,,,40000000.0,764000000.0,1.0,343763812.0,344000000,350100000.0,22.096,15096000000.0,774000000.0,147000000.0,1215000000.0,43.884,-93000000.0
61,NOC,MRQ,2006-03-31,2006-03-31,2006-03-31,2021-08-25,-143000000.0,33517000000.0,,6845000000.0,26672000000.0,,48.41,-167000000.0,373000000.0,373000000.0,5812000000.0,358000000.0,0.933,1.017,4714000000.0,842000000.0,3872000000.0,4714000000.0,0.0,135000000.0,0.0,0.015,0.26,612000000.0,747000000.0,0.105,747000000.0,612000000.0,522000000.0,1.04,1.02,1.04,16619000000.0,,16619000000.0,27489702701.0,12.0,9.545,-282000000.0,-0.821,1.0,1281000000.0,0.181,18614000000.0,90000000.0,11910000000.0,,1294000000.0,0.0,0.0,0.0,16898000000.0,7334000000.0,9564000000.0,23949702701.0,-1232000000.0,26000000.0,-501000000.0,-420000000.0,-92000000.0,-974000000.0,-143000000.0,-35000000.0,-115000000.0,0.0,358000000.0,358000000.0,358000000.0,4000000.0,0.0,0.05,677000000.0,604000000.0,1495000000.0,0.25,1.441,17.754,17.83,4404000000.0,0.0,68.29,0.805,0.788,4144000000.0,5318000000.0,7093000000.0,7093000000.0,0.0,,,,,-27000000.0,677000000.0,1.0,350705853.0,343300000,350800000.0,20.661,14903000000.0,783000000.0,164000000.0,1370000000.0,43.411,-489000000.0
62,NOC,MRQ,2005-12-31,2005-12-31,2005-12-31,2021-08-25,-145000000.0,34214000000.0,,7551000000.0,26663000000.0,,48.011,-301000000.0,1605000000.0,1605000000.0,6147000000.0,331000000.0,0.947,1.033,5145000000.0,1264000000.0,3881000000.0,5145000000.0,1626000000.0,-1000000.0,0.0,0.017,0.26,565000000.0,564000000.0,0.074,564000000.0,565000000.0,464000000.0,0.95,0.92,0.95,16828000000.0,,16828000000.0,24795179777.0,10.0,8.229,359000000.0,1.024,1.0,1431000000.0,0.189,18656000000.0,101000000.0,11124000000.0,,1164000000.0,0.0,0.0,0.0,17386000000.0,7974000000.0,9412000000.0,21357179777.0,-107000000.0,-8000000.0,-423000000.0,-7000000.0,-91000000.0,-521000000.0,-246000000.0,14000000.0,660000000.0,0.0,331000000.0,331000000.0,331000000.0,7000000.0,0.0,0.044,885000000.0,546000000.0,1589000000.0,0.274,1.269,15.255,15.295,4403000000.0,0.0,60.11,0.712,0.715,3553000000.0,5055000000.0,7578000000.0,7578000000.0,0.0,,,,,68000000.0,885000000.0,1.0,355301610.0,350500000,358700000.0,21.621,15558000000.0,783000000.0,133000000.0,1263000000.0,44.388,-423000000.0
63,NOC,MRQ,2005-09-30,2005-09-30,2005-09-30,2021-08-25,-132000000.0,33851000000.0,,7364000000.0,26487000000.0,,47.583,-170000000.0,1712000000.0,1712000000.0,6193000000.0,293000000.0,1.072,0.997,5150000000.0,581000000.0,4569000000.0,5150000000.0,0.0,192000000.0,0.0,0.018,0.26,539000000.0,731000000.0,0.1,731000000.0,539000000.0,441000000.0,0.82,0.81,0.82,16949000000.0,,16949000000.0,23352996180.0,10.0,7.995,721000000.0,2.024,1.0,1098000000.0,0.151,18736000000.0,98000000.0,11683000000.0,,1262000000.0,0.0,0.0,0.0,16902000000.0,6870000000.0,10032000000.0,19407996180.0,497000000.0,-39000000.0,-169000000.0,4000000.0,-92000000.0,-257000000.0,-137000000.0,81000000.0,891000000.0,0.0,293000000.0,293000000.0,293000000.0,-2000000.0,0.0,0.04,660000000.0,438000000.0,1581000000.0,0.317,1.145,14.473,14.61,4190000000.0,0.0,54.35,0.657,0.655,3519000000.0,4815000000.0,7291000000.0,7291000000.0,0.0,,,,,41000000.0,660000000.0,1.0,357092846.0,356200000,362200000.0,20.469,15115000000.0,514000000.0,148000000.0,898000000.0,42.434,494000000.0
64,NOC,MRQ,2005-06-30,2005-06-30,2005-06-30,2021-08-25,-136000000.0,33446000000.0,,6922000000.0,26524000000.0,,47.024,-148000000.0,1215000000.0,1215000000.0,6497000000.0,367000000.0,1.056,0.984,5160000000.0,579000000.0,4581000000.0,5160000000.0,0.0,187000000.0,0.0,0.017,0.26,651000000.0,838000000.0,0.107,838000000.0,651000000.0,557000000.0,1.02,1.0,1.02,16858000000.0,,16858000000.0,24219011212.0,10.0,8.3,665000000.0,1.855,1.0,1310000000.0,0.168,18782000000.0,94000000.0,12051000000.0,,1185000000.0,0.0,0.0,0.0,16588000000.0,6558000000.0,10030000000.0,19839011212.0,431000000.0,0.0,-116000000.0,-10000000.0,-94000000.0,-220000000.0,-162000000.0,0.0,813000000.0,0.0,367000000.0,367000000.0,367000000.0,2000000.0,0.0,0.047,689000000.0,621000000.0,1552000000.0,0.255,1.177,14.962,15.014,4204000000.0,0.0,55.25,0.669,0.668,3542000000.0,4614000000.0,7807000000.0,7807000000.0,0.0,,,,,43000000.0,689000000.0,1.0,359077126.0,358500000,365200000.0,21.777,14664000000.0,748000000.0,190000000.0,969000000.0,40.904,364000000.0
65,NOC,MRQ,2005-03-31,2005-03-31,2005-03-31,2021-08-25,-129000000.0,33196000000.0,,6577000000.0,26619000000.0,,46.224,-193000000.0,784000000.0,784000000.0,6196000000.0,409000000.0,1.016,0.991,5164000000.0,500000000.0,4664000000.0,5164000000.0,0.0,178000000.0,0.0,0.017,0.23,702000000.0,880000000.0,0.118,880000000.0,702000000.0,607000000.0,1.13,1.11,1.13,16673000000.0,,16673000000.0,23375153660.0,10.0,8.436,70000000.0,0.194,1.0,1257000000.0,0.169,18868000000.0,95000000.0,12235000000.0,,1205000000.0,0.0,0.0,0.0,16523000000.0,6473000000.0,10050000000.0,19447153660.0,-446000000.0,-257000000.0,-339000000.0,22000000.0,-82000000.0,-399000000.0,-310000000.0,143000000.0,263000000.0,0.0,409000000.0,409000000.0,409000000.0,-11000000.0,0.0,0.055,662000000.0,595000000.0,1549000000.0,0.204,1.166,15.471,15.467,4204000000.0,0.0,53.98,0.664,0.665,3611000000.0,4341000000.0,7453000000.0,7453000000.0,0.0,,,,,20000000.0,662000000.0,1.0,360265907.0,360700000,367000000.0,20.663,14328000000.0,768000000.0,198000000.0,1107000000.0,39.723,104000000.0
66,NOC,MRQ,2004-12-31,2004-12-31,2004-12-31,2021-08-25,-101000000.0,33303000000.0,,6849000000.0,26454000000.0,,46.273,-229000000.0,1230000000.0,1230000000.0,5794000000.0,272000000.0,1.111,0.994,5158000000.0,42000000.0,5116000000.0,5158000000.0,1336000000.0,-39000000.0,0.0,0.016,0.23,511000000.0,472000000.0,0.067,472000000.0,511000000.0,415000000.0,0.75,0.74,0.75,16700000000.0,,16700000000.0,24223000051.0,12.0,9.548,95000000.0,0.263,1.0,1199000000.0,0.171,18659000000.0,96000000.0,12407000000.0,,1057000000.0,0.0,0.0,0.0,16603000000.0,6165000000.0,10438000000.0,19299000051.0,428000000.0,59000000.0,440000000.0,-622000000.0,-85000000.0,-267000000.0,371000000.0,494000000.0,324000000.0,0.0,272000000.0,272000000.0,272000000.0,-13000000.0,0.0,0.039,682000000.0,517000000.0,1750000000.0,0.307,1.156,17.804,18.06,4210000000.0,0.0,54.36,0.665,0.674,3492000000.0,4014000000.0,6993000000.0,6993000000.0,0.0,,,,,69000000.0,682000000.0,1.0,355022076.0,360900000,367400000.0,19.377,14644000000.0,777000000.0,143000000.0,960000000.0,40.576,684000000.0
67,NOC,MRQ,2004-09-30,2004-09-30,2004-09-30,2021-08-25,-56000000.0,33529000000.0,,6578000000.0,26951000000.0,,44.92,-154000000.0,850000000.0,850000000.0,6227000000.0,278000000.0,0.948,1.088,5774000000.0,651000000.0,5123000000.0,5774000000.0,0.0,189000000.0,0.0,0.016,0.23,539000000.0,728000000.0,0.098,728000000.0,539000000.0,429000000.0,0.78,0.76,0.78,16059000000.0,,16059000000.0,24324694118.0,13.0,9.179,585000000.0,1.636,1.0,1181000000.0,0.159,18776000000.0,110000000.0,12735000000.0,,1287000000.0,0.0,0.0,0.0,17470000000.0,6942000000.0,10528000000.0,19119694118.0,291000000.0,2000000.0,-161000000.0,-4000000.0,-83000000.0,-248000000.0,-200000000.0,0.0,739000000.0,0.0,278000000.0,278000000.0,278000000.0,13000000.0,0.0,0.038,643000000.0,538000000.0,1676000000.0,0.295,1.191,18.455,18.517,4052000000.0,0.0,53.33,0.656,0.654,3394000000.0,3827000000.0,7408000000.0,7408000000.0,0.0,,,,,29000000.0,643000000.0,1.0,358516672.0,357500000,364000000.0,20.722,14753000000.0,778000000.0,151000000.0,975000000.0,41.267,-364000000.0
68,NOC,MRQ,2004-06-30,2004-06-30,2004-06-30,2021-08-25,-47000000.0,33327000000.0,,6376000000.0,26951000000.0,,44.602,-133000000.0,559000000.0,559000000.0,6265000000.0,298000000.0,0.994,1.081,5764000000.0,398000000.0,5366000000.0,5764000000.0,0.0,179000000.0,0.0,0.015,0.23,512000000.0,691000000.0,0.093,691000000.0,512000000.0,400000000.0,0.83,0.82,0.83,16012000000.0,,16012000000.0,24810728456.0,14.0,9.944,477000000.0,1.329,1.0,1170000000.0,0.157,18806000000.0,112000000.0,13310000000.0,,1220000000.0,0.0,0.0,0.0,17315000000.0,6416000000.0,10899000000.0,19305728456.0,102000000.0,4000000.0,-105000000.0,-192000000.0,-82000000.0,-379000000.0,-129000000.0,0.0,610000000.0,0.0,298000000.0,298000000.0,298000000.0,0.0,0.0,0.04,677000000.0,493000000.0,1544000000.0,0.277,1.206,20.494,20.654,4033000000.0,0.0,53.7,0.679,0.679,3487000000.0,3624000000.0,7435000000.0,7435000000.0,0.0,,,,,32000000.0,677000000.0,1.0,359510772.0,359000000,363500000.0,20.71,14521000000.0,825000000.0,102000000.0,856000000.0,40.448,-40000000.0
69,NOC,MRQ,2004-03-31,2004-03-31,2004-03-31,2021-08-25,-45000000.0,33344000000.0,,6229000000.0,27115000000.0,,43.905,-128000000.0,457000000.0,457000000.0,6085000000.0,236000000.0,0.944,1.102,5962000000.0,590000000.0,5372000000.0,5962000000.0,0.0,178000000.0,0.0,0.016,0.2,468000000.0,646000000.0,0.09,646000000.0,468000000.0,355000000.0,0.65,0.65,0.65,15863000000.0,,15863000000.0,23350489228.0,14.0,9.803,135000000.0,0.374,1.0,1079000000.0,0.151,18985000000.0,113000000.0,13268000000.0,,1319000000.0,0.0,0.0,0.0,17481000000.0,6596000000.0,10885000000.0,17811489228.0,115000000.0,60000000.0,-126000000.0,83000000.0,-72000000.0,-115000000.0,-33000000.0,23000000.0,263000000.0,0.0,236000000.0,236000000.0,236000000.0,-4000000.0,0.0,0.033,641000000.0,438000000.0,1370000000.0,0.308,1.123,20.979,21.211,4019000000.0,0.0,49.21,0.645,0.644,3426000000.0,3591000000.0,7164000000.0,7164000000.0,0.0,,,,,24000000.0,641000000.0,1.0,361948572.0,361300000,365200000.0,19.828,14359000000.0,785000000.0,119000000.0,1086000000.0,39.743,-367000000.0
70,NOC,MRQ,2003-12-31,2003-12-31,2003-12-31,2021-08-25,-73000000.0,33022000000.0,,5738000000.0,27284000000.0,,43.368,-199000000.0,294000000.0,294000000.0,6219000000.0,224000000.0,0.902,1.092,5891000000.0,481000000.0,5410000000.0,5891000000.0,0.0,165000000.0,0.0,0.021,0.2,420000000.0,585000000.0,0.082,585000000.0,420000000.0,304000000.0,0.62,0.61,0.62,15785000000.0,,15785000000.0,23561087755.0,14.0,10.06,574000000.0,1.577,1.0,930000000.0,0.13,19043000000.0,116000000.0,13215000000.0,,1167000000.0,0.0,0.0,0.0,17237000000.0,6361000000.0,10876000000.0,17507087755.0,-28000000.0,184000000.0,-176000000.0,-519000000.0,-73000000.0,-775000000.0,-26000000.0,0.0,773000000.0,0.0,224000000.0,224000000.0,224000000.0,-41000000.0,0.0,0.031,568000000.0,362000000.0,1514000000.0,0.323,1.109,20.216,20.427,4047000000.0,0.0,47.8,0.663,0.662,3226000000.0,3431000000.0,7149000000.0,7149000000.0,0.0,,,,,35000000.0,568000000.0,1.0,366257066.0,363980000,376380000.0,19.641,13979000000.0,770000000.0,80000000.0,864000000.0,38.406,-623000000.0
71,NOC,MRQ,2003-09-30,2003-09-30,2003-09-30,2021-08-25,-1038000000.0,33661000000.0,,5452000000.0,28209000000.0,,40.336,-143000000.0,359000000.0,359000000.0,5650000000.0,184000000.0,0.982,1.28,6413000000.0,146000000.0,6267000000.0,6413000000.0,0.0,183000000.0,0.0,0.023,0.2,390000000.0,573000000.0,0.086,573000000.0,390000000.0,272000000.0,0.5,0.5,0.5,14763000000.0,,14763000000.0,22088133338.0,13.0,9.545,257000000.0,0.702,1.0,1014000000.0,0.152,19167000000.0,118000000.0,14995000000.0,,1125000000.0,0.0,0.0,0.0,18898000000.0,5553000000.0,13345000000.0,15774133338.0,91000000.0,110000000.0,2000000.0,-168000000.0,-73000000.0,-230000000.0,-79000000.0,0.0,400000000.0,0.0,184000000.0,184000000.0,184000000.0,16000000.0,0.0,0.028,620000000.0,394000000.0,1349000000.0,0.4,1.068,18.215,16.056,3921000000.0,0.0,43.11,0.652,0.652,2987000000.0,3280000000.0,6664000000.0,6664000000.0,0.0,,,,,21000000.0,620000000.0,1.0,365904276.0,366000000,366000000.0,18.208,14494000000.0,957000000.0,88000000.0,233000000.0,39.601,-101000000.0
72,NOC,MRQ,2003-06-30,2003-06-30,2003-06-30,2021-08-25,-1036000000.0,33988000000.0,,5727000000.0,28261000000.0,,40.097,-120000000.0,268000000.0,268000000.0,5685000000.0,205000000.0,0.986,1.317,6582000000.0,170000000.0,6412000000.0,6582000000.0,0.0,161000000.0,0.0,0.023,0.2,417000000.0,578000000.0,0.087,578000000.0,417000000.0,298000000.0,0.55,0.54,0.55,14670000000.0,,14670000000.0,22459201819.0,17.0,11.589,617000000.0,1.686,1.0,942000000.0,0.142,19217000000.0,119000000.0,15277000000.0,,1226000000.0,0.0,0.0,0.0,19318000000.0,5808000000.0,13510000000.0,15783201819.0,-140000000.0,-28000000.0,2000000.0,-524000000.0,-80000000.0,-721000000.0,-156000000.0,0.0,737000000.0,0.0,205000000.0,205000000.0,205000000.0,2000000.0,0.0,0.031,551000000.0,391000000.0,1300000000.0,0.364,1.076,25.334,22.768,3920000000.0,0.0,43.145,0.726,0.726,3462000000.0,3169000000.0,6627000000.0,6627000000.0,0.0,,,,,22000000.0,551000000.0,1.0,365817634.0,365860000,365860000.0,18.113,14771000000.0,1085000000.0,93000000.0,298000000.0,40.373,-81000000.0
73,NOC,MRQ,2003-03-31,2003-03-31,2003-03-31,2021-08-25,-1039000000.0,34357000000.0,,5936000000.0,28421000000.0,,39.729,-89000000.0,408000000.0,408000000.0,4963000000.0,253000000.0,1.01,1.367,7084000000.0,276000000.0,6808000000.0,7084000000.0,0.0,173000000.0,0.0,0.023,0.4,436000000.0,609000000.0,0.104,609000000.0,436000000.0,292000000.0,0.675,0.67,0.675,14517000000.0,,14517000000.0,23902907774.0,18.0,12.858,-1201000000.0,-3.287,1.0,903000000.0,0.154,19186000000.0,144000000.0,15971000000.0,,1158000000.0,0.0,0.0,0.0,19840000000.0,5876000000.0,13964000000.0,15691907774.0,-1004000000.0,3282000000.0,5000000.0,-2608000000.0,-79000000.0,-3023000000.0,3131000000.0,0.0,-1112000000.0,0.0,253000000.0,253000000.0,253000000.0,-79000000.0,0.0,0.043,575000000.0,328000000.0,1282000000.0,0.593,1.081,26.153,20.188,4009000000.0,0.0,42.9,0.811,0.81,3132000000.0,3044000000.0,5866000000.0,5866000000.0,0.0,,,,,6000000.0,575000000.0,1.0,365778736.0,365400000,365400000.0,16.054,15171000000.0,1151000000.0,39000000.0,292000000.0,41.519,60000000.0
74,NOC,MRQ,2002-12-31,2002-12-31,2002-12-31,2021-08-25,-1048000000.0,42326000000.0,,15895000000.0,26431000000.0,,57.357,-229000000.0,1412000000.0,1412000000.0,4369000000.0,224000000.0,1.39,1.955,9623000000.0,225000000.0,9398000000.0,9623000000.0,0.0,152000000.0,0.0,0.016,0.2,402000000.0,554000000.0,0.11,554000000.0,402000000.0,300000000.0,0.96,0.95,0.96,14322000000.0,,14322000000.0,15543501430.0,20.0,12.115,528000000.0,2.115,1.0,661000000.0,0.131,18210000000.0,102000000.0,20894000000.0,,1091000000.0,0.0,0.0,0.0,28004000000.0,11433000000.0,16571000000.0,10974501430.0,913000000.0,448000000.0,2000000.0,-29000000.0,-51000000.0,-87000000.0,243000000.0,29000000.0,757000000.0,0.0,224000000.0,224000000.0,224000000.0,-240000000.0,0.0,0.045,521000000.0,140000000.0,1427000000.0,0.208,0.766,171.477,285.294,3605000000.0,0.0,48.5,0.631,0.644,2949000000.0,2870000000.0,5030000000.0,5030000000.0,0.0,,,,,29000000.0,521000000.0,1.0,226278380.0,249700000,264900000.0,20.144,24116000000.0,836000000.0,76000000.0,1237000000.0,96.58,4462000000.0
75,NOC,MRQ,2002-09-30,2002-09-30,2002-09-30,2021-08-25,-54000000.0,20806000000.0,,4687000000.0,16119000000.0,,33.165,-61000000.0,462000000.0,462000000.0,3440000000.0,-59000000.0,1.001,1.774,5031000000.0,146000000.0,4885000000.0,5031000000.0,0.0,93000000.0,0.0,0.013,0.2,104000000.0,197000000.0,0.047,197000000.0,104000000.0,-2000000.0,-0.29,-0.28,-0.29,7500000000.0,,7500000000.0,18976632844.0,28.0,16.444,398000000.0,1.76,1.0,774000000.0,0.184,9617000000.0,106000000.0,11075000000.0,,1107000000.0,0.0,0.0,0.0,13306000000.0,4683000000.0,8623000000.0,14007632844.0,266000000.0,-3000000.0,8000000.0,-125000000.0,-52000000.0,-167000000.0,-26000000.0,0.0,459000000.0,0.0,-59000000.0,-59000000.0,-59000000.0,200000000.0,0.0,-0.014,461000000.0,313000000.0,804000000.0,-0.69,1.868,-483.022,-413.333,2824000000.0,0.0,62.0,0.848,0.849,2325000000.0,2697000000.0,4214000000.0,4214000000.0,0.0,,,,,12000000.0,461000000.0,1.0,225929562.0,226140000,226140000.0,18.634,11189000000.0,103000000.0,57000000.0,1543000000.0,49.478,4000000.0
76,NOC,MRQ,2002-06-30,2002-06-30,2002-06-30,2021-08-25,-52000000.0,21384000000.0,,4253000000.0,17131000000.0,,35.546,-124000000.0,196000000.0,196000000.0,3457000000.0,182000000.0,0.889,1.666,5165000000.0,250000000.0,4915000000.0,5165000000.0,0.0,132000000.0,0.0,0.013,0.2,367000000.0,499000000.0,0.118,499000000.0,367000000.0,262000000.0,0.78,0.765,0.78,8022000000.0,,8022000000.0,19470498875.0,24.0,13.898,448000000.0,1.985,1.0,774000000.0,0.183,10501000000.0,105000000.0,11069000000.0,,1163000000.0,0.0,0.0,0.0,13362000000.0,4783000000.0,8579000000.0,14100498875.0,81000000.0,-5000000.0,15000000.0,-315000000.0,-51000000.0,-353000000.0,-138000000.0,0.0,572000000.0,0.0,182000000.0,182000000.0,182000000.0,-1000000.0,0.0,0.043,420000000.0,354000000.0,867000000.0,0.256,1.758,129.362,110.619,3000000000.0,0.0,62.5,0.897,0.897,2696000000.0,3240000000.0,4231000000.0,4231000000.0,0.0,,,,,28000000.0,420000000.0,1.0,225607982.0,225680000,225680000.0,18.748,10883000000.0,57000000.0,80000000.0,1475000000.0,48.223,-530000000.0
77,NOC,MRQ,2002-03-31,2002-03-31,2002-03-31,2021-08-25,-53000000.0,21457000000.0,,4438000000.0,17019000000.0,,35.283,-69000000.0,115000000.0,115000000.0,3260000000.0,-283000000.0,0.956,1.732,5485000000.0,49000000.0,5436000000.0,5485000000.0,0.0,140000000.0,0.0,0.014,0.2,-107000000.0,33000000.0,0.008,33000000.0,-107000000.0,-216000000.0,-1.295,-1.28,-1.295,7854000000.0,,7854000000.0,17730027252.0,23.0,12.895,-168000000.0,-0.755,1.0,671000000.0,0.171,10498000000.0,109000000.0,11688000000.0,,1225000000.0,0.0,0.0,0.0,13603000000.0,4641000000.0,8962000000.0,12703027252.0,-349000000.0,-161000000.0,51000000.0,-18000000.0,-51000000.0,-16000000.0,-234000000.0,0.0,-99000000.0,0.0,-283000000.0,-283000000.0,-283000000.0,0.0,0.0,-0.072,358000000.0,313000000.0,833000000.0,-0.154,1.617,309.83,131.512,2941000000.0,0.0,56.55,0.839,0.831,2877000000.0,3109000000.0,3931000000.0,3931000000.0,0.0,,,,,-2000000.0,358000000.0,1.0,224633550.0,222600000,222600000.0,17.659,10959000000.0,49000000.0,67000000.0,1385000000.0,49.232,-203000000.0
78,NOC,MRQ,2001-12-31,2001-12-31,2001-12-31,2021-08-25,-53000000.0,20818000000.0,,5573000000.0,15245000000.0,,38.106,-121000000.0,464000000.0,464000000.0,3393000000.0,131000000.0,1.093,1.817,5488000000.0,450000000.0,5038000000.0,5488000000.0,0.0,107000000.0,0.0,0.016,0.2,318000000.0,425000000.0,0.103,425000000.0,318000000.0,214000000.0,0.655,0.65,0.655,7391000000.0,,7391000000.0,13657028144.0,13.0,8.307,504000000.0,2.598,1.0,752000000.0,0.181,8975000000.0,104000000.0,11767000000.0,,1098000000.0,0.0,0.0,0.0,13427000000.0,5100000000.0,8327000000.0,8648028144.0,154000000.0,-727000000.0,1481000000.0,-1007000000.0,-48000000.0,426000000.0,-897000000.0,0.0,625000000.0,0.0,131000000.0,131000000.0,131000000.0,10000000.0,0.0,0.032,428000000.0,324000000.0,982000000.0,0.305,1.17,20.253,20.826,2584000000.0,0.0,50.4,0.665,0.655,2643000000.0,3011000000.0,4145000000.0,4145000000.0,0.0,,,,,39000000.0,428000000.0,1.0,171587860.0,193960000,193960000.0,21.37,11843000000.0,38000000.0,83000000.0,1150000000.0,61.059,473000000.0
79,NOC,MRQ,2001-09-30,2001-09-30,2001-09-30,2021-08-25,-19000000.0,17214000000.0,,4004000000.0,13210000000.0,,30.873,-80000000.0,310000000.0,310000000.0,2911000000.0,79000000.0,1.013,2.263,5319000000.0,134000000.0,5185000000.0,5319000000.0,0.0,203000000.0,0.0,0.016,0.2,241000000.0,444000000.0,0.13,444000000.0,241000000.0,133000000.0,0.425,0.42,0.425,5275000000.0,,5275000000.0,13872345357.0,14.0,8.875,126000000.0,0.737,1.0,499000000.0,0.146,7956000000.0,108000000.0,10314000000.0,,1222000000.0,0.0,0.0,0.0,11939000000.0,3953000000.0,7986000000.0,8623345357.0,85000000.0,-13000000.0,15000000.0,-154000000.0,-41000000.0,-181000000.0,60000000.0,148000000.0,206000000.0,0.0,79000000.0,79000000.0,79000000.0,13000000.0,0.0,0.023,259000000.0,240000000.0,757000000.0,0.471,1.635,20.483,19.093,2086000000.0,0.0,50.5,0.764,0.764,2297000000.0,2928000000.0,3410000000.0,3410000000.0,0.0,,,,,4000000.0,259000000.0,1.0,170759314.0,170860000,170860000.0,19.958,9258000000.0,35000000.0,54000000.0,1210000000.0,54.185,51000000.0
80,NOC,MRQ,2001-06-30,2001-06-30,2001-06-30,2021-08-25,-24000000.0,17331000000.0,,3820000000.0,13511000000.0,,31.237,-37000000.0,225000000.0,225000000.0,3019000000.0,114000000.0,1.018,2.326,5474000000.0,107000000.0,5367000000.0,5474000000.0,0.0,167000000.0,0.0,0.025,0.2,306000000.0,473000000.0,0.129,473000000.0,306000000.0,192000000.0,0.645,0.64,0.645,5211000000.0,,5211000000.0,8302461002.0,8.0,5.625,-18000000.0,-0.108,1.0,644000000.0,0.176,8122000000.0,114000000.0,10704000000.0,,1386000000.0,145000000.0,0.0,145000000.0,12120000000.0,3754000000.0,8366000000.0,6833461002.0,-1411000000.0,-2303000000.0,15000000.0,919000000.0,-41000000.0,894000000.0,-2324000000.0,0.0,19000000.0,0.0,114000000.0,114000000.0,114000000.0,0.0,0.0,0.031,369000000.0,275000000.0,794000000.0,0.31,1.311,14.417,12.694,2189000000.0,0.0,40.05,0.711,0.695,2056000000.0,2890000000.0,3663000000.0,3663000000.0,0.0,,,,,-2000000.0,369000000.0,1.0,170623246.0,166820000,166820000.0,21.958,9209000000.0,30000000.0,78000000.0,1340000000.0,55.203,66000000.0
81,NOC,MRQ,2001-03-31,2001-03-31,2001-03-31,2021-08-25,-24000000.0,11185000000.0,,3966000000.0,7219000000.0,,27.753,-43000000.0,1636000000.0,1636000000.0,1548000000.0,103000000.0,1.535,1.791,3105000000.0,0.0,3105000000.0,3105000000.0,0.0,99000000.0,0.0,0.023,0.2,207000000.0,306000000.0,0.154,306000000.0,207000000.0,160000000.0,0.715,0.71,0.715,4007000000.0,,4007000000.0,7570987143.0,7.0,5.335,-76000000.0,-0.526,1.0,438000000.0,0.221,4380000000.0,47000000.0,5690000000.0,,749000000.0,140000000.0,0.0,140000000.0,7178000000.0,2584000000.0,4594000000.0,6274987143.0,1317000000.0,0.0,4000000.0,1481000000.0,-28000000.0,1393000000.0,-43000000.0,0.0,-33000000.0,0.0,103000000.0,103000000.0,103000000.0,0.0,0.0,0.052,248000000.0,190000000.0,491000000.0,0.28,1.566,11.664,11.493,1014000000.0,0.0,43.5,0.804,0.805,1493000000.0,2817000000.0,1986000000.0,1986000000.0,0.0,,,,,5000000.0,248000000.0,1.0,144252578.0,144380000,144380000.0,13.755,6805000000.0,22000000.0,57000000.0,1088000000.0,47.133,1382000000.0
82,NOC,MRQ,2000-12-31,2000-12-31,2000-12-31,2021-08-25,-23000000.0,9622000000.0,,2526000000.0,7096000000.0,,27.178,-101000000.0,319000000.0,319000000.0,1547000000.0,125000000.0,0.94,1.455,1615000000.0,10000000.0,1605000000.0,1615000000.0,0.0,100000000.0,0.0,0.024,0.2,240000000.0,340000000.0,0.153,340000000.0,240000000.0,200000000.0,0.86,0.855,0.86,3919000000.0,,3919000000.0,7669418333.0,7.0,5.066,313000000.0,2.171,1.0,682000000.0,0.306,4432000000.0,40000000.0,3798000000.0,,585000000.0,0.0,0.0,0.0,5703000000.0,2688000000.0,3015000000.0,5804418333.0,-434000000.0,-468000000.0,6000000.0,-255000000.0,-30000000.0,-279000000.0,-569000000.0,0.0,414000000.0,0.0,125000000.0,125000000.0,125000000.0,56000000.0,0.0,0.056,430000000.0,252000000.0,564000000.0,0.233,1.481,9.547,9.64,1015000000.0,0.0,41.5,0.762,0.769,1557000000.0,2742000000.0,2229000000.0,2229000000.0,0.0,,,,,1000000.0,430000000.0,1.0,139865502.0,144200000,144200000.0,15.458,5190000000.0,21000000.0,75000000.0,1043000000.0,35.992,-162000000.0
83,NOC,MRQ,2000-09-30,2000-09-30,2000-09-30,2021-08-25,-19000000.0,9354000000.0,,2709000000.0,6645000000.0,,26.871,-50000000.0,753000000.0,753000000.0,1278000000.0,132000000.0,1.111,1.458,1820000000.0,215000000.0,1605000000.0,1820000000.0,0.0,92000000.0,0.0,0.022,0.4,265000000.0,357000000.0,0.206,357000000.0,265000000.0,222000000.0,0.935,0.93,0.935,3805000000.0,,3805000000.0,8220488411.0,7.0,5.331,145000000.0,1.024,1.0,453000000.0,0.262,4134000000.0,43000000.0,3849000000.0,,603000000.0,204000000.0,0.0,204000000.0,5549000000.0,2438000000.0,3111000000.0,6355488411.0,656000000.0,668000000.0,8000000.0,-142000000.0,-28000000.0,-162000000.0,623000000.0,0.0,195000000.0,0.0,132000000.0,132000000.0,132000000.0,-4000000.0,0.0,0.076,211000000.0,242000000.0,364000000.0,0.428,1.67,10.234,10.257,963000000.0,0.0,45.44,0.84,0.85,1292000000.0,2647000000.0,1731000000.0,1731000000.0,0.0,,,,,1000000.0,211000000.0,1.0,139865502.0,141600000,141600000.0,12.225,5220000000.0,14000000.0,90000000.0,1019000000.0,36.864,271000000.0
84,NOC,MRQ,2000-06-30,2000-06-30,2000-06-30,2021-08-25,-19000000.0,9064000000.0,,2862000000.0,6202000000.0,,25.486,-50000000.0,97000000.0,97000000.0,1319000000.0,178000000.0,1.191,1.544,1962000000.0,212000000.0,1750000000.0,1962000000.0,0.0,94000000.0,0.0,0.024,0.2,322000000.0,416000000.0,0.224,416000000.0,322000000.0,276000000.0,1.275,1.275,1.275,3563000000.0,,3563000000.0,6679021018.0,6.0,4.343,260000000.0,1.86,1.0,537000000.0,0.289,4000000000.0,46000000.0,4525000000.0,,627000000.0,49000000.0,0.0,49000000.0,5501000000.0,2404000000.0,3097000000.0,4625021018.0,56000000.0,-39000000.0,4000000.0,-133000000.0,-28000000.0,-157000000.0,-97000000.0,0.0,310000000.0,0.0,178000000.0,178000000.0,178000000.0,-18000000.0,0.0,0.096,220000000.0,317000000.0,449000000.0,0.157,1.298,7.496,7.503,953000000.0,0.0,33.125,0.605,0.606,1341000000.0,2543000000.0,1856000000.0,1856000000.0,0.0,,,,,-1000000.0,220000000.0,1.0,139623276.0,139800000,139800000.0,13.276,5064000000.0,21000000.0,98000000.0,868000000.0,36.223,458000000.0
85,NOC,MRQ,2000-03-31,2000-03-31,2000-03-31,2021-08-25,-19000000.0,9389000000.0,,2803000000.0,6586000000.0,,24.385,-29000000.0,41000000.0,41000000.0,1302000000.0,173000000.0,1.106,1.754,2095000000.0,295000000.0,1800000000.0,2095000000.0,0.0,95000000.0,0.0,0.03,0.2,306000000.0,401000000.0,0.223,401000000.0,306000000.0,260000000.0,1.235,1.235,1.235,3409000000.0,,3409000000.0,6380677884.0,6.0,4.355,62000000.0,0.443,1.0,500000000.0,0.277,4181000000.0,46000000.0,4728000000.0,,1240000000.0,49000000.0,0.0,49000000.0,5980000000.0,2534000000.0,3446000000.0,3691677884.0,-101000000.0,-3000000.0,1000000.0,-130000000.0,-28000000.0,-157000000.0,-35000000.0,0.0,91000000.0,0.0,173000000.0,173000000.0,173000000.0,-17000000.0,0.0,0.096,213000000.0,287000000.0,436000000.0,0.162,1.083,6.688,6.676,1224000000.0,0.0,26.47,0.479,0.48,1450000000.0,2393000000.0,1802000000.0,1802000000.0,0.0,,,,,7000000.0,213000000.0,1.0,139466486.0,139800000,139800000.0,12.89,5208000000.0,22000000.0,87000000.0,778000000.0,37.253,269000000.0
86,NOC,MRQ,1999-12-31,1999-12-31,1999-12-31,2021-08-25,-19000000.0,9285000000.0,,2793000000.0,6492000000.0,,23.298,-70000000.0,142000000.0,142000000.0,1599000000.0,138000000.0,1.134,1.851,2225000000.0,225000000.0,2000000000.0,2225000000.0,0.0,101000000.0,0.0,0.03,0.2,267000000.0,368000000.0,0.169,368000000.0,267000000.0,216000000.0,0.985,0.98,0.985,3257000000.0,,3257000000.0,6318550148.0,7.0,4.67,504000000.0,3.605,1.0,581000000.0,0.267,4230000000.0,51000000.0,4674000000.0,,1190000000.0,0.0,0.0,0.0,6028000000.0,2464000000.0,3564000000.0,3756550148.0,105000000.0,9000000.0,-1000000.0,-380000000.0,-28000000.0,-409000000.0,-60000000.0,0.0,574000000.0,0.0,138000000.0,138000000.0,138000000.0,1000000.0,0.0,0.063,326000000.0,255000000.0,490000000.0,0.203,1.153,8.044,8.033,1240000000.0,0.0,27.03,0.493,0.492,1402000000.0,2248000000.0,2180000000.0,2180000000.0,0.0,,,,,2000000.0,326000000.0,1.0,138977068.0,139800000,139800000.0,15.594,5055000000.0,23000000.0,78000000.0,672000000.0,36.159,329000000.0
87,NOC,MRQ,1999-09-30,1999-09-30,1999-09-30,2021-08-25,-31000000.0,9630000000.0,,2876000000.0,6754000000.0,,22.586,-35000000.0,37000000.0,37000000.0,1327000000.0,128000000.0,1.177,2.072,2599000000.0,299000000.0,2300000000.0,2599000000.0,0.0,95000000.0,0.0,0.025,0.2,258000000.0,353000000.0,0.196,353000000.0,258000000.0,194000000.0,0.92,0.915,0.92,3135000000.0,,3135000000.0,7025913278.0,9.0,6.109,220000000.0,1.585,1.0,478000000.0,0.265,4312000000.0,64000000.0,5437000000.0,,1424000000.0,55000000.0,0.0,55000000.0,6495000000.0,2443000000.0,4052000000.0,4412913278.0,-50000000.0,-144000000.0,4000000.0,-102000000.0,-28000000.0,-126000000.0,-179000000.0,0.0,255000000.0,0.0,128000000.0,128000000.0,128000000.0,-12000000.0,0.0,0.071,236000000.0,242000000.0,427000000.0,0.217,1.408,13.537,13.495,1235000000.0,0.0,31.78,0.647,0.647,1352000000.0,2138000000.0,1805000000.0,1805000000.0,0.0,,,,,0.0,236000000.0,1.0,138858190.0,138800000,138800000.0,13.004,5318000000.0,51000000.0,66000000.0,604000000.0,38.314,433000000.0
88,NOC,MRQ,1999-06-30,1999-06-30,1999-06-30,2021-08-25,-31000000.0,9657000000.0,,3039000000.0,6618000000.0,,22.092,-23000000.0,87000000.0,87000000.0,1471000000.0,113000000.0,1.287,2.186,2700000000.0,200000000.0,2500000000.0,2700000000.0,0.0,103000000.0,0.0,0.024,0.2,240000000.0,343000000.0,0.179,343000000.0,240000000.0,186000000.0,0.825,0.82,0.825,3031000000.0,,3031000000.0,7268330990.0,10.0,6.365,212000000.0,1.545,1.0,450000000.0,0.234,4204000000.0,54000000.0,5705000000.0,,1336000000.0,54000000.0,0.0,54000000.0,6626000000.0,2361000000.0,4265000000.0,4569330990.0,58000000.0,-97000000.0,1000000.0,-27000000.0,-27000000.0,-53000000.0,-124000000.0,0.0,235000000.0,0.0,113000000.0,113000000.0,113000000.0,10000000.0,0.0,0.059,196000000.0,254000000.0,440000000.0,0.242,1.508,14.552,14.574,1242000000.0,0.0,33.155,0.632,0.629,1505000000.0,2038000000.0,1921000000.0,1921000000.0,0.0,,,,,0.0,196000000.0,1.0,137817252.0,137200000,137200000.0,14.001,5453000000.0,122000000.0,73000000.0,578000000.0,39.745,678000000.0
89,NOC,MRQ,1999-03-31,1999-03-31,1999-03-31,2021-08-25,-31000000.0,9561000000.0,,3030000000.0,6531000000.0,,21.125,-33000000.0,29000000.0,29000000.0,1609000000.0,88000000.0,1.21,2.284,2728000000.0,353000000.0,2375000000.0,2728000000.0,0.0,90000000.0,0.0,0.027,0.2,203000000.0,293000000.0,0.14,293000000.0,203000000.0,148000000.0,0.635,0.63,0.635,2911000000.0,,2911000000.0,6870797457.0,10.0,6.246,110000000.0,0.798,1.0,484000000.0,0.231,4128000000.0,55000000.0,5627000000.0,,1424000000.0,59000000.0,0.0,59000000.0,6650000000.0,2505000000.0,4145000000.0,4123797457.0,-15000000.0,0.0,2000000.0,-103000000.0,-28000000.0,-129000000.0,-29000000.0,0.0,143000000.0,0.0,88000000.0,88000000.0,88000000.0,0.0,0.0,0.042,268000000.0,216000000.0,422000000.0,0.315,1.417,14.027,14.056,1266000000.0,0.0,29.94,0.554,0.554,1489000000.0,1952000000.0,2093000000.0,2093000000.0,0.0,,,,,0.0,268000000.0,1.0,137735386.0,137800000,137800000.0,15.189,5433000000.0,177000000.0,60000000.0,580000000.0,39.427,525000000.0
90,NOC,MRQ,1998-12-31,1998-12-31,1998-12-31,2021-08-25,0.0,9536000000.0,,3033000000.0,6503000000.0,,20.712,-53000000.0,44000000.0,44000000.0,769000000.0,-3000000.0,1.281,2.346,0.0,269000000.0,2562000000.0,0.0,0.0,104000000.0,0.0,0.022,0.2,57000000.0,161000000.0,0.161,161000000.0,57000000.0,-2000000.0,-0.025,-0.02,-0.025,2850000000.0,,2850000000.0,7888637377.0,15.0,8.437,119000000.0,0.865,1.0,232000000.0,0.232,795000000.0,59000000.0,6330000000.0,,1373000000.0,63000000.0,0.0,63000000.0,6686000000.0,2367000000.0,4319000000.0,5032637377.0,-36000000.0,-29000000.0,1000000.0,-105000000.0,-27000000.0,-126000000.0,-82000000.0,0.0,172000000.0,0.0,-3000000.0,-3000000.0,-3000000.0,-1000000.0,0.0,-0.003,-53000000.0,285000000.0,0.0,-8.0,1.766,25.941,25.841,1274000000.0,0.0,36.565,0.683,0.68,1507000000.0,1892000000.0,1001000000.0,1001000000.0,0.0,,,,,0.0,133000000.0,1.0,137635372.0,137600000,137600000.0,7.275,8741000000.0,190000000.0,1000000.0,0.0,63.525,666000000.0
91,NOC,MRQ,1998-09-30,1998-09-30,1998-09-30,2021-08-25,-22000000.0,9972000000.0,,3224000000.0,6748000000.0,,20.943,-22000000.0,80000000.0,80000000.0,1668000000.0,116000000.0,1.252,2.455,2936000000.0,226000000.0,2710000000.0,2936000000.0,0.0,102000000.0,0.0,0.022,0.2,243000000.0,345000000.0,0.156,345000000.0,243000000.0,184000000.0,0.84,0.835,0.84,2886000000.0,,2886000000.0,7874110701.0,11.0,6.95,78000000.0,0.566,1.0,545000000.0,0.246,4227000000.0,59000000.0,6026000000.0,,1580000000.0,112000000.0,0.0,112000000.0,7086000000.0,2575000000.0,4511000000.0,5022110701.0,40000000.0,-51000000.0,3000000.0,44000000.0,-28000000.0,19000000.0,-79000000.0,0.0,100000000.0,0.0,116000000.0,116000000.0,116000000.0,0.0,0.0,0.052,307000000.0,238000000.0,400000000.0,0.238,1.74,15.994,15.835,1308000000.0,0.0,36.5,0.566,0.567,1418000000.0,1922000000.0,2213000000.0,2213000000.0,0.0,,,,,0.0,307000000.0,1.0,137592074.0,137800000,137800000.0,16.06,5745000000.0,477000000.0,68000000.0,828000000.0,41.691,649000000.0
92,NOC,MRQ,1998-06-30,1998-06-30,1998-06-30,2021-08-25,-22000000.0,9977000000.0,,3216000000.0,6761000000.0,,20.197,-36000000.0,40000000.0,40000000.0,1631000000.0,93000000.0,1.224,2.601,2892000000.0,186000000.0,2706000000.0,2892000000.0,0.0,95000000.0,0.0,0.016,0.2,206000000.0,301000000.0,0.141,301000000.0,206000000.0,147000000.0,0.68,0.67,0.68,2771000000.0,,2771000000.0,9789919039.0,14.0,8.788,-27000000.0,-0.197,1.0,508000000.0,0.237,4225000000.0,59000000.0,5977000000.0,,1582000000.0,134000000.0,0.0,134000000.0,7206000000.0,2627000000.0,4579000000.0,6977919039.0,16000000.0,0.0,16000000.0,56000000.0,-27000000.0,45000000.0,-38000000.0,0.0,9000000.0,0.0,93000000.0,93000000.0,93000000.0,0.0,0.0,0.043,306000000.0,202000000.0,465000000.0,0.294,2.518,23.574,23.485,1321000000.0,0.0,51.55,0.779,0.789,1432000000.0,1834000000.0,2139000000.0,2139000000.0,0.0,,,,,0.0,300000000.0,1.0,135362154.0,137200000,137200000.0,15.59,5752000000.0,536000000.0,54000000.0,825000000.0,41.924,589000000.0
93,NOC,MRQ,1998-03-31,1998-03-31,1998-03-31,2021-08-25,-22000000.0,9742000000.0,,3006000000.0,6736000000.0,,19.83,-37000000.0,24000000.0,24000000.0,1536000000.0,-12000000.0,1.182,2.623,2836000000.0,206000000.0,2630000000.0,2836000000.0,0.0,92000000.0,0.0,0.015,0.2,36000000.0,128000000.0,0.064,128000000.0,36000000.0,-19000000.0,-0.09,-0.09,-0.09,2689000000.0,,2689000000.0,10558942909.0,14.0,9.095,-74000000.0,-0.546,1.0,478000000.0,0.237,4271000000.0,55000000.0,5740000000.0,,1424000000.0,144000000.0,0.0,144000000.0,7053000000.0,2543000000.0,4510000000.0,7243942909.0,-39000000.0,0.0,16000000.0,45000000.0,-27000000.0,34000000.0,-36000000.0,0.0,-37000000.0,0.0,-12000000.0,-12000000.0,-12000000.0,0.0,0.0,-0.006,451000000.0,27000000.0,457000000.0,-2.222,2.694,23.292,23.097,1327000000.0,0.0,53.7,0.801,0.805,1403000000.0,1768000000.0,2014000000.0,2014000000.0,0.0,,,,,88000000.0,271000000.0,1.0,134896516.0,135600000,135600000.0,14.853,5471000000.0,535000000.0,-7000000.0,779000000.0,40.347,463000000.0
94,NOC,MRQ,1997-12-31,1997-12-31,1997-12-31,2021-08-25,0.0,9677000000.0,,2936000000.0,6741000000.0,,19.663,-39000000.0,63000000.0,63000000.0,1711000000.0,117000000.0,1.081,2.689,0.0,291000000.0,2500000000.0,0.0,0.0,115000000.0,0.0,0.014,0.2,244000000.0,359000000.0,0.143,359000000.0,244000000.0,184000000.0,0.875,0.855,0.875,2623000000.0,,2623000000.0,,,,421000000.0,3.156,1.0,799000000.0,0.318,4317000000.0,60000000.0,2582000000.0,,1283000000.0,81000000.0,0.0,81000000.0,7054000000.0,2715000000.0,4339000000.0,7756549670.0,15000000.0,0.0,9000000.0,-395000000.0,-28000000.0,-414000000.0,-31000000.0,0.0,460000000.0,0.0,117000000.0,117000000.0,117000000.0,0.0,0.0,0.047,535000000.0,264000000.0,0.0,0.229,2.957,19.058,18.852,1346000000.0,0.0,57.5,0.847,0.838,1441000000.0,1807000000.0,2510000000.0,2510000000.0,0.0,,,,,23000000.0,553000000.0,1.0,134896516.0,133400000,133400000.0,18.816,5360000000.0,567000000.0,67000000.0,0.0,40.18,221000000.0
95,NOC,MRQ,1997-09-30,1997-09-30,1997-09-30,2021-08-25,,,,,,,,-51000000.0,,,1878000000.0,98000000.0,,,,,,,,96000000.0,,0.013,0.2,230000000.0,326000000.0,0.142,326000000.0,230000000.0,162000000.0,0.73,0.72,0.73,,,,,,,79000000.0,0.59,1.0,419000000.0,0.182,,68000000.0,,,,,,,,,,,-80000000.0,-1000000.0,3000000.0,-122000000.0,-26000000.0,-151000000.0,-59000000.0,0.0,130000000.0,0.0,98000000.0,98000000.0,98000000.0,0.0,0.0,0.043,230000000.0,189000000.0,,0.274,,,,,0.0,60.7,,,,,2297000000.0,2297000000.0,0.0,,,,,0.0,214000000.0,1.0,,133800000,133800000.0,17.167,,,64000000.0,,,
96,NOC,MRQ,1997-06-30,1997-06-30,1997-06-30,2021-08-25,,,,,,,,-7000000.0,,,1746000000.0,108000000.0,,,,,,,,112000000.0,,0.018,0.2,236000000.0,348000000.0,0.156,348000000.0,236000000.0,171000000.0,0.81,0.795,0.81,,,,,,,98000000.0,0.735,1.0,482000000.0,0.216,,65000000.0,,,,,,,,,,,6000000.0,0.0,2000000.0,-69000000.0,-24000000.0,-91000000.0,-8000000.0,0.0,105000000.0,0.0,108000000.0,108000000.0,108000000.0,0.0,0.0,0.048,251000000.0,231000000.0,,0.247,,,,,0.0,43.94,,,,,2228000000.0,2228000000.0,0.0,,,,,0.0,249000000.0,1.0,,133400000,133400000.0,16.702,,,63000000.0,,,
97,NOC,MRQ,1997-03-31,1997-03-31,1997-03-31,2021-08-25,,,,,,,,-35000000.0,,,1705000000.0,84000000.0,,,,,,,,95000000.0,,0.021,0.2,198000000.0,293000000.0,0.138,293000000.0,198000000.0,134000000.0,0.625,0.635,0.625,,,,,,,0.0,0.0,1.0,413000000.0,0.195,,64000000.0,,,,,,,,,,,-1000000.0,20000000.0,3000000.0,0.0,-24000000.0,-21000000.0,-15000000.0,0.0,35000000.0,0.0,84000000.0,84000000.0,84000000.0,0.0,0.0,0.04,217000000.0,196000000.0,,0.32,,,,,0.0,37.815,,,,,2118000000.0,2118000000.0,0.0,,,,,1000000.0,217000000.0,1.0,,133200000,133200000.0,15.901,,,50000000.0,,,
98,NOC,MRQ,1996-12-31,1996-12-31,1996-12-31,2021-08-25,0.0,9645000000.0,,2775000000.0,6870000000.0,,,,123000000.0,123000000.0,,,,,0.0,,,0.0,0.0,,0.0,0.019,0.2,,,,,,,,,,,,,,,,,,1.0,,,4458000000.0,,5064000000.0,,1053000000.0,251000000.0,0.0,251000000.0,,,,,,,,,,,,,,,,,,,,,,,0.0,,,,19.609,1412000000.0,,41.375,,0.602,1453000000.0,,,,,,,,,,,1.0,,125200000,,,5187000000.0,598000000.0,,0.0,41.43,
0,NOC,MRT,2021-06-30,2021-06-30,2021-06-30,2021-08-25,-132000000.0,42142000000.0,43201500000.0,12762000000.0,29380000000.0,0.87,69.391,-1053000000.0,3941000000.0,3941000000.0,29890000000.0,4548000000.0,1.486,2.772,14153000000.0,0.0,14153000000.0,14153000000.0,2526000000.0,1256000000.0,0.0,0.016,5.92,6395000000.0,7651000000.0,0.203,7651000000.0,6395000000.0,5790000000.0,27.78,27.72,27.78,11172000000.0,10685750000.0,11172000000.0,69099131823.0,11.0,9.031,2870000000.0,17.826,1.0,7713000000.0,0.205,18198000000.0,605000000.0,25565000000.0,25980500000.0,863000000.0,0.0,0.0,0.0,30970000000.0,8591000000.0,22379000000.0,58498131823.0,-237000000.0,3400000000.0,-2143000000.0,-3328000000.0,-970000000.0,-6510000000.0,2350000000.0,0.0,3923000000.0,0.0,4548000000.0,4548000000.0,4548000000.0,0.0,0.0,0.121,3690000000.0,4023000000.0,2001000000.0,0.213,5.236,12.862,13.082,8739000000.0,0.0,363.43,1.556,1.556,7328000000.0,11144000000.0,37603000000.0,37603000000.0,0.0,0.105,0.426,0.246,0.17,94000000.0,3690000000.0,1.0,160961208.0,161000000,161500000.0,233.559,23944000000.0,433000000.0,1242000000.0,0.0,148.72,4171000000.0
1,NOC,MRT,2021-03-31,2021-03-31,2021-03-31,2021-08-25,-131000000.0,41423000000.0,43534750000.0,12253000000.0,29170000000.0,0.858,64.531,-1148000000.0,3517000000.0,3517000000.0,29840000000.0,4516000000.0,1.464,2.936,14118000000.0,0.0,14118000000.0,14118000000.0,2393000000.0,1264000000.0,0.0,0.018,5.8,6314000000.0,7578000000.0,0.203,7578000000.0,6314000000.0,5691000000.0,27.36,27.31,27.36,10525000000.0,10320750000.0,10525000000.0,64653737798.0,10.0,8.532,4084000000.0,25.04,1.0,7496000000.0,0.201,18250000000.0,623000000.0,25407000000.0,25975750000.0,860000000.0,0.0,0.0,0.0,30898000000.0,8367000000.0,22531000000.0,53956737798.0,239000000.0,3400000000.0,-2146000000.0,-4069000000.0,-964000000.0,-7248000000.0,2255000000.0,0.0,5232000000.0,0.0,4516000000.0,4516000000.0,4516000000.0,0.0,0.0,0.121,3523000000.0,3973000000.0,1895000000.0,0.212,5.127,11.948,11.829,8645000000.0,0.0,323.64,1.445,1.414,7229000000.0,10487000000.0,37336000000.0,37336000000.0,0.0,0.104,0.438,0.243,0.169,90000000.0,3523000000.0,1.0,166718384.0,163100000,163500000.0,228.915,23173000000.0,311000000.0,1175000000.0,0.0,142.078,3886000000.0
2,NOC,MRT,2020-12-31,2020-12-31,2020-12-31,2021-08-25,-128000000.0,44469000000.0,43979750000.0,15344000000.0,29125000000.0,0.837,63.309,-1215000000.0,4907000000.0,4907000000.0,29321000000.0,3189000000.0,1.602,3.204,15604000000.0,0.0,15604000000.0,15604000000.0,2517000000.0,1267000000.0,0.0,0.019,5.67,4321000000.0,5588000000.0,0.152,5588000000.0,4321000000.0,3728000000.0,19.08,19.03,19.08,10579000000.0,9955000000.0,10579000000.0,61358694035.0,14.0,10.98,3090000000.0,18.492,1.0,7478000000.0,0.203,18301000000.0,593000000.0,27285000000.0,26037750000.0,759000000.0,0.0,0.0,0.0,33890000000.0,9580000000.0,24310000000.0,50801694035.0,2662000000.0,0.0,-490000000.0,1134000000.0,-953000000.0,-432000000.0,-1211000000.0,0.0,4305000000.0,0.0,3189000000.0,3189000000.0,3189000000.0,0.0,0.0,0.087,3413000000.0,4065000000.0,1806000000.0,0.297,4.802,15.93,15.971,8604000000.0,0.0,304.72,1.381,1.384,6641000000.0,10482000000.0,36799000000.0,36799000000.0,0.0,0.073,0.32,0.166,0.117,90000000.0,3413000000.0,1.0,166715982.0,167100000,167600000.0,220.221,26168000000.0,311000000.0,539000000.0,0.0,156.601,5764000000.0
3,NOC,MRT,2020-09-30,2020-09-30,2020-09-30,2021-08-25,-121000000.0,44772000000.0,43134750000.0,14552000000.0,30220000000.0,0.819,62.752,-1299000000.0,4995000000.0,4995000000.0,27814000000.0,2450000000.0,1.44,3.277,15552000000.0,0.0,15552000000.0,15552000000.0,2235000000.0,1263000000.0,0.0,0.018,5.54,3417000000.0,4680000000.0,0.133,4680000000.0,3417000000.0,2854000000.0,14.72,14.67,14.72,10467000000.0,9515000000.0,10467000000.0,64010619736.0,19.0,13.677,3868000000.0,23.189,1.0,7494000000.0,0.212,19555000000.0,563000000.0,25665000000.0,25151500000.0,853000000.0,0.0,0.0,0.0,34305000000.0,10109000000.0,24196000000.0,52596619736.0,3868000000.0,0.0,-790000000.0,1773000000.0,-933000000.0,-49000000.0,-1250000000.0,0.0,5167000000.0,0.0,2450000000.0,2450000000.0,2450000000.0,0.0,0.0,0.069,3445000000.0,4049000000.0,2197000000.0,0.376,5.025,21.468,21.433,8666000000.0,0.0,315.49,1.49,1.49,7681000000.0,10394000000.0,35308000000.0,35308000000.0,0.0,0.057,0.257,0.136,0.097,95000000.0,3445000000.0,1.0,166714063.0,166800000,167300000.0,211.679,25217000000.0,188000000.0,404000000.0,39000000.0,151.181,4443000000.0
4,NOC,MRT,2020-06-30,2020-06-30,2020-06-30,2021-08-25,-117000000.0,43475000000.0,42080000000.0,13179000000.0,30296000000.0,0.825,58.191,-1269000000.0,4178000000.0,4178000000.0,27319000000.0,2397000000.0,1.355,3.476,15592000000.0,0.0,15592000000.0,15592000000.0,2179000000.0,1264000000.0,0.0,0.018,5.41,3274000000.0,4538000000.0,0.131,4538000000.0,3274000000.0,2742000000.0,14.33,14.27,14.33,9712000000.0,9331000000.0,9712000000.0,63552087311.0,19.0,14.004,3678000000.0,22.037,1.0,7381000000.0,0.213,19616000000.0,532000000.0,25546000000.0,25312750000.0,832000000.0,0.0,0.0,0.0,33763000000.0,9727000000.0,24036000000.0,51251087311.0,3090000000.0,0.0,-1003000000.0,1389000000.0,-914000000.0,-646000000.0,-1211000000.0,0.0,4947000000.0,0.0,2397000000.0,2397000000.0,2397000000.0,0.0,0.0,0.069,3366000000.0,4015000000.0,2006000000.0,0.378,5.277,21.381,21.454,8591000000.0,0.0,307.44,1.477,1.479,7449000000.0,9652000000.0,34700000000.0,34700000000.0,0.0,0.057,0.257,0.129,0.094,108000000.0,3366000000.0,1.0,166702730.0,166900000,167300000.0,207.909,23859000000.0,346000000.0,345000000.0,0.0,142.954,3452000000.0
5,NOC,MRT,2020-03-31,2020-03-31,2020-03-31,2021-08-25,-116000000.0,43203000000.0,41107250000.0,13128000000.0,30075000000.0,0.834,54.037,-1252000000.0,3278000000.0,3278000000.0,26987000000.0,2253000000.0,1.29,3.767,15579000000.0,0.0,15579000000.0,15579000000.0,2027000000.0,1260000000.0,0.0,0.017,5.28,3082000000.0,4342000000.0,0.127,4342000000.0,3082000000.0,2567000000.0,13.38,13.32,13.38,9062000000.0,9206500000.0,9062000000.0,62551613682.0,20.0,14.406,2965000000.0,17.68,1.0,7285000000.0,0.213,19672000000.0,515000000.0,25655000000.0,25262750000.0,785000000.0,0.0,0.0,0.0,34141000000.0,10177000000.0,23964000000.0,50718613682.0,2430000000.0,0.0,-1028000000.0,1453000000.0,-896000000.0,-590000000.0,-1197000000.0,0.0,4217000000.0,0.0,2253000000.0,2253000000.0,2253000000.0,0.0,0.0,0.066,3318000000.0,3967000000.0,2071000000.0,0.395,5.597,22.512,22.612,8425000000.0,0.0,302.55,1.48,1.48,8054000000.0,9011000000.0,34272000000.0,34272000000.0,0.0,0.055,0.245,0.122,0.09,119000000.0,3318000000.0,1.0,167637130.0,167700000,168400000.0,204.365,23531000000.0,355000000.0,314000000.0,0.0,140.316,2951000000.0
6,NOC,MRT,2019-12-31,2019-12-31,2019-12-31,2021-08-25,-97000000.0,41089000000.0,40244250000.0,10685000000.0,30404000000.0,0.841,52.091,-1264000000.0,2245000000.0,2245000000.0,26582000000.0,2248000000.0,1.133,3.659,14078000000.0,0.0,14078000000.0,14078000000.0,2237000000.0,1265000000.0,0.0,0.015,5.16,3076000000.0,4341000000.0,0.128,4341000000.0,3076000000.0,2548000000.0,13.28,13.22,13.28,8819000000.0,9125750000.0,8819000000.0,71973213801.0,23.0,16.58,3033000000.0,17.915,1.0,7259000000.0,0.215,19748000000.0,528000000.0,23740000000.0,25136250000.0,783000000.0,0.0,0.0,0.0,32270000000.0,9434000000.0,22836000000.0,57970213801.0,666000000.0,0.0,-744000000.0,-729000000.0,-880000000.0,-2424000000.0,-1207000000.0,0.0,4297000000.0,0.0,2248000000.0,2248000000.0,2248000000.0,0.0,0.0,0.066,3290000000.0,3969000000.0,2226000000.0,0.389,6.573,25.787,25.901,8423000000.0,0.0,343.97,1.713,1.721,6660000000.0,8748000000.0,33841000000.0,33841000000.0,0.0,0.056,0.246,0.122,0.091,127000000.0,3290000000.0,1.0,168532761.0,169300000,170000000.0,199.888,21341000000.0,508000000.0,300000000.0,0.0,126.054,1251000000.0
7,NOC,MRT,2019-09-30,2019-09-30,2019-09-30,2021-08-25,-87000000.0,40553000000.0,39385250000.0,10836000000.0,29717000000.0,0.845,57.546,-1256000000.0,1127000000.0,1127000000.0,26436000000.0,3013000000.0,1.288,3.167,15130000000.0,0.0,15130000000.0,15130000000.0,2127000000.0,1190000000.0,0.0,0.013,5.04,4060000000.0,5250000000.0,0.158,5250000000.0,4060000000.0,3520000000.0,17.78,17.7,17.78,9731000000.0,8967750000.0,9731000000.0,77244782884.0,19.0,14.713,2954000000.0,17.469,1.0,6840000000.0,0.206,19830000000.0,540000000.0,26310000000.0,24611000000.0,810000000.0,0.0,0.0,0.0,30822000000.0,8416000000.0,22406000000.0,63413782884.0,-101000000.0,0.0,-1498000000.0,-637000000.0,-863000000.0,-3068000000.0,-1243000000.0,0.0,4210000000.0,0.0,3013000000.0,3013000000.0,3013000000.0,0.0,0.0,0.091,3064000000.0,3776000000.0,2021000000.0,0.283,6.517,21.047,21.079,8122000000.0,0.0,374.79,1.906,1.905,7888000000.0,9649000000.0,33276000000.0,33276000000.0,0.0,0.077,0.336,0.165,0.122,97000000.0,3064000000.0,1.0,169198172.0,169100000,169900000.0,196.783,20723000000.0,83000000.0,507000000.0,111000000.0,122.549,2420000000.0
8,NOC,MRT,2019-06-30,2019-06-30,2019-06-30,2021-08-25,-75000000.0,39584000000.0,38732750000.0,10159000000.0,29425000000.0,0.849,54.296,-1281000000.0,1088000000.0,1088000000.0,25784000000.0,3324000000.0,1.246,3.296,14919000000.0,0.0,14919000000.0,14919000000.0,1942000000.0,1125000000.0,0.0,0.015,4.92,4379000000.0,5504000000.0,0.167,5504000000.0,4379000000.0,3829000000.0,19.41,19.32,19.41,9214000000.0,8810750000.0,9214000000.0,69069974282.0,16.0,12.549,2602000000.0,15.333,1.0,7102000000.0,0.216,19914000000.0,550000000.0,25346000000.0,23649250000.0,810000000.0,0.0,0.0,0.0,30370000000.0,8155000000.0,22215000000.0,54863974282.0,-451000000.0,0.0,-1453000000.0,-702000000.0,-849000000.0,-3080000000.0,-1254000000.0,0.0,3883000000.0,0.0,3324000000.0,3324000000.0,3324000000.0,0.0,0.0,0.101,3105000000.0,3997000000.0,1962000000.0,0.253,5.954,16.505,16.647,7800000000.0,0.0,323.11,1.668,1.667,7489000000.0,9120000000.0,32886000000.0,32886000000.0,0.0,0.086,0.377,0.185,0.133,88000000.0,3105000000.0,1.0,169799679.0,169700000,170300000.0,193.789,19670000000.0,85000000.0,505000000.0,140000000.0,115.91,2004000000.0
9,NOC,MRT,2019-03-31,2019-03-31,2019-03-31,2021-08-25,-59000000.0,39751000000.0,38181250000.0,10443000000.0,29308000000.0,0.826,51.406,-1228000000.0,755000000.0,755000000.0,24621000000.0,3252000000.0,1.184,3.549,14961000000.0,0.0,14961000000.0,14961000000.0,1969000000.0,980000000.0,0.0,0.018,4.8,4334000000.0,5314000000.0,0.168,5314000000.0,4334000000.0,3777000000.0,18.86,18.76,18.86,8739000000.0,8564000000.0,8739000000.0,58065231887.0,13.0,10.927,1923000000.0,11.312,1.0,6928000000.0,0.22,19987000000.0,557000000.0,25149000000.0,22892000000.0,778000000.0,0.0,0.0,0.0,31012000000.0,8821000000.0,22191000000.0,45761231887.0,-9521000000.0,-7657000000.0,-1323000000.0,-1590000000.0,-834000000.0,-3821000000.0,-8851000000.0,0.0,3151000000.0,0.0,3252000000.0,3252000000.0,3252000000.0,0.0,0.0,0.103,3060000000.0,3868000000.0,1932000000.0,0.255,5.236,14.072,14.295,7703000000.0,0.0,269.6,1.45,1.453,7951000000.0,8628000000.0,31549000000.0,31549000000.0,0.0,0.085,0.38,0.189,0.137,93000000.0,3060000000.0,1.0,169737507.0,170000000,170700000.0,185.582,19764000000.0,84000000.0,525000000.0,133000000.0,116.259,1622000000.0
10,NOC,MRT,2018-12-31,2018-12-31,2018-12-31,2021-08-25,-52000000.0,37653000000.0,36942250000.0,9680000000.0,27973000000.0,0.815,47.133,-1249000000.0,1579000000.0,1579000000.0,23304000000.0,3229000000.0,1.17,3.599,13883000000.0,0.0,13883000000.0,13883000000.0,1917000000.0,800000000.0,0.0,0.019,4.7,4304000000.0,5104000000.0,0.17,5104000000.0,4304000000.0,3742000000.0,18.59,18.49,18.59,8187000000.0,8299250000.0,8187000000.0,55180466979.0,13.0,10.811,2578000000.0,14.842,1.0,6791000000.0,0.226,20044000000.0,562000000.0,21639000000.0,21591750000.0,654000000.0,0.0,0.0,0.0,29466000000.0,8274000000.0,21192000000.0,42519466979.0,-9646000000.0,-7657000000.0,-1263000000.0,-2398000000.0,-821000000.0,-4595000000.0,-8878000000.0,0.0,3827000000.0,0.0,3229000000.0,3229000000.0,3229000000.0,0.0,0.0,0.107,3011000000.0,3780000000.0,2182000000.0,0.253,5.194,13.168,13.174,6372000000.0,0.0,244.9,1.413,1.413,6474000000.0,8068000000.0,30095000000.0,30095000000.0,0.0,0.087,0.389,0.199,0.143,86000000.0,3011000000.0,1.0,173619710.0,173700000,174600000.0,173.258,17609000000.0,94000000.0,513000000.0,108000000.0,101.376,1406000000.0
11,NOC,MRT,2018-09-30,2018-09-30,2018-09-30,2021-08-25,-5535000000.0,37943000000.0,36311000000.0,10132000000.0,27811000000.0,0.785,52.286,-1064000000.0,1228000000.0,1228000000.0,22092000000.0,3894000000.0,1.26,3.168,13889000000.0,0.0,13889000000.0,13889000000.0,0.0,686000000.0,0.0,0.014,4.5,5742000000.0,6428000000.0,0.226,6428000000.0,5742000000.0,5186000000.0,22.35,22.22,22.35,9103000000.0,8035500000.0,9103000000.0,68109549488.0,12.0,10.596,1993000000.0,11.447,1.0,6399000000.0,0.225,20102000000.0,556000000.0,22463000000.0,20857750000.0,719000000.0,0.0,0.0,0.0,28840000000.0,8039000000.0,20801000000.0,55261549488.0,-650000000.0,-7657000000.0,-209000000.0,6141000000.0,-790000000.0,4973000000.0,-8680000000.0,0.0,3057000000.0,0.0,3894000000.0,3894000000.0,3894000000.0,0.0,0.0,0.137,2916000000.0,3483000000.0,1939000000.0,0.201,6.071,14.191,14.2,6025000000.0,0.0,317.37,1.94,1.939,7302000000.0,14464000000.0,28491000000.0,28491000000.0,0.0,0.107,0.485,0.275,0.202,110000000.0,2916000000.0,1.0,174123419.0,174100000,174900000.0,163.647,17841000000.0,69000000.0,1292000000.0,0.0,102.476,2093000000.0
12,NOC,MRT,2018-06-30,2018-06-30,2018-06-30,2021-08-25,-5616000000.0,37378000000.0,33453500000.0,9722000000.0,27656000000.0,0.806,47.146,-999000000.0,1539000000.0,1539000000.0,21049000000.0,3293000000.0,1.241,3.543,14387000000.0,0.0,14387000000.0,14387000000.0,0.0,543000000.0,0.0,0.014,4.3,5100000000.0,5643000000.0,0.209,5643000000.0,5100000000.0,4604000000.0,18.89,18.78,18.89,8227000000.0,7383000000.0,8227000000.0,57681007878.0,11.0,10.222,2184000000.0,12.516,1.0,5926000000.0,0.22,20076000000.0,496000000.0,22317000000.0,18268500000.0,690000000.0,0.0,0.0,0.0,29151000000.0,7833000000.0,21318000000.0,53658007878.0,156000000.0,-7657000000.0,-67000000.0,6617000000.0,-755000000.0,5595000000.0,-8622000000.0,0.0,3183000000.0,0.0,3293000000.0,3293000000.0,3293000000.0,0.0,0.0,0.122,2778000000.0,3148000000.0,1824000000.0,0.228,6.522,16.295,16.289,5864000000.0,0.0,307.7,1.989,1.99,7087000000.0,13669000000.0,26975000000.0,26975000000.0,0.0,0.098,0.446,0.279,0.189,105000000.0,2778000000.0,1.0,174384166.0,174500000,175400000.0,154.585,17302000000.0,179000000.0,1311000000.0,0.0,99.152,1889000000.0
13,NOC,MRT,2018-03-31,2018-03-31,2018-03-31,2021-08-25,-5699000000.0,34795000000.0,30562250000.0,16157000000.0,18638000000.0,0.861,44.062,-1017000000.0,10369000000.0,10369000000.0,20400000000.0,3059000000.0,2.519,3.531,14392000000.0,0.0,14392000000.0,14392000000.0,0.0,493000000.0,0.0,0.012,4.1,4868000000.0,5361000000.0,0.204,5361000000.0,4868000000.0,4440000000.0,17.55,17.44,17.55,7680000000.0,6806000000.0,7680000000.0,63951457675.0,13.0,11.929,1798000000.0,10.316,1.0,5929000000.0,0.225,12455000000.0,428000000.0,19948000000.0,15691750000.0,435000000.0,0.0,0.0,0.0,27115000000.0,6415000000.0,20700000000.0,60777457675.0,8966000000.0,0.0,-164000000.0,8218000000.0,-721000000.0,7133000000.0,-982000000.0,0.0,2815000000.0,0.0,3059000000.0,3059000000.0,3059000000.0,0.0,0.0,0.116,2725000000.0,3204000000.0,1395000000.0,0.234,7.914,19.868,19.893,4285000000.0,0.0,349.12,2.308,2.311,5110000000.0,13205000000.0,26329000000.0,26329000000.0,0.0,0.1,0.449,0.31,0.185,96000000.0,2725000000.0,1.0,174087585.0,174300000,175400000.0,151.056,22340000000.0,474000000.0,1381000000.0,0.0,128.17,9742000000.0
14,NOC,MRT,2017-12-31,2017-12-31,2017-12-31,2021-08-25,1000000.0,35128000000.0,28216750000.0,16587000000.0,18541000000.0,0.922,40.894,-928000000.0,11225000000.0,11225000000.0,20074000000.0,2869000000.0,2.339,3.925,14399000000.0,0.0,14399000000.0,14399000000.0,0.0,475000000.0,0.0,0.013,3.9,4589000000.0,5064000000.0,0.195,5064000000.0,4589000000.0,4229000000.0,16.45,16.34,16.45,7132000000.0,6275500000.0,7132000000.0,57775439187.0,13.0,11.409,1685000000.0,9.662,1.0,5930000000.0,0.228,12507000000.0,360000000.0,18703000000.0,14066750000.0,398000000.0,0.0,0.0,0.0,27996000000.0,7092000000.0,20904000000.0,53426439187.0,8684000000.0,0.0,-393000000.0,8232000000.0,-689000000.0,6960000000.0,-889000000.0,0.0,2613000000.0,0.0,2869000000.0,2869000000.0,2869000000.0,0.0,0.0,0.11,2712000000.0,3218000000.0,1661000000.0,0.237,7.491,18.622,18.657,4225000000.0,0.0,306.91,2.055,2.058,4519000000.0,6913000000.0,26004000000.0,26004000000.0,0.0,0.102,0.457,0.326,0.176,94000000.0,2712000000.0,1.0,174078522.0,174400000,175600000.0,149.106,22621000000.0,447000000.0,1360000000.0,0.0,129.708,9495000000.0
15,NOC,MRT,2017-09-30,2017-09-30,2017-09-30,2021-08-25,-5243000000.0,26513000000.0,25838250000.0,7599000000.0,18914000000.0,1.008,37.273,-962000000.0,1878000000.0,1878000000.0,19803000000.0,2216000000.0,1.206,3.083,6227000000.0,0.0,6227000000.0,6227000000.0,0.0,457000000.0,0.0,0.013,3.8,3189000000.0,3646000000.0,0.14,3646000000.0,3189000000.0,2888000000.0,12.69,12.61,12.69,6493000000.0,5807250000.0,6493000000.0,54926412284.0,17.0,15.065,1575000000.0,9.041,1.0,6244000000.0,0.24,12456000000.0,301000000.0,12106000000.0,12403750000.0,1007000000.0,0.0,0.0,0.0,20020000000.0,6300000000.0,13720000000.0,50090412284.0,775000000.0,0.0,-791000000.0,670000000.0,-673000000.0,-933000000.0,-829000000.0,0.0,2537000000.0,0.0,2216000000.0,2216000000.0,2216000000.0,0.0,0.0,0.085,2757000000.0,3487000000.0,1507000000.0,0.299,7.715,22.604,22.673,3925000000.0,0.0,287.72,1.923,1.924,4414000000.0,11546000000.0,26047000000.0,26047000000.0,0.0,0.086,0.382,0.257,0.122,98000000.0,2757000000.0,1.0,174094301.0,174200000,175300000.0,149.524,14057000000.0,1200000000.0,672000000.0,0.0,80.695,1299000000.0
16,NOC,MRT,2017-06-30,2017-06-30,2017-06-30,2021-08-25,-5342000000.0,25813000000.0,25235000000.0,6864000000.0,18949000000.0,1.016,33.92,-882000000.0,1383000000.0,1383000000.0,19417000000.0,2175000000.0,1.11,3.361,6219000000.0,0.0,6219000000.0,6219000000.0,0.0,460000000.0,0.0,0.014,3.7,3177000000.0,3637000000.0,0.142,3637000000.0,3177000000.0,2875000000.0,12.38,12.29,12.38,5919000000.0,5625750000.0,5919000000.0,50471576814.0,16.0,13.877,1455000000.0,8.338,1.0,6216000000.0,0.242,12453000000.0,302000000.0,12010000000.0,12330750000.0,1039000000.0,0.0,0.0,0.0,19894000000.0,6186000000.0,13708000000.0,44814576814.0,244000000.0,0.0,-1232000000.0,670000000.0,-659000000.0,-1331000000.0,-762000000.0,0.0,2337000000.0,0.0,2175000000.0,2175000000.0,2175000000.0,0.0,0.0,0.085,2740000000.0,3476000000.0,1385000000.0,0.299,7.571,20.604,20.736,3802000000.0,0.0,256.71,1.748,1.748,4280000000.0,11087000000.0,25633000000.0,25633000000.0,0.0,0.086,0.387,0.258,0.124,98000000.0,2740000000.0,1.0,174572774.0,174500000,175500000.0,146.894,13360000000.0,1385000000.0,700000000.0,0.0,76.562,678000000.0
17,NOC,MRT,2017-03-31,2017-03-31,2017-03-31,2021-08-25,-5441000000.0,25413000000.0,24802000000.0,6568000000.0,18845000000.0,1.014,31.796,-838000000.0,1403000000.0,1403000000.0,19086000000.0,2137000000.0,1.271,3.572,7060000000.0,0.0,7060000000.0,7060000000.0,0.0,457000000.0,0.0,0.015,3.6,3093000000.0,3550000000.0,0.141,3550000000.0,3093000000.0,2793000000.0,12.07,11.98,12.07,5558000000.0,5566250000.0,5558000000.0,46043722723.0,15.0,12.97,1596000000.0,9.13,1.0,6074000000.0,0.241,12454000000.0,300000000.0,13448000000.0,12270000000.0,933000000.0,0.0,0.0,0.0,19855000000.0,5168000000.0,14687000000.0,41526722723.0,126000000.0,0.0,-1494000000.0,670000000.0,-647000000.0,-1587000000.0,-721000000.0,0.0,2434000000.0,0.0,2137000000.0,2137000000.0,2137000000.0,0.0,0.0,0.085,2674000000.0,3400000000.0,1374000000.0,0.298,7.472,19.432,19.705,3656000000.0,0.0,237.84,1.651,1.652,4072000000.0,10824000000.0,25160000000.0,25160000000.0,0.0,0.086,0.384,0.252,0.123,96000000.0,2674000000.0,1.0,174599406.0,174800000,176100000.0,143.936,12959000000.0,1416000000.0,656000000.0,0.0,74.136,1400000000.0
18,NOC,MRT,2016-12-31,2016-12-31,2016-12-31,2021-08-25,-5546000000.0,25614000000.0,24432000000.0,6856000000.0,18758000000.0,1.011,29.396,-920000000.0,2541000000.0,2541000000.0,18797000000.0,2043000000.0,1.218,3.871,7058000000.0,0.0,7058000000.0,7058000000.0,0.0,456000000.0,0.0,0.015,3.5,2982000000.0,3438000000.0,0.139,3438000000.0,2982000000.0,2681000000.0,11.42,11.32,11.42,5259000000.0,5582000000.0,5259000000.0,46279003633.0,16.0,13.461,1893000000.0,10.581,1.0,5909000000.0,0.239,12450000000.0,301000000.0,12051000000.0,11814500000.0,816000000.0,0.0,0.0,0.0,20355000000.0,5630000000.0,14725000000.0,40995003633.0,222000000.0,0.0,-1547000000.0,563000000.0,-640000000.0,-1786000000.0,-805000000.0,0.0,2813000000.0,0.0,2043000000.0,2043000000.0,2043000000.0,0.0,0.0,0.083,2632000000.0,3277000000.0,1554000000.0,0.306,7.795,20.066,20.366,3588000000.0,0.0,232.58,1.659,1.684,3299000000.0,10630000000.0,24706000000.0,24706000000.0,0.0,0.084,0.366,0.252,0.121,93000000.0,2632000000.0,1.0,176261947.0,178900000,180500000.0,138.099,13164000000.0,1462000000.0,638000000.0,0.0,73.583,1226000000.0
19,NOC,MRT,2016-09-30,2016-09-30,2016-09-30,2021-08-25,-5038000000.0,24100000000.0,24134500000.0,5771000000.0,18329000000.0,0.986,32.381,-745000000.0,1103000000.0,1103000000.0,18189000000.0,2134000000.0,1.13,3.179,6387000000.0,0.0,6387000000.0,6387000000.0,0.0,460000000.0,0.0,0.016,3.4,3095000000.0,3555000000.0,0.149,3555000000.0,3095000000.0,2796000000.0,11.85,11.73,11.85,5767000000.0,5647750000.0,5767000000.0,43454050860.0,14.0,12.223,2170000000.0,12.184,1.0,5616000000.0,0.236,12464000000.0,299000000.0,11814000000.0,11445250000.0,797000000.0,0.0,0.0,0.0,18333000000.0,5106000000.0,13227000000.0,38206050860.0,-189000000.0,0.0,-1467000000.0,-107000000.0,-627000000.0,-2366000000.0,-738000000.0,0.0,2915000000.0,0.0,2134000000.0,2134000000.0,2134000000.0,0.0,0.0,0.09,2565000000.0,3051000000.0,1325000000.0,0.287,6.625,17.903,18.055,3334000000.0,0.0,213.95,1.605,1.601,3659000000.0,10628000000.0,23805000000.0,23805000000.0,0.0,0.088,0.378,0.27,0.13,98000000.0,2565000000.0,1.0,178574671.0,178100000,179600000.0,133.661,11636000000.0,1239000000.0,662000000.0,0.0,65.334,665000000.0
20,NOC,MRT,2016-06-30,2016-06-30,2016-06-30,2021-08-25,-5132000000.0,24081000000.0,24101000000.0,5781000000.0,18300000000.0,0.98,31.544,-710000000.0,1139000000.0,1139000000.0,18044000000.0,2048000000.0,1.134,3.239,6387000000.0,0.0,6387000000.0,6387000000.0,0.0,460000000.0,0.0,0.015,3.3,3056000000.0,3516000000.0,0.149,3516000000.0,3056000000.0,2756000000.0,11.25,11.13,11.25,5681000000.0,5630250000.0,5681000000.0,45220786760.0,15.0,12.861,2024000000.0,11.238,1.0,5585000000.0,0.236,12463000000.0,300000000.0,11767000000.0,11366750000.0,973000000.0,0.0,0.0,0.0,18400000000.0,5099000000.0,13301000000.0,40110786760.0,-768000000.0,0.0,-1948000000.0,-107000000.0,-616000000.0,-2836000000.0,-666000000.0,0.0,2734000000.0,0.0,2048000000.0,2048000000.0,2048000000.0,0.0,0.0,0.087,2566000000.0,3019000000.0,1272000000.0,0.293,7.061,19.585,19.758,3299000000.0,0.0,222.28,1.698,1.694,3483000000.0,10634000000.0,23629000000.0,23629000000.0,0.0,0.085,0.364,0.269,0.129,92000000.0,2566000000.0,1.0,180451623.0,180100000,181500000.0,131.199,11618000000.0,1375000000.0,708000000.0,0.0,64.509,682000000.0
21,NOC,MRT,2016-03-31,2016-03-31,2016-03-31,2021-08-25,-5224000000.0,23933000000.0,24218750000.0,5706000000.0,18227000000.0,0.971,31.004,-652000000.0,1277000000.0,1277000000.0,17903000000.0,2062000000.0,1.152,3.258,6387000000.0,0.0,6387000000.0,6387000000.0,0.0,471000000.0,0.0,0.016,3.2,3063000000.0,3534000000.0,0.15,3534000000.0,3063000000.0,2762000000.0,11.15,11.02,11.15,5621000000.0,5752750000.0,5621000000.0,39905663238.0,13.0,11.292,2104000000.0,11.605,1.0,5622000000.0,0.239,12462000000.0,301000000.0,11626000000.0,11286000000.0,898000000.0,0.0,0.0,0.0,18312000000.0,4955000000.0,13357000000.0,35808663238.0,-1369000000.0,0.0,-2639000000.0,-107000000.0,-606000000.0,-3511000000.0,-614000000.0,0.0,2756000000.0,0.0,2062000000.0,2062000000.0,2062000000.0,0.0,0.0,0.088,2587000000.0,3035000000.0,1204000000.0,0.287,6.371,17.366,17.749,3230000000.0,0.0,197.9,1.522,1.525,3346000000.0,10664000000.0,23525000000.0,23525000000.0,0.0,0.085,0.358,0.271,0.13,91000000.0,2587000000.0,1.0,180943220.0,181300000,183400000.0,129.757,11471000000.0,1383000000.0,700000000.0,0.0,63.271,751000000.0
22,NOC,MRT,2015-12-31,2015-12-31,2015-12-31,2021-08-25,-5320000000.0,24424000000.0,24552000000.0,6334000000.0,18090000000.0,0.958,29.155,-471000000.0,2319000000.0,2319000000.0,17884000000.0,1990000000.0,1.161,3.423,6386000000.0,0.0,6386000000.0,6386000000.0,0.0,467000000.0,0.0,0.016,3.1,3091000000.0,3558000000.0,0.151,3558000000.0,3091000000.0,2790000000.0,10.51,10.39,10.51,5522000000.0,6034500000.0,5522000000.0,39560741782.0,13.0,11.119,1691000000.0,8.928,1.0,5642000000.0,0.24,12460000000.0,301000000.0,10574000000.0,11202000000.0,807000000.0,0.0,0.0,0.0,18902000000.0,5457000000.0,13445000000.0,34435741782.0,-1544000000.0,0.0,-3182000000.0,600000000.0,-603000000.0,-3275000000.0,-431000000.0,0.0,2162000000.0,0.0,1990000000.0,1990000000.0,1990000000.0,0.0,0.0,0.085,2566000000.0,3076000000.0,1282000000.0,0.295,6.236,17.304,17.965,3064000000.0,0.0,188.81,1.464,1.52,2841000000.0,10661000000.0,23526000000.0,23526000000.0,0.0,0.081,0.33,0.276,0.131,-4000000.0,2566000000.0,1.0,182383040.0,189400000,191600000.0,124.213,11964000000.0,1409000000.0,800000000.0,0.0,63.168,877000000.0
23,NOC,MRT,2015-09-30,2015-09-30,2015-09-30,2021-08-25,-5099000000.0,23966000000.0,25089000000.0,5951000000.0,18015000000.0,0.954,30.662,-610000000.0,1292000000.0,1292000000.0,18159000000.0,2037000000.0,1.159,3.207,6417000000.0,0.0,6417000000.0,6417000000.0,0.0,469000000.0,0.0,0.018,3.0,3170000000.0,3639000000.0,0.152,3639000000.0,3170000000.0,2870000000.0,10.52,10.37,10.52,5697000000.0,6462750000.0,5697000000.0,35607788030.0,11.0,9.785,1409000000.0,7.583,1.0,5781000000.0,0.241,12458000000.0,300000000.0,11500000000.0,11127500000.0,856000000.0,0.0,0.0,0.0,18269000000.0,5133000000.0,13136000000.0,31097788030.0,-2110000000.0,0.0,-3474000000.0,600000000.0,-598000000.0,-3543000000.0,-586000000.0,0.0,2019000000.0,0.0,2037000000.0,2037000000.0,2037000000.0,0.0,0.0,0.085,2632000000.0,3149000000.0,1194000000.0,0.285,5.459,15.266,15.775,3005000000.0,0.0,165.95,1.299,1.288,3268000000.0,10613000000.0,23940000000.0,23940000000.0,0.0,0.081,0.315,0.285,0.132,-6000000.0,2632000000.0,1.0,187392516.0,185800000,187900000.0,128.848,11508000000.0,1688000000.0,833000000.0,0.0,61.938,818000000.0
24,NOC,MRT,2015-06-30,2015-06-30,2015-06-30,2021-08-25,-5181000000.0,24552000000.0,25358250000.0,6460000000.0,18092000000.0,0.944,32.174,-617000000.0,1907000000.0,1907000000.0,18272000000.0,1994000000.0,1.253,2.979,6417000000.0,0.0,6417000000.0,6417000000.0,0.0,461000000.0,0.0,0.018,2.9,3129000000.0,3590000000.0,0.15,3590000000.0,3129000000.0,2835000000.0,10.03,9.88,10.03,6171000000.0,7511750000.0,6171000000.0,34512064423.0,11.0,9.613,1778000000.0,9.27,1.0,5673000000.0,0.237,12464000000.0,294000000.0,11444000000.0,10650750000.0,856000000.0,0.0,0.0,0.0,18381000000.0,5154000000.0,13227000000.0,30740064423.0,-1569000000.0,0.0,-3283000000.0,600000000.0,-592000000.0,-3333000000.0,-631000000.0,0.0,2395000000.0,0.0,1994000000.0,1994000000.0,1994000000.0,0.0,0.0,0.083,2549000000.0,3124000000.0,1246000000.0,0.289,4.981,15.416,15.816,3005000000.0,0.0,158.63,1.284,1.271,3151000000.0,11164000000.0,23945000000.0,23945000000.0,0.0,0.079,0.265,0.294,0.131,17000000.0,2549000000.0,1.0,193784684.0,191800000,193700000.0,124.844,12088000000.0,1769000000.0,841000000.0,0.0,63.024,1306000000.0
25,NOC,MRT,2015-03-31,2015-03-31,2015-03-31,2021-08-25,-5290000000.0,25266000000.0,25558000000.0,7143000000.0,18123000000.0,0.942,34.133,-618000000.0,2646000000.0,2646000000.0,18459000000.0,1974000000.0,1.352,2.744,6418000000.0,0.0,6418000000.0,6418000000.0,0.0,452000000.0,0.0,0.017,2.8,3144000000.0,3596000000.0,0.149,3596000000.0,3144000000.0,2855000000.0,9.67,9.51,9.67,6748000000.0,8536000000.0,6748000000.0,33997397407.0,11.0,9.454,1723000000.0,8.715,1.0,5629000000.0,0.234,12464000000.0,289000000.0,11290000000.0,10269750000.0,818000000.0,0.0,0.0,0.0,18518000000.0,5284000000.0,13234000000.0,31935397407.0,-1239000000.0,0.0,-2923000000.0,600000000.0,-587000000.0,-2952000000.0,-628000000.0,0.0,2341000000.0,0.0,1974000000.0,1974000000.0,1974000000.0,0.0,0.0,0.082,2498000000.0,3131000000.0,1248000000.0,0.29,4.733,16.178,16.645,2989000000.0,0.0,160.96,1.326,1.321,3131000000.0,11843000000.0,24088000000.0,24088000000.0,0.0,0.077,0.231,0.306,0.131,18000000.0,2498000000.0,1.0,198405799.0,197700000,200500000.0,121.841,12802000000.0,1764000000.0,881000000.0,0.0,64.755,1859000000.0
26,NOC,MRT,2014-12-31,2014-12-31,2014-12-31,2021-08-25,-5356000000.0,26572000000.0,25625250000.0,7780000000.0,18792000000.0,0.936,34.65,-561000000.0,3863000000.0,3863000000.0,18378000000.0,2069000000.0,1.32,2.673,5925000000.0,0.0,5925000000.0,5925000000.0,0.0,462000000.0,0.0,0.018,2.71,3219000000.0,3681000000.0,0.154,3681000000.0,3219000000.0,2937000000.0,9.91,9.75,9.91,7235000000.0,9491250000.0,7235000000.0,32296675206.0,10.0,8.774,2032000000.0,9.732,1.0,5601000000.0,0.234,12466000000.0,282000000.0,10276000000.0,9906750000.0,742000000.0,0.0,0.0,0.0,19337000000.0,5892000000.0,13445000000.0,29772675206.0,-1287000000.0,0.0,-2668000000.0,0.0,-563000000.0,-3235000000.0,-645000000.0,0.0,2593000000.0,0.0,2069000000.0,2069000000.0,2069000000.0,0.0,0.0,0.086,2405000000.0,3196000000.0,1305000000.0,0.273,4.115,14.39,14.873,2991000000.0,0.0,147.39,1.242,1.283,2806000000.0,12392000000.0,23979000000.0,23979000000.0,0.0,0.081,0.218,0.325,0.134,53000000.0,2405000000.0,1.0,201999289.0,208800000,212100000.0,114.842,14106000000.0,2026000000.0,868000000.0,0.0,67.557,1888000000.0
27,NOC,MRT,2014-09-30,2014-09-30,2014-09-30,2021-08-25,-2878000000.0,25043000000.0,25577500000.0,8122000000.0,16921000000.0,0.939,47.978,-471000000.0,3402000000.0,3402000000.0,18553000000.0,2041000000.0,1.474,1.531,5926000000.0,0.0,5926000000.0,5926000000.0,0.0,472000000.0,0.0,0.02,2.62,3225000000.0,3697000000.0,0.154,3697000000.0,3225000000.0,2943000000.0,9.55,9.39,9.55,9893000000.0,10337500000.0,9893000000.0,29849003244.0,9.0,8.074,1836000000.0,8.904,1.0,5475000000.0,0.228,12463000000.0,282000000.0,9593000000.0,9564250000.0,671000000.0,0.0,0.0,0.0,15150000000.0,5511000000.0,9639000000.0,27398003244.0,-1542000000.0,0.0,-2768000000.0,0.0,-557000000.0,-3315000000.0,-534000000.0,0.0,2307000000.0,0.0,2041000000.0,2041000000.0,2041000000.0,0.0,0.0,0.085,2273000000.0,3202000000.0,1193000000.0,0.274,2.769,13.424,13.797,2845000000.0,0.0,131.76,1.14,1.131,3233000000.0,12568000000.0,24028000000.0,24028000000.0,0.0,0.08,0.197,0.337,0.134,38000000.0,2273000000.0,1.0,207938701.0,206200000,209200000.0,116.528,12580000000.0,655000000.0,902000000.0,0.0,61.009,2611000000.0
28,NOC,MRT,2014-06-30,2014-06-30,2014-06-30,2021-08-25,-2886000000.0,25351000000.0,26168000000.0,8390000000.0,16961000000.0,0.923,48.343,-452000000.0,3476000000.0,3476000000.0,18679000000.0,2065000000.0,1.55,1.469,5927000000.0,0.0,5927000000.0,5927000000.0,0.0,487000000.0,0.0,0.021,2.53,3252000000.0,3739000000.0,0.155,3739000000.0,3252000000.0,2969000000.0,9.44,9.27,9.44,10268000000.0,10203250000.0,10268000000.0,27659002470.0,9.0,7.397,1872000000.0,8.814,1.0,5471000000.0,0.227,12468000000.0,283000000.0,9920000000.0,9713250000.0,741000000.0,0.0,0.0,0.0,15083000000.0,5414000000.0,9669000000.0,25617002470.0,-1428000000.0,0.0,-2751000000.0,0.0,-553000000.0,-3240000000.0,-512000000.0,0.0,2324000000.0,0.0,2065000000.0,2065000000.0,2065000000.0,0.0,0.0,0.086,2248000000.0,3223000000.0,1178000000.0,0.268,2.495,12.405,12.673,2818000000.0,0.0,119.63,1.061,1.052,3280000000.0,12945000000.0,24150000000.0,24150000000.0,0.0,0.079,0.202,0.335,0.135,34000000.0,2248000000.0,1.0,214135271.0,212400000,215200000.0,113.701,12883000000.0,734000000.0,904000000.0,0.0,60.654,2976000000.0
29,NOC,MRT,2014-03-31,2014-03-31,2014-03-31,2021-08-25,-2921000000.0,25535000000.0,26707250000.0,8604000000.0,16931000000.0,0.914,48.863,-384000000.0,3885000000.0,3885000000.0,18956000000.0,2042000000.0,1.632,1.416,5927000000.0,0.0,5927000000.0,5927000000.0,0.0,494000000.0,0.0,0.02,2.44,3210000000.0,3704000000.0,0.152,3704000000.0,3210000000.0,2937000000.0,9.12,8.95,9.12,10569000000.0,10025750000.0,10569000000.0,27519041658.0,9.0,7.43,1696000000.0,7.841,1.0,5449000000.0,0.223,12468000000.0,273000000.0,9838000000.0,9847500000.0,781000000.0,0.0,0.0,0.0,14966000000.0,5271000000.0,9695000000.0,26741041658.0,702000000.0,0.0,-2485000000.0,1964000000.0,-547000000.0,-938000000.0,-440000000.0,0.0,2080000000.0,0.0,2042000000.0,2042000000.0,2042000000.0,0.0,0.0,0.084,2240000000.0,3209000000.0,1229000000.0,0.268,2.53,13.096,13.529,2793000000.0,0.0,123.38,1.096,1.094,3234000000.0,12983000000.0,24405000000.0,24405000000.0,0.0,0.076,0.204,0.326,0.132,48000000.0,2240000000.0,1.0,216737248.0,216300000,220400000.0,112.829,13067000000.0,738000000.0,895000000.0,0.0,60.411,3333000000.0
30,NOC,MRT,2013-12-31,2013-12-31,2013-12-31,2021-08-25,-2984000000.0,26381000000.0,26802000000.0,9488000000.0,16893000000.0,0.92,46.254,-364000000.0,5150000000.0,5150000000.0,19282000000.0,1952000000.0,1.632,1.484,5928000000.0,0.0,5928000000.0,5928000000.0,0.0,495000000.0,0.0,0.021,2.38,3120000000.0,3615000000.0,0.147,3615000000.0,3120000000.0,2863000000.0,8.5,8.35,8.5,10620000000.0,9750750000.0,10620000000.0,26426340718.0,8.0,7.31,2119000000.0,9.229,1.0,5379000000.0,0.218,12438000000.0,257000000.0,8906000000.0,9557000000.0,698000000.0,0.0,0.0,0.0,15761000000.0,5815000000.0,9946000000.0,25442340718.0,1288000000.0,0.0,-2371000000.0,1964000000.0,-545000000.0,-849000000.0,-346000000.0,0.0,2483000000.0,0.0,1952000000.0,1952000000.0,1952000000.0,0.0,0.0,0.079,2256000000.0,3123000000.0,1229000000.0,0.28,2.396,13.034,13.484,2806000000.0,0.0,114.61,1.032,1.067,2685000000.0,12538000000.0,24661000000.0,24661000000.0,0.0,0.073,0.2,0.326,0.127,101000000.0,2256000000.0,1.0,221990583.0,229600000,233900000.0,107.409,13943000000.0,814000000.0,911000000.0,0.0,60.727,3673000000.0
31,NOC,MRT,2013-09-30,2013-09-30,2013-09-30,2021-08-25,-4543000000.0,27405000000.0,26842500000.0,9591000000.0,17814000000.0,0.931,40.999,-313000000.0,4944000000.0,4944000000.0,19369000000.0,2007000000.0,1.665,1.929,5928000000.0,0.0,5928000000.0,5928000000.0,0.0,484000000.0,0.0,0.024,2.32,3180000000.0,3664000000.0,0.147,3664000000.0,3180000000.0,2943000000.0,8.53,8.36,8.53,9356000000.0,9474250000.0,9356000000.0,22950533808.0,7.0,6.264,2023000000.0,8.865,1.0,5611000000.0,0.225,12438000000.0,237000000.0,10189000000.0,9361500000.0,784000000.0,0.0,0.0,0.0,18049000000.0,5762000000.0,12287000000.0,21925533808.0,1419000000.0,0.0,-2284000000.0,1964000000.0,-545000000.0,-603000000.0,-314000000.0,0.0,2336000000.0,0.0,2007000000.0,2007000000.0,2007000000.0,0.0,0.0,0.08,2432000000.0,3179000000.0,1221000000.0,0.272,2.343,10.925,11.168,2763000000.0,0.0,95.26,0.878,0.87,3003000000.0,12196000000.0,24980000000.0,24980000000.0,0.0,0.075,0.212,0.34,0.127,149000000.0,2432000000.0,1.0,230165167.0,228200000,232600000.0,109.465,14967000000.0,1870000000.0,936000000.0,0.0,65.587,3829000000.0
32,NOC,MRT,2013-06-30,2013-06-30,2013-06-30,2021-08-25,-4635000000.0,27508000000.0,26306750000.0,9564000000.0,17944000000.0,0.956,40.846,-287000000.0,4904000000.0,4904000000.0,19570000000.0,1969000000.0,1.696,1.878,5929000000.0,0.0,5929000000.0,5929000000.0,1802000000.0,492000000.0,0.0,0.027,2.26,3138000000.0,3630000000.0,0.144,3630000000.0,3138000000.0,2918000000.0,8.21,8.04,8.21,9558000000.0,9872000000.0,9558000000.0,20225987238.0,6.0,5.572,1911000000.0,8.167,1.0,5574000000.0,0.222,12437000000.0,220000000.0,10457000000.0,8715500000.0,745000000.0,0.0,0.0,0.0,17950000000.0,5639000000.0,12311000000.0,19471987238.0,1756000000.0,0.0,-1749000000.0,1964000000.0,-542000000.0,-114000000.0,-328000000.0,0.0,2198000000.0,0.0,1969000000.0,1969000000.0,1969000000.0,0.0,0.0,0.078,2449000000.0,3125000000.0,1195000000.0,0.275,2.037,9.889,10.085,2783000000.0,0.0,82.8,0.774,0.771,3124000000.0,11838000000.0,25144000000.0,25144000000.0,0.0,0.075,0.199,0.36,0.125,135000000.0,2449000000.0,1.0,235168928.0,234000000,237500000.0,107.453,15071000000.0,1980000000.0,949000000.0,0.0,64.406,3925000000.0
33,NOC,MRT,2013-03-31,2013-03-31,2013-03-31,2021-08-25,-4723000000.0,25914000000.0,25736250000.0,7846000000.0,18068000000.0,0.976,40.055,-290000000.0,3183000000.0,3183000000.0,19584000000.0,1961000000.0,1.412,1.737,3937000000.0,0.0,3937000000.0,3937000000.0,1801000000.0,500000000.0,0.0,0.031,2.2,3133000000.0,3633000000.0,0.145,3633000000.0,3133000000.0,2921000000.0,8.03,7.87,8.03,9469000000.0,10161250000.0,9469000000.0,16702424045.0,5.0,4.597,2456000000.0,10.389,1.0,5540000000.0,0.221,12437000000.0,212000000.0,8676000000.0,8115750000.0,930000000.0,0.0,0.0,0.0,16445000000.0,5555000000.0,10890000000.0,16634424045.0,501000000.0,0.0,-1549000000.0,0.0,-538000000.0,-1954000000.0,-291000000.0,0.0,2746000000.0,0.0,1961000000.0,1961000000.0,1961000000.0,0.0,0.0,0.078,2447000000.0,3093000000.0,1225000000.0,0.274,1.757,8.483,8.736,2829000000.0,0.0,70.15,0.662,0.66,3050000000.0,11496000000.0,25124000000.0,25124000000.0,0.0,0.076,0.193,0.386,0.125,146000000.0,2447000000.0,1.0,237126501.0,236400000,241000000.0,106.277,13477000000.0,2034000000.0,960000000.0,0.0,57.009,2291000000.0
34,NOC,MRT,2012-12-31,2012-12-31,2012-12-31,2021-08-25,-4787000000.0,26543000000.0,25521000000.0,8392000000.0,18151000000.0,0.988,38.27,-331000000.0,3862000000.0,3862000000.0,19638000000.0,1978000000.0,1.386,1.79,3930000000.0,0.0,3930000000.0,3930000000.0,0.0,510000000.0,0.0,0.032,2.15,3177000000.0,3687000000.0,0.146,3687000000.0,3177000000.0,2965000000.0,7.96,7.81,7.96,9514000000.0,10429250000.0,9514000000.0,16993099370.0,5.0,4.609,2309000000.0,9.288,1.0,5580000000.0,0.221,12431000000.0,212000000.0,8124000000.0,8030750000.0,798000000.0,0.0,0.0,0.0,17029000000.0,6056000000.0,10973000000.0,16587099370.0,860000000.0,0.0,-1316000000.0,0.0,-535000000.0,-1696000000.0,-84000000.0,250000000.0,2640000000.0,0.0,1978000000.0,1978000000.0,1978000000.0,0.0,0.0,0.078,2450000000.0,3130000000.0,1392000000.0,0.27,1.743,8.386,8.49,2887000000.0,0.0,67.58,0.658,0.666,2858000000.0,11138000000.0,25218000000.0,25218000000.0,0.0,0.078,0.19,0.396,0.126,138000000.0,2450000000.0,1.0,245443909.0,248600000,253400000.0,101.44,14112000000.0,2116000000.0,987000000.0,0.0,56.766,2336000000.0
35,NOC,MRT,2012-09-30,2012-09-30,2012-09-30,2021-08-25,-3334000000.0,25262000000.0,25238000000.0,7902000000.0,17360000000.0,1.0,44.284,-362000000.0,3525000000.0,3525000000.0,19793000000.0,1993000000.0,1.389,1.308,3931000000.0,0.0,3931000000.0,3931000000.0,1838000000.0,528000000.0,0.0,0.032,2.1,3169000000.0,3697000000.0,0.146,3697000000.0,3169000000.0,2958000000.0,7.87,7.73,7.87,10947000000.0,10634750000.0,10947000000.0,17206177040.0,5.0,4.654,2542000000.0,10.283,1.0,5455000000.0,0.216,12373000000.0,211000000.0,7605000000.0,7958500000.0,627000000.0,0.0,0.0,0.0,14315000000.0,5690000000.0,8625000000.0,16422177040.0,579000000.0,0.0,-1386000000.0,-18000000.0,-530000000.0,-1977000000.0,-348000000.0,0.0,2904000000.0,0.0,1993000000.0,1993000000.0,1993000000.0,2000000.0,0.0,0.079,2350000000.0,3105000000.0,1194000000.0,0.267,1.5,8.24,8.441,2895000000.0,0.0,66.43,0.65,0.65,2973000000.0,10739000000.0,25248000000.0,25248000000.0,0.0,0.079,0.187,0.398,0.126,144000000.0,2350000000.0,1.0,247210252.0,247200000,252100000.0,102.136,12889000000.0,1240000000.0,965000000.0,0.0,52.14,2212000000.0
36,NOC,MRT,2012-06-30,2012-06-30,2012-06-30,2021-08-25,-3395000000.0,25226000000.0,25197500000.0,7700000000.0,17526000000.0,1.016,42.723,-407000000.0,3148000000.0,3148000000.0,20029000000.0,2054000000.0,1.373,1.354,3932000000.0,0.0,3932000000.0,3932000000.0,1826000000.0,532000000.0,0.0,0.032,2.05,3233000000.0,3765000000.0,0.147,3765000000.0,3233000000.0,3018000000.0,7.9,7.77,7.9,10715000000.0,10885750000.0,10715000000.0,17294425488.0,5.0,4.593,2633000000.0,10.498,1.0,5561000000.0,0.217,12344000000.0,215000000.0,8058000000.0,8024250000.0,704000000.0,0.0,0.0,0.0,14511000000.0,5608000000.0,8903000000.0,16043425488.0,338000000.0,0.0,-1755000000.0,-18000000.0,-531000000.0,-2354000000.0,-348000000.0,0.0,3040000000.0,0.0,2054000000.0,2054000000.0,2054000000.0,2000000.0,0.0,0.08,2367000000.0,3194000000.0,1191000000.0,0.259,1.497,7.811,8.075,2935000000.0,0.0,63.79,0.627,0.625,3119000000.0,10419000000.0,25590000000.0,25590000000.0,0.0,0.082,0.189,0.403,0.126,146000000.0,2367000000.0,1.0,251503770.0,250800000,254700000.0,102.033,12882000000.0,1342000000.0,964000000.0,0.0,51.364,2092000000.0
37,NOC,MRT,2012-03-31,2012-03-31,2012-03-31,2021-08-25,-3434000000.0,25053000000.0,25235250000.0,7360000000.0,17693000000.0,1.025,41.648,-450000000.0,2682000000.0,2682000000.0,20272000000.0,2094000000.0,1.316,1.377,3933000000.0,0.0,3933000000.0,3933000000.0,1756000000.0,543000000.0,0.0,0.033,2.0,3295000000.0,3838000000.0,0.148,3838000000.0,3295000000.0,3079000000.0,7.83,7.7,7.83,10541000000.0,11244250000.0,10541000000.0,16376748878.0,5.0,4.267,1680000000.0,6.638,1.0,5604000000.0,0.217,12374000000.0,216000000.0,8336000000.0,8060000000.0,804000000.0,0.0,0.0,0.0,14512000000.0,5594000000.0,8918000000.0,15430748878.0,-1337000000.0,0.0,-2447000000.0,-18000000.0,-533000000.0,-3035000000.0,-432000000.0,0.0,2130000000.0,0.0,2094000000.0,2094000000.0,2094000000.0,2000000.0,0.0,0.081,2343000000.0,3261000000.0,1226000000.0,0.255,1.464,7.369,7.801,2993000000.0,0.0,61.08,0.596,0.597,3231000000.0,10077000000.0,25876000000.0,25876000000.0,0.0,0.083,0.186,0.409,0.127,107000000.0,2343000000.0,1.0,252631776.0,253100000,258000000.0,102.236,12679000000.0,1361000000.0,985000000.0,0.0,50.095,1766000000.0
38,NOC,MRT,2011-12-31,2011-12-31,2011-12-31,2021-08-25,-3490000000.0,25411000000.0,25669500000.0,7746000000.0,17665000000.0,1.029,37.341,-492000000.0,3002000000.0,3002000000.0,20786000000.0,2118000000.0,1.263,1.458,3935000000.0,0.0,3935000000.0,3935000000.0,1777000000.0,544000000.0,0.0,0.034,1.97,3336000000.0,3880000000.0,0.147,3880000000.0,3336000000.0,3115000000.0,7.65,7.52,7.65,10336000000.0,11778250000.0,10336000000.0,16308687675.0,5.0,4.203,1623000000.0,5.863,1.0,5626000000.0,0.213,12374000000.0,221000000.0,7835000000.0,7983250000.0,873000000.0,0.0,0.0,0.0,15075000000.0,6135000000.0,8940000000.0,15279687675.0,-699000000.0,1429000000.0,-2194000000.0,-768000000.0,-543000000.0,-3494000000.0,680000000.0,-250000000.0,2115000000.0,0.0,2118000000.0,2118000000.0,2118000000.0,-32000000.0,0.0,0.08,2350000000.0,3276000000.0,1481000000.0,0.258,1.478,7.214,7.644,3047000000.0,0.0,58.48,0.579,0.613,2964000000.0,9699000000.0,26412000000.0,26412000000.0,0.0,0.083,0.18,0.418,0.126,123000000.0,2350000000.0,1.0,261280569.0,276800000,281600000.0,95.419,13037000000.0,1396000000.0,997000000.0,0.0,47.099,1611000000.0
39,NOC,MRT,2011-09-30,2011-09-30,2011-09-30,2021-08-25,-2176000000.0,25100000000.0,27169250000.0,7686000000.0,17414000000.0,0.987,43.474,-610000000.0,2946000000.0,2946000000.0,21296000000.0,1946000000.0,1.343,1.1,3975000000.0,39000000.0,3936000000.0,3975000000.0,1744000000.0,630000000.0,0.0,0.037,1.94,3046000000.0,3676000000.0,0.137,3676000000.0,3046000000.0,2815000000.0,6.84,6.74,6.84,11951000000.0,12553250000.0,11951000000.0,15675217204.0,5.0,4.264,1571000000.0,5.715,1.0,5513000000.0,0.206,12540000000.0,231000000.0,7868000000.0,8484000000.0,884000000.0,0.0,0.0,0.0,13149000000.0,5721000000.0,7428000000.0,14506217204.0,419000000.0,1429000000.0,-1588000000.0,43000000.0,-551000000.0,-2472000000.0,710000000.0,-2000000.0,2181000000.0,0.0,1946000000.0,1946000000.0,1946000000.0,-104000000.0,0.0,0.073,2361000000.0,3152000000.0,1338000000.0,0.284,1.214,7.454,7.627,3010000000.0,0.0,52.17,0.541,0.535,3328000000.0,9401000000.0,26809000000.0,26809000000.0,0.0,0.072,0.155,0.359,0.114,62000000.0,2361000000.0,1.0,278056684.0,274900000,279300000.0,97.523,12560000000.0,880000000.0,869000000.0,0.0,45.689,1965000000.0
40,NOC,MRT,2011-06-30,2011-06-30,2011-06-30,2021-08-25,-2173000000.0,25377000000.0,28438250000.0,7814000000.0,17563000000.0,0.959,42.99,-624000000.0,2810000000.0,2810000000.0,21872000000.0,1923000000.0,1.348,1.089,3979000000.0,42000000.0,3937000000.0,3979000000.0,1820000000.0,608000000.0,0.0,0.028,1.91,3019000000.0,3627000000.0,0.133,3627000000.0,3019000000.0,2781000000.0,6.64,6.55,6.64,12149000000.0,12864000000.0,12149000000.0,20259160572.0,7.0,5.586,1587000000.0,5.616,1.0,5396000000.0,0.198,12550000000.0,238000000.0,8201000000.0,8961000000.0,902000000.0,0.0,0.0,0.0,13228000000.0,5795000000.0,7433000000.0,20300160572.0,767000000.0,1416000000.0,-1210000000.0,42000000.0,-552000000.0,-2092000000.0,648000000.0,-2000000.0,2211000000.0,0.0,1923000000.0,1923000000.0,1923000000.0,-153000000.0,0.0,0.071,2346000000.0,3050000000.0,1259000000.0,0.288,1.671,10.557,10.444,3028000000.0,0.0,69.35,0.744,0.719,3474000000.0,9018000000.0,27268000000.0,27268000000.0,0.0,0.068,0.149,0.337,0.111,67000000.0,2346000000.0,1.0,292720412.0,282600000,287200000.0,96.49,12827000000.0,1020000000.0,858000000.0,0.0,45.389,2019000000.0
41,NOC,MRT,2011-03-31,2011-03-31,2011-03-31,2021-08-25,-2187000000.0,26790000000.0,29517500000.0,9071000000.0,17719000000.0,0.947,43.444,-605000000.0,4019000000.0,4019000000.0,22593000000.0,2114000000.0,1.472,1.113,3978000000.0,39000000.0,3939000000.0,3978000000.0,1899000000.0,577000000.0,0.0,0.03,1.88,2889000000.0,3466000000.0,0.124,3466000000.0,2889000000.0,2639000000.0,7.17,7.08,7.17,12677000000.0,13052500000.0,12677000000.0,19396237603.0,7.0,5.596,2259000000.0,7.742,1.0,5370000000.0,0.192,12559000000.0,250000000.0,8029000000.0,9374500000.0,859000000.0,0.0,0.0,0.0,14113000000.0,6161000000.0,7952000000.0,18268237603.0,2059000000.0,1429000000.0,-568000000.0,39000000.0,-553000000.0,-1461000000.0,656000000.0,-2000000.0,2864000000.0,0.0,2114000000.0,2114000000.0,2114000000.0,-124000000.0,0.0,0.076,2411000000.0,2959000000.0,1347000000.0,0.262,1.441,8.642,8.746,3046000000.0,0.0,62.71,0.653,0.654,3563000000.0,8637000000.0,27963000000.0,27963000000.0,0.0,0.072,0.162,0.308,0.103,79000000.0,2411000000.0,1.0,291312990.0,291800000,296900000.0,95.829,14231000000.0,1108000000.0,525000000.0,0.0,48.77,2910000000.0
42,NOC,MRT,2010-12-31,2010-12-31,2010-12-31,2021-08-25,-2757000000.0,31410000000.0,30260500000.0,13774000000.0,17636000000.0,0.93,45.254,-585000000.0,3701000000.0,3701000000.0,22849000000.0,2053000000.0,1.374,1.338,4724000000.0,784000000.0,3940000000.0,4724000000.0,1969000000.0,555000000.0,0.0,0.028,1.84,2784000000.0,3339000000.0,0.119,3339000000.0,2784000000.0,2515000000.0,6.91,6.82,6.91,13436000000.0,13043250000.0,13436000000.0,20596023451.0,7.0,6.168,1868000000.0,6.292,1.0,5294000000.0,0.188,12568000000.0,269000000.0,9838000000.0,9908500000.0,896000000.0,0.0,0.0,0.0,17974000000.0,10027000000.0,7947000000.0,18915023451.0,427000000.0,0.0,-1035000000.0,702000000.0,-545000000.0,-1266000000.0,-760000000.0,-2000000.0,2453000000.0,0.0,2053000000.0,2053000000.0,2053000000.0,-149000000.0,0.0,0.073,2467000000.0,2827000000.0,1573000000.0,0.266,1.408,9.213,9.375,3045000000.0,0.0,64.78,0.672,0.683,3329000000.0,8124000000.0,28143000000.0,28143000000.0,0.0,0.068,0.157,0.281,0.099,92000000.0,2467000000.0,1.0,291988630.0,296900000,301100000.0,94.789,18842000000.0,1020000000.0,462000000.0,0.0,63.462,3747000000.0
43,NOC,MRT,2010-09-30,2010-09-30,2010-09-30,2021-08-25,-2930000000.0,30176000000.0,29971000000.0,9003000000.0,21173000000.0,0.803,44.954,-338000000.0,2528000000.0,2528000000.0,19299000000.0,2090000000.0,1.16,1.287,4209000000.0,772000000.0,3437000000.0,4209000000.0,2069000000.0,317000000.0,0.0,0.03,1.8,2843000000.0,3160000000.0,0.131,3160000000.0,2843000000.0,2587000000.0,6.94,6.85,6.94,13194000000.0,12856000000.0,13194000000.0,20005591946.0,7.0,6.331,1659000000.0,5.652,1.0,4761000000.0,0.198,14318000000.0,256000000.0,9776000000.0,9923000000.0,1193000000.0,0.0,0.0,0.0,16982000000.0,7763000000.0,9219000000.0,17838591946.0,603000000.0,1683000000.0,-1376000000.0,-503000000.0,-542000000.0,-2418000000.0,1024000000.0,0.0,1997000000.0,0.0,2090000000.0,2090000000.0,2090000000.0,-256000000.0,0.0,0.087,2187000000.0,2574000000.0,1677000000.0,0.259,1.352,8.535,8.736,4767000000.0,0.0,60.63,0.741,0.74,4172000000.0,8005000000.0,24060000000.0,24060000000.0,0.0,0.07,0.163,0.287,0.118,101000000.0,2187000000.0,1.0,294220550.0,293500000,297600000.0,81.976,15858000000.0,1372000000.0,497000000.0,0.0,54.031,1240000000.0
44,NOC,MRT,2010-06-30,2010-06-30,2010-06-30,2021-08-25,-2987000000.0,29694000000.0,30138250000.0,8384000000.0,21310000000.0,0.841,43.067,-354000000.0,2044000000.0,2044000000.0,20512000000.0,2083000000.0,1.094,1.301,4211000000.0,773000000.0,3438000000.0,4211000000.0,1979000000.0,353000000.0,0.0,0.032,1.76,2744000000.0,3097000000.0,0.122,3097000000.0,2744000000.0,2476000000.0,6.8,6.71,6.8,12903000000.0,12664750000.0,12903000000.0,18651172628.0,7.0,6.022,1209000000.0,4.035,1.0,4827000000.0,0.19,14340000000.0,268000000.0,9855000000.0,10213750000.0,1148000000.0,0.0,0.0,0.0,16791000000.0,7666000000.0,9125000000.0,16397172628.0,987000000.0,1696000000.0,-1395000000.0,348000000.0,-540000000.0,-1586000000.0,1010000000.0,0.0,1563000000.0,0.0,2083000000.0,2083000000.0,2083000000.0,-233000000.0,0.0,0.082,2357000000.0,2470000000.0,1643000000.0,0.259,1.271,7.872,8.006,4763000000.0,0.0,54.44,0.647,0.644,4160000000.0,7646000000.0,25339000000.0,25339000000.0,0.0,0.069,0.164,0.269,0.108,95000000.0,2357000000.0,1.0,301197146.0,299600000,303800000.0,84.576,15354000000.0,1492000000.0,393000000.0,0.0,51.248,718000000.0
45,NOC,MRT,2010-03-31,2010-03-31,2010-03-31,2021-08-25,-3002000000.0,29762000000.0,30251750000.0,8369000000.0,21393000000.0,0.88,41.785,-414000000.0,1961000000.0,1961000000.0,21818000000.0,1766000000.0,1.118,1.355,4215000000.0,775000000.0,3440000000.0,4215000000.0,1909000000.0,392000000.0,0.0,0.026,1.72,2686000000.0,3078000000.0,0.116,3078000000.0,2686000000.0,2413000000.0,5.65,5.58,5.65,12640000000.0,12486250000.0,12640000000.0,20871721813.0,8.0,6.781,1360000000.0,4.496,1.0,4811000000.0,0.181,14363000000.0,273000000.0,10165000000.0,10314000000.0,1289000000.0,0.0,0.0,0.0,17122000000.0,7488000000.0,9634000000.0,19852721813.0,1078000000.0,1650000000.0,-1344000000.0,283000000.0,-537000000.0,-1603000000.0,907000000.0,0.0,1774000000.0,0.0,1766000000.0,1766000000.0,1766000000.0,-288000000.0,0.0,0.066,2477000000.0,2334000000.0,1642000000.0,0.304,1.571,11.242,11.605,4797000000.0,0.0,65.57,0.746,0.745,4197000000.0,7077000000.0,26629000000.0,26629000000.0,0.0,0.058,0.141,0.26,0.101,94000000.0,2477000000.0,1.0,302771417.0,302500000,306100000.0,88.03,15399000000.0,1510000000.0,647000000.0,0.0,50.906,881000000.0
46,NOC,MRT,2009-12-31,2009-12-31,2009-12-31,2021-08-25,-3014000000.0,30252000000.0,30346750000.0,8635000000.0,21617000000.0,0.911,39.746,-473000000.0,3275000000.0,3275000000.0,22805000000.0,1686000000.0,1.236,1.384,4294000000.0,103000000.0,4191000000.0,4294000000.0,1954000000.0,429000000.0,0.0,0.03,1.69,2591000000.0,3020000000.0,0.109,3020000000.0,2591000000.0,2322000000.0,5.28,5.21,5.28,12687000000.0,12340500000.0,12687000000.0,20312033897.0,8.0,6.726,1660000000.0,5.201,1.0,4845000000.0,0.175,14390000000.0,269000000.0,9896000000.0,10334500000.0,1170000000.0,0.0,0.0,0.0,17565000000.0,6985000000.0,10580000000.0,17523033897.0,1770000000.0,1650000000.0,-1049000000.0,369000000.0,-539000000.0,-1229000000.0,866000000.0,0.0,2133000000.0,0.0,1686000000.0,1686000000.0,1686000000.0,-252000000.0,0.0,0.061,2571000000.0,2274000000.0,1921000000.0,0.32,1.381,10.393,10.578,4868000000.0,0.0,55.85,0.634,0.645,3394000000.0,6737000000.0,27650000000.0,27650000000.0,0.0,0.056,0.137,0.251,0.094,101000000.0,2571000000.0,1.0,313751726.0,319200000,323300000.0,86.623,15862000000.0,1534000000.0,636000000.0,0.0,49.693,1650000000.0
47,NOC,MRT,2009-09-30,2009-09-30,2009-09-30,2021-08-25,-3404000000.0,30845000000.0,30333000000.0,8084000000.0,22761000000.0,1.069,39.196,-673000000.0,1924000000.0,1924000000.0,26778000000.0,-1260000000.0,1.112,1.482,4713000000.0,519000000.0,4194000000.0,4713000000.0,1977000000.0,575000000.0,0.0,0.032,1.66,-248000000.0,327000000.0,0.01,327000000.0,-248000000.0,-539000000.0,-3.58,-3.55,-3.58,12429000000.0,12148750000.0,12429000000.0,19274082842.0,-78.0,58.942,1566000000.0,4.939,1.0,5634000000.0,0.174,15425000000.0,291000000.0,10939000000.0,10543500000.0,1243000000.0,0.0,0.0,0.0,18416000000.0,7270000000.0,11146000000.0,16462082842.0,908000000.0,-125000000.0,-706000000.0,773000000.0,-535000000.0,-465000000.0,-866000000.0,0.0,2239000000.0,0.0,-1260000000.0,-1260000000.0,-1260000000.0,-176000000.0,0.0,-0.039,6086000000.0,-452000000.0,1793000000.0,-0.464,1.324,-13.065,-14.455,4775000000.0,0.0,51.75,0.508,0.506,3951000000.0,6457000000.0,32412000000.0,32412000000.0,0.0,-0.042,-0.104,-0.024,-0.008,69000000.0,3026000000.0,1.0,318107881.0,317100000,320600000.0,102.214,15420000000.0,1794000000.0,721000000.0,0.0,48.628,814000000.0
48,NOC,MRT,2009-06-30,2009-06-30,2009-06-30,2021-08-25,-3477000000.0,30148000000.0,30935250000.0,7256000000.0,22892000000.0,1.049,37.854,-701000000.0,1056000000.0,1056000000.0,26616000000.0,-1238000000.0,1.002,1.473,3868000000.0,520000000.0,3348000000.0,3868000000.0,2050000000.0,569000000.0,0.0,0.036,1.63,-115000000.0,454000000.0,0.014,454000000.0,-115000000.0,-404000000.0,-3.6,-3.57,-3.6,12189000000.0,13432250000.0,12189000000.0,17835055149.0,-155.0,39.284,2367000000.0,7.351,1.0,5827000000.0,0.18,15461000000.0,289000000.0,10256000000.0,10541500000.0,1099000000.0,0.0,0.0,0.0,17959000000.0,7243000000.0,10716000000.0,14776055149.0,475000000.0,-125000000.0,-1135000000.0,-72000000.0,-533000000.0,-1737000000.0,-856000000.0,0.0,3068000000.0,0.0,-1238000000.0,-1238000000.0,-1238000000.0,-153000000.0,0.0,-0.038,6127000000.0,-300000000.0,1774000000.0,-0.453,1.212,-11.935,-12.689,4778000000.0,0.0,45.68,0.455,0.453,4251000000.0,6104000000.0,32443000000.0,32443000000.0,0.0,-0.04,-0.092,-0.011,-0.004,84000000.0,3067000000.0,1.0,323468808.0,322000000,325800000.0,100.755,14687000000.0,1901000000.0,834000000.0,0.0,45.612,13000000.0
49,NOC,MRT,2009-03-31,2009-03-31,2009-03-31,2021-08-25,-3596000000.0,30142000000.0,31765000000.0,7252000000.0,22890000000.0,1.024,36.883,-700000000.0,882000000.0,882000000.0,26451000000.0,-1137000000.0,0.966,1.5,3941000000.0,589000000.0,3352000000.0,3941000000.0,1953000000.0,567000000.0,0.0,0.037,1.6,55000000.0,622000000.0,0.019,622000000.0,55000000.0,-236000000.0,-3.36,-3.34,-3.36,12057000000.0,14850750000.0,12057000000.0,16718156584.0,304.0,26.878,2145000000.0,6.562,1.0,6075000000.0,0.187,15445000000.0,291000000.0,10247000000.0,10892000000.0,1178000000.0,0.0,0.0,0.0,18085000000.0,7509000000.0,10576000000.0,14278156584.0,453000000.0,83000000.0,-1063000000.0,-149000000.0,-530000000.0,-1738000000.0,-654000000.0,0.0,2845000000.0,0.0,-1137000000.0,-1137000000.0,-1137000000.0,-139000000.0,0.0,-0.035,6183000000.0,-108000000.0,1924000000.0,-0.476,1.184,-12.558,-12.988,4777000000.0,0.0,43.64,0.439,0.439,4416000000.0,5846000000.0,32526000000.0,32526000000.0,0.0,-0.036,-0.077,0.005,0.002,101000000.0,3123000000.0,1.0,327180490.0,326900000,332100000.0,99.498,14697000000.0,1975000000.0,901000000.0,0.0,44.959,-257000000.0
50,NOC,MRT,2008-12-31,2008-12-31,2008-12-31,2021-08-25,-3642000000.0,30197000000.0,32573250000.0,8243000000.0,21954000000.0,0.992,35.635,-681000000.0,1504000000.0,1504000000.0,26375000000.0,-1262000000.0,1.107,1.533,3944000000.0,501000000.0,3443000000.0,3944000000.0,2028000000.0,567000000.0,0.0,0.035,1.57,-108000000.0,459000000.0,0.014,459000000.0,-108000000.0,-403000000.0,-3.77,-3.77,-3.77,11920000000.0,16236750000.0,11920000000.0,17653478895.0,-163.0,38.461,2530000000.0,7.564,1.0,5940000000.0,0.184,14456000000.0,295000000.0,10732000000.0,11246750000.0,1003000000.0,0.0,0.0,0.0,18277000000.0,7449000000.0,10828000000.0,14725478895.0,541000000.0,83000000.0,-1452000000.0,-115000000.0,-525000000.0,-2044000000.0,-626000000.0,0.0,3211000000.0,0.0,-1262000000.0,-1262000000.0,-1262000000.0,-117000000.0,0.0,-0.039,6203000000.0,-263000000.0,1887000000.0,-0.416,1.235,-11.668,-11.947,4785000000.0,0.0,45.04,0.456,0.466,3701000000.0,5590000000.0,32315000000.0,32315000000.0,0.0,-0.039,-0.078,-0.01,-0.003,22000000.0,3143000000.0,1.0,326942249.0,334500000,334500000.0,96.607,15741000000.0,2082000000.0,859000000.0,0.0,47.058,794000000.0
51,NOC,MRT,2008-09-30,2008-09-30,2008-09-30,2021-08-25,-685000000.0,33254000000.0,33367250000.0,7009000000.0,26245000000.0,0.959,52.552,-710000000.0,1016000000.0,1016000000.0,26220000000.0,1725000000.0,1.029,0.893,3944000000.0,101000000.0,3843000000.0,3944000000.0,1889000000.0,570000000.0,0.0,0.025,1.54,2873000000.0,3443000000.0,0.108,3443000000.0,2873000000.0,2570000000.0,5.11,5.02,5.11,17563000000.0,17678500000.0,17563000000.0,23794142238.0,8.0,6.911,2198000000.0,6.577,1.0,5791000000.0,0.181,18439000000.0,303000000.0,10931000000.0,11385500000.0,1147000000.0,0.0,0.0,0.0,15691000000.0,6812000000.0,8879000000.0,20434142238.0,303000000.0,170000000.0,-1420000000.0,-107000000.0,-521000000.0,-2022000000.0,-583000000.0,0.0,2908000000.0,0.0,1725000000.0,1725000000.0,1725000000.0,-74000000.0,0.0,0.054,3084000000.0,2707000000.0,1820000000.0,0.301,1.163,11.846,11.847,4675000000.0,0.0,60.54,0.638,0.632,3957000000.0,8253000000.0,32011000000.0,32011000000.0,0.0,0.052,0.098,0.252,0.09,135000000.0,3084000000.0,1.0,337531256.0,334200000,340100000.0,95.784,14815000000.0,481000000.0,845000000.0,0.0,44.33,197000000.0
52,NOC,MRT,2008-06-30,2008-06-30,2008-06-30,2021-08-25,-686000000.0,33467000000.0,33109500000.0,7094000000.0,26373000000.0,0.951,52.693,-670000000.0,581000000.0,581000000.0,25677000000.0,1702000000.0,1.076,0.874,3941000000.0,97000000.0,3844000000.0,3941000000.0,1825000000.0,570000000.0,0.0,0.023,1.51,2867000000.0,3437000000.0,0.109,3437000000.0,2867000000.0,2554000000.0,5.02,4.92,5.02,17863000000.0,17479000000.0,17863000000.0,26551626078.0,9.0,7.725,1880000000.0,5.546,1.0,5824000000.0,0.185,18578000000.0,313000000.0,11658000000.0,11297750000.0,1089000000.0,0.0,0.0,0.0,15604000000.0,6591000000.0,9013000000.0,22883626078.0,60000000.0,69000000.0,-1228000000.0,-142000000.0,-511000000.0,-1845000000.0,-645000000.0,0.0,2550000000.0,0.0,1702000000.0,1702000000.0,1702000000.0,-71000000.0,0.0,0.054,3082000000.0,2742000000.0,1727000000.0,0.301,1.281,13.445,13.327,4651000000.0,0.0,66.9,0.726,0.72,4325000000.0,7877000000.0,31501000000.0,31501000000.0,0.0,0.051,0.097,0.254,0.091,129000000.0,3082000000.0,1.0,342057191.0,339000000,344100000.0,92.923,14889000000.0,503000000.0,852000000.0,0.0,43.92,503000000.0
53,NOC,MRT,2008-03-31,2008-03-31,2008-03-31,2021-08-25,-694000000.0,33375000000.0,32749750000.0,6949000000.0,26426000000.0,0.939,51.951,-666000000.0,429000000.0,429000000.0,24959000000.0,1667000000.0,1.031,0.896,4097000000.0,169000000.0,3928000000.0,4097000000.0,1834000000.0,571000000.0,0.0,0.019,1.48,2786000000.0,3357000000.0,0.109,3357000000.0,2786000000.0,2462000000.0,4.9,4.79,4.9,17601000000.0,17208250000.0,17601000000.0,29385507269.0,11.0,8.754,2018000000.0,5.956,1.0,5792000000.0,0.188,18640000000.0,324000000.0,11666000000.0,11047000000.0,1132000000.0,0.0,0.0,0.0,15774000000.0,6737000000.0,9037000000.0,26293507269.0,67000000.0,-112000000.0,-988000000.0,-333000000.0,-509000000.0,-1786000000.0,-831000000.0,0.0,2684000000.0,0.0,1667000000.0,1667000000.0,1667000000.0,-47000000.0,0.0,0.054,3093000000.0,2699000000.0,1806000000.0,0.302,1.494,15.773,15.88,4645000000.0,0.0,77.81,0.855,0.857,4358000000.0,7518000000.0,30751000000.0,30751000000.0,0.0,0.051,0.097,0.252,0.091,114000000.0,3093000000.0,1.0,337919384.0,338800000,349300000.0,90.764,14735000000.0,529000000.0,795000000.0,0.0,43.492,212000000.0
54,NOC,MRT,2007-12-31,2007-12-31,2007-12-31,2021-08-25,-699000000.0,33373000000.0,32417250000.0,6797000000.0,26576000000.0,0.936,51.762,-681000000.0,963000000.0,963000000.0,24354000000.0,1790000000.0,1.057,0.887,4055000000.0,137000000.0,3918000000.0,4055000000.0,1563000000.0,570000000.0,0.0,0.019,1.48,2981000000.0,3551000000.0,0.117,3551000000.0,2981000000.0,2645000000.0,5.24,5.12,5.24,17687000000.0,16894000000.0,17687000000.0,29932767784.0,10.0,8.429,2209000000.0,6.465,1.0,5987000000.0,0.197,18746000000.0,336000000.0,11287000000.0,10804000000.0,1000000000.0,0.0,0.0,0.0,15686000000.0,6432000000.0,9254000000.0,26608767784.0,-52000000.0,-690000000.0,-901000000.0,-159000000.0,-504000000.0,-1512000000.0,-1430000000.0,0.0,2890000000.0,0.0,1790000000.0,1790000000.0,1790000000.0,-39000000.0,0.0,0.059,3062000000.0,2925000000.0,1890000000.0,0.282,1.504,14.865,15.008,4690000000.0,0.0,78.64,0.877,0.886,3790000000.0,7387000000.0,30341000000.0,30341000000.0,0.0,0.055,0.106,0.276,0.098,92000000.0,3062000000.0,1.0,338361747.0,341700000,354300000.0,88.794,14627000000.0,607000000.0,855000000.0,0.0,42.807,365000000.0
55,NOC,MRT,2007-09-30,2007-09-30,2007-09-30,2021-08-25,-1279000000.0,32223000000.0,32076250000.0,6454000000.0,25769000000.0,0.965,49.28,-643000000.0,713000000.0,713000000.0,24964000000.0,1789000000.0,1.041,0.922,4037000000.0,151000000.0,3886000000.0,4037000000.0,1532000000.0,568000000.0,0.0,0.018,1.41,3015000000.0,3583000000.0,0.116,3583000000.0,3015000000.0,2675000000.0,5.21,5.1,5.21,16765000000.0,16626000000.0,16765000000.0,30508578884.0,10.0,8.515,1784000000.0,5.244,1.0,5990000000.0,0.194,18767000000.0,340000000.0,10580000000.0,10493500000.0,1102000000.0,0.0,0.0,0.0,15458000000.0,6200000000.0,9258000000.0,26981578884.0,-750000000.0,-685000000.0,-827000000.0,-641000000.0,-482000000.0,-1872000000.0,-1305000000.0,209000000.0,2427000000.0,0.0,1789000000.0,1789000000.0,1789000000.0,43000000.0,0.0,0.058,3078000000.0,2912000000.0,1540000000.0,0.271,1.609,15.082,14.971,4539000000.0,0.0,78.0,0.872,0.857,3666000000.0,7063000000.0,30954000000.0,30954000000.0,0.0,0.056,0.108,0.287,0.097,8000000.0,3078000000.0,1.0,345917678.0,340200000,352600000.0,90.988,13456000000.0,691000000.0,886000000.0,6000000.0,39.553,254000000.0
56,NOC,MRT,2007-06-30,2007-06-30,2007-06-30,2021-08-25,-1287000000.0,32028000000.0,32534250000.0,6261000000.0,25767000000.0,0.938,48.879,-685000000.0,521000000.0,521000000.0,24776000000.0,1602000000.0,1.023,0.909,4048000000.0,173000000.0,3875000000.0,4048000000.0,1583000000.0,565000000.0,0.0,0.017,1.34,2759000000.0,3324000000.0,0.109,3324000000.0,2759000000.0,2417000000.0,4.65,4.55,4.65,16780000000.0,16767250000.0,16780000000.0,30903738127.0,11.0,9.297,1689000000.0,4.92,1.0,5736000000.0,0.188,18778000000.0,342000000.0,10655000000.0,10725250000.0,1157000000.0,0.0,0.0,0.0,15248000000.0,6122000000.0,9126000000.0,26873738127.0,-230000000.0,-584000000.0,-341000000.0,-605000000.0,-462000000.0,-1337000000.0,-1267000000.0,209000000.0,2374000000.0,0.0,1602000000.0,1602000000.0,1602000000.0,49000000.0,0.0,0.053,3081000000.0,2655000000.0,1506000000.0,0.288,1.602,16.775,16.746,4539000000.0,0.0,77.87,0.881,0.876,3685000000.0,6703000000.0,30512000000.0,30512000000.0,0.0,0.049,0.096,0.257,0.09,13000000.0,3081000000.0,1.0,345110288.0,343300000,355300000.0,88.879,13250000000.0,654000000.0,815000000.0,45000000.0,38.596,139000000.0
57,NOC,MRT,2007-03-31,2007-03-31,2007-03-31,2021-08-25,-1296000000.0,32045000000.0,32946250000.0,6209000000.0,25836000000.0,0.918,47.333,-702000000.0,362000000.0,362000000.0,24624000000.0,1572000000.0,0.95,0.961,4392000000.0,400000000.0,3992000000.0,4392000000.0,1561000000.0,567000000.0,0.0,0.017,1.27,2681000000.0,3248000000.0,0.107,3248000000.0,2681000000.0,2335000000.0,4.56,4.47,4.56,16344000000.0,16833750000.0,16344000000.0,29143478000.0,11.0,8.973,1569000000.0,4.544,1.0,5611000000.0,0.186,18843000000.0,346000000.0,10694000000.0,11022000000.0,1195000000.0,0.0,0.0,0.0,15701000000.0,6538000000.0,9163000000.0,25996478000.0,-11000000.0,-561000000.0,-375000000.0,-341000000.0,-431000000.0,-1077000000.0,-1205000000.0,209000000.0,2271000000.0,0.0,1572000000.0,1572000000.0,1572000000.0,49000000.0,0.0,0.052,3037000000.0,2574000000.0,1446000000.0,0.279,1.591,16.537,16.276,4544000000.0,0.0,74.22,0.86,0.848,3749000000.0,6374000000.0,30235000000.0,30235000000.0,0.0,0.048,0.093,0.243,0.089,31000000.0,3037000000.0,1.0,350262436.0,345300000,358300000.0,87.562,13202000000.0,668000000.0,763000000.0,242000000.0,38.233,-329000000.0
58,NOC,MRT,2006-12-31,2006-12-31,2006-12-31,2021-08-25,-1260000000.0,32009000000.0,33314250000.0,6725000000.0,25284000000.0,0.9,48.062,-711000000.0,1015000000.0,1015000000.0,24495000000.0,1542000000.0,0.996,0.927,4162000000.0,170000000.0,3992000000.0,4162000000.0,1571000000.0,567000000.0,0.0,0.017,1.16,2612000000.0,3179000000.0,0.106,3179000000.0,2612000000.0,2265000000.0,4.46,4.37,4.46,16615000000.0,16902500000.0,16615000000.0,26567433358.0,10.0,8.357,1045000000.0,3.023,1.0,5496000000.0,0.183,18358000000.0,347000000.0,10045000000.0,11326000000.0,1176000000.0,0.0,0.0,0.0,15394000000.0,6753000000.0,8641000000.0,23384433358.0,-590000000.0,43000000.0,-432000000.0,-968000000.0,-402000000.0,-1745000000.0,-601000000.0,174000000.0,1756000000.0,0.0,1542000000.0,1542000000.0,1542000000.0,51000000.0,0.0,0.051,3002000000.0,2494000000.0,1682000000.0,0.26,1.407,15.165,15.179,4525000000.0,0.0,67.7,0.78,0.78,3562000000.0,6183000000.0,29991000000.0,29991000000.0,0.0,0.046,0.091,0.231,0.087,70000000.0,3002000000.0,1.0,345412605.0,345700000,358600000.0,86.754,13651000000.0,706000000.0,723000000.0,535000000.0,39.488,-28000000.0
59,NOC,MRT,2006-09-30,2006-09-30,2006-09-30,2021-08-25,-126000000.0,34055000000.0,33865500000.0,7439000000.0,26616000000.0,0.877,50.276,-784000000.0,1463000000.0,1463000000.0,24208000000.0,1421000000.0,1.028,0.965,4646000000.0,850000000.0,3796000000.0,4646000000.0,1571000000.0,414000000.0,0.0,0.016,1.12,2398000000.0,2812000000.0,0.095,2812000000.0,2398000000.0,2034000000.0,4.12,4.03,4.12,17330000000.0,16955750000.0,17330000000.0,27335123593.0,11.0,9.721,1361000000.0,3.948,1.0,5493000000.0,0.185,18494000000.0,364000000.0,11507000000.0,11595750000.0,1275000000.0,0.0,0.0,0.0,16725000000.0,7237000000.0,9488000000.0,23451123593.0,-249000000.0,35000000.0,-876000000.0,-493000000.0,-389000000.0,-1706000000.0,-688000000.0,-21000000.0,2145000000.0,0.0,1421000000.0,1421000000.0,1421000000.0,29000000.0,0.0,0.048,3112000000.0,2381000000.0,1494000000.0,0.272,1.353,16.503,16.522,4437000000.0,0.0,68.07,0.79,0.79,3690000000.0,5837000000.0,29701000000.0,29701000000.0,0.0,0.042,0.084,0.207,0.081,119000000.0,3112000000.0,1.0,344514817.0,344700000,351000000.0,86.165,15561000000.0,746000000.0,613000000.0,1177000000.0,45.144,202000000.0
60,NOC,MRT,2006-06-30,2006-06-30,2006-06-30,2021-08-25,-125000000.0,33676000000.0,33814500000.0,7045000000.0,26631000000.0,0.874,49.552,-785000000.0,751000000.0,751000000.0,24307000000.0,1412000000.0,0.987,0.976,4635000000.0,814000000.0,3821000000.0,4635000000.0,0.0,469000000.0,0.0,0.017,1.08,2380000000.0,2849000000.0,0.096,2849000000.0,2380000000.0,2004000000.0,4.06,3.98,4.06,17046000000.0,16860500000.0,17046000000.0,26362509797.0,11.0,9.253,1289000000.0,3.747,1.0,5256000000.0,0.178,18580000000.0,376000000.0,11842000000.0,11639750000.0,1296000000.0,0.0,0.0,0.0,16630000000.0,7138000000.0,9492000000.0,22021509797.0,-464000000.0,-4000000.0,-1079000000.0,-495000000.0,-377000000.0,-1904000000.0,-634000000.0,60000000.0,2074000000.0,0.0,1412000000.0,1412000000.0,1412000000.0,21000000.0,0.0,0.048,2986000000.0,2270000000.0,1452000000.0,0.266,1.292,15.596,15.778,4403000000.0,0.0,64.06,0.745,0.745,3907000000.0,5642000000.0,29563000000.0,29563000000.0,0.0,0.042,0.084,0.204,0.081,122000000.0,2986000000.0,1.0,343763812.0,344000000,350100000.0,85.939,15096000000.0,774000000.0,592000000.0,1215000000.0,43.884,-93000000.0
61,NOC,MRT,2006-03-31,2006-03-31,2006-03-31,2021-08-25,-143000000.0,33517000000.0,33757000000.0,6845000000.0,26672000000.0,0.882,48.41,-786000000.0,373000000.0,373000000.0,24649000000.0,1349000000.0,0.933,1.017,4714000000.0,842000000.0,3872000000.0,4714000000.0,0.0,513000000.0,0.0,0.015,1.04,2367000000.0,2880000000.0,0.097,2880000000.0,2367000000.0,1984000000.0,3.83,3.75,3.83,16619000000.0,16813500000.0,16619000000.0,27489702701.0,12.0,9.545,1463000000.0,4.262,1.0,5120000000.0,0.172,18614000000.0,383000000.0,11910000000.0,11692000000.0,1294000000.0,0.0,0.0,0.0,16898000000.0,7334000000.0,9564000000.0,23949702701.0,-411000000.0,-21000000.0,-1209000000.0,-433000000.0,-369000000.0,-1972000000.0,-688000000.0,60000000.0,2249000000.0,0.0,1349000000.0,1349000000.0,1349000000.0,11000000.0,0.0,0.045,2911000000.0,2209000000.0,1495000000.0,0.272,1.441,17.754,17.83,4404000000.0,0.0,68.29,0.805,0.788,4144000000.0,5318000000.0,29769000000.0,29769000000.0,0.0,0.04,0.08,0.202,0.08,125000000.0,2911000000.0,1.0,350705853.0,343300000,350800000.0,86.714,14903000000.0,783000000.0,635000000.0,1370000000.0,43.411,-489000000.0
62,NOC,MRT,2005-12-31,2005-12-31,2005-12-31,2021-08-25,-145000000.0,34214000000.0,33676750000.0,7551000000.0,26663000000.0,0.89,47.203,-812000000.0,1605000000.0,1605000000.0,24898000000.0,1400000000.0,0.947,1.033,5145000000.0,1264000000.0,3881000000.0,5145000000.0,1626000000.0,556000000.0,0.0,0.017,1.01,2457000000.0,3013000000.0,0.101,3013000000.0,2457000000.0,2069000000.0,3.93,3.85,3.93,16828000000.0,16827000000.0,16828000000.0,24795179777.0,10.0,8.229,1815000000.0,5.091,1.0,5080000000.0,0.169,18656000000.0,388000000.0,11124000000.0,11773250000.0,1164000000.0,0.0,0.0,0.0,17386000000.0,7974000000.0,9412000000.0,21357179777.0,375000000.0,-304000000.0,-1047000000.0,9000000.0,-359000000.0,-1397000000.0,-855000000.0,238000000.0,2627000000.0,0.0,1400000000.0,1400000000.0,1400000000.0,-4000000.0,0.0,0.047,2880000000.0,2200000000.0,1589000000.0,0.257,1.269,15.255,15.295,4403000000.0,0.0,60.11,0.712,0.715,3553000000.0,5055000000.0,29978000000.0,29978000000.0,0.0,0.042,0.083,0.209,0.082,172000000.0,2880000000.0,1.0,355301610.0,356500000,363200000.0,84.09,15558000000.0,783000000.0,669000000.0,1263000000.0,43.641,-423000000.0
63,NOC,MRT,2005-09-30,2005-09-30,2005-09-30,2021-08-25,-132000000.0,33851000000.0,33449000000.0,7364000000.0,26487000000.0,0.883,47.583,-740000000.0,1712000000.0,1712000000.0,24680000000.0,1341000000.0,1.072,0.997,5150000000.0,581000000.0,4569000000.0,5150000000.0,0.0,518000000.0,0.0,0.018,0.98,2403000000.0,2921000000.0,0.099,2921000000.0,2403000000.0,2020000000.0,3.72,3.66,3.72,16949000000.0,16795000000.0,16949000000.0,23352996180.0,10.0,7.995,1551000000.0,4.354,1.0,4864000000.0,0.165,18736000000.0,383000000.0,11683000000.0,12094000000.0,1262000000.0,0.0,0.0,0.0,16902000000.0,6870000000.0,10032000000.0,19407996180.0,910000000.0,-237000000.0,-184000000.0,-606000000.0,-353000000.0,-1143000000.0,-238000000.0,718000000.0,2291000000.0,0.0,1341000000.0,1341000000.0,1341000000.0,-24000000.0,0.0,0.045,2693000000.0,2171000000.0,1581000000.0,0.263,1.145,14.473,14.61,4190000000.0,0.0,54.35,0.657,0.655,3519000000.0,4815000000.0,29544000000.0,29544000000.0,0.0,0.04,0.08,0.199,0.081,173000000.0,2693000000.0,1.0,357092846.0,356200000,362200000.0,82.942,15115000000.0,514000000.0,679000000.0,898000000.0,42.434,494000000.0
64,NOC,MRT,2005-06-30,2005-06-30,2005-06-30,2021-08-25,-136000000.0,33446000000.0,33368500000.0,6922000000.0,26524000000.0,0.889,47.024,-724000000.0,1215000000.0,1215000000.0,24714000000.0,1326000000.0,1.056,0.984,5160000000.0,579000000.0,4581000000.0,5160000000.0,0.0,515000000.0,0.0,0.017,0.95,2403000000.0,2918000000.0,0.098,2918000000.0,2403000000.0,2008000000.0,3.68,3.61,3.68,16858000000.0,16572500000.0,16858000000.0,24219011212.0,10.0,8.3,1415000000.0,3.947,1.0,4947000000.0,0.167,18782000000.0,395000000.0,12051000000.0,12357000000.0,1185000000.0,0.0,0.0,0.0,16588000000.0,6558000000.0,10030000000.0,19839011212.0,704000000.0,-196000000.0,-176000000.0,-614000000.0,-344000000.0,-1134000000.0,-301000000.0,637000000.0,2139000000.0,0.0,1326000000.0,1326000000.0,1326000000.0,-9000000.0,0.0,0.045,2676000000.0,2271000000.0,1552000000.0,0.258,1.177,14.962,15.014,4204000000.0,0.0,55.25,0.669,0.668,3542000000.0,4614000000.0,29661000000.0,29661000000.0,0.0,0.04,0.08,0.194,0.081,161000000.0,2676000000.0,1.0,359077126.0,358500000,365200000.0,82.736,14664000000.0,748000000.0,682000000.0,969000000.0,40.904,364000000.0
65,NOC,MRT,2005-03-31,2005-03-31,2005-03-31,2021-08-25,-129000000.0,33196000000.0,33338750000.0,6577000000.0,26619000000.0,0.879,46.224,-709000000.0,784000000.0,784000000.0,24482000000.0,1257000000.0,1.016,0.991,5164000000.0,500000000.0,4664000000.0,5164000000.0,0.0,507000000.0,0.0,0.017,0.92,2264000000.0,2771000000.0,0.095,2771000000.0,2264000000.0,1851000000.0,3.49,3.43,3.49,16673000000.0,16361000000.0,16673000000.0,23375153660.0,10.0,8.436,1227000000.0,3.402,1.0,4807000000.0,0.164,18868000000.0,413000000.0,12235000000.0,12671750000.0,1205000000.0,0.0,0.0,0.0,16523000000.0,6473000000.0,10050000000.0,19447153660.0,375000000.0,-192000000.0,-165000000.0,-796000000.0,-332000000.0,-1293000000.0,-268000000.0,637000000.0,1936000000.0,0.0,1257000000.0,1257000000.0,1257000000.0,-11000000.0,0.0,0.043,2664000000.0,2143000000.0,1549000000.0,0.264,1.166,15.471,15.467,4204000000.0,0.0,53.98,0.664,0.665,3611000000.0,4341000000.0,29289000000.0,29289000000.0,0.0,0.038,0.077,0.179,0.077,150000000.0,2664000000.0,1.0,360265907.0,360700000,367000000.0,81.2,14328000000.0,768000000.0,594000000.0,1107000000.0,39.723,104000000.0
66,NOC,MRT,2004-12-31,2004-12-31,2004-12-31,2021-08-25,-101000000.0,33303000000.0,33375750000.0,6849000000.0,26454000000.0,0.869,46.428,-644000000.0,1230000000.0,1230000000.0,24371000000.0,1084000000.0,1.111,0.994,5158000000.0,42000000.0,5116000000.0,5158000000.0,1336000000.0,507000000.0,0.0,0.016,0.89,2030000000.0,2537000000.0,0.087,2537000000.0,2030000000.0,1599000000.0,3.01,2.97,3.01,16700000000.0,16158500000.0,16700000000.0,24223000051.0,12.0,9.548,1292000000.0,3.592,1.0,4629000000.0,0.16,18659000000.0,431000000.0,12407000000.0,12930000000.0,1057000000.0,0.0,0.0,0.0,16603000000.0,6165000000.0,10438000000.0,19299000051.0,936000000.0,125000000.0,48000000.0,-735000000.0,-322000000.0,-1009000000.0,9000000.0,517000000.0,1936000000.0,0.0,1084000000.0,1084000000.0,1084000000.0,-4000000.0,0.0,0.037,2643000000.0,1986000000.0,1750000000.0,0.296,1.156,17.804,18.06,4210000000.0,0.0,54.36,0.665,0.674,3492000000.0,4014000000.0,29000000000.0,29000000000.0,0.0,0.032,0.067,0.157,0.07,154000000.0,2643000000.0,1.0,355022076.0,359700000,365000000.0,80.623,14644000000.0,777000000.0,515000000.0,960000000.0,40.712,684000000.0
67,NOC,MRT,2004-09-30,2004-09-30,2004-09-30,2021-08-25,-56000000.0,33529000000.0,33305500000.0,6578000000.0,26951000000.0,0.875,44.92,-614000000.0,850000000.0,850000000.0,24796000000.0,1036000000.0,0.948,1.088,5774000000.0,651000000.0,5123000000.0,5774000000.0,0.0,711000000.0,0.0,0.016,0.86,1939000000.0,2650000000.0,0.091,2650000000.0,1939000000.0,1488000000.0,2.88,2.84,2.88,16059000000.0,15929750000.0,16059000000.0,24324694118.0,13.0,9.179,1771000000.0,4.954,1.0,4360000000.0,0.15,18776000000.0,451000000.0,12735000000.0,13132000000.0,1287000000.0,0.0,0.0,0.0,17470000000.0,6942000000.0,10528000000.0,19119694118.0,480000000.0,250000000.0,-568000000.0,-632000000.0,-310000000.0,-1517000000.0,-388000000.0,23000000.0,2385000000.0,0.0,1036000000.0,1036000000.0,1036000000.0,-32000000.0,0.0,0.036,2529000000.0,1831000000.0,1676000000.0,0.299,1.191,18.455,18.517,4052000000.0,0.0,53.33,0.656,0.654,3394000000.0,3827000000.0,29156000000.0,29156000000.0,0.0,0.031,0.065,0.148,0.067,120000000.0,2529000000.0,1.0,358516672.0,357500000,364000000.0,81.555,14753000000.0,778000000.0,452000000.0,975000000.0,41.267,-364000000.0
68,NOC,MRT,2004-06-30,2004-06-30,2004-06-30,2021-08-25,-47000000.0,33327000000.0,33338500000.0,6376000000.0,26951000000.0,0.852,44.602,-603000000.0,559000000.0,559000000.0,24219000000.0,942000000.0,0.994,1.081,5764000000.0,398000000.0,5366000000.0,5764000000.0,0.0,705000000.0,0.0,0.015,0.83,1790000000.0,2495000000.0,0.088,2495000000.0,1790000000.0,1331000000.0,2.6,2.58,2.6,16012000000.0,15605750000.0,16012000000.0,24810728456.0,14.0,9.944,1443000000.0,4.019,1.0,4193000000.0,0.148,18806000000.0,459000000.0,13310000000.0,13697000000.0,1220000000.0,0.0,0.0,0.0,17315000000.0,6416000000.0,10899000000.0,19305728456.0,280000000.0,358000000.0,-405000000.0,-796000000.0,-300000000.0,-1499000000.0,-267000000.0,23000000.0,2046000000.0,0.0,942000000.0,942000000.0,942000000.0,-29000000.0,0.0,0.033,2506000000.0,1687000000.0,1544000000.0,0.319,1.206,20.494,20.654,4033000000.0,0.0,53.7,0.679,0.679,3487000000.0,3624000000.0,28412000000.0,28412000000.0,0.0,0.028,0.06,0.131,0.063,112000000.0,2506000000.0,1.0,359510772.0,359000000,363500000.0,79.142,14521000000.0,825000000.0,389000000.0,856000000.0,40.448,-40000000.0
69,NOC,MRT,2004-03-31,2004-03-31,2004-03-31,2021-08-25,-45000000.0,33344000000.0,33503750000.0,6229000000.0,27115000000.0,0.824,43.905,-590000000.0,457000000.0,457000000.0,23639000000.0,849000000.0,0.944,1.102,5962000000.0,590000000.0,5372000000.0,5962000000.0,0.0,687000000.0,0.0,0.016,0.8,1695000000.0,2382000000.0,0.086,2382000000.0,1695000000.0,1229000000.0,2.32,2.3,2.32,15863000000.0,15270250000.0,15863000000.0,23350489228.0,14.0,9.803,1583000000.0,4.381,1.0,3965000000.0,0.144,18985000000.0,466000000.0,13268000000.0,14188750000.0,1319000000.0,0.0,0.0,0.0,17481000000.0,6596000000.0,10885000000.0,17811489228.0,38000000.0,326000000.0,-298000000.0,-1128000000.0,-298000000.0,-1841000000.0,-294000000.0,23000000.0,2173000000.0,0.0,849000000.0,849000000.0,849000000.0,-27000000.0,0.0,0.031,2380000000.0,1585000000.0,1370000000.0,0.345,1.123,20.979,21.211,4019000000.0,0.0,49.21,0.645,0.644,3426000000.0,3591000000.0,27604000000.0,27604000000.0,0.0,0.025,0.056,0.119,0.061,102000000.0,2380000000.0,1.0,361948572.0,361300000,365200000.0,76.402,14359000000.0,785000000.0,380000000.0,1086000000.0,39.743,-367000000.0
70,NOC,MRT,2003-12-31,2003-12-31,2003-12-31,2021-08-25,-73000000.0,33022000000.0,33757000000.0,5738000000.0,27284000000.0,0.782,43.211,-551000000.0,294000000.0,294000000.0,22535000000.0,866000000.0,0.902,1.092,5891000000.0,481000000.0,5410000000.0,5891000000.0,0.0,682000000.0,0.0,0.021,1.0,1660000000.0,2342000000.0,0.089,2342000000.0,1660000000.0,1163000000.0,2.34,2.32,2.34,15785000000.0,14933750000.0,15785000000.0,23561087755.0,14.0,10.06,247000000.0,0.676,1.0,3861000000.0,0.146,19043000000.0,497000000.0,13215000000.0,14864500000.0,1167000000.0,0.0,0.0,0.0,17237000000.0,6361000000.0,10876000000.0,17507087755.0,-1081000000.0,3548000000.0,-167000000.0,-3819000000.0,-305000000.0,-4749000000.0,2870000000.0,0.0,798000000.0,0.0,866000000.0,866000000.0,866000000.0,-108000000.0,0.0,0.033,2393000000.0,1468000000.0,1514000000.0,0.427,1.109,20.216,20.427,4047000000.0,0.0,47.8,0.663,0.662,3226000000.0,3431000000.0,26396000000.0,26396000000.0,0.0,0.026,0.058,0.112,0.063,84000000.0,2393000000.0,1.0,366257066.0,365300000,368400000.0,72.258,13979000000.0,770000000.0,297000000.0,864000000.0,38.267,-623000000.0
71,NOC,MRT,2003-09-30,2003-09-30,2003-09-30,2021-08-25,-1038000000.0,33661000000.0,36083000000.0,5452000000.0,28209000000.0,0.67,40.336,-581000000.0,359000000.0,359000000.0,20667000000.0,866000000.0,0.982,1.28,6413000000.0,146000000.0,6267000000.0,6413000000.0,0.0,669000000.0,0.0,0.023,1.0,1645000000.0,2314000000.0,0.096,2314000000.0,1645000000.0,1162000000.0,2.685,2.66,2.685,14763000000.0,14568000000.0,14763000000.0,22088133338.0,13.0,9.545,201000000.0,0.549,1.0,3520000000.0,0.146,19167000000.0,483000000.0,14995000000.0,16784250000.0,1125000000.0,0.0,0.0,0.0,18898000000.0,5553000000.0,13345000000.0,15774133338.0,-140000000.0,3812000000.0,11000000.0,-3329000000.0,-283000000.0,-4061000000.0,3139000000.0,29000000.0,782000000.0,0.0,866000000.0,866000000.0,866000000.0,-301000000.0,0.0,0.036,2267000000.0,1253000000.0,1349000000.0,0.372,1.068,18.215,16.056,3921000000.0,0.0,43.11,0.652,0.652,2987000000.0,3280000000.0,24187000000.0,24187000000.0,0.0,0.024,0.059,0.098,0.068,78000000.0,2267000000.0,1.0,365904276.0,366000000,366000000.0,66.085,14494000000.0,957000000.0,296000000.0,233000000.0,39.601,-101000000.0
72,NOC,MRT,2003-06-30,2003-06-30,2003-06-30,2021-08-25,-1036000000.0,33988000000.0,32869250000.0,5727000000.0,28261000000.0,0.661,40.097,-499000000.0,268000000.0,268000000.0,18457000000.0,623000000.0,0.986,1.317,6582000000.0,170000000.0,6412000000.0,6582000000.0,0.0,579000000.0,0.0,0.023,1.0,1359000000.0,1938000000.0,0.089,1938000000.0,1359000000.0,888000000.0,1.895,1.88,1.895,14670000000.0,12752250000.0,14670000000.0,22459201819.0,17.0,11.589,342000000.0,0.935,1.0,3280000000.0,0.151,19217000000.0,471000000.0,15277000000.0,15804250000.0,1226000000.0,0.0,0.0,0.0,19318000000.0,5808000000.0,13510000000.0,15783201819.0,35000000.0,3699000000.0,17000000.0,-3286000000.0,-262000000.0,-3998000000.0,3192000000.0,29000000.0,841000000.0,0.0,623000000.0,623000000.0,623000000.0,-117000000.0,0.0,0.029,2108000000.0,1172000000.0,1300000000.0,0.528,1.076,25.334,22.768,3920000000.0,0.0,43.145,0.726,0.726,3462000000.0,3169000000.0,21737000000.0,21737000000.0,0.0,0.019,0.049,0.086,0.063,69000000.0,2108000000.0,1.0,365817634.0,365860000,365860000.0,59.413,14771000000.0,1085000000.0,265000000.0,298000000.0,40.373,-81000000.0
73,NOC,MRT,2003-03-31,2003-03-31,2003-03-31,2021-08-25,-1039000000.0,34357000000.0,29718250000.0,5936000000.0,28421000000.0,0.651,39.729,-503000000.0,408000000.0,408000000.0,16229000000.0,600000000.0,1.01,1.367,7084000000.0,276000000.0,6808000000.0,7084000000.0,0.0,550000000.0,0.0,0.023,1.0,1309000000.0,1859000000.0,0.096,1859000000.0,1309000000.0,852000000.0,2.125,2.105,2.125,14517000000.0,11090250000.0,14517000000.0,23902907774.0,18.0,12.858,173000000.0,0.473,1.0,3112000000.0,0.161,19186000000.0,457000000.0,15971000000.0,14752250000.0,1158000000.0,0.0,0.0,0.0,19840000000.0,5876000000.0,13964000000.0,15691907774.0,256000000.0,3722000000.0,30000000.0,-3077000000.0,-233000000.0,-3630000000.0,3210000000.0,29000000.0,676000000.0,0.0,600000000.0,600000000.0,600000000.0,-120000000.0,0.0,0.031,1977000000.0,1135000000.0,1282000000.0,0.471,1.081,26.153,20.188,4009000000.0,0.0,42.9,0.811,0.81,3132000000.0,3044000000.0,19341000000.0,19341000000.0,0.0,0.02,0.054,0.089,0.068,75000000.0,1977000000.0,1.0,365778736.0,365400000,365400000.0,52.931,15171000000.0,1151000000.0,252000000.0,292000000.0,41.519,60000000.0
74,NOC,MRT,2002-12-31,2002-12-31,2002-12-31,2021-08-25,-1048000000.0,42326000000.0,26493250000.0,15895000000.0,26431000000.0,0.657,61.973,-483000000.0,1412000000.0,1412000000.0,14526000000.0,64000000.0,1.39,1.955,9623000000.0,225000000.0,9398000000.0,9623000000.0,0.0,517000000.0,0.0,0.016,0.8,766000000.0,1283000000.0,0.074,1283000000.0,766000000.0,344000000.0,0.17,0.17,0.17,14322000000.0,9424500000.0,14322000000.0,15543501430.0,20.0,12.115,1206000000.0,5.219,1.0,2880000000.0,0.165,18210000000.0,422000000.0,20894000000.0,13681500000.0,1091000000.0,0.0,0.0,0.0,28004000000.0,11433000000.0,16571000000.0,10974501430.0,911000000.0,279000000.0,76000000.0,-487000000.0,-205000000.0,-623000000.0,-155000000.0,29000000.0,1689000000.0,0.0,64000000.0,64000000.0,64000000.0,-41000000.0,0.0,0.004,1760000000.0,1120000000.0,1427000000.0,4.706,0.766,171.477,285.294,3605000000.0,0.0,48.5,0.631,0.644,2949000000.0,2870000000.0,17406000000.0,17406000000.0,0.0,0.002,0.007,0.056,0.044,67000000.0,1760000000.0,1.0,226278380.0,231100000,234900000.0,75.318,24116000000.0,836000000.0,280000000.0,1237000000.0,104.353,4462000000.0
75,NOC,MRT,2002-09-30,2002-09-30,2002-09-30,2021-08-25,-54000000.0,20806000000.0,21116250000.0,4687000000.0,16119000000.0,0.782,33.165,-375000000.0,462000000.0,462000000.0,13550000000.0,-29000000.0,1.001,1.774,5031000000.0,146000000.0,4885000000.0,5031000000.0,0.0,472000000.0,0.0,0.013,0.8,682000000.0,1154000000.0,0.07,1154000000.0,682000000.0,258000000.0,-0.15,-0.145,-0.15,7500000000.0,7691750000.0,7500000000.0,18976632844.0,28.0,16.444,1182000000.0,5.227,1.0,2971000000.0,0.18,9617000000.0,424000000.0,11075000000.0,11399750000.0,1107000000.0,0.0,0.0,0.0,13306000000.0,4683000000.0,8623000000.0,14007632844.0,152000000.0,-896000000.0,1555000000.0,-1465000000.0,-202000000.0,-110000000.0,-1295000000.0,0.0,1557000000.0,0.0,-29000000.0,-29000000.0,-29000000.0,209000000.0,0.0,-0.002,1667000000.0,1304000000.0,804000000.0,-5.333,1.868,-483.022,-413.333,2824000000.0,0.0,62.0,0.848,0.849,2325000000.0,2697000000.0,16521000000.0,16521000000.0,0.0,-0.001,-0.004,0.06,0.041,77000000.0,1667000000.0,1.0,225929562.0,226140000,226140000.0,73.057,11189000000.0,103000000.0,287000000.0,1543000000.0,49.478,4000000.0
76,NOC,MRT,2002-06-30,2002-06-30,2002-06-30,2021-08-25,-52000000.0,21384000000.0,20218250000.0,4253000000.0,17131000000.0,0.777,35.546,-394000000.0,196000000.0,196000000.0,13021000000.0,109000000.0,0.889,1.666,5165000000.0,250000000.0,4915000000.0,5165000000.0,0.0,582000000.0,0.0,0.013,0.8,819000000.0,1401000000.0,0.089,1401000000.0,819000000.0,393000000.0,0.565,0.555,0.565,8022000000.0,7135500000.0,8022000000.0,19470498875.0,24.0,13.898,910000000.0,4.032,1.0,2696000000.0,0.172,10501000000.0,426000000.0,11069000000.0,11209500000.0,1163000000.0,0.0,0.0,0.0,13362000000.0,4783000000.0,8579000000.0,14100498875.0,-29000000.0,-906000000.0,1562000000.0,-1494000000.0,-191000000.0,-124000000.0,-1209000000.0,148000000.0,1304000000.0,0.0,109000000.0,109000000.0,109000000.0,22000000.0,0.0,0.007,1465000000.0,1231000000.0,867000000.0,1.416,1.758,129.362,110.619,3000000000.0,0.0,62.5,0.897,0.897,2696000000.0,3240000000.0,15717000000.0,15717000000.0,0.0,0.005,0.015,0.073,0.052,69000000.0,1465000000.0,1.0,225607982.0,225680000,225680000.0,69.643,10883000000.0,57000000.0,284000000.0,1475000000.0,48.223,-530000000.0
77,NOC,MRT,2002-03-31,2002-03-31,2002-03-31,2021-08-25,-53000000.0,21457000000.0,19205000000.0,4438000000.0,17019000000.0,0.789,35.283,-307000000.0,115000000.0,115000000.0,12583000000.0,41000000.0,0.956,1.732,5485000000.0,49000000.0,5436000000.0,5485000000.0,0.0,617000000.0,0.0,0.014,0.8,758000000.0,1375000000.0,0.091,1375000000.0,758000000.0,323000000.0,0.43,0.43,0.43,7854000000.0,6432750000.0,7854000000.0,17730027252.0,23.0,12.895,444000000.0,1.995,1.0,2566000000.0,0.169,10498000000.0,435000000.0,11688000000.0,11118250000.0,1225000000.0,0.0,0.0,0.0,13603000000.0,4641000000.0,8962000000.0,12703027252.0,-1521000000.0,-3204000000.0,1562000000.0,-260000000.0,-181000000.0,1123000000.0,-3395000000.0,148000000.0,751000000.0,0.0,41000000.0,41000000.0,41000000.0,23000000.0,0.0,0.003,1414000000.0,1152000000.0,833000000.0,1.86,1.617,309.83,131.512,2941000000.0,0.0,56.55,0.839,0.831,2877000000.0,3109000000.0,15149000000.0,15149000000.0,0.0,0.002,0.006,0.068,0.05,39000000.0,1414000000.0,1.0,224633550.0,222600000,222600000.0,68.055,10959000000.0,49000000.0,282000000.0,1385000000.0,49.232,-203000000.0
78,NOC,MRT,2001-12-31,2001-12-31,2001-12-31,2021-08-25,-53000000.0,20818000000.0,16637000000.0,5573000000.0,15245000000.0,0.782,43.734,-281000000.0,464000000.0,464000000.0,10707000000.0,427000000.0,1.093,1.817,5488000000.0,450000000.0,5038000000.0,5488000000.0,0.0,576000000.0,0.0,0.016,0.8,1068000000.0,1644000000.0,0.126,1644000000.0,1068000000.0,695000000.0,2.42,2.4,2.42,7391000000.0,5471000000.0,7391000000.0,13657028144.0,13.0,8.307,536000000.0,3.172,1.0,2305000000.0,0.177,8975000000.0,373000000.0,11767000000.0,9618750000.0,1098000000.0,0.0,0.0,0.0,13427000000.0,5100000000.0,8327000000.0,8648028144.0,145000000.0,-3043000000.0,1515000000.0,1239000000.0,-158000000.0,2532000000.0,-3204000000.0,148000000.0,817000000.0,0.0,427000000.0,427000000.0,427000000.0,32000000.0,0.0,0.033,1272000000.0,1033000000.0,982000000.0,0.331,1.17,20.253,20.826,2584000000.0,0.0,50.4,0.665,0.655,2643000000.0,3011000000.0,13012000000.0,13012000000.0,0.0,0.026,0.078,0.111,0.082,46000000.0,1272000000.0,1.0,171587860.0,169000000,169000000.0,76.994,11843000000.0,38000000.0,268000000.0,1150000000.0,70.077,473000000.0
79,NOC,MRT,2001-09-30,2001-09-30,2001-09-30,2021-08-25,-19000000.0,17214000000.0,13838000000.0,4004000000.0,13210000000.0,0.816,30.873,-261000000.0,310000000.0,310000000.0,9025000000.0,421000000.0,1.013,2.263,5319000000.0,134000000.0,5185000000.0,5319000000.0,0.0,569000000.0,0.0,0.016,0.8,994000000.0,1563000000.0,0.138,1563000000.0,994000000.0,685000000.0,2.645,2.625,2.645,5275000000.0,4603000000.0,5275000000.0,13872345357.0,14.0,8.875,345000000.0,2.019,1.0,2263000000.0,0.2,7956000000.0,309000000.0,10314000000.0,7626500000.0,1222000000.0,0.0,0.0,0.0,11939000000.0,3953000000.0,7986000000.0,8623345357.0,-443000000.0,-2784000000.0,40000000.0,1991000000.0,-140000000.0,1827000000.0,-2876000000.0,148000000.0,606000000.0,0.0,421000000.0,421000000.0,421000000.0,69000000.0,0.0,0.037,1306000000.0,957000000.0,757000000.0,0.302,1.635,20.483,19.093,2086000000.0,0.0,50.5,0.764,0.764,2297000000.0,2928000000.0,11288000000.0,11288000000.0,0.0,0.03,0.091,0.13,0.088,8000000.0,1306000000.0,1.0,170759314.0,170860000,170860000.0,66.066,9258000000.0,35000000.0,264000000.0,1210000000.0,54.185,51000000.0
80,NOC,MRT,2001-06-30,2001-06-30,2001-06-30,2021-08-25,-24000000.0,17331000000.0,11873000000.0,3820000000.0,13511000000.0,0.809,31.237,-231000000.0,225000000.0,225000000.0,7392000000.0,474000000.0,1.018,2.326,5474000000.0,107000000.0,5367000000.0,5474000000.0,0.0,458000000.0,0.0,0.025,1.0,1018000000.0,1476000000.0,0.154,1476000000.0,1018000000.0,774000000.0,3.155,3.135,3.155,5211000000.0,4235500000.0,5211000000.0,8302461002.0,8.0,5.625,364000000.0,2.182,1.0,2217000000.0,0.231,8122000000.0,244000000.0,10704000000.0,6010250000.0,1386000000.0,145000000.0,0.0,145000000.0,12120000000.0,3754000000.0,8366000000.0,6833461002.0,128000000.0,-2103000000.0,33000000.0,2003000000.0,-127000000.0,1846000000.0,-2313000000.0,0.0,595000000.0,0.0,474000000.0,474000000.0,474000000.0,52000000.0,0.0,0.049,1258000000.0,959000000.0,794000000.0,0.317,1.311,14.417,12.694,2189000000.0,0.0,40.05,0.711,0.695,2056000000.0,2890000000.0,9609000000.0,9609000000.0,0.0,0.04,0.112,0.169,0.106,5000000.0,1258000000.0,1.0,170623246.0,166820000,166820000.0,57.601,9209000000.0,30000000.0,300000000.0,1340000000.0,55.203,66000000.0
81,NOC,MRT,2001-03-31,2001-03-31,2001-03-31,2021-08-25,-24000000.0,11185000000.0,9806250000.0,3966000000.0,7219000000.0,0.796,27.753,-244000000.0,1636000000.0,1636000000.0,5692000000.0,538000000.0,1.535,1.791,3105000000.0,0.0,3105000000.0,3105000000.0,0.0,385000000.0,0.0,0.023,1.0,1034000000.0,1419000000.0,0.182,1419000000.0,1034000000.0,858000000.0,3.785,3.77,3.785,4007000000.0,3823500000.0,4007000000.0,7570987143.0,7.0,5.335,642000000.0,4.447,1.0,2110000000.0,0.27,4380000000.0,176000000.0,5690000000.0,4465500000.0,749000000.0,140000000.0,0.0,140000000.0,7178000000.0,2584000000.0,4594000000.0,6274987143.0,1595000000.0,161000000.0,22000000.0,951000000.0,-114000000.0,795000000.0,-86000000.0,0.0,886000000.0,0.0,538000000.0,538000000.0,538000000.0,34000000.0,0.0,0.069,1109000000.0,1001000000.0,491000000.0,0.264,1.566,11.664,11.493,1014000000.0,0.0,43.5,0.804,0.805,1493000000.0,2817000000.0,7802000000.0,7802000000.0,0.0,0.055,0.141,0.232,0.133,6000000.0,1109000000.0,1.0,144252578.0,144380000,144380000.0,54.038,6805000000.0,22000000.0,320000000.0,1088000000.0,47.133,1382000000.0
82,NOC,MRT,2000-12-31,2000-12-31,2000-12-31,2021-08-25,-23000000.0,9622000000.0,9357250000.0,2526000000.0,7096000000.0,0.814,27.755,-230000000.0,319000000.0,319000000.0,5446000000.0,608000000.0,0.94,1.455,1615000000.0,10000000.0,1605000000.0,1615000000.0,0.0,381000000.0,0.0,0.024,1.0,1133000000.0,1514000000.0,0.199,1514000000.0,1133000000.0,958000000.0,4.305,4.29,4.305,3919000000.0,3674000000.0,3919000000.0,7669418333.0,7.0,5.066,780000000.0,5.524,1.0,2172000000.0,0.285,4432000000.0,175000000.0,3798000000.0,4225000000.0,585000000.0,0.0,0.0,0.0,5703000000.0,2688000000.0,3015000000.0,5804418333.0,177000000.0,158000000.0,19000000.0,-660000000.0,-114000000.0,-755000000.0,-78000000.0,0.0,1010000000.0,0.0,608000000.0,608000000.0,608000000.0,17000000.0,0.0,0.08,1074000000.0,1098000000.0,564000000.0,0.232,1.481,9.547,9.64,1015000000.0,0.0,41.5,0.762,0.769,1557000000.0,2742000000.0,7618000000.0,7618000000.0,0.0,0.065,0.165,0.268,0.149,8000000.0,1074000000.0,1.0,139865502.0,141200000,141200000.0,53.952,5190000000.0,21000000.0,350000000.0,1043000000.0,36.756,-162000000.0
83,NOC,MRT,2000-09-30,2000-09-30,2000-09-30,2021-08-25,-19000000.0,9354000000.0,9273000000.0,2709000000.0,6645000000.0,0.816,26.871,-199000000.0,753000000.0,753000000.0,5498000000.0,621000000.0,1.111,1.458,1820000000.0,215000000.0,1605000000.0,1820000000.0,0.0,382000000.0,0.0,0.022,1.0,1160000000.0,1542000000.0,0.204,1542000000.0,1160000000.0,974000000.0,4.43,4.42,4.43,3805000000.0,3508500000.0,3805000000.0,8220488411.0,7.0,5.331,971000000.0,6.857,1.0,2071000000.0,0.274,4134000000.0,186000000.0,3849000000.0,4444000000.0,603000000.0,204000000.0,0.0,204000000.0,5549000000.0,2438000000.0,3111000000.0,6355488411.0,716000000.0,635000000.0,12000000.0,-785000000.0,-112000000.0,-885000000.0,431000000.0,0.0,1170000000.0,0.0,621000000.0,621000000.0,621000000.0,-38000000.0,0.0,0.082,970000000.0,1101000000.0,364000000.0,0.226,1.67,10.234,10.257,963000000.0,0.0,45.44,0.84,0.85,1292000000.0,2647000000.0,7569000000.0,7569000000.0,0.0,0.067,0.177,0.261,0.153,9000000.0,970000000.0,1.0,139865502.0,141600000,141600000.0,53.453,5220000000.0,14000000.0,353000000.0,1019000000.0,36.864,271000000.0
84,NOC,MRT,2000-06-30,2000-06-30,2000-06-30,2021-08-25,-19000000.0,9064000000.0,9342000000.0,2862000000.0,6202000000.0,0.818,25.486,-184000000.0,97000000.0,97000000.0,5547000000.0,617000000.0,1.191,1.544,1962000000.0,212000000.0,1750000000.0,1962000000.0,0.0,385000000.0,0.0,0.024,0.8,1153000000.0,1538000000.0,0.201,1538000000.0,1153000000.0,946000000.0,4.415,4.405,4.415,3563000000.0,3341000000.0,3563000000.0,6679021018.0,6.0,4.343,1046000000.0,7.482,1.0,2096000000.0,0.274,4000000000.0,207000000.0,4525000000.0,4841000000.0,627000000.0,49000000.0,0.0,49000000.0,5501000000.0,2404000000.0,3097000000.0,4625021018.0,10000000.0,-177000000.0,8000000.0,-745000000.0,-112000000.0,-849000000.0,-371000000.0,0.0,1230000000.0,0.0,617000000.0,617000000.0,617000000.0,-46000000.0,0.0,0.081,995000000.0,1101000000.0,449000000.0,0.181,1.298,7.496,7.503,953000000.0,0.0,33.125,0.605,0.606,1341000000.0,2543000000.0,7643000000.0,7643000000.0,0.0,0.066,0.185,0.238,0.151,8000000.0,995000000.0,1.0,139623276.0,139800000,139800000.0,54.671,5064000000.0,21000000.0,329000000.0,868000000.0,36.223,458000000.0
85,NOC,MRT,2000-03-31,2000-03-31,2000-03-31,2021-08-25,-19000000.0,9389000000.0,9490250000.0,2803000000.0,6586000000.0,0.812,24.385,-157000000.0,41000000.0,41000000.0,5699000000.0,552000000.0,1.106,1.754,2095000000.0,295000000.0,1800000000.0,2095000000.0,0.0,394000000.0,0.0,0.03,0.8,1071000000.0,1465000000.0,0.19,1465000000.0,1071000000.0,856000000.0,3.965,3.95,3.965,3409000000.0,3208000000.0,3409000000.0,6380677884.0,6.0,4.355,998000000.0,7.139,1.0,2009000000.0,0.261,4181000000.0,215000000.0,4728000000.0,5136000000.0,1240000000.0,49000000.0,0.0,49000000.0,5980000000.0,2534000000.0,3446000000.0,3691677884.0,12000000.0,-235000000.0,5000000.0,-639000000.0,-111000000.0,-745000000.0,-398000000.0,0.0,1155000000.0,0.0,552000000.0,552000000.0,552000000.0,-18000000.0,0.0,0.072,971000000.0,1038000000.0,436000000.0,0.202,1.083,6.688,6.676,1224000000.0,0.0,26.47,0.479,0.48,1450000000.0,2393000000.0,7708000000.0,7708000000.0,0.0,0.058,0.172,0.209,0.139,9000000.0,971000000.0,1.0,139466486.0,139800000,139800000.0,55.136,5208000000.0,22000000.0,304000000.0,778000000.0,37.253,269000000.0
86,NOC,MRT,1999-12-31,1999-12-31,1999-12-31,2021-08-25,-19000000.0,9285000000.0,9533250000.0,2793000000.0,6492000000.0,0.799,23.499,-161000000.0,142000000.0,142000000.0,5634000000.0,467000000.0,1.134,1.851,2225000000.0,225000000.0,2000000000.0,2225000000.0,0.0,389000000.0,0.0,0.03,0.8,964000000.0,1353000000.0,0.178,1353000000.0,964000000.0,740000000.0,3.365,3.345,3.365,3257000000.0,3083500000.0,3257000000.0,6318550148.0,7.0,4.67,1046000000.0,7.547,1.0,1982000000.0,0.26,4230000000.0,224000000.0,4674000000.0,5360750000.0,1190000000.0,0.0,0.0,0.0,6028000000.0,2464000000.0,3564000000.0,3756550148.0,98000000.0,-232000000.0,6000000.0,-612000000.0,-111000000.0,-717000000.0,-392000000.0,0.0,1207000000.0,0.0,467000000.0,467000000.0,467000000.0,-9000000.0,0.0,0.061,1028000000.0,954000000.0,490000000.0,0.238,1.153,8.044,8.033,1240000000.0,0.0,27.03,0.493,0.492,1402000000.0,2248000000.0,7616000000.0,7616000000.0,0.0,0.049,0.151,0.18,0.127,2000000.0,1028000000.0,1.0,138977068.0,138600000,138600000.0,54.949,5055000000.0,23000000.0,273000000.0,672000000.0,36.472,329000000.0
87,NOC,MRT,1999-09-30,1999-09-30,1999-09-30,2021-08-25,-31000000.0,9630000000.0,9596000000.0,2876000000.0,6754000000.0,0.711,22.586,-144000000.0,37000000.0,37000000.0,5176000000.0,326000000.0,1.177,2.072,2599000000.0,299000000.0,2300000000.0,2599000000.0,0.0,392000000.0,0.0,0.025,0.8,758000000.0,1150000000.0,0.169,1150000000.0,758000000.0,526000000.0,2.355,2.345,2.355,3135000000.0,2981750000.0,3135000000.0,7025913278.0,9.0,6.109,661000000.0,4.762,1.0,1644000000.0,0.241,4312000000.0,232000000.0,5437000000.0,5774750000.0,1424000000.0,55000000.0,0.0,55000000.0,6495000000.0,2443000000.0,4052000000.0,4412913278.0,-43000000.0,-270000000.0,8000000.0,-337000000.0,-110000000.0,-434000000.0,-414000000.0,0.0,805000000.0,0.0,326000000.0,326000000.0,326000000.0,-3000000.0,0.0,0.048,647000000.0,997000000.0,427000000.0,0.34,1.408,13.537,13.495,1235000000.0,0.0,31.78,0.647,0.647,1352000000.0,2138000000.0,6820000000.0,6820000000.0,0.0,0.034,0.109,0.131,0.111,0.0,833000000.0,1.0,138858190.0,138800000,138800000.0,49.135,5318000000.0,51000000.0,200000000.0,604000000.0,38.314,433000000.0
88,NOC,MRT,1999-06-30,1999-06-30,1999-06-30,2021-08-25,-31000000.0,9657000000.0,9681500000.0,3039000000.0,6618000000.0,0.747,22.092,-131000000.0,87000000.0,87000000.0,5517000000.0,314000000.0,1.287,2.186,2700000000.0,200000000.0,2500000000.0,2700000000.0,0.0,399000000.0,0.0,0.024,0.8,743000000.0,1142000000.0,0.158,1142000000.0,743000000.0,516000000.0,2.275,2.265,2.275,3031000000.0,2919500000.0,3031000000.0,7268330990.0,10.0,6.365,519000000.0,3.783,1.0,1711000000.0,0.237,4204000000.0,227000000.0,5705000000.0,5922000000.0,1336000000.0,54000000.0,0.0,54000000.0,6626000000.0,2361000000.0,4265000000.0,4569330990.0,47000000.0,-177000000.0,7000000.0,-191000000.0,-110000000.0,-289000000.0,-314000000.0,0.0,650000000.0,0.0,314000000.0,314000000.0,314000000.0,9000000.0,0.0,0.043,718000000.0,993000000.0,440000000.0,0.352,1.508,14.552,14.574,1242000000.0,0.0,33.155,0.632,0.629,1505000000.0,2038000000.0,7228000000.0,7228000000.0,0.0,0.032,0.108,0.125,0.103,0.0,904000000.0,1.0,137817252.0,137200000,137200000.0,52.682,5453000000.0,122000000.0,202000000.0,578000000.0,39.745,678000000.0
89,NOC,MRT,1999-03-31,1999-03-31,1999-03-31,2021-08-25,-31000000.0,9561000000.0,9761500000.0,3030000000.0,6531000000.0,0.763,21.125,-144000000.0,29000000.0,29000000.0,5677000000.0,294000000.0,1.21,2.284,2728000000.0,353000000.0,2375000000.0,2728000000.0,0.0,391000000.0,0.0,0.027,0.8,709000000.0,1100000000.0,0.148,1100000000.0,709000000.0,477000000.0,2.13,2.115,2.13,2911000000.0,2854500000.0,2911000000.0,6870797457.0,10.0,6.246,280000000.0,2.032,1.0,1769000000.0,0.238,4128000000.0,232000000.0,5627000000.0,5990000000.0,1424000000.0,59000000.0,0.0,59000000.0,6650000000.0,2505000000.0,4145000000.0,4123797457.0,5000000.0,-80000000.0,22000000.0,-108000000.0,-110000000.0,-191000000.0,-228000000.0,0.0,424000000.0,0.0,294000000.0,294000000.0,294000000.0,-1000000.0,0.0,0.039,828000000.0,941000000.0,422000000.0,0.376,1.417,14.027,14.056,1266000000.0,0.0,29.94,0.554,0.554,1489000000.0,1952000000.0,7446000000.0,7446000000.0,0.0,0.03,0.103,0.118,0.095,0.0,1008000000.0,1.0,137735386.0,137800000,137800000.0,54.035,5433000000.0,177000000.0,183000000.0,580000000.0,39.427,525000000.0
90,NOC,MRT,1998-12-31,1998-12-31,1998-12-31,2021-08-25,0.0,9536000000.0,9806750000.0,3033000000.0,6503000000.0,0.751,20.803,-148000000.0,44000000.0,44000000.0,5604000000.0,194000000.0,1.281,2.346,0.0,269000000.0,2562000000.0,0.0,0.0,393000000.0,0.0,0.022,0.8,542000000.0,935000000.0,0.127,935000000.0,542000000.0,310000000.0,1.415,1.395,1.415,2850000000.0,2799000000.0,2850000000.0,7888637377.0,15.0,8.437,96000000.0,0.701,1.0,1763000000.0,0.239,795000000.0,232000000.0,6330000000.0,6018250000.0,1373000000.0,63000000.0,0.0,63000000.0,6686000000.0,2367000000.0,4319000000.0,5032637377.0,-19000000.0,-80000000.0,36000000.0,40000000.0,-109000000.0,-28000000.0,-235000000.0,0.0,244000000.0,0.0,194000000.0,194000000.0,194000000.0,-1000000.0,0.0,0.026,1011000000.0,752000000.0,0.0,0.565,1.766,25.941,25.841,1274000000.0,0.0,36.565,0.683,0.68,1507000000.0,1892000000.0,7367000000.0,7367000000.0,0.0,0.02,0.069,0.09,0.074,88000000.0,1011000000.0,1.0,137635372.0,137000000,137000000.0,53.774,8741000000.0,190000000.0,116000000.0,0.0,63.803,666000000.0
91,NOC,MRT,1998-09-30,1998-09-30,1998-09-30,2021-08-25,-22000000.0,9972000000.0,9842000000.0,3224000000.0,6748000000.0,0.902,20.943,-134000000.0,80000000.0,80000000.0,6546000000.0,314000000.0,1.252,2.455,2936000000.0,226000000.0,2710000000.0,2936000000.0,0.0,404000000.0,0.0,0.022,0.8,729000000.0,1133000000.0,0.128,1133000000.0,729000000.0,496000000.0,2.305,2.27,2.305,2886000000.0,2742250000.0,2886000000.0,7874110701.0,11.0,6.95,398000000.0,2.888,1.0,2330000000.0,0.263,4227000000.0,233000000.0,6026000000.0,5081250000.0,1580000000.0,112000000.0,0.0,112000000.0,7086000000.0,2575000000.0,4511000000.0,5022110701.0,32000000.0,-51000000.0,44000000.0,-250000000.0,-110000000.0,-316000000.0,-184000000.0,0.0,532000000.0,0.0,314000000.0,314000000.0,314000000.0,0.0,0.0,0.035,1599000000.0,731000000.0,400000000.0,0.347,1.74,15.994,15.835,1308000000.0,0.0,36.5,0.566,0.567,1418000000.0,1922000000.0,8876000000.0,8876000000.0,0.0,0.032,0.115,0.143,0.082,111000000.0,1431000000.0,1.0,137592074.0,137800000,137800000.0,64.412,5745000000.0,477000000.0,182000000.0,828000000.0,41.691,649000000.0
92,NOC,MRT,1998-06-30,1998-06-30,1998-06-30,2021-08-25,-22000000.0,9977000000.0,,3216000000.0,6761000000.0,,20.197,-163000000.0,40000000.0,40000000.0,6756000000.0,296000000.0,1.224,2.601,2892000000.0,186000000.0,2706000000.0,2892000000.0,0.0,398000000.0,0.0,0.016,0.8,716000000.0,1114000000.0,0.124,1114000000.0,716000000.0,474000000.0,2.195,2.155,2.195,2771000000.0,,2771000000.0,9789919039.0,14.0,8.788,399000000.0,2.908,1.0,2204000000.0,0.246,4225000000.0,242000000.0,5977000000.0,,1582000000.0,134000000.0,0.0,134000000.0,7206000000.0,2627000000.0,4579000000.0,6977919039.0,-88000000.0,-1000000.0,44000000.0,-416000000.0,-108000000.0,-486000000.0,-164000000.0,0.0,562000000.0,0.0,296000000.0,296000000.0,296000000.0,0.0,0.0,0.033,1522000000.0,682000000.0,465000000.0,0.364,2.518,23.574,23.485,1321000000.0,0.0,51.55,0.779,0.789,1432000000.0,1834000000.0,8960000000.0,8960000000.0,0.0,,,,0.08,111000000.0,1338000000.0,1.0,135362154.0,137200000,137200000.0,65.306,5752000000.0,536000000.0,178000000.0,825000000.0,41.924,589000000.0
93,NOC,MRT,1998-03-31,1998-03-31,1998-03-31,2021-08-25,-22000000.0,9742000000.0,,3006000000.0,6736000000.0,,19.83,-134000000.0,24000000.0,24000000.0,6871000000.0,311000000.0,1.182,2.623,2836000000.0,206000000.0,2630000000.0,2836000000.0,0.0,415000000.0,0.0,0.015,0.8,746000000.0,1161000000.0,0.128,1161000000.0,746000000.0,498000000.0,2.325,2.28,2.325,2689000000.0,,2689000000.0,10558942909.0,14.0,9.095,524000000.0,3.864,1.0,2178000000.0,0.241,4271000000.0,248000000.0,5740000000.0,,1424000000.0,144000000.0,0.0,144000000.0,7053000000.0,2543000000.0,4510000000.0,7243942909.0,-98000000.0,-1000000.0,30000000.0,-541000000.0,-105000000.0,-622000000.0,-134000000.0,0.0,658000000.0,0.0,311000000.0,311000000.0,311000000.0,0.0,0.0,0.034,1467000000.0,711000000.0,457000000.0,0.344,2.694,23.292,23.097,1327000000.0,0.0,53.7,0.801,0.805,1403000000.0,1768000000.0,9049000000.0,9049000000.0,0.0,,,,0.082,111000000.0,1287000000.0,1.0,134896516.0,135600000,135600000.0,66.733,5471000000.0,535000000.0,187000000.0,779000000.0,40.347,463000000.0
94,NOC,MRT,1997-12-31,1997-12-31,1997-12-31,2021-08-25,0.0,9677000000.0,9661000000.0,2936000000.0,6741000000.0,0.947,19.663,-132000000.0,63000000.0,63000000.0,7040000000.0,407000000.0,1.081,2.689,0.0,291000000.0,2500000000.0,0.0,0.0,418000000.0,0.0,0.014,0.8,908000000.0,1326000000.0,0.145,1326000000.0,908000000.0,651000000.0,3.05,2.99,3.05,2623000000.0,,2623000000.0,,,,598000000.0,4.483,1.0,2113000000.0,0.231,4317000000.0,257000000.0,2582000000.0,3823000000.0,1283000000.0,81000000.0,0.0,81000000.0,7054000000.0,2715000000.0,4339000000.0,7756549670.0,-60000000.0,19000000.0,17000000.0,-586000000.0,-102000000.0,-677000000.0,-113000000.0,0.0,730000000.0,0.0,407000000.0,407000000.0,407000000.0,0.0,0.0,0.044,1233000000.0,880000000.0,0.0,0.262,2.957,19.058,18.852,1346000000.0,0.0,57.5,0.847,0.838,1441000000.0,1807000000.0,9153000000.0,9153000000.0,0.0,0.042,,0.238,0.099,24000000.0,1233000000.0,1.0,134896516.0,133400000,133400000.0,68.613,5360000000.0,567000000.0,244000000.0,0.0,40.18,221000000.0
95,NOC,MRT,1997-09-30,1997-09-30,1997-09-30,2021-08-25,,,,,,,,,,,,,,,,,,,,,,0.013,0.8,,,,,,,,,,,,,,,,,,1.0,,,,,,,,,,,,,,,,,,,,,,,,,,,,,,,,,,,,,,,,60.7,,,,,,,,,,,,,,1.0,,133800000,,,,,,,,
96,NOC,MRT,1997-06-30,1997-06-30,1997-06-30,2021-08-25,,,,,,,,,,,,,,,,,,,,,,0.018,0.8,,,,,,,,,,,,,,,,,,1.0,,,,,,,,,,,,,,,,,,,,,,,,,,,,,,,,,,,,,,,,43.94,,,,,,,,,,,,,,1.0,,133400000,,,,,,,,
97,NOC,MRT,1997-03-31,1997-03-31,1997-03-31,2021-08-25,,,,,,,,,,,,,,,,,,,,,,0.021,0.8,,,,,,,,,,,,,,,,,,1.0,,,,,,,,,,,,,,,,,,,,,,,,,,,,,,,,,,,,,,,,37.815,,,,,,,,,,,,,,1.0,,133200000,,,,,,,,
98,NOC,MRT,1996-12-31,1996-12-31,1996-12-31,2021-08-25,0.0,9645000000.0,,2775000000.0,6870000000.0,,,-140000000.0,123000000.0,123000000.0,6658000000.0,264000000.0,,,0.0,,,0.0,0.0,375000000.0,0.0,0.019,0.8,702000000.0,1077000000.0,0.125,1077000000.0,702000000.0,432000000.0,2.11,2.075,2.11,,,,,,,603000000.0,4.816,1.0,1949000000.0,0.226,4458000000.0,270000000.0,5064000000.0,,1053000000.0,251000000.0,0.0,251000000.0,,,,,67000000.0,-2841000000.0,502000000.0,2009000000.0,-87000000.0,2317000000.0,-2993000000.0,9000000.0,743000000.0,0.0,264000000.0,264000000.0,264000000.0,0.0,0.0,0.031,1246000000.0,703000000.0,0.0,0.379,,,19.609,1412000000.0,0.0,41.375,,0.602,1453000000.0,,8607000000.0,8607000000.0,0.0,,,,0.082,10000000.0,1246000000.0,1.0,,125200000,125200000.0,68.746,5187000000.0,598000000.0,168000000.0,0.0,41.43,
99,NOC,MRT,1995-12-31,1995-12-31,1995-12-31,2021-08-25,,,,,,,,-106000000.0,,,5697000000.0,277000000.0,,,,,,,,290000000.0,,0.025,0.8,585000000.0,875000000.0,0.12,875000000.0,585000000.0,448000000.0,2.395,2.355,2.395,,,,,,,671000000.0,5.804,1.0,1575000000.0,0.217,,137000000.0,,,,,,,,,,,7000000.0,-18000000.0,8000000.0,-552000000.0,-82000000.0,-626000000.0,-144000000.0,1000000.0,777000000.0,0.0,277000000.0,277000000.0,277000000.0,0.0,0.0,0.038,1003000000.0,572000000.0,,0.334,,,13.361,,0.0,32.0,,0.509,,,7272000000.0,7272000000.0,0.0,,,,0.08,0.0,1003000000.0,1.0,,115600000,115600000.0,62.907,,,171000000.0,,,
