None,ticker,dimension,calendardate,datekey,reportperiod,lastupdated,accoci,assets,assetsavg,assetsc,assetsnc,assetturnover,bvps,capex,cashneq,cashnequsd,cor,consolinc,currentratio,de,debt,debtc,debtnc,debtusd,deferredrev,depamor,deposits,divyield,dps,ebit,ebitda,ebitdamargin,ebitdausd,ebitusd,ebt,eps,epsdil,epsusd,equity,equityavg,equityusd,ev,evebit,evebitda,fcf,fcfps,fxusd,gp,grossmargin,intangibles,intexp,invcap,invcapavg,inventory,investments,investmentsc,investmentsnc,liabilities,liabilitiesc,liabilitiesnc,marketcap,ncf,ncfbus,ncfcommon,ncfdebt,ncfdiv,ncff,ncfi,ncfinv,ncfo,ncfx,netinc,netinccmn,netinccmnusd,netincdis,netincnci,netmargin,opex,opinc,payables,payoutratio,pb,pe,pe1,ppnenet,prefdivis,price,ps,ps1,receivables,retearn,revenue,revenueusd,rnd,roa,roe,roic,ros,sbcomp,sgna,sharefactor,sharesbas,shareswa,shareswadil,sps,tangibles,taxassets,taxexp,taxliabilities,tbvps,workingcapital
0,PX1,MRY,2017-12-31,2017-12-31,2017-12-31,2021-10-16,-4098000000.0,20436000000.0,20110250000.0,3285000000.0,17151000000.0,0.569,21.023,-1311000000.0,617000000.0,617000000.0,6455000000.0,1308000000.0,0.993,2.312,9000000000.0,1217000000.0,7783000000.0,9000000000.0,0.0,1184000000.0,0.0,0.02,3.152,2434000000.0,3618000000.0,0.316,3618000000.0,2434000000.0,2273000000.0,4.36,4.32,4.36,6018000000.0,5902500000.0,6018000000.0,52915710146.0,22.0,14.626,1730000000.0,6.043,1.0,4982000000.0,0.436,3786000000.0,161000000.0,21726000000.0,22141500000.0,614000000.0,0.0,0.0,0.0,13914000000.0,3307000000.0,10607000000.0,44285710146.0,93000000.0,-3000000.0,108000000.0,-771000000.0,-901000000.0,-1656000000.0,-1314000000.0,0.0,3041000000.0,22000000.0,1247000000.0,1247000000.0,1247000000.0,0.0,61000000.0,0.109,2538000000.0,2444000000.0,972000000.0,0.723,7.359,35.514,35.477,12057000000.0,0.0,154.68,3.872,3.872,1804000000.0,13224000000.0,11437000000.0,11437000000.0,93000000.0,0.062,0.211,0.11,0.213,59000000.0,1207000000.0,1.0,286305341.0,286261000.0,289114000.0,39.953,16650000000.0,0.0,1026000000.0,0.0,58.164,-22000000.0
1,PX1,MRY,2016-12-31,2016-12-31,2016-12-31,2021-10-16,-4600000000.0,19332000000.0,19513500000.0,2880000000.0,16452000000.0,0.54,17.576,-1465000000.0,524000000.0,524000000.0,5860000000.0,1538000000.0,1.162,2.764,9515000000.0,598000000.0,8917000000.0,9515000000.0,1272000000.0,1122000000.0,0.0,0.026,3.0,2241000000.0,3363000000.0,0.319,3363000000.0,2241000000.0,2051000000.0,5.25,5.21,5.25,5021000000.0,5073500000.0,5021000000.0,42659735855.0,19.0,12.685,1308000000.0,4.579,1.0,4674000000.0,0.444,3700000000.0,190000000.0,22145000000.0,22699250000.0,550000000.0,717000000.0,0.0,717000000.0,13880000000.0,2478000000.0,11402000000.0,33444735855.0,377000000.0,-305000000.0,-89000000.0,357000000.0,-856000000.0,-643000000.0,-1770000000.0,0.0,2773000000.0,17000000.0,1500000000.0,1500000000.0,1500000000.0,0.0,38000000.0,0.142,2459000000.0,2215000000.0,906000000.0,0.571,6.661,22.296,22.322,11477000000.0,0.0,117.19,3.175,3.178,1641000000.0,12879000000.0,10534000000.0,10534000000.0,92000000.0,0.077,0.296,0.099,0.213,39000000.0,1145000000.0,1.0,285388991.0,285677000.0,287757000.0,36.874,15632000000.0,0.0,551000000.0,133000000.0,54.719,402000000.0
2,PX1,MRY,2015-12-31,2015-12-31,2015-12-31,2021-10-16,-4596000000.0,18319000000.0,18741250000.0,2626000000.0,15693000000.0,0.575,15.292,-1541000000.0,147000000.0,147000000.0,5960000000.0,1591000000.0,1.387,3.056,9231000000.0,256000000.0,8975000000.0,9231000000.0,1390000000.0,1106000000.0,0.0,0.028,2.86,2320000000.0,3426000000.0,0.318,3426000000.0,2320000000.0,2159000000.0,5.39,5.35,5.39,4389000000.0,4658750000.0,4389000000.0,38549181043.0,17.0,11.252,1154000000.0,4.021,1.0,4816000000.0,0.447,3554000000.0,161000000.0,21956000000.0,22240250000.0,531000000.0,665000000.0,0.0,665000000.0,13413000000.0,1893000000.0,11520000000.0,29168181043.0,21000000.0,238000000.0,-637000000.0,168000000.0,-819000000.0,-1310000000.0,-1303000000.0,0.0,2695000000.0,-61000000.0,1547000000.0,1547000000.0,1547000000.0,0.0,44000000.0,0.144,2523000000.0,2293000000.0,791000000.0,0.531,6.646,18.855,18.998,10998000000.0,0.0,102.4,2.707,2.727,1601000000.0,12229000000.0,10776000000.0,10776000000.0,93000000.0,0.083,0.332,0.104,0.215,30000000.0,1152000000.0,1.0,284845518.0,287005000.0,289055000.0,37.546,14765000000.0,0.0,612000000.0,144000000.0,51.445,733000000.0
3,PX1,MRY,2014-12-31,2014-12-31,2014-12-31,2021-10-16,-3185000000.0,19769000000.0,20404000000.0,2839000000.0,16930000000.0,0.601,19.224,-1689000000.0,126000000.0,126000000.0,6962000000.0,1746000000.0,1.14,2.416,9225000000.0,589000000.0,8636000000.0,9225000000.0,1281000000.0,1170000000.0,0.0,0.02,2.6,2598000000.0,3768000000.0,0.307,3768000000.0,2598000000.0,2385000000.0,5.79,5.73,5.79,5623000000.0,6421500000.0,5623000000.0,46703226412.0,18.0,12.395,1198000000.0,4.096,1.0,5311000000.0,0.433,3724000000.0,213000000.0,22654000000.0,23022250000.0,551000000.0,693000000.0,0.0,693000000.0,13583000000.0,2490000000.0,11093000000.0,37750226412.0,-12000000.0,-114000000.0,-759000000.0,589000000.0,-759000000.0,-1027000000.0,-1803000000.0,0.0,2887000000.0,-69000000.0,1694000000.0,1694000000.0,1694000000.0,0.0,52000000.0,0.138,2712000000.0,2599000000.0,864000000.0,0.449,6.714,22.285,22.377,11997000000.0,0.0,129.56,3.076,3.088,1796000000.0,11461000000.0,12273000000.0,12273000000.0,96000000.0,0.083,0.264,0.113,0.212,51000000.0,1308000000.0,1.0,291372541.0,292494000.0,295608000.0,41.96,16045000000.0,0.0,691000000.0,119000000.0,54.856,349000000.0
4,PX1,MRY,2013-12-31,2013-12-31,2013-12-31,2021-10-16,-1981000000.0,20255000000.0,19918500000.0,2916000000.0,17339000000.0,0.599,22.364,-2020000000.0,138000000.0,138000000.0,6744000000.0,1836000000.0,1.095,1.959,8811000000.0,785000000.0,8026000000.0,8811000000.0,1396000000.0,1109000000.0,0.0,0.018,2.4,2582000000.0,3691000000.0,0.31,3691000000.0,2582000000.0,2404000000.0,5.94,5.87,5.94,6609000000.0,6229000000.0,6609000000.0,47168072512.0,18.0,12.779,897000000.0,3.035,1.0,5181000000.0,0.434,3790000000.0,178000000.0,22474000000.0,22142000000.0,506000000.0,702000000.0,0.0,702000000.0,12945000000.0,2664000000.0,10281000000.0,38276072512.0,-19000000.0,-1217000000.0,-436000000.0,1461000000.0,-708000000.0,328000000.0,-3237000000.0,0.0,2917000000.0,-27000000.0,1755000000.0,1755000000.0,1755000000.0,0.0,81000000.0,0.147,2588000000.0,2593000000.0,921000000.0,0.404,5.792,21.81,21.891,12278000000.0,0.0,130.03,3.21,3.222,1892000000.0,10528000000.0,11925000000.0,11925000000.0,98000000.0,0.088,0.282,0.117,0.217,70000000.0,1349000000.0,1.0,294363397.0,295523000.0,298965000.0,40.352,16465000000.0,0.0,649000000.0,168000000.0,55.715,252000000.0
5,PX1,MRY,2012-12-31,2012-12-31,2012-12-31,2021-10-16,-1852000000.0,18090000000.0,17351000000.0,2792000000.0,15298000000.0,0.647,20.327,-2180000000.0,157000000.0,157000000.0,6396000000.0,1744000000.0,1.126,1.883,7362000000.0,677000000.0,6685000000.0,7362000000.0,977000000.0,1001000000.0,0.0,0.02,2.2,2419000000.0,3420000000.0,0.305,3420000000.0,2419000000.0,2278000000.0,5.67,5.61,5.67,6064000000.0,5908500000.0,6064000000.0,39548488749.0,16.0,11.564,572000000.0,1.917,1.0,4828000000.0,0.43,2680000000.0,141000000.0,20136000000.0,19269500000.0,476000000.0,654000000.0,0.0,654000000.0,11417000000.0,2479000000.0,8938000000.0,32520488749.0,67000000.0,-198000000.0,-459000000.0,807000000.0,-655000000.0,-303000000.0,-2378000000.0,0.0,2752000000.0,-4000000.0,1692000000.0,1692000000.0,1692000000.0,0.0,52000000.0,0.151,2434000000.0,2394000000.0,928000000.0,0.388,5.363,19.22,19.303,11453000000.0,0.0,109.45,2.897,2.909,1834000000.0,9534000000.0,11224000000.0,11224000000.0,98000000.0,0.098,0.286,0.126,0.216,70000000.0,1270000000.0,1.0,297126439.0,298316000.0,301845000.0,37.625,15410000000.0,0.0,586000000.0,123000000.0,51.657,313000000.0
6,PX1,MRY,2011-12-31,2011-12-31,2011-12-31,2021-10-16,-1746000000.0,16356000000.0,16125500000.0,2607000000.0,13749000000.0,0.698,18.158,-1797000000.0,90000000.0,90000000.0,6458000000.0,1722000000.0,1.028,1.884,6562000000.0,724000000.0,5838000000.0,6562000000.0,738000000.0,1003000000.0,0.0,0.019,2.0,2458000000.0,3461000000.0,0.308,3461000000.0,2458000000.0,2313000000.0,5.53,5.45,5.53,5488000000.0,5951500000.0,5488000000.0,38229293864.0,16.0,11.046,658000000.0,2.177,1.0,4794000000.0,0.426,2539000000.0,145000000.0,17754000000.0,17780750000.0,456000000.0,523000000.0,0.0,523000000.0,10339000000.0,2535000000.0,7804000000.0,32044293864.0,51000000.0,-208000000.0,-742000000.0,914000000.0,-602000000.0,-380000000.0,-2005000000.0,0.0,2455000000.0,-19000000.0,1672000000.0,1672000000.0,1672000000.0,0.0,50000000.0,0.149,2333000000.0,2461000000.0,896000000.0,0.362,5.839,19.165,19.331,10131000000.0,0.0,106.9,2.848,2.871,1795000000.0,8510000000.0,11252000000.0,11252000000.0,90000000.0,0.104,0.281,0.138,0.218,62000000.0,1239000000.0,1.0,299759531.0,302237000.0,306722000.0,37.229,13817000000.0,0.0,641000000.0,145000000.0,45.716,72000000.0
7,PX1,MRY,2010-12-31,2010-12-31,2010-12-31,2021-10-16,-1018000000.0,15274000000.0,14837500000.0,2378000000.0,12896000000.0,0.682,18.884,-1388000000.0,39000000.0,39000000.0,5754000000.0,1234000000.0,1.127,1.576,5557000000.0,402000000.0,5155000000.0,5557000000.0,911000000.0,925000000.0,0.0,0.019,1.8,2081000000.0,3006000000.0,0.297,3006000000.0,2081000000.0,1963000000.0,3.9,3.84,3.9,5792000000.0,5658250000.0,5792000000.0,34256068050.0,16.0,11.396,517000000.0,1.686,1.0,4362000000.0,0.431,2198000000.0,118000000.0,16484000000.0,15805500000.0,399000000.0,564000000.0,0.0,564000000.0,9129000000.0,2110000000.0,7019000000.0,29250068050.0,-6000000.0,-96000000.0,-404000000.0,490000000.0,-551000000.0,-419000000.0,-1484000000.0,0.0,1905000000.0,-8000000.0,1195000000.0,1195000000.0,1195000000.0,0.0,39000000.0,0.118,2285000000.0,2077000000.0,830000000.0,0.462,5.05,24.477,24.479,9532000000.0,0.0,95.47,2.891,2.895,1664000000.0,7475000000.0,10116000000.0,10116000000.0,79000000.0,0.081,0.211,0.132,0.206,47000000.0,1196000000.0,1.0,306379680.0,306720000.0,311395000.0,32.981,13076000000.0,0.0,768000000.0,90000000.0,42.632,268000000.0
8,PX1,MRY,2009-12-31,2009-12-31,2009-12-31,2021-10-16,-1155000000.0,14317000000.0,13732750000.0,2223000000.0,12094000000.0,0.652,17.275,-1352000000.0,45000000.0,45000000.0,5032000000.0,1297000000.0,1.226,1.631,5055000000.0,298000000.0,4757000000.0,5055000000.0,722000000.0,846000000.0,0.0,0.02,1.6,1556000000.0,2402000000.0,0.268,2402000000.0,1556000000.0,1423000000.0,4.08,4.01,4.08,5315000000.0,4777750000.0,5315000000.0,29809855124.0,19.0,12.41,816000000.0,2.652,1.0,3924000000.0,0.438,2212000000.0,133000000.0,15302000000.0,14427750000.0,377000000.0,435000000.0,0.0,435000000.0,8669000000.0,1813000000.0,6856000000.0,24639855124.0,13000000.0,-100000000.0,-141000000.0,-62000000.0,-491000000.0,-711000000.0,-1452000000.0,0.0,2168000000.0,8000000.0,1254000000.0,1254000000.0,1254000000.0,0.0,43000000.0,0.14,2314000000.0,1610000000.0,730000000.0,0.392,4.636,19.649,19.684,8990000000.0,0.0,80.31,2.751,2.759,1579000000.0,6831000000.0,8956000000.0,8956000000.0,74000000.0,0.091,0.262,0.108,0.174,39000000.0,1088000000.0,1.0,306809303.0,307676000.0,312382000.0,29.109,12105000000.0,0.0,169000000.0,138000000.0,39.343,410000000.0
9,PX1,MRY,2008-12-31,2008-12-31,2008-12-31,2021-10-16,-1768000000.0,13054000000.0,13840000000.0,2301000000.0,10753000000.0,0.78,12.822,-1611000000.0,32000000.0,32000000.0,6495000000.0,1256000000.0,0.772,2.181,5025000000.0,1316000000.0,3709000000.0,5025000000.0,699000000.0,850000000.0,0.0,0.025,1.5,1874000000.0,2724000000.0,0.252,2724000000.0,1874000000.0,1676000000.0,3.87,3.8,3.87,4009000000.0,4945000000.0,4009000000.0,23226465331.0,12.0,8.527,427000000.0,1.366,1.0,4301000000.0,0.398,2030000000.0,198000000.0,13038000000.0,13541500000.0,445000000.0,416000000.0,0.0,416000000.0,8743000000.0,2979000000.0,5764000000.0,18306465331.0,15000000.0,-76000000.0,-892000000.0,987000000.0,-468000000.0,-333000000.0,-1687000000.0,0.0,2038000000.0,-3000000.0,1211000000.0,1211000000.0,1211000000.0,0.0,45000000.0,0.112,2453000000.0,1848000000.0,820000000.0,0.388,4.566,15.117,15.339,7922000000.0,0.0,59.36,1.696,1.719,1604000000.0,6068000000.0,10796000000.0,10796000000.0,97000000.0,0.087,0.245,0.138,0.174,45000000.0,1312000000.0,1.0,308397327.0,312658000.0,318302000.0,34.53,11024000000.0,0.0,465000000.0,150000000.0,35.259,-678000000.0
10,PX1,MRY,2007-12-31,2007-12-31,2007-12-31,2021-10-16,-672000000.0,13382000000.0,12533000000.0,2408000000.0,10974000000.0,0.75,16.119,-1376000000.0,17000000.0,17000000.0,5557000000.0,1220000000.0,0.909,1.54,4192000000.0,828000000.0,3364000000.0,4192000000.0,857000000.0,774000000.0,0.0,0.014,1.2,1769000000.0,2543000000.0,0.27,2543000000.0,1769000000.0,1596000000.0,3.69,3.62,3.69,5142000000.0,4830250000.0,5142000000.0,32001461794.0,18.0,12.584,582000000.0,1.824,1.0,3845000000.0,0.409,2101000000.0,173000000.0,12806000000.0,12198250000.0,474000000.0,387000000.0,0.0,387000000.0,7919000000.0,2650000000.0,5269000000.0,28024461794.0,-19000000.0,-437000000.0,-636000000.0,795000000.0,-381000000.0,-170000000.0,-1813000000.0,0.0,1958000000.0,6000000.0,1177000000.0,1177000000.0,1177000000.0,0.0,43000000.0,0.125,2062000000.0,1783000000.0,818000000.0,0.325,5.45,23.81,24.041,7963000000.0,0.0,88.71,2.981,3.01,1723000000.0,5325000000.0,9402000000.0,9402000000.0,98000000.0,0.094,0.244,0.145,0.188,42000000.0,1190000000.0,1.0,315910966.0,318997000.0,324842000.0,29.474,11281000000.0,0.0,419000000.0,309000000.0,35.364,-242000000.0
11,PX1,MRY,2006-12-31,2006-12-31,2006-12-31,2021-10-16,-1127000000.0,11102000000.0,10870500000.0,2059000000.0,9043000000.0,0.766,14.077,-1100000000.0,36000000.0,36000000.0,4968000000.0,988000000.0,1.171,1.389,3167000000.0,186000000.0,2981000000.0,3167000000.0,656000000.0,696000000.0,0.0,0.017,1.0,1498000000.0,2194000000.0,0.264,2194000000.0,1498000000.0,1343000000.0,3.05,3.0,3.05,4554000000.0,4360500000.0,4554000000.0,22309591796.0,15.0,10.168,652000000.0,2.015,1.0,3356000000.0,0.403,1684000000.0,155000000.0,10791000000.0,10463500000.0,381000000.0,218000000.0,0.0,218000000.0,6326000000.0,1758000000.0,4568000000.0,19157591796.0,-137000000.0,112000000.0,-220000000.0,-378000000.0,-323000000.0,-905000000.0,-988000000.0,0.0,1752000000.0,4000000.0,988000000.0,988000000.0,988000000.0,0.0,0.0,0.119,1869000000.0,1487000000.0,682000000.0,0.328,4.207,19.39,19.452,6694000000.0,0.0,59.33,2.301,2.306,1456000000.0,4687000000.0,8324000000.0,8324000000.0,87000000.0,0.091,0.227,0.143,0.18,42000000.0,1086000000.0,1.0,322898901.0,323495000.0,329293000.0,25.731,9418000000.0,0.0,355000000.0,295000000.0,29.113,301000000.0
12,PX1,MRY,2005-12-31,2005-12-31,2005-12-31,2021-10-16,-1257000000.0,10491000000.0,10110500000.0,2133000000.0,8358000000.0,0.757,12.052,-877000000.0,173000000.0,173000000.0,4641000000.0,726000000.0,1.066,1.637,3447000000.0,521000000.0,2926000000.0,3447000000.0,627000000.0,665000000.0,0.0,0.014,0.72,1265000000.0,1930000000.0,0.252,1930000000.0,1265000000.0,1102000000.0,2.24,2.2,2.24,3902000000.0,3811750000.0,3902000000.0,20322208348.0,16.0,10.53,598000000.0,1.847,1.0,3015000000.0,0.394,1626000000.0,163000000.0,10138000000.0,9957500000.0,373000000.0,218000000.0,0.0,218000000.0,6387000000.0,2001000000.0,4386000000.0,17069208348.0,148000000.0,-10000000.0,-154000000.0,-3000000.0,-233000000.0,-438000000.0,-887000000.0,0.0,1475000000.0,-2000000.0,726000000.0,726000000.0,726000000.0,0.0,0.0,0.095,1732000000.0,1283000000.0,639000000.0,0.321,4.374,23.511,23.643,6108000000.0,0.0,52.96,2.23,2.24,1386000000.0,4022000000.0,7656000000.0,7656000000.0,80000000.0,0.072,0.19,0.127,0.165,0.0,987000000.0,1.0,322303783.0,323765000.0,329685000.0,23.647,8865000000.0,0.0,376000000.0,199000000.0,27.381,132000000.0
13,PX1,MRY,2004-12-31,2004-12-31,2004-12-31,2021-10-16,-1180000000.0,9878000000.0,8855500000.0,1744000000.0,8134000000.0,0.745,11.071,-668000000.0,25000000.0,25000000.0,3987000000.0,697000000.0,0.93,1.675,3525000000.0,649000000.0,2876000000.0,3525000000.0,345000000.0,578000000.0,0.0,0.014,0.6,1084000000.0,1662000000.0,0.252,1662000000.0,1084000000.0,929000000.0,2.14,2.1,2.14,3608000000.0,3323500000.0,3608000000.0,17201545836.0,16.0,10.35,575000000.0,1.764,1.0,2607000000.0,0.395,1639000000.0,155000000.0,9864000000.0,9140250000.0,328000000.0,210000000.0,0.0,210000000.0,6045000000.0,1875000000.0,4170000000.0,14336545836.0,-25000000.0,-884000000.0,-182000000.0,666000000.0,-195000000.0,281000000.0,-1552000000.0,0.0,1243000000.0,3000000.0,697000000.0,697000000.0,697000000.0,0.0,0.0,0.106,1524000000.0,1083000000.0,502000000.0,0.28,3.974,20.569,20.631,5946000000.0,0.0,44.15,2.174,2.182,1231000000.0,3529000000.0,6594000000.0,6594000000.0,77000000.0,0.079,0.21,0.119,0.164,0.0,869000000.0,1.0,324723575.0,325891000.0,331403000.0,20.234,8239000000.0,0.0,232000000.0,129000000.0,25.281,-131000000.0
14,PX1,MRY,2003-12-31,2003-12-31,2003-12-31,2021-10-16,-1352000000.0,8305000000.0,7989000000.0,1449000000.0,6856000000.0,0.703,9.461,-983000000.0,50000000.0,50000000.0,3328000000.0,585000000.0,1.297,1.626,2816000000.0,155000000.0,2661000000.0,2816000000.0,328000000.0,517000000.0,0.0,0.012,0.457,910000000.0,1427000000.0,0.254,1427000000.0,910000000.0,759000000.0,1.79,1.77,1.79,3088000000.0,2829750000.0,3088000000.0,15333744668.0,17.0,10.745,154000000.0,0.472,1.0,2285000000.0,0.407,1131000000.0,151000000.0,8823000000.0,8631250000.0,302000000.0,182000000.0,0.0,182000000.0,5022000000.0,1117000000.0,3905000000.0,12421744668.0,11000000.0,-9000000.0,-25000000.0,43000000.0,-149000000.0,-136000000.0,-992000000.0,0.0,1137000000.0,2000000.0,585000000.0,585000000.0,585000000.0,0.0,0.0,0.104,1358000000.0,927000000.0,413000000.0,0.255,4.023,21.234,21.341,5252000000.0,0.0,38.2,2.213,2.221,962000000.0,3027000000.0,5613000000.0,5613000000.0,75000000.0,0.073,0.207,0.105,0.162,0.0,766000000.0,1.0,325176562.0,326388000.0,330991000.0,17.197,7174000000.0,0.0,174000000.0,104000000.0,21.98,332000000.0
15,PX1,MRY,2002-12-31,2002-12-31,2002-12-31,2021-10-16,-1673000000.0,7401000000.0,7518000000.0,1286000000.0,6115000000.0,0.682,7.188,-498000000.0,39000000.0,39000000.0,2950000000.0,409000000.0,1.169,2.093,2748000000.0,238000000.0,2510000000.0,2748000000.0,461000000.0,483000000.0,0.0,0.013,0.38,773000000.0,1256000000.0,0.245,1256000000.0,773000000.0,567000000.0,1.26,1.24,1.26,2340000000.0,2360000000.0,2340000000.0,12173126677.0,16.0,9.692,503000000.0,1.545,1.0,2178000000.0,0.425,1035000000.0,206000000.0,7975000000.0,8166250000.0,277000000.0,184000000.0,0.0,184000000.0,4897000000.0,1100000000.0,3797000000.0,9342126677.0,0.0,-89000000.0,-70000000.0,-245000000.0,-123000000.0,-411000000.0,-587000000.0,0.0,1001000000.0,-3000000.0,409000000.0,409000000.0,409000000.0,0.0,0.0,0.08,1303000000.0,875000000.0,378000000.0,0.302,3.992,22.841,22.925,4666000000.0,0.0,28.885,1.822,1.834,860000000.0,2593000000.0,5128000000.0,5128000000.0,69000000.0,0.054,0.173,0.095,0.151,0.0,751000000.0,1.0,323424846.0,325536000.0,329489000.0,15.752,6366000000.0,0.0,158000000.0,74000000.0,19.555,186000000.0
16,PX1,MRY,2001-12-31,2001-12-31,2001-12-31,2021-10-16,-1297000000.0,7715000000.0,7769750000.0,1276000000.0,6439000000.0,0.664,7.668,-595000000.0,39000000.0,39000000.0,3060000000.0,430000000.0,1.069,2.05,2989000000.0,264000000.0,2725000000.0,2989000000.0,607000000.0,499000000.0,0.0,0.015,0.425,789000000.0,1288000000.0,0.25,1288000000.0,789000000.0,565000000.0,1.33,1.31,1.33,2477000000.0,2383750000.0,2477000000.0,12031957859.0,15.0,9.342,425000000.0,1.316,1.0,2098000000.0,0.407,1180000000.0,224000000.0,8291000000.0,9333000000.0,287000000.0,198000000.0,0.0,198000000.0,5077000000.0,1194000000.0,3883000000.0,8886957859.0,8000000.0,-168000000.0,66000000.0,-189000000.0,-110000000.0,-247000000.0,-763000000.0,0.0,1020000000.0,-2000000.0,430000000.0,430000000.0,430000000.0,0.0,0.0,0.083,1264000000.0,834000000.0,413000000.0,0.32,3.588,20.667,20.771,4817000000.0,0.0,27.625,1.723,1.73,857000000.0,2307000000.0,5158000000.0,5158000000.0,66000000.0,0.055,0.18,0.085,0.153,0.0,699000000.0,1.0,321699832.0,323020000.0,327014000.0,15.968,6535000000.0,0.0,135000000.0,80000000.0,20.231,82000000.0
17,PX1,MRY,2000-12-31,2000-12-31,2000-12-31,2021-10-16,-1011000000.0,7762000000.0,7810750000.0,1361000000.0,6401000000.0,0.646,7.406,-704000000.0,31000000.0,31000000.0,3075000000.0,363000000.0,0.946,2.226,3141000000.0,500000000.0,2641000000.0,3141000000.0,619000000.0,471000000.0,0.0,0.014,0.31,690000000.0,1161000000.0,0.23,1161000000.0,690000000.0,466000000.0,1.14,1.125,1.14,2357000000.0,2356250000.0,2357000000.0,10250810726.0,15.0,8.829,195000000.0,0.613,1.0,1968000000.0,0.39,0.0,224000000.0,9433000000.0,9525500000.0,297000000.0,242000000.0,0.0,242000000.0,5247000000.0,1439000000.0,3808000000.0,7038810726.0,-45000000.0,-184000000.0,-20000000.0,127000000.0,-98000000.0,-55000000.0,-888000000.0,0.0,899000000.0,-1000000.0,363000000.0,363000000.0,363000000.0,0.0,0.0,0.072,1219000000.0,749000000.0,409000000.0,0.272,2.986,19.391,19.465,4771000000.0,0.0,22.19,1.396,1.4,876000000.0,1987000000.0,5043000000.0,5043000000.0,65000000.0,0.046,0.154,0.072,0.137,0.0,683000000.0,1.0,317206432.0,318246000.0,322184000.0,15.846,7762000000.0,0.0,103000000.0,71000000.0,24.39,-78000000.0
18,PX1,MRY,1999-12-31,1999-12-31,1999-12-31,2021-10-16,-828000000.0,7722000000.0,7504500000.0,1335000000.0,6387000000.0,0.618,7.189,-653000000.0,76000000.0,76000000.0,2732000000.0,431000000.0,0.774,2.183,2995000000.0,884000000.0,2111000000.0,2995000000.0,600000000.0,445000000.0,0.0,0.011,0.28,787000000.0,1232000000.0,0.266,1232000000.0,787000000.0,583000000.0,1.355,1.33,1.355,2290000000.0,2165000000.0,2290000000.0,10915766853.0,14.0,8.86,316000000.0,0.992,1.0,1907000000.0,0.411,0.0,204000000.0,8916000000.0,9227500000.0,310000000.0,234000000.0,0.0,234000000.0,4998000000.0,1725000000.0,3273000000.0,7996766853.0,42000000.0,-33000000.0,16000000.0,-247000000.0,-89000000.0,-242000000.0,-686000000.0,0.0,969000000.0,1000000.0,431000000.0,431000000.0,431000000.0,0.0,0.0,0.093,1153000000.0,754000000.0,361000000.0,0.207,3.492,18.554,18.565,4720000000.0,0.0,25.155,1.724,1.727,848000000.0,1722000000.0,4639000000.0,4639000000.0,67000000.0,0.057,0.199,0.085,0.17,0.0,641000000.0,1.0,317899696.0,318560000.0,324444000.0,14.562,7722000000.0,0.0,152000000.0,75000000.0,24.24,-390000000.0
19,PX1,MRY,1998-12-31,1998-12-31,1998-12-31,2021-10-16,-412000000.0,8096000000.0,8051250000.0,1394000000.0,6702000000.0,0.6,7.358,-781000000.0,34000000.0,34000000.0,2807000000.0,425000000.0,1.081,2.231,3274000000.0,379000000.0,2895000000.0,3274000000.0,465000000.0,467000000.0,0.0,0.014,0.25,812000000.0,1279000000.0,0.265,1279000000.0,812000000.0,552000000.0,1.34,1.3,1.34,2332000000.0,2233250000.0,2332000000.0,8872955470.0,11.0,6.937,163000000.0,0.514,1.0,2026000000.0,0.419,0.0,260000000.0,10047000000.0,10156250000.0,319000000.0,251000000.0,0.0,251000000.0,5202000000.0,1289000000.0,3913000000.0,5560955470.0,-9000000.0,-35000000.0,12000000.0,-36000000.0,-79000000.0,-134000000.0,-816000000.0,0.0,944000000.0,-3000000.0,425000000.0,425000000.0,425000000.0,0.0,0.0,0.088,1183000000.0,843000000.0,378000000.0,0.187,2.385,13.085,13.153,4875000000.0,0.0,17.625,1.151,1.156,919000000.0,1380000000.0,4833000000.0,4833000000.0,72000000.0,0.053,0.19,0.08,0.168,0.0,644000000.0,1.0,315515204.0,316924000.0,326712000.0,15.25,8096000000.0,0.0,127000000.0,63000000.0,25.546,105000000.0
20,PX1,MRY,1997-12-31,1997-12-31,1997-12-31,2021-10-16,-256000000.0,7810000000.0,7681750000.0,1497000000.0,6313000000.0,0.616,6.711,-902000000.0,43000000.0,43000000.0,2764000000.0,405000000.0,1.096,2.4,3305000000.0,431000000.0,2874000000.0,3305000000.0,324000000.0,444000000.0,0.0,0.01,0.22,772000000.0,1216000000.0,0.257,1216000000.0,772000000.0,556000000.0,1.28,1.23,1.28,2122000000.0,2057750000.0,2122000000.0,10336581785.0,13.0,8.5,-150000000.0,-0.474,1.0,1971000000.0,0.416,0.0,216000000.0,9706000000.0,8839500000.0,329000000.0,210000000.0,0.0,210000000.0,5092000000.0,1366000000.0,3726000000.0,7094581785.0,-20000000.0,199000000.0,-27000000.0,59000000.0,-69000000.0,-68000000.0,-703000000.0,0.0,752000000.0,-1000000.0,405000000.0,405000000.0,405000000.0,0.0,0.0,0.086,1185000000.0,786000000.0,383000000.0,0.172,3.343,17.517,17.578,4607000000.0,0.0,22.5,1.498,1.502,971000000.0,1034000000.0,4735000000.0,4735000000.0,79000000.0,0.053,0.197,0.087,0.163,0.0,662000000.0,1.0,315314746.0,316190000.0,328106000.0,14.975,7810000000.0,0.0,151000000.0,51000000.0,24.7,131000000.0
21,PX1,MRY,1996-12-31,1996-12-31,1996-12-31,2021-10-16,-126000000.0,7538000000.0,5836000000.0,1666000000.0,5872000000.0,0.762,6.302,-893000000.0,63000000.0,63000000.0,2564000000.0,282000000.0,0.653,2.623,3265000000.0,1562000000.0,1703000000.0,3265000000.0,258000000.0,420000000.0,0.0,0.008,0.19,587000000.0,1007000000.0,0.226,1007000000.0,587000000.0,392000000.0,0.925,0.885,0.925,1924000000.0,1522500000.0,1924000000.0,,,,-287000000.0,-0.94,1.0,1885000000.0,0.424,0.0,195000000.0,8190000000.0,6299000000.0,312000000.0,195000000.0,0.0,195000000.0,5046000000.0,2550000000.0,2496000000.0,7269918891.0,48000000.0,-1441000000.0,604000000.0,1227000000.0,-58000000.0,1777000000.0,-2334000000.0,0.0,606000000.0,-1000000.0,282000000.0,282000000.0,282000000.0,0.0,0.0,0.063,1265000000.0,620000000.0,408000000.0,0.205,3.779,25.78,24.93,4269000000.0,0.0,23.06,1.634,1.582,914000000.0,698000000.0,4449000000.0,4449000000.0,72000000.0,0.048,0.185,0.093,0.132,0.0,688000000.0,1.0,315261010.0,305308000.0,318076000.0,14.572,7538000000.0,0.0,110000000.0,69000000.0,24.69,-884000000.0
22,PX1,MRY,1995-12-31,1995-12-31,1995-12-31,2021-10-16,-105000000.0,4134000000.0,,930000000.0,3204000000.0,,,-600000000.0,15000000.0,15000000.0,1777000000.0,262000000.0,0.904,2.324,1318000000.0,385000000.0,933000000.0,1318000000.0,262000000.0,279000000.0,0.0,0.01,0.16,500000000.0,779000000.0,0.248,779000000.0,500000000.0,384000000.0,0.945,0.91,0.945,1121000000.0,,1121000000.0,,,,11000000.0,,1.0,1369000000.0,0.435,0.0,116000000.0,4408000000.0,,228000000.0,152000000.0,0.0,152000000.0,2605000000.0,1029000000.0,1576000000.0,,-48000000.0,-120000000.0,66000000.0,50000000.0,-45000000.0,61000000.0,-720000000.0,0.0,611000000.0,0.0,262000000.0,262000000.0,262000000.0,0.0,0.0,0.083,836000000.0,533000000.0,272000000.0,0.169,,,17.794,2737000000.0,0.0,16.815,,,617000000.0,474000000.0,3146000000.0,3146000000.0,61000000.0,,,,0.159,0.0,496000000.0,1.0,,,,,4134000000.0,0.0,122000000.0,64000000.0,,-99000000.0
23,PX1,MRY,1994-12-31,1994-12-31,1994-12-31,2021-10-16,,,,,,,,-326000000.0,,,1507000000.0,203000000.0,,,,,,,,273000000.0,,0.014,0.14,393000000.0,666000000.0,0.246,666000000.0,393000000.0,285000000.0,0.725,,0.725,,,,,,,222000000.0,,1.0,1204000000.0,0.444,,108000000.0,,,,,,,,,,,29000000.0,23000000.0,63000000.0,-153000000.0,-37000000.0,-149000000.0,-362000000.0,-59000000.0,548000000.0,-8000000.0,203000000.0,203000000.0,203000000.0,0.0,0.0,0.075,740000000.0,464000000.0,,0.193,,,14.138,,0.0,10.25,,,,,2711000000.0,2711000000.0,58000000.0,,,,0.145,0.0,409000000.0,1.0,,,,,,,82000000.0,,,
0,PX1,MRQ,2018-09-30,2018-09-30,2018-09-30,2021-10-16,-4656000000.0,19979000000.0,,3305000000.0,16674000000.0,,21.632,-380000000.0,600000000.0,600000000.0,1714000000.0,480000000.0,0.856,2.123,8312000000.0,1697000000.0,6615000000.0,8312000000.0,0.0,306000000.0,0.0,0.02,0.825,657000000.0,963000000.0,0.318,963000000.0,657000000.0,617000000.0,1.6,1.58,1.6,6232000000.0,,6232000000.0,54201055762.0,21.0,14.034,491000000.0,1.704,1.0,1310000000.0,0.433,3714000000.0,40000000.0,20117000000.0,,622000000.0,0.0,0.0,0.0,13229000000.0,3860000000.0,9369000000.0,46222055762.0,121000000.0,2000000.0,25000000.0,-133000000.0,-238000000.0,-357000000.0,-378000000.0,0.0,871000000.0,-15000000.0,461000000.0,461000000.0,461000000.0,0.0,19000000.0,0.152,654000000.0,656000000.0,978000000.0,0.516,7.417,32.188,32.146,11725000000.0,0.0,160.73,3.84,3.847,1852000000.0,13913000000.0,3024000000.0,3024000000.0,23000000.0,,,,,19000000.0,294000000.0,1.0,287575784.0,288093000.0,291513000.0,10.497,16265000000.0,0.0,156000000.0,0.0,56.457,-555000000.0
1,PX1,MRQ,2018-06-30,2018-06-30,2018-06-30,2021-10-16,-4596000000.0,19836000000.0,,3164000000.0,16672000000.0,,20.941,-351000000.0,479000000.0,479000000.0,1723000000.0,499000000.0,0.965,2.206,8458000000.0,1229000000.0,7229000000.0,8458000000.0,0.0,311000000.0,0.0,0.02,0.825,682000000.0,993000000.0,0.324,993000000.0,682000000.0,638000000.0,1.67,1.65,1.67,6027000000.0,,6027000000.0,53744483736.0,21.0,14.073,439000000.0,1.525,1.0,1338000000.0,0.437,3725000000.0,44000000.0,20811000000.0,,606000000.0,0.0,0.0,0.0,13294000000.0,3279000000.0,10015000000.0,45447483736.0,-66000000.0,62000000.0,14000000.0,-277000000.0,-237000000.0,-516000000.0,-289000000.0,0.0,790000000.0,-51000000.0,480000000.0,480000000.0,480000000.0,0.0,19000000.0,0.157,666000000.0,672000000.0,967000000.0,0.494,7.541,32.602,32.541,11701000000.0,0.0,158.15,3.808,3.814,1877000000.0,13690000000.0,3061000000.0,3061000000.0,24000000.0,,,,,17000000.0,307000000.0,1.0,287369483.0,287803000.0,290908000.0,10.636,16111000000.0,0.0,158000000.0,0.0,55.979,-115000000.0
2,PX1,MRQ,2018-03-31,2018-03-31,2018-03-31,2021-10-16,-3980000000.0,20592000000.0,,3329000000.0,17263000000.0,,22.149,-325000000.0,545000000.0,545000000.0,1677000000.0,472000000.0,0.942,2.151,8842000000.0,1506000000.0,7336000000.0,8842000000.0,0.0,311000000.0,0.0,0.022,0.825,656000000.0,967000000.0,0.322,967000000.0,656000000.0,610000000.0,1.61,1.59,1.61,6368000000.0,,6368000000.0,49816810803.0,20.0,13.395,363000000.0,1.263,1.0,1322000000.0,0.441,3821000000.0,46000000.0,21534000000.0,,619000000.0,0.0,0.0,0.0,13695000000.0,3534000000.0,10161000000.0,41433810803.0,-72000000.0,7000000.0,29000000.0,-215000000.0,-237000000.0,-429000000.0,-318000000.0,0.0,688000000.0,-13000000.0,462000000.0,462000000.0,462000000.0,0.0,10000000.0,0.154,664000000.0,658000000.0,988000000.0,0.512,6.507,31.389,31.302,12113000000.0,0.0,144.3,3.539,3.543,1900000000.0,13447000000.0,2999000000.0,2999000000.0,24000000.0,,,,,4000000.0,310000000.0,1.0,287136596.0,287504000.0,290809000.0,10.431,16771000000.0,0.0,148000000.0,0.0,58.333,-205000000.0
3,PX1,MRQ,2017-12-31,2017-12-31,2017-12-31,2021-10-16,-4098000000.0,20436000000.0,,3285000000.0,17151000000.0,,21.023,-339000000.0,617000000.0,617000000.0,1660000000.0,49000000.0,0.993,2.312,9000000000.0,1217000000.0,7783000000.0,9000000000.0,0.0,307000000.0,0.0,0.02,0.788,632000000.0,939000000.0,0.318,939000000.0,632000000.0,591000000.0,0.12,0.11,0.12,6018000000.0,,6018000000.0,52915710146.0,22.0,14.626,497000000.0,1.736,1.0,1293000000.0,0.438,3786000000.0,41000000.0,21726000000.0,,614000000.0,0.0,0.0,0.0,13914000000.0,3307000000.0,10607000000.0,44285710146.0,10000000.0,-7000000.0,29000000.0,-269000000.0,-226000000.0,-473000000.0,-346000000.0,0.0,836000000.0,-7000000.0,33000000.0,33000000.0,33000000.0,0.0,16000000.0,0.011,664000000.0,629000000.0,972000000.0,6.567,7.359,35.514,35.477,12057000000.0,0.0,154.68,3.872,3.872,1804000000.0,13224000000.0,2953000000.0,2953000000.0,24000000.0,,,,,15000000.0,316000000.0,1.0,286305341.0,286261000.0,289114000.0,10.316,16650000000.0,0.0,558000000.0,0.0,58.164,-22000000.0
4,PX1,MRQ,2017-09-30,2017-09-30,2017-09-30,2021-10-16,-4025000000.0,20375000000.0,,3243000000.0,17132000000.0,,21.838,-320000000.0,607000000.0,607000000.0,1652000000.0,435000000.0,1.11,2.179,9237000000.0,994000000.0,8243000000.0,9237000000.0,0.0,298000000.0,0.0,0.022,0.788,622000000.0,920000000.0,0.315,920000000.0,622000000.0,581000000.0,1.46,1.45,1.46,6256000000.0,,6256000000.0,48801037079.0,20.0,13.708,474000000.0,1.655,1.0,1270000000.0,0.435,3797000000.0,41000000.0,22286000000.0,,587000000.0,0.0,0.0,0.0,13633000000.0,2922000000.0,10711000000.0,39969037079.0,72000000.0,-11000000.0,20000000.0,-197000000.0,-225000000.0,-403000000.0,-331000000.0,0.0,794000000.0,12000000.0,419000000.0,419000000.0,419000000.0,0.0,16000000.0,0.143,635000000.0,635000000.0,947000000.0,0.54,6.389,24.672,24.733,11992000000.0,0.0,139.74,3.592,3.597,1809000000.0,13417000000.0,2922000000.0,2922000000.0,23000000.0,,,,,16000000.0,300000000.0,1.0,286024310.0,286467000.0,289216000.0,10.2,16578000000.0,0.0,162000000.0,0.0,57.871,321000000.0
5,PX1,MRQ,2017-06-30,2017-06-30,2017-06-30,2021-10-16,-4244000000.0,19965000000.0,,3119000000.0,16846000000.0,,20.298,-325000000.0,535000000.0,535000000.0,1599000000.0,420000000.0,1.025,2.358,9367000000.0,1190000000.0,8177000000.0,9367000000.0,0.0,292000000.0,0.0,0.023,0.788,601000000.0,893000000.0,0.315,893000000.0,601000000.0,563000000.0,1.42,1.41,1.42,5807000000.0,,5807000000.0,46672664482.0,20.0,13.623,376000000.0,1.314,1.0,1235000000.0,0.436,3750000000.0,38000000.0,22004000000.0,,568000000.0,0.0,0.0,0.0,13695000000.0,3043000000.0,10652000000.0,37823664482.0,16000000.0,12000000.0,44000000.0,-132000000.0,-225000000.0,-384000000.0,-313000000.0,0.0,701000000.0,12000000.0,406000000.0,406000000.0,406000000.0,0.0,14000000.0,0.143,635000000.0,600000000.0,900000000.0,0.555,6.513,24.561,24.638,11806000000.0,0.0,132.55,3.463,3.472,1791000000.0,13223000000.0,2834000000.0,2834000000.0,23000000.0,,,,,16000000.0,305000000.0,1.0,285353938.0,286090000.0,288535000.0,9.906,16215000000.0,0.0,157000000.0,0.0,56.678,76000000.0
6,PX1,MRQ,2017-03-31,2017-03-31,2017-03-31,2021-10-16,-4285000000.0,19665000000.0,,3014000000.0,16651000000.0,,19.365,-327000000.0,519000000.0,519000000.0,1549000000.0,404000000.0,1.34,2.476,9368000000.0,421000000.0,8947000000.0,9368000000.0,0.0,287000000.0,0.0,0.026,0.788,579000000.0,866000000.0,0.317,866000000.0,579000000.0,538000000.0,1.36,1.35,1.36,5529000000.0,,5529000000.0,42800442067.0,19.0,12.577,383000000.0,1.341,1.0,1179000000.0,0.432,3715000000.0,41000000.0,22550000000.0,,561000000.0,0.0,0.0,0.0,13690000000.0,2249000000.0,11441000000.0,33809442067.0,-5000000.0,3000000.0,15000000.0,-173000000.0,-225000000.0,-396000000.0,-324000000.0,0.0,710000000.0,5000000.0,389000000.0,389000000.0,389000000.0,0.0,15000000.0,0.143,606000000.0,573000000.0,860000000.0,0.579,6.115,22.054,22.127,11692000000.0,0.0,118.6,3.144,3.149,1730000000.0,13041000000.0,2728000000.0,2728000000.0,23000000.0,,,,,12000000.0,290000000.0,1.0,285071181.0,285509000.0,287384000.0,9.555,15950000000.0,0.0,149000000.0,0.0,55.865,765000000.0
7,PX1,MRQ,2016-12-31,2016-12-31,2016-12-31,2021-10-16,-4600000000.0,19332000000.0,,2880000000.0,16452000000.0,,17.576,-409000000.0,524000000.0,524000000.0,1478000000.0,419000000.0,1.162,2.764,9515000000.0,598000000.0,8917000000.0,9515000000.0,1272000000.0,285000000.0,0.0,0.026,0.75,596000000.0,881000000.0,0.333,881000000.0,596000000.0,558000000.0,1.41,1.4,1.41,5021000000.0,,5021000000.0,42659735855.0,19.0,12.685,317000000.0,1.11,1.0,1166000000.0,0.441,3700000000.0,38000000.0,22145000000.0,,550000000.0,717000000.0,0.0,717000000.0,13880000000.0,2478000000.0,11402000000.0,33444735855.0,-103000000.0,-1000000.0,-65000000.0,-199000000.0,-214000000.0,-411000000.0,-410000000.0,0.0,726000000.0,-8000000.0,406000000.0,406000000.0,406000000.0,0.0,13000000.0,0.154,580000000.0,586000000.0,906000000.0,0.532,6.661,22.296,22.322,11477000000.0,0.0,117.19,3.175,3.178,1641000000.0,12879000000.0,2644000000.0,2644000000.0,23000000.0,,,,,3000000.0,272000000.0,1.0,285388991.0,285677000.0,287757000.0,9.255,15632000000.0,0.0,152000000.0,133000000.0,54.719,402000000.0
8,PX1,MRQ,2016-09-30,2016-09-30,2016-09-30,2021-10-16,-4211000000.0,19886000000.0,,3262000000.0,16624000000.0,,18.348,-376000000.0,627000000.0,627000000.0,1533000000.0,344000000.0,1.34,2.714,9842000000.0,617000000.0,9225000000.0,9842000000.0,0.0,284000000.0,0.0,0.025,0.75,502000000.0,786000000.0,0.289,786000000.0,502000000.0,459000000.0,1.19,1.18,1.19,5245000000.0,,5245000000.0,43853540028.0,19.0,12.959,412000000.0,1.441,1.0,1183000000.0,0.436,3758000000.0,43000000.0,22909000000.0,,538000000.0,0.0,0.0,0.0,14237000000.0,2434000000.0,11803000000.0,34464540028.0,60000000.0,13000000.0,-1000000.0,-134000000.0,-214000000.0,-362000000.0,-363000000.0,0.0,788000000.0,-3000000.0,339000000.0,339000000.0,339000000.0,0.0,5000000.0,0.125,697000000.0,486000000.0,867000000.0,0.63,6.571,22.734,22.712,11635000000.0,0.0,120.83,3.287,3.294,1699000000.0,12686000000.0,2716000000.0,2716000000.0,22000000.0,,,,,14000000.0,291000000.0,1.0,285231648.0,285858000.0,288195000.0,9.501,16128000000.0,0.0,120000000.0,0.0,56.42,828000000.0
9,PX1,MRQ,2016-06-30,2016-06-30,2016-06-30,2021-10-16,-4174000000.0,19811000000.0,,3263000000.0,16548000000.0,,17.991,-357000000.0,567000000.0,567000000.0,1468000000.0,409000000.0,1.328,2.773,9956000000.0,766000000.0,9190000000.0,9956000000.0,0.0,281000000.0,0.0,0.026,0.75,589000000.0,870000000.0,0.326,870000000.0,589000000.0,545000000.0,1.4,1.39,1.4,5140000000.0,,5140000000.0,41243922336.0,17.0,11.9,349000000.0,1.222,1.0,1197000000.0,0.449,3761000000.0,44000000.0,22981000000.0,,559000000.0,0.0,0.0,0.0,14252000000.0,2458000000.0,11794000000.0,32060922336.0,346000000.0,-256000000.0,-25000000.0,595000000.0,-214000000.0,249000000.0,-613000000.0,0.0,706000000.0,4000000.0,399000000.0,399000000.0,399000000.0,0.0,10000000.0,0.15,613000000.0,584000000.0,870000000.0,0.536,6.238,20.317,20.324,11578000000.0,0.0,112.39,3.067,3.071,1741000000.0,12559000000.0,2665000000.0,2665000000.0,24000000.0,,,,,14000000.0,308000000.0,1.0,285264902.0,285702000.0,287727000.0,9.328,16050000000.0,0.0,146000000.0,0.0,56.177,805000000.0
10,PX1,MRQ,2016-03-31,2016-03-31,2016-03-31,2021-10-16,-4250000000.0,19025000000.0,,2870000000.0,16155000000.0,,17.125,-323000000.0,221000000.0,221000000.0,1381000000.0,366000000.0,1.595,2.783,9404000000.0,182000000.0,9222000000.0,9404000000.0,0.0,272000000.0,0.0,0.025,0.75,554000000.0,826000000.0,0.329,826000000.0,554000000.0,489000000.0,1.25,1.24,1.25,4888000000.0,,4888000000.0,41683493591.0,19.0,12.432,230000000.0,0.806,1.0,1128000000.0,0.45,3647000000.0,65000000.0,22762000000.0,,553000000.0,0.0,0.0,0.0,13601000000.0,1799000000.0,11802000000.0,32599493591.0,74000000.0,-61000000.0,2000000.0,95000000.0,-214000000.0,-119000000.0,-384000000.0,0.0,553000000.0,24000000.0,356000000.0,356000000.0,356000000.0,0.0,10000000.0,0.142,569000000.0,559000000.0,796000000.0,0.6,6.669,21.923,22.01,11314000000.0,0.0,114.45,3.096,3.103,1685000000.0,12371000000.0,2509000000.0,2509000000.0,23000000.0,,,,,8000000.0,274000000.0,1.0,284836117.0,285429000.0,286665000.0,8.79,15378000000.0,0.0,133000000.0,0.0,53.877,1071000000.0
11,PX1,MRQ,2015-12-31,2015-12-31,2015-12-31,2021-10-16,-4596000000.0,18319000000.0,,2626000000.0,15693000000.0,,15.292,-387000000.0,147000000.0,147000000.0,1426000000.0,431000000.0,1.387,3.056,9231000000.0,256000000.0,8975000000.0,9231000000.0,1390000000.0,275000000.0,0.0,0.028,0.715,627000000.0,902000000.0,0.348,902000000.0,627000000.0,585000000.0,1.48,1.46,1.48,4389000000.0,,4389000000.0,38549181043.0,17.0,11.252,404000000.0,1.408,1.0,1169000000.0,0.45,3554000000.0,42000000.0,21956000000.0,,531000000.0,665000000.0,0.0,665000000.0,13413000000.0,1893000000.0,11520000000.0,29168181043.0,11000000.0,36000000.0,-7000000.0,-203000000.0,-204000000.0,-410000000.0,-351000000.0,0.0,791000000.0,-19000000.0,422000000.0,422000000.0,422000000.0,0.0,9000000.0,0.163,573000000.0,596000000.0,791000000.0,0.483,6.646,18.855,18.998,10998000000.0,0.0,102.4,2.707,2.727,1601000000.0,12229000000.0,2595000000.0,2595000000.0,23000000.0,,,,,5000000.0,275000000.0,1.0,284845518.0,287005000.0,289055000.0,9.042,14765000000.0,0.0,163000000.0,144000000.0,51.445,733000000.0
12,PX1,MRQ,2015-09-30,2015-09-30,2015-09-30,2021-10-16,-4456000000.0,18456000000.0,,2726000000.0,15730000000.0,,14.927,-405000000.0,136000000.0,136000000.0,1488000000.0,413000000.0,1.285,3.2,9517000000.0,460000000.0,9057000000.0,9517000000.0,0.0,276000000.0,0.0,0.027,0.715,592000000.0,868000000.0,0.323,868000000.0,592000000.0,557000000.0,1.4,1.4,1.4,4264000000.0,,4264000000.0,38390998093.0,17.0,11.491,271000000.0,0.949,1.0,1198000000.0,0.446,3564000000.0,35000000.0,22151000000.0,,526000000.0,0.0,0.0,0.0,13643000000.0,2122000000.0,11521000000.0,29179998093.0,0.0,5000000.0,-222000000.0,170000000.0,-203000000.0,-260000000.0,-400000000.0,0.0,676000000.0,-16000000.0,401000000.0,401000000.0,401000000.0,0.0,12000000.0,0.149,606000000.0,592000000.0,750000000.0,0.511,6.843,20.448,20.536,10970000000.0,0.0,101.86,2.612,2.605,1690000000.0,11966000000.0,2686000000.0,2686000000.0,23000000.0,,,,,8000000.0,281000000.0,1.0,286471609.0,285651000.0,287311000.0,9.403,14892000000.0,0.0,156000000.0,0.0,52.134,604000000.0
13,PX1,MRQ,2015-06-30,2015-06-30,2015-06-30,2021-10-16,-3742000000.0,19067000000.0,,2820000000.0,16247000000.0,,17.24,-352000000.0,136000000.0,136000000.0,1516000000.0,319000000.0,1.256,2.729,9347000000.0,534000000.0,8813000000.0,9347000000.0,0.0,278000000.0,0.0,0.023,0.715,479000000.0,757000000.0,0.276,757000000.0,479000000.0,439000000.0,1.07,1.06,1.07,4964000000.0,,4964000000.0,43746483214.0,19.0,12.56,368000000.0,1.278,1.0,1222000000.0,0.446,3647000000.0,40000000.0,22385000000.0,,548000000.0,0.0,0.0,0.0,13548000000.0,2246000000.0,11302000000.0,34467483214.0,19000000.0,200000000.0,-217000000.0,-89000000.0,-205000000.0,-540000000.0,-152000000.0,0.0,720000000.0,-9000000.0,308000000.0,308000000.0,308000000.0,0.0,11000000.0,0.112,744000000.0,478000000.0,782000000.0,0.668,6.943,22.932,23.035,11363000000.0,0.0,119.55,2.964,2.96,1760000000.0,11768000000.0,2738000000.0,2738000000.0,23000000.0,,,,,10000000.0,297000000.0,1.0,288310190.0,287939000.0,290102000.0,9.509,15420000000.0,0.0,131000000.0,0.0,53.553,574000000.0
14,PX1,MRQ,2015-03-31,2015-03-31,2015-03-31,2021-10-16,-3815000000.0,19123000000.0,,2726000000.0,16397000000.0,,17.355,-397000000.0,117000000.0,117000000.0,1530000000.0,428000000.0,1.167,2.702,9396000000.0,625000000.0,8771000000.0,9396000000.0,0.0,277000000.0,0.0,0.022,0.715,622000000.0,899000000.0,0.326,899000000.0,622000000.0,578000000.0,1.44,1.43,1.44,5018000000.0,,5018000000.0,44000404990.0,17.0,11.854,111000000.0,0.384,1.0,1227000000.0,0.445,3598000000.0,44000000.0,22469000000.0,,535000000.0,0.0,0.0,0.0,13560000000.0,2335000000.0,11225000000.0,34868404990.0,-9000000.0,-3000000.0,-191000000.0,290000000.0,-207000000.0,-100000000.0,-400000000.0,0.0,508000000.0,-17000000.0,416000000.0,416000000.0,416000000.0,0.0,12000000.0,0.151,600000000.0,627000000.0,813000000.0,0.497,6.949,20.98,21.145,11593000000.0,0.0,120.74,2.905,2.908,1751000000.0,11668000000.0,2757000000.0,2757000000.0,24000000.0,,,,,7000000.0,299000000.0,1.0,288789175.0,289143000.0,291652000.0,9.535,15525000000.0,0.0,162000000.0,0.0,53.693,391000000.0
15,PX1,MRQ,2014-12-31,2014-12-31,2014-12-31,2021-10-16,-3185000000.0,19769000000.0,,2839000000.0,16930000000.0,,19.224,-482000000.0,126000000.0,126000000.0,1689000000.0,313000000.0,1.14,2.416,9225000000.0,589000000.0,8636000000.0,9225000000.0,1281000000.0,291000000.0,0.0,0.02,0.65,526000000.0,817000000.0,0.273,817000000.0,526000000.0,447000000.0,1.05,1.02,1.05,5623000000.0,,5623000000.0,46703226412.0,18.0,12.395,309000000.0,1.056,1.0,1301000000.0,0.435,3724000000.0,79000000.0,22654000000.0,,551000000.0,693000000.0,0.0,693000000.0,13583000000.0,2490000000.0,11093000000.0,37750226412.0,-42000000.0,-9000000.0,-282000000.0,195000000.0,-189000000.0,-279000000.0,-491000000.0,0.0,791000000.0,-63000000.0,302000000.0,302000000.0,302000000.0,0.0,11000000.0,0.101,773000000.0,528000000.0,864000000.0,0.619,6.714,22.285,22.377,11997000000.0,0.0,129.56,3.076,3.088,1796000000.0,11461000000.0,2990000000.0,2990000000.0,24000000.0,,,,,9000000.0,320000000.0,1.0,291372541.0,292494000.0,295608000.0,10.222,16045000000.0,0.0,145000000.0,119000000.0,54.856,349000000.0
16,PX1,MRQ,2014-09-30,2014-09-30,2014-09-30,2021-10-16,-2411000000.0,20384000000.0,,3058000000.0,17326000000.0,,22.425,-430000000.0,168000000.0,168000000.0,1780000000.0,490000000.0,1.033,2.023,9121000000.0,1032000000.0,8089000000.0,9121000000.0,0.0,301000000.0,0.0,0.02,0.65,709000000.0,1010000000.0,0.321,1010000000.0,709000000.0,664000000.0,1.63,1.62,1.63,6552000000.0,,6552000000.0,46664093944.0,17.0,11.953,283000000.0,0.969,1.0,1364000000.0,0.434,3799000000.0,45000000.0,22578000000.0,,545000000.0,0.0,0.0,0.0,13254000000.0,2960000000.0,10294000000.0,37672093944.0,-5000000.0,-6000000.0,-100000000.0,30000000.0,-189000000.0,-267000000.0,-436000000.0,0.0,713000000.0,-15000000.0,477000000.0,477000000.0,477000000.0,0.0,13000000.0,0.152,653000000.0,711000000.0,864000000.0,0.399,5.75,20.189,20.315,12268000000.0,0.0,129.0,3.065,3.066,1959000000.0,11348000000.0,3144000000.0,3144000000.0,25000000.0,,,,,14000000.0,327000000.0,1.0,292031736.0,292170000.0,295239000.0,10.761,16585000000.0,0.0,187000000.0,0.0,56.765,98000000.0
17,PX1,MRQ,2014-06-30,2014-06-30,2014-06-30,2021-10-16,-1845000000.0,20925000000.0,,3159000000.0,17766000000.0,,23.591,-384000000.0,173000000.0,173000000.0,1767000000.0,481000000.0,1.241,1.943,9165000000.0,600000000.0,8565000000.0,9165000000.0,0.0,293000000.0,0.0,0.019,0.65,693000000.0,986000000.0,0.317,986000000.0,693000000.0,650000000.0,1.59,1.58,1.59,6911000000.0,,6911000000.0,48039454183.0,18.0,12.523,463000000.0,1.581,1.0,1346000000.0,0.432,3889000000.0,43000000.0,23482000000.0,,542000000.0,0.0,0.0,0.0,13425000000.0,2546000000.0,10879000000.0,38913454183.0,29000000.0,-41000000.0,-140000000.0,-100000000.0,-190000000.0,-397000000.0,-425000000.0,0.0,847000000.0,4000000.0,467000000.0,467000000.0,467000000.0,0.0,14000000.0,0.15,652000000.0,694000000.0,914000000.0,0.409,5.631,21.218,21.323,12552000000.0,0.0,132.84,3.2,3.2,2075000000.0,11060000000.0,3113000000.0,3113000000.0,24000000.0,,,,,13000000.0,335000000.0,1.0,292934765.0,292945000.0,295976000.0,10.627,17036000000.0,0.0,183000000.0,0.0,58.154,613000000.0
18,PX1,MRQ,2014-03-31,2014-03-31,2014-03-31,2021-10-16,-1998000000.0,20538000000.0,,3049000000.0,17489000000.0,,22.434,-393000000.0,144000000.0,144000000.0,1726000000.0,462000000.0,1.253,2.022,9270000000.0,706000000.0,8564000000.0,9270000000.0,0.0,285000000.0,0.0,0.019,0.65,670000000.0,955000000.0,0.316,955000000.0,670000000.0,624000000.0,1.52,1.51,1.52,6600000000.0,,6600000000.0,47174896713.0,18.0,12.464,143000000.0,0.486,1.0,1300000000.0,0.43,3855000000.0,46000000.0,23375000000.0,,520000000.0,0.0,0.0,0.0,13345000000.0,2434000000.0,10911000000.0,38501896713.0,6000000.0,-58000000.0,-237000000.0,464000000.0,-191000000.0,-84000000.0,-451000000.0,0.0,536000000.0,5000000.0,448000000.0,448000000.0,448000000.0,0.0,14000000.0,0.148,634000000.0,666000000.0,879000000.0,0.428,5.834,21.248,21.331,12326000000.0,0.0,130.97,3.192,3.194,2027000000.0,10784000000.0,3026000000.0,3026000000.0,23000000.0,,,,,15000000.0,326000000.0,1.0,293974931.0,294195000.0,297253000.0,10.286,16683000000.0,0.0,176000000.0,0.0,56.707,615000000.0
19,PX1,MRQ,2013-12-31,2013-12-31,2013-12-31,2021-10-16,-1981000000.0,20255000000.0,,2916000000.0,17339000000.0,,22.364,-516000000.0,138000000.0,138000000.0,1699000000.0,507000000.0,1.095,1.959,8811000000.0,785000000.0,8026000000.0,8811000000.0,1396000000.0,287000000.0,0.0,0.018,0.6,666000000.0,953000000.0,0.317,953000000.0,666000000.0,610000000.0,1.61,1.59,1.61,6609000000.0,,6609000000.0,47168072512.0,18.0,12.779,448000000.0,1.516,1.0,1311000000.0,0.436,3790000000.0,56000000.0,22474000000.0,,506000000.0,702000000.0,0.0,702000000.0,12945000000.0,2664000000.0,10281000000.0,38276072512.0,4000000.0,29000000.0,-86000000.0,-209000000.0,-177000000.0,-468000000.0,-487000000.0,0.0,964000000.0,-5000000.0,474000000.0,474000000.0,474000000.0,0.0,33000000.0,0.157,645000000.0,666000000.0,921000000.0,0.373,5.792,21.81,21.891,12278000000.0,0.0,130.03,3.21,3.222,1892000000.0,10528000000.0,3010000000.0,3010000000.0,26000000.0,,,,,18000000.0,332000000.0,1.0,294363397.0,295523000.0,298965000.0,10.185,16465000000.0,0.0,136000000.0,168000000.0,55.715,252000000.0
20,PX1,MRQ,2013-09-30,2013-09-30,2013-09-30,2021-10-16,-2139000000.0,20062000000.0,,2977000000.0,17085000000.0,,21.042,-516000000.0,134000000.0,134000000.0,1697000000.0,462000000.0,1.016,2.125,9026000000.0,1143000000.0,7883000000.0,9026000000.0,0.0,281000000.0,0.0,0.02,0.6,661000000.0,942000000.0,0.313,942000000.0,661000000.0,620000000.0,1.51,1.49,1.51,6210000000.0,,6210000000.0,44447182574.0,18.0,12.336,388000000.0,1.315,1.0,1316000000.0,0.437,3802000000.0,41000000.0,22223000000.0,,519000000.0,0.0,0.0,0.0,13197000000.0,2929000000.0,10268000000.0,35443182574.0,32000000.0,-15000000.0,-81000000.0,-85000000.0,-176000000.0,-342000000.0,-531000000.0,0.0,904000000.0,1000000.0,445000000.0,445000000.0,445000000.0,0.0,17000000.0,0.148,650000000.0,666000000.0,900000000.0,0.397,5.707,20.91,20.979,12099000000.0,0.0,120.21,3.026,3.029,1957000000.0,10243000000.0,3013000000.0,3013000000.0,24000000.0,,,,,18000000.0,336000000.0,1.0,294843878.0,295124000.0,298357000.0,10.209,16260000000.0,0.0,175000000.0,0.0,55.095,48000000.0
21,PX1,MRQ,2013-06-30,2013-06-30,2013-06-30,2021-10-16,-2235000000.0,19771000000.0,,3013000000.0,16758000000.0,,20.05,-522000000.0,102000000.0,102000000.0,1710000000.0,461000000.0,1.008,2.231,9106000000.0,1243000000.0,7863000000.0,9106000000.0,0.0,275000000.0,0.0,0.02,0.6,660000000.0,935000000.0,0.31,935000000.0,660000000.0,619000000.0,1.5,1.49,1.5,5928000000.0,,5928000000.0,42621615834.0,18.0,12.301,55000000.0,0.186,1.0,1304000000.0,0.433,3735000000.0,41000000.0,22050000000.0,,480000000.0,0.0,0.0,0.0,13227000000.0,2990000000.0,10237000000.0,34058615834.0,-11000000.0,-164000000.0,-152000000.0,439000000.0,-177000000.0,108000000.0,-686000000.0,0.0,577000000.0,-10000000.0,445000000.0,445000000.0,445000000.0,0.0,16000000.0,0.148,643000000.0,661000000.0,915000000.0,0.4,5.745,20.273,20.346,11867000000.0,0.0,115.16,2.968,2.967,1961000000.0,10002000000.0,3014000000.0,3014000000.0,24000000.0,,,,,17000000.0,344000000.0,1.0,295750398.0,295668000.0,298654000.0,10.194,16036000000.0,0.0,174000000.0,0.0,54.237,23000000.0
22,PX1,MRQ,2013-03-31,2013-03-31,2013-03-31,2021-10-16,-1849000000.0,19586000000.0,,2929000000.0,16657000000.0,,20.799,-466000000.0,113000000.0,113000000.0,1638000000.0,406000000.0,1.09,2.076,8676000000.0,904000000.0,7772000000.0,8676000000.0,0.0,266000000.0,0.0,0.02,0.6,595000000.0,861000000.0,0.298,861000000.0,595000000.0,555000000.0,1.32,1.3,1.32,6169000000.0,,6169000000.0,40241892952.0,17.0,11.808,6000000.0,0.02,1.0,1250000000.0,0.433,3642000000.0,40000000.0,21821000000.0,,477000000.0,0.0,0.0,0.0,12805000000.0,2686000000.0,10119000000.0,33036892952.0,-44000000.0,-1067000000.0,-117000000.0,1316000000.0,-178000000.0,1030000000.0,-1533000000.0,0.0,472000000.0,-13000000.0,391000000.0,391000000.0,391000000.0,0.0,15000000.0,0.135,650000000.0,600000000.0,907000000.0,0.455,5.355,19.854,19.953,11841000000.0,0.0,111.54,2.931,2.935,1994000000.0,9743000000.0,2888000000.0,2888000000.0,24000000.0,,,,,17000000.0,337000000.0,1.0,296188748.0,296604000.0,299700000.0,9.737,15944000000.0,0.0,164000000.0,0.0,53.755,243000000.0
23,PX1,MRQ,2012-12-31,2012-12-31,2012-12-31,2021-10-16,-1852000000.0,18090000000.0,,2792000000.0,15298000000.0,,20.327,-586000000.0,157000000.0,157000000.0,1583000000.0,428000000.0,1.126,1.883,7362000000.0,677000000.0,6685000000.0,7362000000.0,977000000.0,254000000.0,0.0,0.02,0.55,611000000.0,865000000.0,0.309,865000000.0,611000000.0,576000000.0,1.4,1.38,1.4,6064000000.0,,6064000000.0,39548488749.0,16.0,11.564,293000000.0,0.982,1.0,1216000000.0,0.434,2680000000.0,35000000.0,20136000000.0,,476000000.0,654000000.0,0.0,654000000.0,11417000000.0,2479000000.0,8938000000.0,32520488749.0,49000000.0,-166000000.0,-147000000.0,224000000.0,-163000000.0,-77000000.0,-752000000.0,0.0,879000000.0,-1000000.0,414000000.0,414000000.0,414000000.0,0.0,14000000.0,0.148,598000000.0,618000000.0,928000000.0,0.393,5.363,19.22,19.303,11453000000.0,0.0,109.45,2.897,2.909,1834000000.0,9534000000.0,2799000000.0,2799000000.0,25000000.0,,,,,18000000.0,319000000.0,1.0,297126439.0,298316000.0,301845000.0,9.383,15410000000.0,0.0,162000000.0,123000000.0,51.657,313000000.0
24,PX1,MRQ,2012-09-30,2012-09-30,2012-09-30,2021-10-16,-1753000000.0,17639000000.0,,2853000000.0,14786000000.0,,20.156,-547000000.0,108000000.0,108000000.0,1595000000.0,440000000.0,1.12,1.837,7136000000.0,747000000.0,6389000000.0,7136000000.0,0.0,248000000.0,0.0,0.021,0.55,556000000.0,804000000.0,0.29,804000000.0,556000000.0,520000000.0,1.44,1.43,1.44,6015000000.0,,6015000000.0,37865056251.0,16.0,11.078,199000000.0,0.667,1.0,1179000000.0,0.425,2527000000.0,36000000.0,19592000000.0,,483000000.0,0.0,0.0,0.0,11050000000.0,2548000000.0,8502000000.0,30974056251.0,4000000.0,-52000000.0,-106000000.0,131000000.0,-164000000.0,-147000000.0,-599000000.0,0.0,746000000.0,4000000.0,430000000.0,430000000.0,430000000.0,0.0,10000000.0,0.155,643000000.0,536000000.0,919000000.0,0.382,5.149,18.241,18.321,11074000000.0,0.0,103.88,2.76,2.763,1901000000.0,9285000000.0,2774000000.0,2774000000.0,24000000.0,,,,,17000000.0,306000000.0,1.0,298171508.0,298416000.0,301731000.0,9.296,15112000000.0,0.0,90000000.0,0.0,50.641,305000000.0
25,PX1,MRQ,2012-06-30,2012-06-30,2012-06-30,2021-10-16,-1992000000.0,16688000000.0,,2652000000.0,14036000000.0,,18.786,-564000000.0,104000000.0,104000000.0,1602000000.0,444000000.0,0.972,1.881,6995000000.0,1034000000.0,5961000000.0,6995000000.0,0.0,247000000.0,0.0,0.019,0.55,631000000.0,878000000.0,0.312,878000000.0,631000000.0,598000000.0,1.43,1.42,1.43,5615000000.0,,5615000000.0,39225492047.0,16.0,11.204,161000000.0,0.539,1.0,1209000000.0,0.43,2505000000.0,33000000.0,18346000000.0,,469000000.0,0.0,0.0,0.0,10562000000.0,2728000000.0,7834000000.0,32476492047.0,-3000000.0,-32000000.0,-104000000.0,174000000.0,-164000000.0,-123000000.0,-596000000.0,0.0,725000000.0,-9000000.0,429000000.0,429000000.0,429000000.0,0.0,15000000.0,0.153,582000000.0,627000000.0,896000000.0,0.385,5.784,19.138,19.244,10466000000.0,0.0,108.73,2.863,2.865,1843000000.0,9024000000.0,2811000000.0,2811000000.0,25000000.0,,,,,18000000.0,310000000.0,1.0,298689341.0,298885000.0,302492000.0,9.405,14183000000.0,0.0,169000000.0,0.0,47.453,-76000000.0
26,PX1,MRQ,2012-03-31,2012-03-31,2012-03-31,2021-10-16,-1472000000.0,16987000000.0,,2762000000.0,14225000000.0,,19.861,-483000000.0,107000000.0,107000000.0,1616000000.0,432000000.0,1.282,1.766,6856000000.0,436000000.0,6420000000.0,6856000000.0,0.0,252000000.0,0.0,0.018,0.55,621000000.0,873000000.0,0.307,873000000.0,621000000.0,584000000.0,1.4,1.38,1.4,5940000000.0,,5940000000.0,40681747162.0,16.0,11.62,-81000000.0,-0.271,1.0,1224000000.0,0.431,2578000000.0,37000000.0,19004000000.0,,482000000.0,0.0,0.0,0.0,10488000000.0,2154000000.0,8334000000.0,34209747162.0,17000000.0,52000000.0,-102000000.0,278000000.0,-164000000.0,44000000.0,-431000000.0,0.0,402000000.0,2000000.0,419000000.0,419000000.0,419000000.0,0.0,13000000.0,0.148,611000000.0,613000000.0,919000000.0,0.393,5.759,20.207,20.399,10523000000.0,0.0,114.64,3.003,3.01,1934000000.0,8762000000.0,2840000000.0,2840000000.0,24000000.0,,,,,17000000.0,335000000.0,1.0,298410216.0,299077000.0,302876000.0,9.496,14409000000.0,0.0,165000000.0,0.0,48.178,608000000.0
27,PX1,MRQ,2011-12-31,2011-12-31,2011-12-31,2021-10-16,-1746000000.0,16356000000.0,,2607000000.0,13749000000.0,,18.158,-572000000.0,90000000.0,90000000.0,1598000000.0,431000000.0,1.028,1.884,6562000000.0,724000000.0,5838000000.0,6562000000.0,738000000.0,249000000.0,0.0,0.019,0.5,614000000.0,863000000.0,0.309,863000000.0,614000000.0,576000000.0,1.4,1.38,1.4,5488000000.0,,5488000000.0,38229293864.0,16.0,11.046,219000000.0,0.725,1.0,1198000000.0,0.428,2539000000.0,38000000.0,17754000000.0,,456000000.0,523000000.0,0.0,523000000.0,10339000000.0,2535000000.0,7804000000.0,32044293864.0,-35000000.0,-149000000.0,-148000000.0,189000000.0,-149000000.0,-101000000.0,-721000000.0,0.0,791000000.0,-4000000.0,420000000.0,420000000.0,420000000.0,0.0,11000000.0,0.15,588000000.0,610000000.0,896000000.0,0.357,5.839,19.165,19.331,10131000000.0,0.0,106.9,2.848,2.871,1795000000.0,8510000000.0,2796000000.0,2796000000.0,23000000.0,,,,,16000000.0,315000000.0,1.0,299759531.0,302237000.0,306722000.0,9.251,13817000000.0,0.0,156000000.0,145000000.0,45.716,72000000.0
28,PX1,MRQ,2011-09-30,2011-09-30,2011-09-30,2021-10-16,-1372000000.0,15902000000.0,,2704000000.0,13198000000.0,,19.075,-458000000.0,125000000.0,125000000.0,1684000000.0,443000000.0,1.247,1.7,6310000000.0,501000000.0,5809000000.0,6310000000.0,0.0,256000000.0,0.0,0.021,0.5,631000000.0,887000000.0,0.306,887000000.0,631000000.0,595000000.0,1.42,1.4,1.42,5753000000.0,,5753000000.0,34284770410.0,15.0,10.25,274000000.0,0.909,1.0,1212000000.0,0.419,2175000000.0,36000000.0,17743000000.0,,445000000.0,0.0,0.0,0.0,9781000000.0,2169000000.0,7612000000.0,28245770410.0,45000000.0,-16000000.0,-251000000.0,204000000.0,-150000000.0,-194000000.0,-474000000.0,0.0,732000000.0,-19000000.0,429000000.0,429000000.0,429000000.0,0.0,14000000.0,0.148,585000000.0,627000000.0,855000000.0,0.352,4.91,20.394,20.41,9754000000.0,0.0,93.48,2.549,2.545,1860000000.0,8275000000.0,2896000000.0,2896000000.0,22000000.0,,,,,16000000.0,307000000.0,1.0,302158434.0,301594000.0,305623000.0,9.602,13727000000.0,0.0,166000000.0,0.0,45.515,535000000.0
29,PX1,MRQ,2011-06-30,2011-06-30,2011-06-30,2021-10-16,-675000000.0,16410000000.0,,2758000000.0,13652000000.0,,21.073,-433000000.0,80000000.0,80000000.0,1640000000.0,439000000.0,1.382,1.506,6119000000.0,434000000.0,5685000000.0,6119000000.0,0.0,254000000.0,0.0,0.018,0.5,624000000.0,878000000.0,0.307,878000000.0,624000000.0,588000000.0,1.4,1.38,1.4,6400000000.0,,6400000000.0,38635516775.0,17.0,11.936,140000000.0,0.461,1.0,1218000000.0,0.426,2257000000.0,36000000.0,18196000000.0,,450000000.0,0.0,0.0,0.0,9640000000.0,1996000000.0,7644000000.0,32883516775.0,-6000000.0,-73000000.0,-205000000.0,258000000.0,-151000000.0,-75000000.0,-506000000.0,0.0,573000000.0,2000000.0,425000000.0,425000000.0,425000000.0,0.0,14000000.0,0.149,586000000.0,632000000.0,885000000.0,0.357,5.138,24.669,24.747,10079000000.0,0.0,108.39,3.067,3.071,1925000000.0,7997000000.0,2858000000.0,2858000000.0,23000000.0,,,,,16000000.0,309000000.0,1.0,303381463.0,303709000.0,308253000.0,9.41,14153000000.0,0.0,163000000.0,0.0,46.601,762000000.0
30,PX1,MRQ,2011-03-31,2011-03-31,2011-03-31,2021-10-16,-794000000.0,15834000000.0,,2598000000.0,13236000000.0,,20.275,-334000000.0,86000000.0,86000000.0,1536000000.0,409000000.0,1.352,1.508,5838000000.0,357000000.0,5481000000.0,5838000000.0,0.0,244000000.0,0.0,0.018,0.5,589000000.0,833000000.0,0.308,833000000.0,589000000.0,554000000.0,1.31,1.29,1.31,6165000000.0,,6165000000.0,36334182005.0,17.0,11.594,25000000.0,0.082,1.0,1166000000.0,0.432,2235000000.0,35000000.0,17430000000.0,,416000000.0,0.0,0.0,0.0,9297000000.0,1921000000.0,7376000000.0,30816182005.0,47000000.0,30000000.0,-138000000.0,263000000.0,-152000000.0,-10000000.0,-304000000.0,0.0,359000000.0,2000000.0,398000000.0,398000000.0,398000000.0,0.0,11000000.0,0.147,574000000.0,592000000.0,777000000.0,0.382,4.999,24.094,24.248,9784000000.0,0.0,101.6,2.966,2.973,1834000000.0,7721000000.0,2702000000.0,2702000000.0,22000000.0,,,,,14000000.0,308000000.0,1.0,303308878.0,304071000.0,308595000.0,8.886,13599000000.0,0.0,156000000.0,0.0,44.723,677000000.0
31,PX1,MRQ,2010-12-31,2010-12-31,2010-12-31,2021-10-16,-1018000000.0,15274000000.0,,2378000000.0,12896000000.0,,18.884,-451000000.0,39000000.0,39000000.0,1492000000.0,142000000.0,1.127,1.576,5557000000.0,402000000.0,5155000000.0,5557000000.0,911000000.0,240000000.0,0.0,0.019,0.45,507000000.0,747000000.0,0.285,747000000.0,507000000.0,479000000.0,0.45,0.43,0.45,5792000000.0,,5792000000.0,34256068050.0,16.0,11.396,-161000000.0,-0.525,1.0,1131000000.0,0.431,2198000000.0,28000000.0,16484000000.0,,399000000.0,564000000.0,0.0,564000000.0,9129000000.0,2110000000.0,7019000000.0,29250068050.0,-32000000.0,-6000000.0,-265000000.0,509000000.0,-137000000.0,132000000.0,-457000000.0,0.0,290000000.0,3000000.0,133000000.0,133000000.0,133000000.0,0.0,9000000.0,0.051,622000000.0,509000000.0,830000000.0,1.0,5.05,24.477,24.479,9532000000.0,0.0,95.47,2.891,2.895,1664000000.0,7475000000.0,2623000000.0,2623000000.0,23000000.0,,,,,12000000.0,301000000.0,1.0,306379680.0,306720000.0,311395000.0,8.552,13076000000.0,0.0,346000000.0,90000000.0,42.632,268000000.0
32,PX1,MRQ,2010-09-30,2010-09-30,2010-09-30,2021-10-16,-1064000000.0,15057000000.0,,2453000000.0,12604000000.0,,19.507,-324000000.0,71000000.0,71000000.0,1444000000.0,388000000.0,1.316,1.457,5077000000.0,262000000.0,4815000000.0,5077000000.0,0.0,227000000.0,0.0,0.019,0.45,552000000.0,779000000.0,0.307,779000000.0,552000000.0,523000000.0,1.22,1.21,1.22,5991000000.0,,5991000000.0,32603451541.0,16.0,10.911,272000000.0,0.886,1.0,1094000000.0,0.431,2204000000.0,29000000.0,15995000000.0,,403000000.0,0.0,0.0,0.0,8727000000.0,1864000000.0,6863000000.0,27625451541.0,23000000.0,-91000000.0,-54000000.0,8000000.0,-139000000.0,-166000000.0,-415000000.0,0.0,596000000.0,8000000.0,377000000.0,377000000.0,377000000.0,0.0,11000000.0,0.149,545000000.0,549000000.0,746000000.0,0.369,4.611,19.704,19.794,9294000000.0,0.0,90.26,2.79,2.8,1711000000.0,7480000000.0,2538000000.0,2538000000.0,19000000.0,,,,,12000000.0,299000000.0,1.0,306065273.0,307127000.0,311608000.0,8.264,12853000000.0,0.0,146000000.0,0.0,41.849,589000000.0
33,PX1,MRQ,2010-06-30,2010-06-30,2010-06-30,2021-10-16,-1383000000.0,14292000000.0,,2275000000.0,12017000000.0,,17.769,-325000000.0,48000000.0,48000000.0,1437000000.0,381000000.0,1.293,1.564,5026000000.0,243000000.0,4783000000.0,5026000000.0,0.0,230000000.0,0.0,0.022,0.45,545000000.0,775000000.0,0.307,775000000.0,545000000.0,516000000.0,1.21,1.19,1.21,5452000000.0,,5452000000.0,28276995055.0,17.0,10.893,211000000.0,0.688,1.0,1090000000.0,0.431,2149000000.0,29000000.0,15362000000.0,,374000000.0,0.0,0.0,0.0,8525000000.0,1759000000.0,6766000000.0,23248995055.0,-328000000.0,-3000000.0,-17000000.0,-383000000.0,-137000000.0,-535000000.0,-328000000.0,0.0,536000000.0,-1000000.0,371000000.0,371000000.0,371000000.0,0.0,10000000.0,0.147,551000000.0,539000000.0,729000000.0,0.372,4.264,17.221,17.27,8932000000.0,0.0,75.99,2.409,2.416,1617000000.0,7241000000.0,2527000000.0,2527000000.0,19000000.0,,,,,13000000.0,302000000.0,1.0,305948086.0,306826000.0,311109000.0,8.236,12143000000.0,0.0,145000000.0,0.0,39.576,516000000.0
34,PX1,MRQ,2010-03-31,2010-03-31,2010-03-31,2021-10-16,-1198000000.0,14727000000.0,,2622000000.0,12105000000.0,,17.595,-288000000.0,376000000.0,376000000.0,1381000000.0,323000000.0,1.198,1.667,5404000000.0,672000000.0,4732000000.0,5404000000.0,0.0,228000000.0,0.0,0.02,0.45,477000000.0,705000000.0,0.29,705000000.0,477000000.0,445000000.0,1.02,1.01,1.02,5398000000.0,,5398000000.0,30434689480.0,19.0,12.327,195000000.0,0.636,1.0,1047000000.0,0.431,2185000000.0,32000000.0,15381000000.0,,377000000.0,0.0,0.0,0.0,8997000000.0,2189000000.0,6808000000.0,25424689480.0,331000000.0,4000000.0,-68000000.0,356000000.0,-138000000.0,150000000.0,-284000000.0,0.0,483000000.0,-18000000.0,314000000.0,314000000.0,314000000.0,0.0,9000000.0,0.129,567000000.0,480000000.0,704000000.0,0.441,4.71,19.894,19.952,8998000000.0,0.0,83.0,2.745,2.75,1645000000.0,7008000000.0,2428000000.0,2428000000.0,18000000.0,,,,,10000000.0,294000000.0,1.0,306321560.0,306793000.0,311159000.0,7.914,12542000000.0,0.0,131000000.0,0.0,40.881,433000000.0
35,PX1,MRQ,2009-12-31,2009-12-31,2009-12-31,2021-10-16,-1155000000.0,14317000000.0,,2223000000.0,12094000000.0,,17.275,-355000000.0,45000000.0,45000000.0,1370000000.0,352000000.0,1.226,1.631,5055000000.0,298000000.0,4757000000.0,5055000000.0,722000000.0,223000000.0,0.0,0.02,0.4,506000000.0,729000000.0,0.303,729000000.0,506000000.0,473000000.0,1.11,1.08,1.11,5315000000.0,,5315000000.0,29809855124.0,19.0,12.41,354000000.0,1.151,1.0,1037000000.0,0.431,2212000000.0,33000000.0,15302000000.0,,377000000.0,435000000.0,0.0,435000000.0,8669000000.0,1813000000.0,6856000000.0,24639855124.0,-20000000.0,8000000.0,-64000000.0,-197000000.0,-123000000.0,-383000000.0,-347000000.0,0.0,709000000.0,1000000.0,340000000.0,340000000.0,340000000.0,0.0,12000000.0,0.141,515000000.0,522000000.0,730000000.0,0.36,4.636,19.649,19.684,8990000000.0,0.0,80.31,2.751,2.759,1579000000.0,6831000000.0,2407000000.0,2407000000.0,18000000.0,,,,,9000000.0,274000000.0,1.0,306809303.0,307676000.0,312382000.0,7.823,12105000000.0,0.0,133000000.0,138000000.0,39.343,410000000.0
36,PX1,MRQ,2009-09-30,2009-09-30,2009-09-30,2021-10-16,-1205000000.0,14171000000.0,,2299000000.0,11872000000.0,,16.544,-334000000.0,65000000.0,65000000.0,1277000000.0,336000000.0,1.13,1.724,5235000000.0,508000000.0,4727000000.0,5235000000.0,0.0,217000000.0,0.0,0.019,0.4,170000000.0,387000000.0,0.169,387000000.0,170000000.0,138000000.0,1.06,1.04,1.06,5085000000.0,,5085000000.0,30136230510.0,22.0,13.729,213000000.0,0.693,1.0,1011000000.0,0.442,2201000000.0,32000000.0,15105000000.0,,398000000.0,0.0,0.0,0.0,8764000000.0,2035000000.0,6729000000.0,25062230510.0,32000000.0,-110000000.0,-29000000.0,78000000.0,-122000000.0,-75000000.0,-444000000.0,0.0,547000000.0,4000000.0,325000000.0,325000000.0,325000000.0,0.0,11000000.0,0.142,827000000.0,184000000.0,717000000.0,0.377,4.929,22.498,22.566,8807000000.0,0.0,81.69,2.8,2.805,1629000000.0,6615000000.0,2288000000.0,2288000000.0,20000000.0,,,,,11000000.0,284000000.0,1.0,306796799.0,307360000.0,312182000.0,7.444,11970000000.0,0.0,-187000000.0,0.0,38.945,264000000.0
37,PX1,MRQ,2009-06-30,2009-06-30,2009-06-30,2021-10-16,0.0,13586000000.0,,2192000000.0,11394000000.0,,15.061,-370000000.0,33000000.0,33000000.0,1190000000.0,311000000.0,0.885,1.863,5107000000.0,1085000000.0,4022000000.0,5107000000.0,0.0,207000000.0,0.0,0.022,0.4,441000000.0,648000000.0,0.303,648000000.0,441000000.0,408000000.0,0.97,0.96,0.97,4638000000.0,,4638000000.0,26842654531.0,15.0,10.445,193000000.0,0.627,1.0,948000000.0,0.443,2072000000.0,33000000.0,14112000000.0,,423000000.0,0.0,0.0,0.0,8640000000.0,2476000000.0,6164000000.0,21851654531.0,-21000000.0,-1000000.0,-64000000.0,-14000000.0,-123000000.0,-217000000.0,-371000000.0,0.0,563000000.0,4000000.0,299000000.0,299000000.0,299000000.0,0.0,12000000.0,0.14,490000000.0,458000000.0,721000000.0,0.412,4.711,19.101,19.26,8435000000.0,0.0,71.07,2.296,2.3,1555000000.0,,2138000000.0,2138000000.0,18000000.0,,,,,10000000.0,265000000.0,1.0,307466646.0,307957000.0,312429000.0,6.943,11514000000.0,0.0,109000000.0,0.0,37.388,-284000000.0
38,PX1,MRQ,2009-03-31,2009-03-31,2009-03-31,2021-10-16,0.0,12857000000.0,,2184000000.0,10673000000.0,,13.232,-293000000.0,54000000.0,54000000.0,1195000000.0,298000000.0,0.82,2.082,5045000000.0,1275000000.0,3770000000.0,5045000000.0,0.0,199000000.0,0.0,0.023,0.4,439000000.0,638000000.0,0.301,638000000.0,439000000.0,404000000.0,0.94,0.93,0.94,4073000000.0,,4073000000.0,25656698173.0,14.0,9.588,56000000.0,0.182,1.0,928000000.0,0.437,1991000000.0,35000000.0,13192000000.0,,424000000.0,0.0,0.0,0.0,8482000000.0,2665000000.0,5817000000.0,20663698173.0,22000000.0,3000000.0,16000000.0,71000000.0,-123000000.0,-36000000.0,-290000000.0,0.0,349000000.0,-1000000.0,290000000.0,290000000.0,290000000.0,0.0,8000000.0,0.137,482000000.0,446000000.0,687000000.0,0.426,5.073,17.306,17.569,7872000000.0,0.0,67.29,2.015,2.02,1513000000.0,,2123000000.0,2123000000.0,18000000.0,,,,,9000000.0,265000000.0,1.0,307084235.0,307818000.0,311311000.0,6.897,10866000000.0,0.0,114000000.0,0.0,35.3,-481000000.0
39,PX1,MRQ,2008-12-31,2008-12-31,2008-12-31,2021-10-16,-1768000000.0,13054000000.0,,2301000000.0,10753000000.0,,12.822,-482000000.0,32000000.0,32000000.0,1418000000.0,206000000.0,0.772,2.181,5025000000.0,1316000000.0,3709000000.0,5025000000.0,699000000.0,206000000.0,0.0,0.025,0.375,316000000.0,522000000.0,0.217,522000000.0,316000000.0,267000000.0,0.65,0.65,0.65,4009000000.0,,4009000000.0,23226465331.0,12.0,8.527,158000000.0,0.505,1.0,985000000.0,0.41,2030000000.0,49000000.0,13038000000.0,,445000000.0,416000000.0,0.0,416000000.0,8743000000.0,2979000000.0,5764000000.0,18306465331.0,8000000.0,-19000000.0,-177000000.0,167000000.0,-115000000.0,-128000000.0,-501000000.0,0.0,640000000.0,-3000000.0,200000000.0,200000000.0,200000000.0,0.0,6000000.0,0.083,703000000.0,282000000.0,820000000.0,0.577,4.566,15.117,15.339,7922000000.0,0.0,59.36,1.696,1.719,1604000000.0,6068000000.0,2403000000.0,2403000000.0,25000000.0,,,,,11000000.0,295000000.0,1.0,308397327.0,312658000.0,318302000.0,7.686,11024000000.0,0.0,67000000.0,150000000.0,35.259,-678000000.0
40,PX1,MRQ,2008-09-30,2008-09-30,2008-09-30,2021-10-16,0.0,13878000000.0,,2588000000.0,11290000000.0,,15.589,-405000000.0,24000000.0,24000000.0,1734000000.0,366000000.0,0.837,1.775,4944000000.0,1302000000.0,3642000000.0,4944000000.0,0.0,218000000.0,0.0,0.02,0.375,544000000.0,762000000.0,0.267,762000000.0,544000000.0,494000000.0,1.13,1.11,1.13,4891000000.0,,4891000000.0,27166003167.0,13.0,9.4,225000000.0,0.717,1.0,1118000000.0,0.392,2138000000.0,50000000.0,13567000000.0,,495000000.0,0.0,0.0,0.0,8680000000.0,3093000000.0,5587000000.0,22597003167.0,-3000000.0,-33000000.0,-537000000.0,464000000.0,-117000000.0,-191000000.0,-438000000.0,0.0,630000000.0,-4000000.0,355000000.0,355000000.0,355000000.0,0.0,11000000.0,0.124,583000000.0,535000000.0,844000000.0,0.332,4.62,17.029,17.04,8201000000.0,0.0,71.74,2.07,2.062,1832000000.0,,2852000000.0,2852000000.0,24000000.0,,,,,12000000.0,341000000.0,1.0,314984711.0,313749000.0,319505000.0,9.09,11740000000.0,0.0,139000000.0,0.0,37.418,-505000000.0
41,PX1,MRQ,2008-06-30,2008-06-30,2008-06-30,2021-10-16,0.0,14428000000.0,,2746000000.0,11682000000.0,,17.985,-380000000.0,27000000.0,27000000.0,1748000000.0,362000000.0,1.01,1.488,4596000000.0,922000000.0,3674000000.0,4596000000.0,0.0,216000000.0,0.0,0.014,0.375,538000000.0,754000000.0,0.262,754000000.0,538000000.0,486000000.0,1.11,1.08,1.11,5671000000.0,,5671000000.0,34061159274.0,17.0,12.257,9000000.0,0.029,1.0,1130000000.0,0.393,2216000000.0,52000000.0,14063000000.0,,507000000.0,0.0,0.0,0.0,8440000000.0,2718000000.0,5722000000.0,29508159274.0,6000000.0,0.0,49000000.0,27000000.0,-119000000.0,-5000000.0,-380000000.0,0.0,389000000.0,2000000.0,349000000.0,349000000.0,349000000.0,0.0,13000000.0,0.121,581000000.0,549000000.0,911000000.0,0.338,5.203,23.107,23.327,8459000000.0,0.0,94.24,2.828,2.847,1982000000.0,,2878000000.0,2878000000.0,24000000.0,,,,,11000000.0,341000000.0,1.0,313117140.0,315312000.0,322088000.0,9.127,12212000000.0,0.0,137000000.0,0.0,38.73,28000000.0
42,PX1,MRQ,2008-03-31,2008-03-31,2008-03-31,2021-10-16,0.0,14000000000.0,,2632000000.0,11368000000.0,,16.593,-344000000.0,21000000.0,21000000.0,1595000000.0,322000000.0,0.915,1.622,4574000000.0,992000000.0,3582000000.0,4574000000.0,0.0,210000000.0,0.0,0.015,0.375,476000000.0,686000000.0,0.258,686000000.0,476000000.0,429000000.0,0.98,0.96,0.98,5209000000.0,,5209000000.0,30560498636.0,17.0,11.537,35000000.0,0.111,1.0,1068000000.0,0.401,2180000000.0,47000000.0,13498000000.0,,483000000.0,0.0,0.0,0.0,8447000000.0,2875000000.0,5572000000.0,26385498636.0,4000000.0,-24000000.0,-227000000.0,329000000.0,-117000000.0,-9000000.0,-368000000.0,0.0,379000000.0,2000000.0,307000000.0,307000000.0,307000000.0,0.0,15000000.0,0.115,586000000.0,482000000.0,888000000.0,0.383,5.065,21.645,21.935,8221000000.0,0.0,84.23,2.668,2.674,1907000000.0,,2663000000.0,2663000000.0,24000000.0,,,,,11000000.0,335000000.0,1.0,313255356.0,313936000.0,320409000.0,8.483,11820000000.0,0.0,122000000.0,0.0,37.651,-243000000.0
43,PX1,MRQ,2007-12-31,2007-12-31,2007-12-31,2021-10-16,-672000000.0,13382000000.0,,2408000000.0,10974000000.0,,16.119,-402000000.0,17000000.0,17000000.0,1493000000.0,359000000.0,0.909,1.54,4192000000.0,828000000.0,3364000000.0,4192000000.0,857000000.0,207000000.0,0.0,0.014,0.3,481000000.0,688000000.0,0.273,688000000.0,481000000.0,431000000.0,0.99,0.98,0.99,5142000000.0,,5142000000.0,32001461794.0,18.0,12.584,185000000.0,0.58,1.0,1030000000.0,0.408,2101000000.0,50000000.0,12806000000.0,,474000000.0,387000000.0,0.0,387000000.0,7919000000.0,2650000000.0,5269000000.0,28024461794.0,-9000000.0,-121000000.0,-65000000.0,75000000.0,-94000000.0,-74000000.0,-523000000.0,0.0,587000000.0,1000000.0,316000000.0,316000000.0,316000000.0,0.0,43000000.0,0.125,547000000.0,483000000.0,818000000.0,0.303,5.45,23.81,24.041,7963000000.0,0.0,88.71,2.981,3.01,1723000000.0,5325000000.0,2523000000.0,2523000000.0,26000000.0,,,,,11000000.0,314000000.0,1.0,315910966.0,318997000.0,324842000.0,7.909,11281000000.0,0.0,115000000.0,309000000.0,35.364,-242000000.0
44,PX1,MRQ,2007-09-30,2007-09-30,2007-09-30,2021-10-16,0.0,12751000000.0,,2408000000.0,10343000000.0,,15.265,-360000000.0,26000000.0,26000000.0,1394000000.0,305000000.0,0.954,1.57,4003000000.0,661000000.0,3342000000.0,4003000000.0,0.0,196000000.0,0.0,0.014,0.3,455000000.0,651000000.0,0.274,651000000.0,455000000.0,411000000.0,0.96,0.94,0.96,4862000000.0,,4862000000.0,30469105810.0,18.0,12.585,232000000.0,0.728,1.0,978000000.0,0.412,1993000000.0,44000000.0,12210000000.0,,448000000.0,0.0,0.0,0.0,7634000000.0,2525000000.0,5109000000.0,26791105810.0,4000000.0,-10000000.0,-385000000.0,247000000.0,-95000000.0,-221000000.0,-370000000.0,0.0,592000000.0,3000000.0,305000000.0,305000000.0,305000000.0,0.0,0.0,0.129,514000000.0,464000000.0,777000000.0,0.312,5.51,23.709,23.661,7598000000.0,0.0,83.76,2.976,2.964,1707000000.0,,2372000000.0,2372000000.0,24000000.0,,,,,10000000.0,294000000.0,1.0,319855609.0,318513000.0,324920000.0,7.447,10758000000.0,0.0,106000000.0,0.0,33.776,-117000000.0
45,PX1,MRQ,2007-06-30,2007-06-30,2007-06-30,2021-10-16,0.0,12251000000.0,,2314000000.0,9937000000.0,,15.146,-329000000.0,22000000.0,22000000.0,1388000000.0,291000000.0,1.212,1.478,3700000000.0,293000000.0,3407000000.0,3700000000.0,0.0,189000000.0,0.0,0.015,0.3,435000000.0,624000000.0,0.268,624000000.0,435000000.0,394000000.0,0.91,0.89,0.91,4850000000.0,,4850000000.0,26653339846.0,17.0,11.444,152000000.0,0.475,1.0,944000000.0,0.405,1943000000.0,41000000.0,12077000000.0,,429000000.0,0.0,0.0,0.0,7167000000.0,1909000000.0,5258000000.0,22943339846.0,-4000000.0,-14000000.0,0.0,-67000000.0,-96000000.0,-144000000.0,-343000000.0,0.0,481000000.0,2000000.0,291000000.0,291000000.0,291000000.0,0.0,0.0,0.125,509000000.0,435000000.0,749000000.0,0.33,4.731,21.402,21.554,7265000000.0,0.0,71.99,2.628,2.641,1641000000.0,,2332000000.0,2332000000.0,24000000.0,,,,,10000000.0,296000000.0,1.0,318701762.0,320213000.0,326301000.0,7.283,10308000000.0,0.0,103000000.0,0.0,32.191,405000000.0
46,PX1,MRQ,2007-03-31,2007-03-31,2007-03-31,2021-10-16,0.0,11748000000.0,,2201000000.0,9547000000.0,,13.926,-285000000.0,26000000.0,26000000.0,1282000000.0,265000000.0,1.186,1.578,3736000000.0,337000000.0,3399000000.0,3736000000.0,0.0,182000000.0,0.0,0.017,0.3,398000000.0,580000000.0,0.267,580000000.0,398000000.0,360000000.0,0.83,0.81,0.83,4467000000.0,,4467000000.0,23301501874.0,15.0,10.324,13000000.0,0.041,1.0,893000000.0,0.411,1902000000.0,38000000.0,11700000000.0,,407000000.0,0.0,0.0,0.0,7051000000.0,1856000000.0,5195000000.0,20170501874.0,-10000000.0,-292000000.0,-186000000.0,540000000.0,-96000000.0,269000000.0,-577000000.0,0.0,298000000.0,0.0,265000000.0,265000000.0,265000000.0,0.0,0.0,0.122,492000000.0,401000000.0,664000000.0,0.361,4.515,19.621,19.737,6964000000.0,0.0,62.96,2.381,2.383,1548000000.0,,2175000000.0,2175000000.0,24000000.0,,,,,11000000.0,286000000.0,1.0,320370106.0,320763000.0,326787000.0,6.781,9846000000.0,0.0,95000000.0,0.0,30.696,345000000.0
47,PX1,MRQ,2006-12-31,2006-12-31,2006-12-31,2021-10-16,-1127000000.0,11102000000.0,,2059000000.0,9043000000.0,,14.077,-300000000.0,36000000.0,36000000.0,1264000000.0,269000000.0,1.171,1.389,3167000000.0,186000000.0,2981000000.0,3167000000.0,656000000.0,178000000.0,0.0,0.017,0.25,388000000.0,566000000.0,0.267,566000000.0,388000000.0,350000000.0,0.84,0.82,0.84,4554000000.0,,4554000000.0,22309591796.0,15.0,10.168,263000000.0,0.813,1.0,859000000.0,0.405,1684000000.0,38000000.0,10791000000.0,,381000000.0,218000000.0,0.0,218000000.0,6326000000.0,1758000000.0,4568000000.0,19157591796.0,14000000.0,7000000.0,-161000000.0,-32000000.0,-81000000.0,-258000000.0,-293000000.0,0.0,563000000.0,2000000.0,269000000.0,269000000.0,269000000.0,0.0,0.0,0.127,471000000.0,388000000.0,682000000.0,0.298,4.207,19.39,19.452,6694000000.0,0.0,59.33,2.301,2.306,1456000000.0,4687000000.0,2123000000.0,2123000000.0,23000000.0,,,,,10000000.0,270000000.0,1.0,322898901.0,323495000.0,329293000.0,6.563,9418000000.0,0.0,81000000.0,295000000.0,29.113,301000000.0
48,PX1,MRQ,2006-09-30,2006-09-30,2006-09-30,2021-10-16,0.0,10925000000.0,,2104000000.0,8821000000.0,,13.888,-274000000.0,22000000.0,22000000.0,1259000000.0,247000000.0,1.111,1.385,3174000000.0,350000000.0,2824000000.0,3174000000.0,0.0,173000000.0,0.0,0.016,0.25,386000000.0,559000000.0,0.266,559000000.0,386000000.0,348000000.0,0.76,0.75,0.76,4494000000.0,,4494000000.0,22503721465.0,16.0,10.531,280000000.0,0.865,1.0,840000000.0,0.4,1669000000.0,38000000.0,10515000000.0,,400000000.0,0.0,0.0,0.0,6222000000.0,1893000000.0,4329000000.0,19070721465.0,1000000.0,98000000.0,2000000.0,-292000000.0,-81000000.0,-378000000.0,-176000000.0,0.0,554000000.0,1000000.0,247000000.0,247000000.0,247000000.0,0.0,0.0,0.118,466000000.0,374000000.0,603000000.0,0.329,4.244,20.44,20.613,6516000000.0,0.0,59.16,2.32,2.329,1469000000.0,,2099000000.0,2099000000.0,21000000.0,,,,,10000000.0,272000000.0,1.0,322358375.0,323582000.0,329498000.0,6.487,9256000000.0,0.0,101000000.0,0.0,28.605,211000000.0
49,PX1,MRQ,2006-06-30,2006-06-30,2006-06-30,2021-10-16,0.0,10839000000.0,,2086000000.0,8753000000.0,,13.196,-270000000.0,21000000.0,21000000.0,1238000000.0,247000000.0,0.894,1.491,3454000000.0,875000000.0,2579000000.0,3454000000.0,0.0,174000000.0,0.0,0.016,0.25,378000000.0,552000000.0,0.266,552000000.0,378000000.0,337000000.0,0.76,0.75,0.76,4269000000.0,,4269000000.0,20824309846.0,15.0,10.138,122000000.0,0.377,1.0,838000000.0,0.404,1664000000.0,41000000.0,10275000000.0,,396000000.0,0.0,0.0,0.0,6367000000.0,2333000000.0,4034000000.0,17448309846.0,-11000000.0,5000000.0,-58000000.0,4000000.0,-80000000.0,-138000000.0,-265000000.0,0.0,392000000.0,0.0,247000000.0,247000000.0,247000000.0,0.0,0.0,0.119,467000000.0,371000000.0,576000000.0,0.329,4.087,21.975,22.131,6417000000.0,0.0,54.0,2.178,2.18,1453000000.0,,2076000000.0,2076000000.0,22000000.0,,,,,11000000.0,271000000.0,1.0,323116849.0,323519000.0,329880000.0,6.417,9175000000.0,0.0,90000000.0,0.0,28.36,-247000000.0
50,PX1,MRQ,2006-03-31,2006-03-31,2006-03-31,2021-10-16,0.0,10616000000.0,,2053000000.0,8563000000.0,,12.739,-256000000.0,32000000.0,32000000.0,1207000000.0,225000000.0,0.99,1.523,3408000000.0,631000000.0,2777000000.0,3408000000.0,0.0,171000000.0,0.0,0.014,0.25,346000000.0,517000000.0,0.255,517000000.0,346000000.0,308000000.0,0.69,0.68,0.69,4125000000.0,,4125000000.0,21075269957.0,16.0,10.649,-13000000.0,-0.04,1.0,819000000.0,0.404,1645000000.0,38000000.0,10273000000.0,,391000000.0,0.0,0.0,0.0,6284000000.0,2074000000.0,4210000000.0,17801269957.0,-141000000.0,2000000.0,-3000000.0,-58000000.0,-81000000.0,-131000000.0,-254000000.0,0.0,243000000.0,1000000.0,225000000.0,225000000.0,225000000.0,0.0,0.0,0.111,465000000.0,354000000.0,581000000.0,0.362,4.315,23.547,23.67,6271000000.0,0.0,55.15,2.266,2.273,1405000000.0,,2026000000.0,2026000000.0,21000000.0,,,,,11000000.0,273000000.0,1.0,322779147.0,323804000.0,330043000.0,6.257,8971000000.0,0.0,83000000.0,0.0,27.705,-21000000.0
51,PX1,MRQ,2005-12-31,2005-12-31,2005-12-31,2021-10-16,-1257000000.0,10491000000.0,,2133000000.0,8358000000.0,,12.052,-279000000.0,173000000.0,173000000.0,1221000000.0,214000000.0,1.066,1.637,3447000000.0,521000000.0,2926000000.0,3447000000.0,627000000.0,175000000.0,0.0,0.014,0.18,334000000.0,509000000.0,0.252,509000000.0,334000000.0,294000000.0,0.66,0.65,0.66,3902000000.0,,3902000000.0,20322208348.0,16.0,10.53,97000000.0,0.3,1.0,799000000.0,0.396,1626000000.0,40000000.0,10138000000.0,,373000000.0,218000000.0,0.0,218000000.0,6387000000.0,2001000000.0,4386000000.0,17069208348.0,154000000.0,-27000000.0,-14000000.0,189000000.0,-59000000.0,86000000.0,-306000000.0,0.0,376000000.0,-2000000.0,214000000.0,214000000.0,214000000.0,0.0,0.0,0.106,449000000.0,350000000.0,639000000.0,0.273,4.374,23.511,23.643,6108000000.0,0.0,52.96,2.23,2.24,1386000000.0,4022000000.0,2020000000.0,2020000000.0,22000000.0,,,,,0.0,252000000.0,1.0,322303783.0,323765000.0,329685000.0,6.239,8865000000.0,0.0,80000000.0,199000000.0,27.381,132000000.0
52,PX1,MRQ,2005-09-30,2005-09-30,2005-09-30,2021-10-16,0.0,10182000000.0,,1883000000.0,8299000000.0,,11.949,-235000000.0,19000000.0,19000000.0,1144000000.0,108000000.0,1.023,1.571,3272000000.0,457000000.0,2815000000.0,3272000000.0,0.0,165000000.0,0.0,0.014,0.18,311000000.0,476000000.0,0.252,476000000.0,311000000.0,271000000.0,0.33,0.33,0.33,3873000000.0,,3873000000.0,18795615396.0,16.0,10.127,185000000.0,0.571,1.0,746000000.0,0.395,1620000000.0,40000000.0,9974000000.0,,369000000.0,0.0,0.0,0.0,6084000000.0,1841000000.0,4243000000.0,15496615396.0,-9000000.0,9000000.0,-74000000.0,-61000000.0,-58000000.0,-204000000.0,-226000000.0,0.0,420000000.0,1000000.0,108000000.0,108000000.0,108000000.0,0.0,0.0,0.057,427000000.0,319000000.0,530000000.0,0.545,4.001,22.362,22.397,6062000000.0,0.0,47.93,2.088,2.093,1334000000.0,,1890000000.0,1890000000.0,19000000.0,,,,,0.0,243000000.0,1.0,323317659.0,324137000.0,329993000.0,5.831,8562000000.0,0.0,163000000.0,0.0,26.415,42000000.0
53,PX1,MRQ,2005-06-30,2005-06-30,2005-06-30,2021-10-16,0.0,9937000000.0,,1832000000.0,8105000000.0,,11.797,-198000000.0,28000000.0,28000000.0,1167000000.0,209000000.0,1.061,1.542,3327000000.0,517000000.0,2810000000.0,3327000000.0,0.0,163000000.0,0.0,0.014,0.18,314000000.0,477000000.0,0.249,477000000.0,314000000.0,273000000.0,0.65,0.63,0.65,3821000000.0,,3821000000.0,18497273456.0,16.0,10.265,192000000.0,0.593,1.0,752000000.0,0.392,1606000000.0,41000000.0,9904000000.0,,351000000.0,0.0,0.0,0.0,5891000000.0,1726000000.0,4165000000.0,15074273456.0,2000000.0,-3000000.0,-35000000.0,-91000000.0,-58000000.0,-187000000.0,-201000000.0,0.0,390000000.0,0.0,209000000.0,209000000.0,209000000.0,0.0,0.0,0.109,429000000.0,323000000.0,504000000.0,0.277,3.945,19.783,19.83,5933000000.0,0.0,46.6,2.092,2.095,1285000000.0,,1919000000.0,1919000000.0,19000000.0,,,,,0.0,247000000.0,1.0,323482263.0,323898000.0,329818000.0,5.925,8331000000.0,0.0,64000000.0,0.0,25.721,106000000.0
54,PX1,MRQ,2005-03-31,2005-03-31,2005-03-31,2021-10-16,0.0,9832000000.0,,1773000000.0,8059000000.0,,11.275,-165000000.0,26000000.0,26000000.0,1109000000.0,195000000.0,0.97,1.632,3449000000.0,608000000.0,2841000000.0,3449000000.0,0.0,162000000.0,0.0,0.013,0.18,306000000.0,468000000.0,0.256,468000000.0,306000000.0,264000000.0,0.6,0.59,0.6,3651000000.0,,3651000000.0,18929089235.0,17.0,10.916,124000000.0,0.383,1.0,718000000.0,0.393,1614000000.0,42000000.0,9814000000.0,,340000000.0,0.0,0.0,0.0,5960000000.0,1827000000.0,4133000000.0,15429089235.0,1000000.0,11000000.0,-31000000.0,-40000000.0,-58000000.0,-133000000.0,-154000000.0,0.0,289000000.0,-1000000.0,195000000.0,195000000.0,195000000.0,0.0,0.0,0.107,427000000.0,291000000.0,541000000.0,0.3,4.226,21.194,21.366,5886000000.0,0.0,47.86,2.239,2.249,1264000000.0,,1827000000.0,1827000000.0,20000000.0,,,,,0.0,245000000.0,1.0,322379633.0,323818000.0,329669000.0,5.642,8218000000.0,0.0,69000000.0,0.0,25.378,-54000000.0
55,PX1,MRQ,2004-12-31,2004-12-31,2004-12-31,2021-10-16,-1180000000.0,9878000000.0,,1744000000.0,8134000000.0,,11.071,-243000000.0,25000000.0,25000000.0,1094000000.0,181000000.0,0.93,1.675,3525000000.0,649000000.0,2876000000.0,3525000000.0,345000000.0,154000000.0,0.0,0.014,0.15,281000000.0,435000000.0,0.244,435000000.0,281000000.0,241000000.0,0.56,0.55,0.56,3608000000.0,,3608000000.0,17201545836.0,16.0,10.35,185000000.0,0.568,1.0,692000000.0,0.387,1639000000.0,40000000.0,9864000000.0,,328000000.0,210000000.0,0.0,210000000.0,6045000000.0,1875000000.0,4170000000.0,14336545836.0,3000000.0,-671000000.0,-66000000.0,598000000.0,-49000000.0,487000000.0,-914000000.0,0.0,428000000.0,2000000.0,181000000.0,181000000.0,181000000.0,0.0,0.0,0.101,414000000.0,278000000.0,502000000.0,0.268,3.974,20.569,20.631,5946000000.0,0.0,44.15,2.174,2.182,1231000000.0,3529000000.0,1786000000.0,1786000000.0,20000000.0,,,,,0.0,240000000.0,1.0,324723575.0,325891000.0,331403000.0,5.48,8239000000.0,0.0,60000000.0,129000000.0,25.281,-131000000.0
56,PX1,MRQ,2004-09-30,2004-09-30,2004-09-30,2021-10-16,0.0,8679000000.0,,1577000000.0,7102000000.0,,10.32,-161000000.0,22000000.0,22000000.0,1019000000.0,177000000.0,0.97,1.515,2887000000.0,629000000.0,2258000000.0,2887000000.0,0.0,145000000.0,0.0,0.014,0.15,277000000.0,422000000.0,0.252,422000000.0,277000000.0,238000000.0,0.54,0.53,0.54,3369000000.0,,3369000000.0,16885709548.0,16.0,10.54,221000000.0,0.677,1.0,655000000.0,0.391,1312000000.0,39000000.0,8607000000.0,,308000000.0,0.0,0.0,0.0,5104000000.0,1625000000.0,3479000000.0,13887709548.0,-1000000.0,18000000.0,-38000000.0,-147000000.0,-49000000.0,-242000000.0,-143000000.0,0.0,382000000.0,2000000.0,177000000.0,177000000.0,177000000.0,0.0,0.0,0.106,382000000.0,273000000.0,418000000.0,0.278,4.122,20.697,20.849,5283000000.0,0.0,42.74,2.215,2.226,1136000000.0,,1674000000.0,1674000000.0,19000000.0,,,,,0.0,218000000.0,1.0,324934711.0,326447000.0,331919000.0,5.128,7367000000.0,0.0,61000000.0,0.0,22.567,-48000000.0
57,PX1,MRQ,2004-06-30,2004-06-30,2004-06-30,2021-10-16,0.0,8538000000.0,,1564000000.0,6974000000.0,,9.764,-140000000.0,23000000.0,23000000.0,966000000.0,175000000.0,1.432,1.62,3021000000.0,164000000.0,2857000000.0,3021000000.0,0.0,140000000.0,0.0,0.014,0.15,269000000.0,409000000.0,0.255,409000000.0,269000000.0,230000000.0,0.54,0.53,0.54,3181000000.0,,3181000000.0,15775721839.0,16.0,10.178,112000000.0,0.344,1.0,637000000.0,0.397,1293000000.0,39000000.0,9151000000.0,,322000000.0,0.0,0.0,0.0,5154000000.0,1092000000.0,4062000000.0,12969721839.0,-14000000.0,-245000000.0,-21000000.0,189000000.0,-48000000.0,119000000.0,-385000000.0,0.0,252000000.0,0.0,175000000.0,175000000.0,175000000.0,0.0,0.0,0.109,366000000.0,271000000.0,407000000.0,0.278,4.077,20.139,20.259,5188000000.0,0.0,39.91,2.158,2.164,1104000000.0,,1603000000.0,1603000000.0,19000000.0,,,,,0.0,207000000.0,1.0,324974238.0,325786000.0,330897000.0,4.92,7245000000.0,0.0,55000000.0,0.0,22.239,472000000.0
58,PX1,MRQ,2004-03-31,2004-03-31,2004-03-31,2021-10-16,0.0,8327000000.0,,1483000000.0,6844000000.0,,9.608,-124000000.0,37000000.0,37000000.0,908000000.0,164000000.0,1.391,1.592,2843000000.0,150000000.0,2693000000.0,2843000000.0,0.0,139000000.0,0.0,0.013,0.15,257000000.0,396000000.0,0.259,396000000.0,257000000.0,220000000.0,0.5,0.49,0.5,3136000000.0,,3136000000.0,14840711904.0,16.0,9.974,57000000.0,0.175,1.0,623000000.0,0.407,1128000000.0,37000000.0,8939000000.0,,308000000.0,0.0,0.0,0.0,4993000000.0,1066000000.0,3927000000.0,12074711904.0,-13000000.0,14000000.0,-57000000.0,26000000.0,-49000000.0,-83000000.0,-110000000.0,0.0,181000000.0,-1000000.0,164000000.0,164000000.0,164000000.0,0.0,0.0,0.107,362000000.0,261000000.0,401000000.0,0.3,3.85,19.507,19.64,5224000000.0,0.0,37.12,2.079,2.086,1013000000.0,,1531000000.0,1531000000.0,19000000.0,,,,,0.0,204000000.0,1.0,325288575.0,326394000.0,331573000.0,4.691,7199000000.0,0.0,56000000.0,0.0,22.056,417000000.0
59,PX1,MRQ,2003-12-31,2003-12-31,2003-12-31,2021-10-16,-1352000000.0,8305000000.0,,1449000000.0,6856000000.0,,9.453,-199000000.0,50000000.0,50000000.0,859000000.0,155000000.0,1.297,1.626,2816000000.0,155000000.0,2661000000.0,2816000000.0,328000000.0,135000000.0,0.0,0.012,0.135,240000000.0,375000000.0,0.257,375000000.0,240000000.0,204000000.0,0.47,0.47,0.47,3088000000.0,,3088000000.0,15333744668.0,17.0,10.745,188000000.0,0.576,1.0,602000000.0,0.412,1131000000.0,36000000.0,8823000000.0,,302000000.0,182000000.0,0.0,182000000.0,5022000000.0,1117000000.0,3905000000.0,12421744668.0,4000000.0,-23000000.0,25000000.0,-145000000.0,-44000000.0,-162000000.0,-222000000.0,0.0,387000000.0,1000000.0,155000000.0,155000000.0,155000000.0,0.0,0.0,0.106,354000000.0,248000000.0,413000000.0,0.287,4.023,21.234,21.341,5252000000.0,0.0,38.2,2.213,2.221,962000000.0,3027000000.0,1461000000.0,1461000000.0,21000000.0,,,,,0.0,198000000.0,1.0,325176562.0,326670000.0,332608000.0,4.472,7174000000.0,0.0,49000000.0,104000000.0,21.961,332000000.0
60,PX1,MRQ,2003-09-30,2003-09-30,2003-09-30,2021-10-16,0.0,8067000000.0,,1426000000.0,6641000000.0,,8.804,-168000000.0,46000000.0,46000000.0,832000000.0,150000000.0,1.347,1.744,2958000000.0,167000000.0,2791000000.0,2958000000.0,0.0,133000000.0,0.0,0.013,0.107,237000000.0,370000000.0,0.262,370000000.0,237000000.0,199000000.0,0.46,0.45,0.46,2874000000.0,,2874000000.0,12993714769.0,15.0,9.288,135000000.0,0.414,1.0,582000000.0,0.412,1097000000.0,38000000.0,8823000000.0,,302000000.0,0.0,0.0,0.0,5012000000.0,1059000000.0,3953000000.0,10095714769.0,-8000000.0,-1000000.0,-103000000.0,0.0,-35000000.0,-142000000.0,-169000000.0,0.0,303000000.0,0.0,150000000.0,150000000.0,150000000.0,0.0,0.0,0.106,342000000.0,240000000.0,393000000.0,0.233,3.513,17.712,17.65,5123000000.0,0.0,30.975,1.853,1.856,965000000.0,,1414000000.0,1414000000.0,18000000.0,,,,,0.0,191000000.0,1.0,325931066.0,326430000.0,330990000.0,4.332,6970000000.0,0.0,49000000.0,0.0,21.352,367000000.0
61,PX1,MRQ,2003-06-30,2003-06-30,2003-06-30,2021-10-16,0.0,8023000000.0,,1436000000.0,6587000000.0,,8.816,-493000000.0,54000000.0,54000000.0,833000000.0,150000000.0,1.382,1.727,2952000000.0,176000000.0,2776000000.0,2952000000.0,0.0,127000000.0,0.0,0.013,0.107,220000000.0,347000000.0,0.248,347000000.0,220000000.0,185000000.0,0.46,0.45,0.46,2880000000.0,,2880000000.0,12448093372.0,14.0,9.014,-217000000.0,-0.664,1.0,568000000.0,0.405,1094000000.0,35000000.0,8788000000.0,,294000000.0,0.0,0.0,0.0,4975000000.0,1039000000.0,3936000000.0,9764093372.0,-4000000.0,-23000000.0,71000000.0,196000000.0,-35000000.0,234000000.0,-516000000.0,0.0,276000000.0,2000000.0,150000000.0,150000000.0,150000000.0,0.0,0.0,0.107,338000000.0,230000000.0,369000000.0,0.233,3.39,17.721,17.729,5068000000.0,0.0,30.05,1.833,1.843,965000000.0,,1401000000.0,1401000000.0,19000000.0,,,,,0.0,192000000.0,1.0,324928232.0,326688000.0,330850000.0,4.288,6929000000.0,0.0,35000000.0,0.0,21.21,397000000.0
62,PX1,MRQ,2003-03-31,2003-03-31,2003-03-31,2021-10-16,0.0,7561000000.0,,1412000000.0,6149000000.0,,7.604,-123000000.0,58000000.0,58000000.0,804000000.0,130000000.0,1.297,1.988,2742000000.0,214000000.0,2528000000.0,2742000000.0,0.0,122000000.0,0.0,0.014,0.107,213000000.0,335000000.0,0.251,335000000.0,213000000.0,171000000.0,0.4,0.39,0.4,2477000000.0,,2477000000.0,11878503655.0,13.0,8.521,48000000.0,0.147,1.0,533000000.0,0.399,1065000000.0,42000000.0,8091000000.0,,285000000.0,0.0,0.0,0.0,4924000000.0,1089000000.0,3835000000.0,9169503655.0,19000000.0,38000000.0,-18000000.0,-8000000.0,-35000000.0,-66000000.0,-85000000.0,0.0,171000000.0,-1000000.0,130000000.0,130000000.0,130000000.0,0.0,0.0,0.097,324000000.0,209000000.0,360000000.0,0.268,3.702,16.642,16.622,4684000000.0,0.0,28.175,1.752,1.754,937000000.0,,1337000000.0,1337000000.0,17000000.0,,,,,0.0,185000000.0,1.0,325448222.0,325762000.0,329270000.0,4.104,6496000000.0,0.0,41000000.0,0.0,19.941,323000000.0
63,PX1,MRQ,2002-12-31,2002-12-31,2002-12-31,2021-10-16,-1673000000.0,7401000000.0,,1286000000.0,6115000000.0,,7.198,-158000000.0,39000000.0,39000000.0,747000000.0,140000000.0,1.169,2.093,2748000000.0,238000000.0,2510000000.0,2748000000.0,461000000.0,122000000.0,0.0,0.013,0.095,225000000.0,347000000.0,0.268,347000000.0,225000000.0,180000000.0,0.435,0.425,0.435,2340000000.0,,2340000000.0,12173126677.0,16.0,9.692,180000000.0,0.554,1.0,550000000.0,0.424,1035000000.0,45000000.0,7975000000.0,,277000000.0,184000000.0,0.0,184000000.0,4897000000.0,1100000000.0,3797000000.0,9342126677.0,-5000000.0,-34000000.0,24000000.0,-137000000.0,-30000000.0,-150000000.0,-192000000.0,0.0,338000000.0,-1000000.0,140000000.0,140000000.0,140000000.0,0.0,0.0,0.108,331000000.0,219000000.0,378000000.0,0.218,3.992,22.841,22.925,4666000000.0,0.0,28.885,1.822,1.834,860000000.0,2593000000.0,1297000000.0,1297000000.0,20000000.0,,,,,0.0,189000000.0,1.0,323424846.0,325110000.0,328598000.0,3.989,6366000000.0,0.0,40000000.0,74000000.0,19.581,186000000.0
64,PX1,MRQ,2002-09-30,2002-09-30,2002-09-30,2021-10-16,0.0,7258000000.0,,1321000000.0,5937000000.0,,6.79,-119000000.0,44000000.0,44000000.0,749000000.0,131000000.0,1.192,2.224,2875000000.0,248000000.0,2627000000.0,2875000000.0,0.0,120000000.0,0.0,0.018,0.095,232000000.0,352000000.0,0.272,352000000.0,232000000.0,169000000.0,0.4,0.4,0.4,2204000000.0,,2204000000.0,11239838056.0,15.0,9.057,137000000.0,0.422,1.0,543000000.0,0.42,997000000.0,63000000.0,7984000000.0,,288000000.0,0.0,0.0,0.0,4902000000.0,1108000000.0,3794000000.0,8249838056.0,12000000.0,-1000000.0,11000000.0,-138000000.0,-31000000.0,-123000000.0,-120000000.0,0.0,256000000.0,-1000000.0,131000000.0,131000000.0,131000000.0,0.0,0.0,0.101,323000000.0,220000000.0,328000000.0,0.237,3.743,21.317,21.565,4551000000.0,0.0,25.555,1.628,1.636,869000000.0,,1292000000.0,1292000000.0,16000000.0,,,,,0.0,187000000.0,1.0,322826768.0,324590000.0,327826000.0,3.98,6261000000.0,0.0,38000000.0,0.0,19.289,213000000.0
65,PX1,MRQ,2002-06-30,2002-06-30,2002-06-30,2021-10-16,0.0,7626000000.0,,1393000000.0,6233000000.0,,7.157,-114000000.0,32000000.0,32000000.0,755000000.0,150000000.0,1.137,2.199,3022000000.0,305000000.0,2717000000.0,3022000000.0,0.0,120000000.0,0.0,0.016,0.095,240000000.0,360000000.0,0.275,360000000.0,240000000.0,193000000.0,0.46,0.45,0.46,2329000000.0,,2329000000.0,12277453132.0,18.0,10.575,146000000.0,0.449,1.0,552000000.0,0.422,1054000000.0,47000000.0,8337000000.0,,307000000.0,0.0,0.0,0.0,5122000000.0,1225000000.0,3897000000.0,9306453132.0,-6000000.0,-8000000.0,-116000000.0,8000000.0,-31000000.0,-144000000.0,-122000000.0,0.0,260000000.0,0.0,150000000.0,150000000.0,150000000.0,0.0,0.0,0.115,327000000.0,225000000.0,363000000.0,0.207,3.996,29.266,29.066,4726000000.0,0.0,28.485,1.844,1.836,923000000.0,,1307000000.0,1307000000.0,16000000.0,,,,,0.0,191000000.0,1.0,326714170.0,325396000.0,329660000.0,4.017,6572000000.0,0.0,43000000.0,0.0,20.197,168000000.0
66,PX1,MRQ,2002-03-31,2002-03-31,2002-03-31,2021-10-16,0.0,7787000000.0,,1356000000.0,6431000000.0,,7.849,-107000000.0,38000000.0,38000000.0,699000000.0,-12000000.0,1.158,1.968,3009000000.0,298000000.0,2711000000.0,3009000000.0,0.0,121000000.0,0.0,0.015,0.095,76000000.0,197000000.0,0.16,197000000.0,76000000.0,25000000.0,-0.035,-0.035,-0.035,2567000000.0,,2567000000.0,12698168131.0,20.0,11.1,40000000.0,0.122,1.0,533000000.0,0.433,1218000000.0,51000000.0,8369000000.0,,292000000.0,0.0,0.0,0.0,5052000000.0,1171000000.0,3881000000.0,9748168131.0,-1000000.0,-46000000.0,11000000.0,22000000.0,-31000000.0,6000000.0,-153000000.0,0.0,147000000.0,-1000000.0,-12000000.0,-12000000.0,-12000000.0,0.0,0.0,-0.01,322000000.0,211000000.0,364000000.0,-2.714,3.797,33.157,32.857,4800000000.0,0.0,29.9,1.928,1.934,899000000.0,,1232000000.0,1232000000.0,17000000.0,,,,,0.0,184000000.0,1.0,326025690.0,327048000.0,331872000.0,3.767,6569000000.0,0.0,37000000.0,0.0,20.086,185000000.0
67,PX1,MRQ,2001-12-31,2001-12-31,2001-12-31,2021-10-16,-1297000000.0,7715000000.0,,1276000000.0,6439000000.0,,7.646,-178000000.0,39000000.0,39000000.0,715000000.0,118000000.0,1.069,2.05,2989000000.0,264000000.0,2725000000.0,2989000000.0,607000000.0,125000000.0,0.0,0.015,0.17,207000000.0,332000000.0,0.268,332000000.0,207000000.0,153000000.0,0.36,0.355,0.36,2477000000.0,,2477000000.0,12031957859.0,15.0,9.342,178000000.0,0.549,1.0,523000000.0,0.422,1180000000.0,54000000.0,8291000000.0,,287000000.0,198000000.0,0.0,198000000.0,5077000000.0,1194000000.0,3883000000.0,8886957859.0,9000000.0,-11000000.0,53000000.0,-181000000.0,-27000000.0,-159000000.0,-189000000.0,0.0,356000000.0,1000000.0,118000000.0,118000000.0,118000000.0,0.0,0.0,0.095,318000000.0,205000000.0,413000000.0,0.472,3.588,20.667,20.771,4817000000.0,0.0,27.625,1.723,1.73,857000000.0,2307000000.0,1238000000.0,1238000000.0,18000000.0,,,,,0.0,175000000.0,1.0,321699832.0,323980000.0,328652000.0,3.821,6535000000.0,0.0,35000000.0,80000000.0,20.171,82000000.0
68,PX1,MRQ,2001-09-30,2001-09-30,2001-09-30,2021-10-16,0.0,7696000000.0,,1365000000.0,6331000000.0,,7.114,-133000000.0,30000000.0,30000000.0,752000000.0,62000000.0,1.161,2.272,3175000000.0,263000000.0,2912000000.0,3175000000.0,0.0,127000000.0,0.0,0.016,0.085,145000000.0,272000000.0,0.214,272000000.0,145000000.0,86000000.0,0.195,0.19,0.195,2301000000.0,,2301000000.0,9924126524.0,16.0,8.798,94000000.0,0.291,1.0,519000000.0,0.408,0.0,59000000.0,9665000000.0,,308000000.0,0.0,0.0,0.0,5228000000.0,1176000000.0,4052000000.0,6784126524.0,-16000000.0,13000000.0,-32000000.0,-64000000.0,-28000000.0,-122000000.0,-120000000.0,0.0,227000000.0,-1000000.0,62000000.0,62000000.0,62000000.0,0.0,0.0,0.049,323000000.0,196000000.0,393000000.0,0.436,2.948,21.401,21.32,4726000000.0,0.0,21.0,1.306,1.308,918000000.0,,1271000000.0,1271000000.0,16000000.0,,,,,0.0,180000000.0,1.0,323053644.0,323468000.0,326540000.0,3.929,7696000000.0,0.0,24000000.0,0.0,23.792,189000000.0
69,PX1,MRQ,2001-06-30,2001-06-30,2001-06-30,2021-10-16,0.0,7840000000.0,,1442000000.0,6398000000.0,,7.472,-139000000.0,46000000.0,46000000.0,784000000.0,126000000.0,1.224,2.182,3186000000.0,270000000.0,2916000000.0,3186000000.0,0.0,125000000.0,0.0,0.014,0.085,218000000.0,343000000.0,0.261,343000000.0,218000000.0,163000000.0,0.39,0.385,0.39,2414000000.0,,2414000000.0,10727958016.0,15.0,9.015,112000000.0,0.347,1.0,530000000.0,0.403,0.0,55000000.0,9802000000.0,,319000000.0,0.0,0.0,0.0,5267000000.0,1178000000.0,4089000000.0,7548958016.0,3000000.0,-65000000.0,18000000.0,-29000000.0,-28000000.0,-43000000.0,-204000000.0,0.0,251000000.0,-1000000.0,126000000.0,126000000.0,126000000.0,0.0,0.0,0.096,317000000.0,213000000.0,405000000.0,0.218,3.127,20.024,20.085,4692000000.0,0.0,23.5,1.453,1.461,932000000.0,,1314000000.0,1314000000.0,16000000.0,,,,,0.0,176000000.0,1.0,321232256.0,323086000.0,327542000.0,4.067,7840000000.0,0.0,37000000.0,0.0,24.266,264000000.0
70,PX1,MRQ,2001-03-31,2001-03-31,2001-03-31,2021-10-16,0.0,7828000000.0,,1455000000.0,6373000000.0,,7.287,-145000000.0,43000000.0,43000000.0,809000000.0,124000000.0,1.015,2.273,3222000000.0,508000000.0,2714000000.0,3222000000.0,0.0,122000000.0,0.0,0.014,0.085,219000000.0,341000000.0,0.255,341000000.0,219000000.0,163000000.0,0.385,0.38,0.385,2343000000.0,,2343000000.0,10256829515.0,15.0,8.685,41000000.0,0.128,1.0,526000000.0,0.394,0.0,56000000.0,9574000000.0,,316000000.0,0.0,0.0,0.0,5326000000.0,1433000000.0,3893000000.0,7146829515.0,12000000.0,-105000000.0,27000000.0,85000000.0,-27000000.0,77000000.0,-250000000.0,0.0,186000000.0,-1000000.0,124000000.0,124000000.0,124000000.0,0.0,0.0,0.093,306000000.0,220000000.0,413000000.0,0.221,3.05,19.16,19.163,4688000000.0,0.0,22.325,1.388,1.394,933000000.0,,1335000000.0,1335000000.0,16000000.0,,,,,0.0,168000000.0,1.0,320126742.0,321546000.0,325322000.0,4.152,7828000000.0,0.0,39000000.0,0.0,24.345,22000000.0
71,PX1,MRQ,2000-12-31,2000-12-31,2000-12-31,2021-10-16,-1011000000.0,7762000000.0,,1361000000.0,6401000000.0,,7.383,-187000000.0,31000000.0,31000000.0,816000000.0,5000000.0,0.946,2.226,3141000000.0,500000000.0,2641000000.0,3141000000.0,619000000.0,118000000.0,0.0,0.014,0.077,54000000.0,172000000.0,0.135,172000000.0,54000000.0,-3000000.0,0.015,0.015,0.015,2357000000.0,,2357000000.0,10250810726.0,15.0,8.829,115000000.0,0.36,1.0,457000000.0,0.359,0.0,57000000.0,9433000000.0,,297000000.0,242000000.0,0.0,242000000.0,5247000000.0,1439000000.0,3808000000.0,7038810726.0,0.0,6000000.0,26000000.0,-125000000.0,-25000000.0,-121000000.0,-181000000.0,0.0,302000000.0,0.0,5000000.0,5000000.0,5000000.0,0.0,0.0,0.004,327000000.0,130000000.0,409000000.0,5.133,2.986,19.391,19.465,4771000000.0,0.0,22.19,1.396,1.4,876000000.0,1987000000.0,1273000000.0,1273000000.0,16000000.0,,,,,0.0,193000000.0,1.0,317206432.0,319266000.0,322520000.0,3.987,7762000000.0,0.0,-8000000.0,71000000.0,24.312,-78000000.0
72,PX1,MRQ,2000-09-30,2000-09-30,2000-09-30,2021-10-16,0.0,7810000000.0,,1375000000.0,6435000000.0,,7.561,-168000000.0,31000000.0,31000000.0,776000000.0,122000000.0,1.012,2.182,3243000000.0,514000000.0,2729000000.0,3243000000.0,0.0,117000000.0,0.0,0.016,0.077,217000000.0,334000000.0,0.262,334000000.0,217000000.0,159000000.0,0.38,0.375,0.38,2403000000.0,,2403000000.0,9284284295.0,11.0,7.125,102000000.0,0.321,1.0,499000000.0,0.391,0.0,58000000.0,9663000000.0,,313000000.0,0.0,0.0,0.0,5244000000.0,1359000000.0,3885000000.0,5908284295.0,6000000.0,61000000.0,18000000.0,-152000000.0,-24000000.0,-156000000.0,-107000000.0,0.0,270000000.0,-1000000.0,122000000.0,122000000.0,122000000.0,0.0,0.0,0.096,295000000.0,204000000.0,380000000.0,0.203,2.459,12.518,12.586,4750000000.0,0.0,18.69,1.188,1.194,905000000.0,,1275000000.0,1275000000.0,17000000.0,,,,,0.0,161000000.0,1.0,316120080.0,317822000.0,321808000.0,4.012,7810000000.0,0.0,37000000.0,0.0,24.574,16000000.0
73,PX1,MRQ,2000-06-30,2000-06-30,2000-06-30,2021-10-16,0.0,7872000000.0,,1369000000.0,6503000000.0,,7.409,-190000000.0,25000000.0,25000000.0,761000000.0,122000000.0,1.044,2.273,3401000000.0,518000000.0,2883000000.0,3401000000.0,0.0,118000000.0,0.0,0.016,0.077,216000000.0,334000000.0,0.264,334000000.0,216000000.0,159000000.0,0.385,0.38,0.385,2349000000.0,,2349000000.0,8953520944.0,11.0,7.0,-12000000.0,-0.038,1.0,504000000.0,0.398,0.0,57000000.0,9937000000.0,,309000000.0,0.0,0.0,0.0,5339000000.0,1311000000.0,4028000000.0,5902520944.0,0.0,-248000000.0,16000000.0,327000000.0,-25000000.0,260000000.0,-438000000.0,0.0,178000000.0,0.0,122000000.0,122000000.0,122000000.0,0.0,0.0,0.096,296000000.0,208000000.0,332000000.0,0.2,2.513,12.776,12.866,4796000000.0,0.0,18.72,1.213,1.219,917000000.0,,1265000000.0,1265000000.0,16000000.0,,,,,0.0,162000000.0,1.0,315305606.0,317030000.0,321258000.0,3.99,7872000000.0,0.0,37000000.0,0.0,24.83,58000000.0
74,PX1,MRQ,2000-03-31,2000-03-31,2000-03-31,2021-10-16,0.0,7799000000.0,,1335000000.0,6464000000.0,,7.263,-159000000.0,25000000.0,25000000.0,722000000.0,114000000.0,0.75,2.175,3076000000.0,969000000.0,2107000000.0,3076000000.0,0.0,118000000.0,0.0,0.014,0.077,203000000.0,321000000.0,0.261,321000000.0,203000000.0,151000000.0,0.36,0.355,0.36,2316000000.0,,2316000000.0,9577887518.0,12.0,7.662,-10000000.0,-0.031,1.0,508000000.0,0.413,0.0,52000000.0,9069000000.0,,316000000.0,0.0,0.0,0.0,5037000000.0,1781000000.0,3256000000.0,6658887518.0,-51000000.0,-3000000.0,-80000000.0,77000000.0,-24000000.0,-38000000.0,-162000000.0,0.0,149000000.0,0.0,114000000.0,114000000.0,114000000.0,0.0,0.0,0.093,301000000.0,207000000.0,353000000.0,0.214,2.875,14.897,14.815,4780000000.0,0.0,20.815,1.402,1.397,891000000.0,,1230000000.0,1230000000.0,16000000.0,,,,,0.0,167000000.0,1.0,319908120.0,318866000.0,323150000.0,3.857,7799000000.0,0.0,37000000.0,0.0,24.459,-446000000.0
75,PX1,MRQ,1999-12-31,1999-12-31,1999-12-31,2021-10-16,-828000000.0,7722000000.0,,1335000000.0,6387000000.0,,7.16,-189000000.0,76000000.0,76000000.0,716000000.0,114000000.0,0.774,2.183,2995000000.0,884000000.0,2111000000.0,2995000000.0,600000000.0,110000000.0,0.0,0.011,0.07,204000000.0,314000000.0,0.261,314000000.0,204000000.0,154000000.0,0.36,0.35,0.36,2290000000.0,,2290000000.0,10915766853.0,14.0,8.86,152000000.0,0.475,1.0,487000000.0,0.405,0.0,50000000.0,8916000000.0,,310000000.0,234000000.0,0.0,234000000.0,4998000000.0,1725000000.0,3273000000.0,7996766853.0,41000000.0,-116000000.0,-15000000.0,29000000.0,-22000000.0,2000000.0,-305000000.0,0.0,341000000.0,3000000.0,114000000.0,114000000.0,114000000.0,0.0,0.0,0.095,289000000.0,198000000.0,361000000.0,0.194,3.492,18.554,18.565,4720000000.0,0.0,25.155,1.724,1.727,848000000.0,1722000000.0,1203000000.0,1203000000.0,18000000.0,,,,,0.0,161000000.0,1.0,317899696.0,319832000.0,325176000.0,3.761,7722000000.0,0.0,40000000.0,75000000.0,24.144,-390000000.0
76,PX1,MRQ,1999-09-30,1999-09-30,1999-09-30,2021-10-16,0.0,7408000000.0,,1283000000.0,6125000000.0,,6.747,-159000000.0,35000000.0,35000000.0,691000000.0,112000000.0,1.282,2.246,2954000000.0,209000000.0,2745000000.0,2954000000.0,0.0,111000000.0,0.0,0.012,0.07,199000000.0,310000000.0,0.265,310000000.0,199000000.0,152000000.0,0.35,0.345,0.35,2155000000.0,,2155000000.0,10253852830.0,13.0,8.453,50000000.0,0.157,1.0,478000000.0,0.409,0.0,47000000.0,9326000000.0,,286000000.0,0.0,0.0,0.0,4841000000.0,1001000000.0,3840000000.0,7331852830.0,-10000000.0,2000000.0,-27000000.0,-4000000.0,-23000000.0,-61000000.0,-157000000.0,0.0,209000000.0,-1000000.0,112000000.0,112000000.0,112000000.0,0.0,0.0,0.096,282000000.0,196000000.0,305000000.0,0.2,3.402,17.292,17.293,4563000000.0,0.0,23.0,1.583,1.586,865000000.0,,1169000000.0,1169000000.0,16000000.0,,,,,0.0,155000000.0,1.0,318776210.0,319408000.0,325128000.0,3.66,7408000000.0,0.0,40000000.0,0.0,23.193,282000000.0
77,PX1,MRQ,1999-06-30,1999-06-30,1999-06-30,2021-10-16,0.0,7437000000.0,,1308000000.0,6129000000.0,,6.786,-164000000.0,45000000.0,45000000.0,673000000.0,107000000.0,1.233,2.244,2967000000.0,258000000.0,2709000000.0,2967000000.0,0.0,111000000.0,0.0,0.011,0.07,194000000.0,305000000.0,0.265,305000000.0,194000000.0,144000000.0,0.335,0.33,0.335,2163000000.0,,2163000000.0,10780442623.0,14.0,8.743,89000000.0,0.279,1.0,476000000.0,0.414,0.0,50000000.0,9298000000.0,,288000000.0,0.0,0.0,0.0,4854000000.0,1061000000.0,3793000000.0,7716442623.0,17000000.0,5000000.0,63000000.0,-124000000.0,-22000000.0,-76000000.0,-159000000.0,0.0,253000000.0,-1000000.0,107000000.0,107000000.0,107000000.0,0.0,0.0,0.093,298000000.0,178000000.0,315000000.0,0.209,3.567,18.372,18.538,4552000000.0,0.0,24.47,1.654,1.672,869000000.0,,1149000000.0,1149000000.0,17000000.0,,,,,0.0,170000000.0,1.0,315342976.0,318726000.0,325282000.0,3.605,7437000000.0,0.0,37000000.0,0.0,23.334,247000000.0
78,PX1,MRQ,1999-03-31,1999-03-31,1999-03-31,2021-10-16,0.0,7451000000.0,,1342000000.0,6109000000.0,,6.488,-141000000.0,28000000.0,28000000.0,652000000.0,98000000.0,1.172,2.423,3092000000.0,328000000.0,2764000000.0,3092000000.0,0.0,113000000.0,0.0,0.014,0.07,190000000.0,303000000.0,0.271,303000000.0,190000000.0,133000000.0,0.31,0.305,0.31,2052000000.0,,2052000000.0,8917826290.0,11.0,7.066,25000000.0,0.079,1.0,466000000.0,0.417,0.0,57000000.0,9370000000.0,,289000000.0,0.0,0.0,0.0,4973000000.0,1145000000.0,3828000000.0,5677826290.0,-6000000.0,76000000.0,-5000000.0,-148000000.0,-22000000.0,-107000000.0,-65000000.0,0.0,166000000.0,0.0,98000000.0,98000000.0,98000000.0,0.0,0.0,0.088,284000000.0,182000000.0,337000000.0,0.226,2.767,13.487,13.608,4535000000.0,0.0,18.03,1.195,1.201,918000000.0,,1118000000.0,1118000000.0,16000000.0,,,,,0.0,155000000.0,1.0,314909944.0,316276000.0,323638000.0,3.535,7451000000.0,0.0,35000000.0,0.0,23.559,197000000.0
79,PX1,MRQ,1998-12-31,1998-12-31,1998-12-31,2021-10-16,-412000000.0,8096000000.0,,1394000000.0,6702000000.0,,7.366,-242000000.0,34000000.0,34000000.0,702000000.0,107000000.0,1.081,2.231,3274000000.0,379000000.0,2895000000.0,3274000000.0,465000000.0,115000000.0,0.0,0.014,0.062,180000000.0,295000000.0,0.246,295000000.0,180000000.0,116000000.0,0.335,0.33,0.335,2332000000.0,,2332000000.0,8872955470.0,11.0,6.937,99000000.0,0.313,1.0,495000000.0,0.414,0.0,64000000.0,10047000000.0,,319000000.0,251000000.0,0.0,251000000.0,5202000000.0,1289000000.0,3913000000.0,5560955470.0,-6000000.0,12000000.0,-11000000.0,-73000000.0,-20000000.0,-115000000.0,-230000000.0,0.0,341000000.0,-2000000.0,107000000.0,107000000.0,107000000.0,0.0,0.0,0.089,291000000.0,204000000.0,378000000.0,0.185,2.385,13.085,13.153,4875000000.0,0.0,17.625,1.151,1.156,919000000.0,1380000000.0,1197000000.0,1197000000.0,17000000.0,,,,,0.0,159000000.0,1.0,315515204.0,316594000.0,325548000.0,3.781,8096000000.0,0.0,9000000.0,63000000.0,25.572,105000000.0
80,PX1,MRQ,1998-09-30,1998-09-30,1998-09-30,2021-10-16,0.0,8037000000.0,,1440000000.0,6597000000.0,,7.109,-176000000.0,40000000.0,40000000.0,697000000.0,108000000.0,1.251,2.309,3352000000.0,369000000.0,2983000000.0,3352000000.0,0.0,118000000.0,0.0,0.015,0.062,212000000.0,330000000.0,0.275,330000000.0,212000000.0,148000000.0,0.34,0.33,0.34,2259000000.0,,2259000000.0,8652539837.0,11.0,6.77,57000000.0,0.179,1.0,504000000.0,0.42,0.0,64000000.0,10198000000.0,,315000000.0,0.0,0.0,0.0,5217000000.0,1151000000.0,4066000000.0,5170539837.0,9000000.0,162000000.0,-16000000.0,-156000000.0,-19000000.0,-210000000.0,-14000000.0,0.0,233000000.0,0.0,108000000.0,108000000.0,108000000.0,0.0,0.0,0.09,289000000.0,215000000.0,328000000.0,0.182,2.289,12.704,12.72,4749000000.0,0.0,16.345,1.067,1.072,940000000.0,,1201000000.0,1201000000.0,18000000.0,,,,,0.0,153000000.0,1.0,316337708.0,317786000.0,326834000.0,3.779,8037000000.0,0.0,40000000.0,0.0,25.291,289000000.0
81,PX1,MRQ,1998-06-30,1998-06-30,1998-06-30,2021-10-16,0.0,8079000000.0,,1499000000.0,6580000000.0,,6.932,-192000000.0,31000000.0,31000000.0,711000000.0,108000000.0,1.205,2.421,3513000000.0,362000000.0,3151000000.0,3513000000.0,0.0,119000000.0,0.0,0.01,0.062,215000000.0,334000000.0,0.271,334000000.0,215000000.0,148000000.0,0.34,0.33,0.34,2199000000.0,,2199000000.0,10799935512.0,13.0,8.578,38000000.0,0.12,1.0,523000000.0,0.424,0.0,67000000.0,10317000000.0,,319000000.0,0.0,0.0,0.0,5323000000.0,1244000000.0,4079000000.0,7386935512.0,-5000000.0,-61000000.0,14000000.0,48000000.0,-20000000.0,19000000.0,-253000000.0,0.0,230000000.0,-1000000.0,108000000.0,108000000.0,108000000.0,0.0,0.0,0.088,302000000.0,221000000.0,376000000.0,0.182,3.359,18.194,18.214,4755000000.0,0.0,23.405,1.528,1.536,985000000.0,,1234000000.0,1234000000.0,18000000.0,,,,,0.0,165000000.0,1.0,315613566.0,317246000.0,328114000.0,3.89,8079000000.0,0.0,40000000.0,0.0,25.466,255000000.0
82,PX1,MRQ,1998-03-31,1998-03-31,1998-03-31,2021-10-16,0.0,7993000000.0,,1519000000.0,6474000000.0,,6.78,-171000000.0,36000000.0,36000000.0,697000000.0,102000000.0,1.131,2.469,3449000000.0,436000000.0,3013000000.0,3449000000.0,0.0,115000000.0,0.0,0.009,0.062,205000000.0,320000000.0,0.266,320000000.0,205000000.0,140000000.0,0.325,0.31,0.325,2143000000.0,,2143000000.0,11360672911.0,14.0,9.206,-31000000.0,-0.098,1.0,504000000.0,0.42,0.0,65000000.0,10063000000.0,,321000000.0,0.0,0.0,0.0,5292000000.0,1343000000.0,3949000000.0,8098672911.0,-7000000.0,-148000000.0,25000000.0,145000000.0,-20000000.0,172000000.0,-319000000.0,0.0,140000000.0,0.0,102000000.0,102000000.0,102000000.0,0.0,0.0,0.085,301000000.0,203000000.0,376000000.0,0.191,3.779,19.997,20.016,4686000000.0,0.0,25.72,1.695,1.701,993000000.0,,1201000000.0,1201000000.0,19000000.0,,,,,0.0,167000000.0,1.0,314878418.0,316060000.0,326472000.0,3.8,7993000000.0,0.0,38000000.0,0.0,25.29,176000000.0
83,PX1,MRQ,1997-12-31,1997-12-31,1997-12-31,2021-10-16,-256000000.0,7810000000.0,,1497000000.0,6313000000.0,,6.723,-267000000.0,43000000.0,43000000.0,719000000.0,89000000.0,1.096,2.4,3305000000.0,431000000.0,2874000000.0,3305000000.0,324000000.0,113000000.0,0.0,0.01,0.055,181000000.0,294000000.0,0.243,294000000.0,181000000.0,122000000.0,0.28,0.27,0.28,2122000000.0,,2122000000.0,10336581785.0,13.0,8.5,27000000.0,0.086,1.0,490000000.0,0.405,0.0,59000000.0,9706000000.0,,329000000.0,210000000.0,0.0,210000000.0,5092000000.0,1366000000.0,3726000000.0,7094581785.0,-10000000.0,-28000000.0,-3000000.0,18000000.0,-17000000.0,-9000000.0,-295000000.0,0.0,294000000.0,0.0,89000000.0,89000000.0,89000000.0,0.0,0.0,0.074,302000000.0,188000000.0,383000000.0,0.196,3.343,17.517,17.578,4607000000.0,0.0,22.5,1.498,1.502,971000000.0,1034000000.0,1209000000.0,1209000000.0,21000000.0,,,,,0.0,168000000.0,1.0,315314746.0,315614000.0,325736000.0,3.831,7810000000.0,0.0,33000000.0,51000000.0,24.745,131000000.0
84,PX1,MRQ,1997-09-30,1997-09-30,1997-09-30,2021-10-16,0.0,7740000000.0,,1521000000.0,6219000000.0,,6.618,-218000000.0,53000000.0,53000000.0,699000000.0,107000000.0,0.705,2.418,3295000000.0,1271000000.0,2024000000.0,3295000000.0,0.0,111000000.0,0.0,0.008,0.055,200000000.0,311000000.0,0.261,311000000.0,200000000.0,146000000.0,0.34,0.325,0.34,2094000000.0,,2094000000.0,11186103059.0,14.0,9.237,-30000000.0,-0.095,1.0,491000000.0,0.413,0.0,54000000.0,8825000000.0,,306000000.0,0.0,0.0,0.0,5063000000.0,2157000000.0,2906000000.0,8098103059.0,5000000.0,16000000.0,-33000000.0,162000000.0,-17000000.0,19000000.0,-202000000.0,0.0,188000000.0,0.0,107000000.0,107000000.0,107000000.0,0.0,0.0,0.09,292000000.0,199000000.0,358000000.0,0.162,3.867,19.656,19.123,4531000000.0,0.0,25.625,1.731,1.733,988000000.0,,1190000000.0,1190000000.0,19000000.0,,,,,0.0,162000000.0,1.0,316023534.0,316392000.0,328768000.0,3.761,7740000000.0,0.0,39000000.0,0.0,24.463,-636000000.0
85,PX1,MRQ,1997-06-30,1997-06-30,1997-06-30,2021-10-16,0.0,7539000000.0,,1472000000.0,6067000000.0,,6.492,-217000000.0,48000000.0,48000000.0,681000000.0,107000000.0,0.666,2.341,3136000000.0,1381000000.0,1755000000.0,3136000000.0,0.0,110000000.0,0.0,0.007,0.055,199000000.0,309000000.0,0.262,309000000.0,199000000.0,147000000.0,0.34,0.325,0.34,2055000000.0,,2055000000.0,12135737384.0,16.0,10.302,-7000000.0,-0.022,1.0,497000000.0,0.422,0.0,52000000.0,8417000000.0,,308000000.0,0.0,0.0,0.0,4811000000.0,2210000000.0,2601000000.0,8830737384.0,-22000000.0,220000000.0,8000000.0,-239000000.0,-17000000.0,-235000000.0,3000000.0,0.0,210000000.0,0.0,107000000.0,107000000.0,107000000.0,0.0,0.0,0.091,295000000.0,202000000.0,327000000.0,0.162,4.297,22.47,22.047,4418000000.0,0.0,28.0,1.919,1.926,913000000.0,,1178000000.0,1178000000.0,20000000.0,,,,,0.0,165000000.0,1.0,315383478.0,316552000.0,329084000.0,3.721,7539000000.0,0.0,40000000.0,0.0,23.816,-738000000.0
86,PX1,MRQ,1997-03-31,1997-03-31,1997-03-31,2021-10-16,0.0,7638000000.0,,1689000000.0,5949000000.0,,6.198,-200000000.0,70000000.0,70000000.0,665000000.0,102000000.0,0.667,2.561,3375000000.0,1690000000.0,1685000000.0,3375000000.0,0.0,110000000.0,0.0,0.009,0.055,192000000.0,302000000.0,0.261,302000000.0,192000000.0,141000000.0,0.325,0.31,0.325,1960000000.0,,1960000000.0,10276457064.0,14.0,9.022,-140000000.0,-0.443,1.0,493000000.0,0.426,0.0,51000000.0,8410000000.0,,301000000.0,0.0,0.0,0.0,5020000000.0,2533000000.0,2487000000.0,7074457064.0,7000000.0,-9000000.0,1000000.0,118000000.0,-18000000.0,157000000.0,-209000000.0,0.0,60000000.0,-1000000.0,102000000.0,102000000.0,102000000.0,0.0,0.0,0.088,296000000.0,197000000.0,335000000.0,0.169,3.609,19.276,19.017,4317000000.0,0.0,22.44,1.566,1.571,912000000.0,,1158000000.0,1158000000.0,19000000.0,,,,,0.0,167000000.0,1.0,315261010.0,316256000.0,328664000.0,3.662,7638000000.0,0.0,39000000.0,0.0,24.151,-844000000.0
87,PX1,MRQ,1996-12-31,1996-12-31,1996-12-31,2021-10-16,-126000000.0,7538000000.0,,1666000000.0,5872000000.0,,6.302,-241000000.0,63000000.0,63000000.0,667000000.0,96000000.0,0.653,2.623,3265000000.0,1562000000.0,1703000000.0,3265000000.0,258000000.0,107000000.0,0.0,0.008,0.048,182000000.0,289000000.0,0.251,289000000.0,182000000.0,133000000.0,0.335,,0.335,1924000000.0,,1924000000.0,,,,-26000000.0,-0.085,1.0,484000000.0,0.421,0.0,49000000.0,8190000000.0,,312000000.0,195000000.0,0.0,195000000.0,5046000000.0,2550000000.0,2496000000.0,7269918891.0,-19000000.0,-1468000000.0,43000000.0,-145000000.0,-15000000.0,-119000000.0,-115000000.0,1594000000.0,215000000.0,0.0,96000000.0,96000000.0,96000000.0,0.0,0.0,0.083,296000000.0,188000000.0,408000000.0,0.143,3.779,25.78,24.93,4269000000.0,0.0,23.06,1.634,1.582,914000000.0,698000000.0,1151000000.0,1151000000.0,19000000.0,,,,,0.0,170000000.0,1.0,315261010.0,305308000.0,,3.77,7538000000.0,0.0,37000000.0,69000000.0,24.69,-884000000.0
88,PX1,MRQ,1996-09-30,1996-09-30,1996-09-30,2021-10-16,,,,,,,,-215000000.0,,,637000000.0,88000000.0,,,,,,,,107000000.0,,0.009,0.048,171000000.0,278000000.0,0.249,278000000.0,171000000.0,124000000.0,0.27,,0.27,,,,,,,-53000000.0,,1.0,478000000.0,0.429,,47000000.0,,,,,,,,,,,26000000.0,16000000.0,27000000.0,116000000.0,-14000000.0,116000000.0,-251000000.0,-52000000.0,162000000.0,-1000000.0,88000000.0,88000000.0,88000000.0,0.0,0.0,0.079,295000000.0,183000000.0,,0.178,,,,,0.0,21.5,,,,,1115000000.0,1115000000.0,18000000.0,,,,,0.0,170000000.0,1.0,,,,,,,36000000.0,,,
89,PX1,MRQ,1996-06-30,1996-06-30,1996-06-30,2021-10-16,,,,,,,,-214000000.0,,,631000000.0,81000000.0,,,,,,,,105000000.0,,0.009,0.048,165000000.0,270000000.0,0.247,270000000.0,165000000.0,116000000.0,0.25,,0.25,,,,,,,-91000000.0,,1.0,462000000.0,0.423,,49000000.0,,,,,,,,,,,8000000.0,6000000.0,29000000.0,43000000.0,-16000000.0,130000000.0,-245000000.0,-37000000.0,123000000.0,0.0,81000000.0,81000000.0,81000000.0,0.0,0.0,0.074,291000000.0,171000000.0,,0.192,,,,,0.0,20.312,,,,,1093000000.0,1093000000.0,18000000.0,,,,,0.0,168000000.0,1.0,,,,,,,35000000.0,,,
90,PX1,MRQ,1996-03-31,1996-03-31,1996-03-31,2021-10-16,,,,,,,,-223000000.0,,,629000000.0,17000000.0,,,,,,,,101000000.0,,0.009,0.048,69000000.0,170000000.0,0.156,170000000.0,69000000.0,19000000.0,0.055,,0.055,,,,,,,-117000000.0,,1.0,461000000.0,0.423,,50000000.0,,,,,,,,,,,33000000.0,5000000.0,505000000.0,1213000000.0,-13000000.0,1650000000.0,-1723000000.0,-1505000000.0,106000000.0,0.0,17000000.0,17000000.0,17000000.0,0.0,0.0,0.016,383000000.0,78000000.0,,0.873,,,,,0.0,19.75,,,,,1090000000.0,1090000000.0,17000000.0,,,,,0.0,180000000.0,1.0,,,,,,,2000000.0,,,
91,PX1,MRQ,1995-12-31,1995-12-31,1995-12-31,2021-10-16,-105000000.0,4134000000.0,,930000000.0,3204000000.0,,,,15000000.0,15000000.0,,,0.904,2.324,1318000000.0,385000000.0,933000000.0,1318000000.0,262000000.0,,0.0,0.01,0.04,,,,,,,,,,1121000000.0,,1121000000.0,,,,,,1.0,,,0.0,,4408000000.0,,228000000.0,152000000.0,0.0,152000000.0,2605000000.0,1029000000.0,1576000000.0,,,,,,,,,,,,,,,,,,,,272000000.0,,,,17.794,2737000000.0,,16.815,,,617000000.0,474000000.0,,,,,,,,,,1.0,,,,,4134000000.0,0.0,,64000000.0,,-99000000.0
0,PX1,MRT,2018-09-30,2018-09-30,2018-09-30,2021-10-16,-4656000000.0,19979000000.0,20210750000.0,3305000000.0,16674000000.0,0.596,21.632,-1395000000.0,600000000.0,600000000.0,6774000000.0,1500000000.0,0.856,2.123,8312000000.0,1697000000.0,6615000000.0,8312000000.0,0.0,1235000000.0,0.0,0.02,3.263,2627000000.0,3862000000.0,0.321,3862000000.0,2627000000.0,2456000000.0,5.0,4.93,5.0,6232000000.0,6161250000.0,6232000000.0,54201055762.0,21.0,14.034,1790000000.0,6.213,1.0,5263000000.0,0.437,3714000000.0,171000000.0,20117000000.0,21047000000.0,622000000.0,0.0,0.0,0.0,13229000000.0,3860000000.0,9369000000.0,46222055762.0,-7000000.0,64000000.0,97000000.0,-894000000.0,-938000000.0,-1775000000.0,-1331000000.0,0.0,3185000000.0,-86000000.0,1436000000.0,1436000000.0,1436000000.0,0.0,64000000.0,0.119,2648000000.0,2615000000.0,978000000.0,0.653,7.417,32.188,32.146,11725000000.0,0.0,160.73,3.84,3.847,1852000000.0,13913000000.0,12037000000.0,12037000000.0,95000000.0,0.071,0.233,0.125,0.218,55000000.0,1227000000.0,1.0,287575784.0,288093000.0,291513000.0,41.782,16265000000.0,0.0,1020000000.0,0.0,56.457,-555000000.0
1,PX1,MRT,2018-06-30,2018-06-30,2018-06-30,2021-10-16,-4596000000.0,19836000000.0,20309750000.0,3164000000.0,16672000000.0,0.588,20.941,-1335000000.0,479000000.0,479000000.0,6712000000.0,1455000000.0,0.965,2.206,8458000000.0,1229000000.0,7229000000.0,8458000000.0,0.0,1227000000.0,0.0,0.02,3.226,2592000000.0,3819000000.0,0.32,3819000000.0,2592000000.0,2420000000.0,4.86,4.8,4.86,6027000000.0,6167250000.0,6027000000.0,53744483736.0,21.0,14.073,1773000000.0,6.16,1.0,5223000000.0,0.438,3725000000.0,172000000.0,20811000000.0,21589250000.0,606000000.0,0.0,0.0,0.0,13294000000.0,3279000000.0,10015000000.0,45447483736.0,-56000000.0,51000000.0,92000000.0,-958000000.0,-925000000.0,-1821000000.0,-1284000000.0,0.0,3108000000.0,-59000000.0,1394000000.0,1394000000.0,1394000000.0,0.0,61000000.0,0.117,2629000000.0,2594000000.0,967000000.0,0.664,7.541,32.602,32.541,11701000000.0,0.0,158.15,3.808,3.814,1877000000.0,13690000000.0,11935000000.0,11935000000.0,95000000.0,0.069,0.226,0.12,0.217,52000000.0,1233000000.0,1.0,287369483.0,287803000.0,290908000.0,41.469,16111000000.0,0.0,1026000000.0,0.0,55.979,-115000000.0
2,PX1,MRT,2018-03-31,2018-03-31,2018-03-31,2021-10-16,-3980000000.0,20592000000.0,20342000000.0,3329000000.0,17263000000.0,0.576,22.149,-1309000000.0,545000000.0,545000000.0,6588000000.0,1376000000.0,0.942,2.151,8842000000.0,1506000000.0,7336000000.0,8842000000.0,0.0,1208000000.0,0.0,0.022,3.189,2511000000.0,3719000000.0,0.318,3719000000.0,2511000000.0,2345000000.0,4.61,4.56,4.61,6368000000.0,6112250000.0,6368000000.0,49816810803.0,20.0,13.395,1710000000.0,5.948,1.0,5120000000.0,0.437,3821000000.0,166000000.0,21534000000.0,21887500000.0,619000000.0,0.0,0.0,0.0,13695000000.0,3534000000.0,10161000000.0,41433810803.0,26000000.0,1000000.0,122000000.0,-813000000.0,-913000000.0,-1689000000.0,-1308000000.0,0.0,3019000000.0,4000000.0,1320000000.0,1320000000.0,1320000000.0,0.0,56000000.0,0.113,2598000000.0,2522000000.0,988000000.0,0.692,6.507,31.389,31.302,12113000000.0,0.0,144.3,3.539,3.543,1900000000.0,13447000000.0,11708000000.0,11708000000.0,94000000.0,0.065,0.216,0.115,0.214,51000000.0,1231000000.0,1.0,287136596.0,287504000.0,290809000.0,40.723,16771000000.0,0.0,1025000000.0,0.0,58.333,-205000000.0
3,PX1,MRT,2017-12-31,2017-12-31,2017-12-31,2021-10-16,-4098000000.0,20436000000.0,20110250000.0,3285000000.0,17151000000.0,0.569,21.023,-1311000000.0,617000000.0,617000000.0,6455000000.0,1308000000.0,0.993,2.312,9000000000.0,1217000000.0,7783000000.0,9000000000.0,0.0,1184000000.0,0.0,0.02,3.152,2434000000.0,3618000000.0,0.316,3618000000.0,2434000000.0,2273000000.0,4.36,4.32,4.36,6018000000.0,5902500000.0,6018000000.0,52915710146.0,22.0,14.626,1730000000.0,6.043,1.0,4982000000.0,0.436,3786000000.0,161000000.0,21726000000.0,22141500000.0,614000000.0,0.0,0.0,0.0,13914000000.0,3307000000.0,10607000000.0,44285710146.0,93000000.0,-3000000.0,108000000.0,-771000000.0,-901000000.0,-1656000000.0,-1314000000.0,0.0,3041000000.0,22000000.0,1247000000.0,1247000000.0,1247000000.0,0.0,61000000.0,0.109,2538000000.0,2444000000.0,972000000.0,0.723,7.359,35.514,35.477,12057000000.0,0.0,154.68,3.872,3.872,1804000000.0,13224000000.0,11437000000.0,11437000000.0,93000000.0,0.062,0.211,0.11,0.213,59000000.0,1207000000.0,1.0,286305341.0,286261000.0,289114000.0,39.953,16650000000.0,0.0,1026000000.0,0.0,58.164,-22000000.0
4,PX1,MRT,2017-09-30,2017-09-30,2017-09-30,2021-10-16,-4025000000.0,20375000000.0,19834250000.0,3243000000.0,17132000000.0,0.561,21.838,-1381000000.0,607000000.0,607000000.0,6278000000.0,1678000000.0,1.11,2.179,9237000000.0,994000000.0,8243000000.0,9237000000.0,0.0,1162000000.0,0.0,0.022,3.114,2398000000.0,3560000000.0,0.32,3560000000.0,2398000000.0,2240000000.0,5.65,5.61,5.65,6256000000.0,5653250000.0,6256000000.0,48801037079.0,20.0,13.708,1550000000.0,5.411,1.0,4850000000.0,0.436,3797000000.0,158000000.0,22286000000.0,22246250000.0,587000000.0,0.0,0.0,0.0,13633000000.0,2922000000.0,10711000000.0,39969037079.0,-20000000.0,3000000.0,14000000.0,-701000000.0,-889000000.0,-1594000000.0,-1378000000.0,0.0,2931000000.0,21000000.0,1620000000.0,1620000000.0,1620000000.0,0.0,58000000.0,0.146,2456000000.0,2394000000.0,947000000.0,0.551,6.389,24.672,24.733,11992000000.0,0.0,139.74,3.592,3.597,1809000000.0,13417000000.0,11128000000.0,11128000000.0,92000000.0,0.082,0.287,0.108,0.215,47000000.0,1167000000.0,1.0,286024310.0,286467000.0,289216000.0,38.846,16578000000.0,0.0,620000000.0,0.0,57.871,321000000.0
5,PX1,MRT,2017-06-30,2017-06-30,2017-06-30,2021-10-16,-4244000000.0,19965000000.0,19712000000.0,3119000000.0,16846000000.0,0.554,20.298,-1437000000.0,535000000.0,535000000.0,6159000000.0,1587000000.0,1.025,2.358,9367000000.0,1190000000.0,8177000000.0,9367000000.0,0.0,1148000000.0,0.0,0.023,3.076,2278000000.0,3426000000.0,0.314,3426000000.0,2278000000.0,2118000000.0,5.38,5.34,5.38,5807000000.0,5400500000.0,5807000000.0,46672664482.0,20.0,13.623,1488000000.0,5.201,1.0,4763000000.0,0.436,3750000000.0,160000000.0,22004000000.0,22402000000.0,568000000.0,0.0,0.0,0.0,13695000000.0,3043000000.0,10652000000.0,37823664482.0,-32000000.0,27000000.0,-7000000.0,-638000000.0,-878000000.0,-1553000000.0,-1410000000.0,0.0,2925000000.0,6000000.0,1540000000.0,1540000000.0,1540000000.0,0.0,47000000.0,0.141,2518000000.0,2245000000.0,900000000.0,0.572,6.513,24.561,24.638,11806000000.0,0.0,132.55,3.463,3.472,1791000000.0,13223000000.0,10922000000.0,10922000000.0,91000000.0,0.078,0.285,0.102,0.209,45000000.0,1158000000.0,1.0,285353938.0,286090000.0,288535000.0,38.177,16215000000.0,0.0,578000000.0,0.0,56.678,76000000.0
6,PX1,MRT,2017-03-31,2017-03-31,2017-03-31,2021-10-16,-4285000000.0,19665000000.0,19673500000.0,3014000000.0,16651000000.0,0.547,19.365,-1469000000.0,519000000.0,519000000.0,6028000000.0,1576000000.0,1.34,2.476,9368000000.0,421000000.0,8947000000.0,9368000000.0,0.0,1137000000.0,0.0,0.026,3.038,2266000000.0,3403000000.0,0.316,3403000000.0,2266000000.0,2100000000.0,5.36,5.32,5.36,5529000000.0,5233750000.0,5529000000.0,42800442067.0,19.0,12.577,1461000000.0,5.117,1.0,4725000000.0,0.439,3715000000.0,166000000.0,22550000000.0,22646250000.0,561000000.0,0.0,0.0,0.0,13690000000.0,2249000000.0,11441000000.0,33809442067.0,298000000.0,-241000000.0,-76000000.0,89000000.0,-867000000.0,-920000000.0,-1710000000.0,0.0,2930000000.0,-2000000.0,1533000000.0,1533000000.0,1533000000.0,0.0,43000000.0,0.143,2496000000.0,2229000000.0,860000000.0,0.567,6.115,22.054,22.127,11692000000.0,0.0,118.6,3.144,3.149,1730000000.0,13041000000.0,10753000000.0,10753000000.0,92000000.0,0.078,0.293,0.1,0.211,43000000.0,1161000000.0,1.0,285071181.0,285509000.0,287384000.0,37.663,15950000000.0,0.0,567000000.0,0.0,55.865,765000000.0
7,PX1,MRT,2016-12-31,2016-12-31,2016-12-31,2021-10-16,-4600000000.0,19332000000.0,19513500000.0,2880000000.0,16452000000.0,0.54,17.576,-1465000000.0,524000000.0,524000000.0,5860000000.0,1538000000.0,1.162,2.764,9515000000.0,598000000.0,8917000000.0,9515000000.0,1272000000.0,1122000000.0,0.0,0.026,3.0,2241000000.0,3363000000.0,0.319,3363000000.0,2241000000.0,2051000000.0,5.25,5.21,5.25,5021000000.0,5073500000.0,5021000000.0,42659735855.0,19.0,12.685,1308000000.0,4.579,1.0,4674000000.0,0.444,3700000000.0,190000000.0,22145000000.0,22699250000.0,550000000.0,717000000.0,0.0,717000000.0,13880000000.0,2478000000.0,11402000000.0,33444735855.0,377000000.0,-305000000.0,-89000000.0,357000000.0,-856000000.0,-643000000.0,-1770000000.0,0.0,2773000000.0,17000000.0,1500000000.0,1500000000.0,1500000000.0,0.0,38000000.0,0.142,2459000000.0,2215000000.0,906000000.0,0.571,6.661,22.296,22.322,11477000000.0,0.0,117.19,3.175,3.178,1641000000.0,12879000000.0,10534000000.0,10534000000.0,92000000.0,0.077,0.296,0.099,0.213,39000000.0,1145000000.0,1.0,285388991.0,285677000.0,287757000.0,36.874,15632000000.0,0.0,551000000.0,133000000.0,54.719,402000000.0
8,PX1,MRT,2016-09-30,2016-09-30,2016-09-30,2021-10-16,-4211000000.0,19886000000.0,19260250000.0,3262000000.0,16624000000.0,0.544,18.348,-1443000000.0,627000000.0,627000000.0,5808000000.0,1550000000.0,1.34,2.714,9842000000.0,617000000.0,9225000000.0,9842000000.0,0.0,1112000000.0,0.0,0.025,2.965,2272000000.0,3384000000.0,0.323,3384000000.0,2272000000.0,2078000000.0,5.32,5.27,5.32,5245000000.0,4915500000.0,5245000000.0,43853540028.0,19.0,12.959,1395000000.0,4.88,1.0,4677000000.0,0.446,3758000000.0,194000000.0,22909000000.0,22652000000.0,538000000.0,0.0,0.0,0.0,14237000000.0,2434000000.0,11803000000.0,34464540028.0,491000000.0,-268000000.0,-31000000.0,353000000.0,-846000000.0,-642000000.0,-1711000000.0,0.0,2838000000.0,6000000.0,1516000000.0,1516000000.0,1516000000.0,0.0,34000000.0,0.145,2452000000.0,2225000000.0,867000000.0,0.557,6.571,22.734,22.712,11635000000.0,0.0,120.83,3.287,3.294,1699000000.0,12686000000.0,10485000000.0,10485000000.0,92000000.0,0.079,0.308,0.1,0.217,41000000.0,1148000000.0,1.0,285231648.0,285858000.0,288195000.0,36.679,16128000000.0,0.0,562000000.0,0.0,56.42,828000000.0
9,PX1,MRT,2016-06-30,2016-06-30,2016-06-30,2021-10-16,-4174000000.0,19811000000.0,18902750000.0,3263000000.0,16548000000.0,0.553,17.991,-1472000000.0,567000000.0,567000000.0,5763000000.0,1619000000.0,1.328,2.773,9956000000.0,766000000.0,9190000000.0,9956000000.0,0.0,1104000000.0,0.0,0.026,2.93,2362000000.0,3466000000.0,0.332,3466000000.0,2362000000.0,2176000000.0,5.53,5.49,5.53,5140000000.0,4670250000.0,5140000000.0,41243922336.0,17.0,11.9,1254000000.0,4.389,1.0,4692000000.0,0.449,3761000000.0,186000000.0,22981000000.0,22462500000.0,559000000.0,0.0,0.0,0.0,14252000000.0,2458000000.0,11794000000.0,32060922336.0,431000000.0,-276000000.0,-252000000.0,657000000.0,-835000000.0,-540000000.0,-1748000000.0,0.0,2726000000.0,-7000000.0,1578000000.0,1578000000.0,1578000000.0,0.0,41000000.0,0.151,2361000000.0,2331000000.0,870000000.0,0.53,6.238,20.317,20.324,11578000000.0,0.0,112.39,3.067,3.071,1741000000.0,12559000000.0,10455000000.0,10455000000.0,93000000.0,0.083,0.338,0.105,0.226,35000000.0,1138000000.0,1.0,285264902.0,285702000.0,287727000.0,36.594,16050000000.0,0.0,598000000.0,0.0,56.177,805000000.0
10,PX1,MRT,2016-03-31,2016-03-31,2016-03-31,2021-10-16,-4250000000.0,19025000000.0,18716750000.0,2870000000.0,16155000000.0,0.562,17.125,-1467000000.0,221000000.0,221000000.0,5811000000.0,1529000000.0,1.595,2.783,9404000000.0,182000000.0,9222000000.0,9404000000.0,0.0,1101000000.0,0.0,0.025,2.895,2252000000.0,3353000000.0,0.318,3353000000.0,2252000000.0,2070000000.0,5.2,5.16,5.2,4888000000.0,4626250000.0,4888000000.0,41683493591.0,19.0,12.432,1273000000.0,4.46,1.0,4717000000.0,0.448,3647000000.0,182000000.0,22762000000.0,22313500000.0,553000000.0,0.0,0.0,0.0,13601000000.0,1799000000.0,11802000000.0,32599493591.0,104000000.0,180000000.0,-444000000.0,-27000000.0,-826000000.0,-1329000000.0,-1287000000.0,0.0,2740000000.0,-20000000.0,1487000000.0,1487000000.0,1487000000.0,0.0,42000000.0,0.141,2492000000.0,2225000000.0,796000000.0,0.557,6.669,21.923,22.01,11314000000.0,0.0,114.45,3.096,3.103,1685000000.0,12371000000.0,10528000000.0,10528000000.0,92000000.0,0.079,0.321,0.101,0.214,31000000.0,1127000000.0,1.0,284836117.0,285429000.0,286665000.0,36.885,15378000000.0,0.0,583000000.0,0.0,53.877,1071000000.0
11,PX1,MRT,2015-12-31,2015-12-31,2015-12-31,2021-10-16,-4596000000.0,18319000000.0,18741250000.0,2626000000.0,15693000000.0,0.575,15.292,-1541000000.0,147000000.0,147000000.0,5960000000.0,1591000000.0,1.387,3.056,9231000000.0,256000000.0,8975000000.0,9231000000.0,1390000000.0,1106000000.0,0.0,0.028,2.86,2320000000.0,3426000000.0,0.318,3426000000.0,2320000000.0,2159000000.0,5.39,5.35,5.39,4389000000.0,4658750000.0,4389000000.0,38549181043.0,17.0,11.252,1154000000.0,4.021,1.0,4816000000.0,0.447,3554000000.0,161000000.0,21956000000.0,22240250000.0,531000000.0,665000000.0,0.0,665000000.0,13413000000.0,1893000000.0,11520000000.0,29168181043.0,21000000.0,238000000.0,-637000000.0,168000000.0,-819000000.0,-1310000000.0,-1303000000.0,0.0,2695000000.0,-61000000.0,1547000000.0,1547000000.0,1547000000.0,0.0,44000000.0,0.144,2523000000.0,2293000000.0,791000000.0,0.531,6.646,18.855,18.998,10998000000.0,0.0,102.4,2.707,2.727,1601000000.0,12229000000.0,10776000000.0,10776000000.0,93000000.0,0.083,0.332,0.104,0.215,30000000.0,1152000000.0,1.0,284845518.0,287005000.0,289055000.0,37.546,14765000000.0,0.0,612000000.0,144000000.0,51.445,733000000.0
12,PX1,MRT,2015-09-30,2015-09-30,2015-09-30,2021-10-16,-4456000000.0,18456000000.0,19103750000.0,2726000000.0,15730000000.0,0.585,14.927,-1636000000.0,136000000.0,136000000.0,6223000000.0,1473000000.0,1.285,3.2,9517000000.0,460000000.0,9057000000.0,9517000000.0,0.0,1122000000.0,0.0,0.027,2.795,2219000000.0,3341000000.0,0.299,3341000000.0,2219000000.0,2021000000.0,4.96,4.91,4.96,4264000000.0,4967250000.0,4264000000.0,38390998093.0,17.0,11.491,1059000000.0,3.707,1.0,4948000000.0,0.443,3564000000.0,198000000.0,22151000000.0,22414750000.0,526000000.0,0.0,0.0,0.0,13643000000.0,2122000000.0,11521000000.0,29179998093.0,-32000000.0,193000000.0,-912000000.0,566000000.0,-804000000.0,-1179000000.0,-1443000000.0,0.0,2695000000.0,-105000000.0,1427000000.0,1427000000.0,1427000000.0,0.0,46000000.0,0.128,2723000000.0,2225000000.0,750000000.0,0.564,6.843,20.448,20.536,10970000000.0,0.0,101.86,2.612,2.605,1690000000.0,11966000000.0,11171000000.0,11171000000.0,94000000.0,0.075,0.287,0.099,0.199,34000000.0,1197000000.0,1.0,286471609.0,285651000.0,287311000.0,39.107,14892000000.0,0.0,594000000.0,0.0,52.134,604000000.0
13,PX1,MRT,2015-06-30,2015-06-30,2015-06-30,2021-10-16,-3742000000.0,19067000000.0,19585750000.0,2820000000.0,16247000000.0,0.594,17.24,-1661000000.0,136000000.0,136000000.0,6515000000.0,1550000000.0,1.256,2.729,9347000000.0,534000000.0,8813000000.0,9347000000.0,0.0,1147000000.0,0.0,0.023,2.73,2336000000.0,3483000000.0,0.3,3483000000.0,2336000000.0,2128000000.0,5.19,5.13,5.19,4964000000.0,5539250000.0,4964000000.0,43746483214.0,19.0,12.56,1071000000.0,3.72,1.0,5114000000.0,0.44,3647000000.0,208000000.0,22385000000.0,22521500000.0,548000000.0,0.0,0.0,0.0,13548000000.0,2246000000.0,11302000000.0,34467483214.0,-37000000.0,182000000.0,-790000000.0,426000000.0,-790000000.0,-1186000000.0,-1479000000.0,0.0,2732000000.0,-104000000.0,1503000000.0,1503000000.0,1503000000.0,0.0,47000000.0,0.129,2770000000.0,2344000000.0,782000000.0,0.526,6.943,22.932,23.035,11363000000.0,0.0,119.55,2.964,2.96,1760000000.0,11768000000.0,11629000000.0,11629000000.0,96000000.0,0.077,0.271,0.104,0.201,40000000.0,1243000000.0,1.0,288310190.0,287939000.0,290102000.0,40.387,15420000000.0,0.0,625000000.0,0.0,53.553,574000000.0
14,PX1,MRT,2015-03-31,2015-03-31,2015-03-31,2021-10-16,-3815000000.0,19123000000.0,20050250000.0,2726000000.0,16397000000.0,0.599,17.355,-1693000000.0,117000000.0,117000000.0,6766000000.0,1712000000.0,1.167,2.702,9396000000.0,625000000.0,8771000000.0,9396000000.0,0.0,1162000000.0,0.0,0.022,2.665,2550000000.0,3712000000.0,0.309,3712000000.0,2550000000.0,2339000000.0,5.71,5.65,5.71,5018000000.0,6026000000.0,5018000000.0,44000404990.0,17.0,11.854,1166000000.0,4.033,1.0,5238000000.0,0.436,3598000000.0,211000000.0,22469000000.0,22795750000.0,535000000.0,0.0,0.0,0.0,13560000000.0,2335000000.0,11225000000.0,34868404990.0,-27000000.0,-59000000.0,-713000000.0,415000000.0,-775000000.0,-1043000000.0,-1752000000.0,0.0,2859000000.0,-91000000.0,1662000000.0,1662000000.0,1662000000.0,0.0,50000000.0,0.138,2678000000.0,2560000000.0,813000000.0,0.467,6.949,20.98,21.145,11593000000.0,0.0,120.74,2.905,2.908,1751000000.0,11668000000.0,12004000000.0,12004000000.0,97000000.0,0.083,0.276,0.112,0.212,43000000.0,1281000000.0,1.0,288789175.0,289143000.0,291652000.0,41.516,15525000000.0,0.0,677000000.0,0.0,53.693,391000000.0
15,PX1,MRT,2014-12-31,2014-12-31,2014-12-31,2021-10-16,-3185000000.0,19769000000.0,20404000000.0,2839000000.0,16930000000.0,0.601,19.224,-1689000000.0,126000000.0,126000000.0,6962000000.0,1746000000.0,1.14,2.416,9225000000.0,589000000.0,8636000000.0,9225000000.0,1281000000.0,1170000000.0,0.0,0.02,2.6,2598000000.0,3768000000.0,0.307,3768000000.0,2598000000.0,2385000000.0,5.79,5.73,5.79,5623000000.0,6421500000.0,5623000000.0,46703226412.0,18.0,12.395,1198000000.0,4.096,1.0,5311000000.0,0.433,3724000000.0,213000000.0,22654000000.0,23022250000.0,551000000.0,693000000.0,0.0,693000000.0,13583000000.0,2490000000.0,11093000000.0,37750226412.0,-12000000.0,-114000000.0,-759000000.0,589000000.0,-759000000.0,-1027000000.0,-1803000000.0,0.0,2887000000.0,-69000000.0,1694000000.0,1694000000.0,1694000000.0,0.0,52000000.0,0.138,2712000000.0,2599000000.0,864000000.0,0.449,6.714,22.285,22.377,11997000000.0,0.0,129.56,3.076,3.088,1796000000.0,11461000000.0,12273000000.0,12273000000.0,96000000.0,0.083,0.264,0.113,0.212,51000000.0,1308000000.0,1.0,291372541.0,292494000.0,295608000.0,41.96,16045000000.0,0.0,691000000.0,119000000.0,54.856,349000000.0
16,PX1,MRT,2014-09-30,2014-09-30,2014-09-30,2021-10-16,-2411000000.0,20384000000.0,20525500000.0,3058000000.0,17326000000.0,0.599,22.425,-1723000000.0,168000000.0,168000000.0,6972000000.0,1940000000.0,1.033,2.023,9121000000.0,1032000000.0,8089000000.0,9121000000.0,0.0,1166000000.0,0.0,0.02,2.55,2738000000.0,3904000000.0,0.318,3904000000.0,2738000000.0,2548000000.0,6.35,6.3,6.35,6552000000.0,6668000000.0,6552000000.0,46664093944.0,17.0,11.953,1337000000.0,4.576,1.0,5321000000.0,0.433,3799000000.0,190000000.0,22578000000.0,22977250000.0,545000000.0,0.0,0.0,0.0,13254000000.0,2960000000.0,10294000000.0,37672093944.0,34000000.0,-76000000.0,-563000000.0,185000000.0,-747000000.0,-1216000000.0,-1799000000.0,0.0,3060000000.0,-11000000.0,1866000000.0,1866000000.0,1866000000.0,0.0,74000000.0,0.152,2584000000.0,2737000000.0,864000000.0,0.402,5.75,20.189,20.315,12268000000.0,0.0,129.0,3.065,3.066,1959000000.0,11348000000.0,12293000000.0,12293000000.0,98000000.0,0.091,0.28,0.119,0.223,60000000.0,1320000000.0,1.0,292031736.0,292170000.0,295239000.0,42.075,16585000000.0,0.0,682000000.0,0.0,56.765,98000000.0
17,PX1,MRT,2014-06-30,2014-06-30,2014-06-30,2021-10-16,-1845000000.0,20925000000.0,20445000000.0,3159000000.0,17766000000.0,0.595,23.591,-1809000000.0,173000000.0,173000000.0,6889000000.0,1912000000.0,1.241,1.943,9165000000.0,600000000.0,8565000000.0,9165000000.0,0.0,1146000000.0,0.0,0.019,2.5,2690000000.0,3836000000.0,0.315,3836000000.0,2690000000.0,2504000000.0,6.23,6.17,6.23,6911000000.0,6582500000.0,6911000000.0,48039454183.0,18.0,12.523,1442000000.0,4.922,1.0,5273000000.0,0.434,3889000000.0,186000000.0,23482000000.0,22888500000.0,542000000.0,0.0,0.0,0.0,13425000000.0,2546000000.0,10879000000.0,38913454183.0,71000000.0,-85000000.0,-544000000.0,70000000.0,-734000000.0,-1291000000.0,-1894000000.0,0.0,3251000000.0,5000000.0,1834000000.0,1834000000.0,1834000000.0,0.0,78000000.0,0.151,2581000000.0,2692000000.0,914000000.0,0.401,5.631,21.218,21.323,12552000000.0,0.0,132.84,3.2,3.2,2075000000.0,11060000000.0,12162000000.0,12162000000.0,97000000.0,0.09,0.279,0.118,0.221,64000000.0,1329000000.0,1.0,292934765.0,292945000.0,295976000.0,41.516,17036000000.0,0.0,670000000.0,0.0,58.154,613000000.0
18,PX1,MRT,2014-03-31,2014-03-31,2014-03-31,2021-10-16,-1998000000.0,20538000000.0,20156500000.0,3049000000.0,17489000000.0,0.598,22.434,-1947000000.0,144000000.0,144000000.0,6832000000.0,1892000000.0,1.253,2.022,9270000000.0,706000000.0,8564000000.0,9270000000.0,0.0,1128000000.0,0.0,0.019,2.45,2657000000.0,3785000000.0,0.314,3785000000.0,2657000000.0,2473000000.0,6.14,6.08,6.14,6600000000.0,6336750000.0,6600000000.0,47174896713.0,18.0,12.464,1034000000.0,3.515,1.0,5231000000.0,0.434,3855000000.0,184000000.0,23375000000.0,22530500000.0,520000000.0,0.0,0.0,0.0,13345000000.0,2434000000.0,10911000000.0,38501896713.0,31000000.0,-208000000.0,-556000000.0,609000000.0,-721000000.0,-786000000.0,-2155000000.0,0.0,2981000000.0,-9000000.0,1812000000.0,1812000000.0,1812000000.0,0.0,80000000.0,0.15,2572000000.0,2659000000.0,879000000.0,0.399,5.834,21.248,21.331,12326000000.0,0.0,130.97,3.192,3.194,2027000000.0,10784000000.0,12063000000.0,12063000000.0,97000000.0,0.09,0.286,0.118,0.22,68000000.0,1338000000.0,1.0,293974931.0,294195000.0,297253000.0,41.003,16683000000.0,0.0,661000000.0,0.0,56.707,615000000.0
19,PX1,MRT,2013-12-31,2013-12-31,2013-12-31,2021-10-16,-1981000000.0,20255000000.0,19918500000.0,2916000000.0,17339000000.0,0.599,22.364,-2020000000.0,138000000.0,138000000.0,6744000000.0,1836000000.0,1.095,1.959,8811000000.0,785000000.0,8026000000.0,8811000000.0,1396000000.0,1109000000.0,0.0,0.018,2.4,2582000000.0,3691000000.0,0.31,3691000000.0,2582000000.0,2404000000.0,5.94,5.87,5.94,6609000000.0,6229000000.0,6609000000.0,47168072512.0,18.0,12.779,897000000.0,3.035,1.0,5181000000.0,0.434,3790000000.0,178000000.0,22474000000.0,22142000000.0,506000000.0,702000000.0,0.0,702000000.0,12945000000.0,2664000000.0,10281000000.0,38276072512.0,-19000000.0,-1217000000.0,-436000000.0,1461000000.0,-708000000.0,328000000.0,-3237000000.0,0.0,2917000000.0,-27000000.0,1755000000.0,1755000000.0,1755000000.0,0.0,81000000.0,0.147,2588000000.0,2593000000.0,921000000.0,0.404,5.792,21.81,21.891,12278000000.0,0.0,130.03,3.21,3.222,1892000000.0,10528000000.0,11925000000.0,11925000000.0,98000000.0,0.088,0.282,0.117,0.217,70000000.0,1349000000.0,1.0,294363397.0,295523000.0,298965000.0,40.352,16465000000.0,0.0,649000000.0,168000000.0,55.715,252000000.0
20,PX1,MRT,2013-09-30,2013-09-30,2013-09-30,2021-10-16,-2139000000.0,20062000000.0,19377250000.0,2977000000.0,17085000000.0,0.605,21.042,-2090000000.0,134000000.0,134000000.0,6628000000.0,1757000000.0,1.016,2.125,9026000000.0,1143000000.0,7883000000.0,9026000000.0,0.0,1076000000.0,0.0,0.02,2.35,2527000000.0,3603000000.0,0.308,3603000000.0,2527000000.0,2370000000.0,5.73,5.66,5.73,6210000000.0,6092750000.0,6210000000.0,44447182574.0,18.0,12.336,742000000.0,2.514,1.0,5086000000.0,0.434,3802000000.0,157000000.0,22223000000.0,21557500000.0,519000000.0,0.0,0.0,0.0,13197000000.0,2929000000.0,10268000000.0,35443182574.0,26000000.0,-1412000000.0,-497000000.0,1894000000.0,-694000000.0,719000000.0,-3502000000.0,0.0,2832000000.0,-23000000.0,1695000000.0,1695000000.0,1695000000.0,0.0,62000000.0,0.145,2541000000.0,2545000000.0,900000000.0,0.41,5.707,20.91,20.979,12099000000.0,0.0,120.21,3.026,3.029,1957000000.0,10243000000.0,11714000000.0,11714000000.0,97000000.0,0.087,0.278,0.117,0.216,70000000.0,1336000000.0,1.0,294843878.0,295124000.0,298357000.0,39.692,16260000000.0,0.0,675000000.0,0.0,55.095,48000000.0
21,PX1,MRT,2013-06-30,2013-06-30,2013-06-30,2021-10-16,-2235000000.0,19771000000.0,18771500000.0,3013000000.0,16758000000.0,0.611,20.05,-2121000000.0,102000000.0,102000000.0,6526000000.0,1735000000.0,1.008,2.231,9106000000.0,1243000000.0,7863000000.0,9106000000.0,0.0,1043000000.0,0.0,0.02,2.3,2422000000.0,3465000000.0,0.302,3465000000.0,2422000000.0,2270000000.0,5.66,5.6,5.66,5928000000.0,6044000000.0,5928000000.0,42621615834.0,18.0,12.301,553000000.0,1.87,1.0,4949000000.0,0.431,3735000000.0,152000000.0,22050000000.0,20899750000.0,480000000.0,0.0,0.0,0.0,13227000000.0,2990000000.0,10237000000.0,34058615834.0,-2000000.0,-1449000000.0,-522000000.0,2110000000.0,-682000000.0,914000000.0,-3570000000.0,0.0,2674000000.0,-20000000.0,1680000000.0,1680000000.0,1680000000.0,0.0,55000000.0,0.146,2534000000.0,2415000000.0,915000000.0,0.406,5.745,20.273,20.346,11867000000.0,0.0,115.16,2.968,2.967,1961000000.0,10002000000.0,11475000000.0,11475000000.0,97000000.0,0.089,0.278,0.116,0.211,69000000.0,1306000000.0,1.0,295750398.0,295668000.0,298654000.0,38.81,16036000000.0,0.0,590000000.0,0.0,54.237,23000000.0
22,PX1,MRT,2013-03-31,2013-03-31,2013-03-31,2021-10-16,-1849000000.0,19586000000.0,18000750000.0,2929000000.0,16657000000.0,0.626,20.799,-2163000000.0,113000000.0,113000000.0,6418000000.0,1718000000.0,1.09,2.076,8676000000.0,904000000.0,7772000000.0,8676000000.0,0.0,1015000000.0,0.0,0.02,2.25,2393000000.0,3408000000.0,0.302,3408000000.0,2393000000.0,2249000000.0,5.59,5.53,5.59,6169000000.0,5965750000.0,6169000000.0,40241892952.0,17.0,11.808,659000000.0,2.222,1.0,4854000000.0,0.431,3642000000.0,144000000.0,21821000000.0,19973750000.0,477000000.0,0.0,0.0,0.0,12805000000.0,2686000000.0,10119000000.0,33036892952.0,6000000.0,-1317000000.0,-474000000.0,1845000000.0,-669000000.0,683000000.0,-3480000000.0,0.0,2822000000.0,-19000000.0,1664000000.0,1664000000.0,1664000000.0,0.0,54000000.0,0.148,2473000000.0,2381000000.0,907000000.0,0.403,5.355,19.854,19.953,11841000000.0,0.0,111.54,2.931,2.935,1994000000.0,9743000000.0,11272000000.0,11272000000.0,98000000.0,0.092,0.279,0.12,0.212,70000000.0,1272000000.0,1.0,296188748.0,296604000.0,299700000.0,38.004,15944000000.0,0.0,585000000.0,0.0,53.755,243000000.0
23,PX1,MRT,2012-12-31,2012-12-31,2012-12-31,2021-10-16,-1852000000.0,18090000000.0,17351000000.0,2792000000.0,15298000000.0,0.647,20.327,-2180000000.0,157000000.0,157000000.0,6396000000.0,1744000000.0,1.126,1.883,7362000000.0,677000000.0,6685000000.0,7362000000.0,977000000.0,1001000000.0,0.0,0.02,2.2,2419000000.0,3420000000.0,0.305,3420000000.0,2419000000.0,2278000000.0,5.67,5.61,5.67,6064000000.0,5908500000.0,6064000000.0,39548488749.0,16.0,11.564,572000000.0,1.917,1.0,4828000000.0,0.43,2680000000.0,141000000.0,20136000000.0,19269500000.0,476000000.0,654000000.0,0.0,654000000.0,11417000000.0,2479000000.0,8938000000.0,32520488749.0,67000000.0,-198000000.0,-459000000.0,807000000.0,-655000000.0,-303000000.0,-2378000000.0,0.0,2752000000.0,-4000000.0,1692000000.0,1692000000.0,1692000000.0,0.0,52000000.0,0.151,2434000000.0,2394000000.0,928000000.0,0.388,5.363,19.22,19.303,11453000000.0,0.0,109.45,2.897,2.909,1834000000.0,9534000000.0,11224000000.0,11224000000.0,98000000.0,0.098,0.286,0.126,0.216,70000000.0,1270000000.0,1.0,297126439.0,298316000.0,301845000.0,37.625,15410000000.0,0.0,586000000.0,123000000.0,51.657,313000000.0
24,PX1,MRT,2012-09-30,2012-09-30,2012-09-30,2021-10-16,-1753000000.0,17639000000.0,16917500000.0,2853000000.0,14786000000.0,0.663,20.156,-2166000000.0,108000000.0,108000000.0,6411000000.0,1747000000.0,1.12,1.837,7136000000.0,747000000.0,6389000000.0,7136000000.0,0.0,996000000.0,0.0,0.021,2.15,2422000000.0,3418000000.0,0.305,3418000000.0,2422000000.0,2278000000.0,5.67,5.61,5.67,6015000000.0,5764500000.0,6015000000.0,37865056251.0,16.0,11.078,498000000.0,1.669,1.0,4810000000.0,0.429,2527000000.0,144000000.0,19592000000.0,18674000000.0,483000000.0,0.0,0.0,0.0,11050000000.0,2548000000.0,8502000000.0,30974056251.0,-17000000.0,-181000000.0,-460000000.0,772000000.0,-641000000.0,-327000000.0,-2347000000.0,0.0,2664000000.0,-7000000.0,1698000000.0,1698000000.0,1698000000.0,0.0,49000000.0,0.151,2424000000.0,2386000000.0,919000000.0,0.379,5.149,18.241,18.321,11074000000.0,0.0,103.88,2.76,2.763,1901000000.0,9285000000.0,11221000000.0,11221000000.0,96000000.0,0.1,0.295,0.13,0.216,68000000.0,1266000000.0,1.0,298171508.0,298416000.0,301731000.0,37.602,15112000000.0,0.0,580000000.0,0.0,50.641,305000000.0
25,PX1,MRT,2012-06-30,2012-06-30,2012-06-30,2021-10-16,-1992000000.0,16688000000.0,16483250000.0,2652000000.0,14036000000.0,0.688,18.786,-2077000000.0,104000000.0,104000000.0,6500000000.0,1750000000.0,0.972,1.881,6995000000.0,1034000000.0,5961000000.0,6995000000.0,0.0,1004000000.0,0.0,0.019,2.1,2497000000.0,3501000000.0,0.309,3501000000.0,2497000000.0,2353000000.0,5.65,5.58,5.65,5615000000.0,5699000000.0,5615000000.0,39225492047.0,16.0,11.204,573000000.0,1.917,1.0,4843000000.0,0.427,2505000000.0,144000000.0,18346000000.0,18211750000.0,469000000.0,0.0,0.0,0.0,10562000000.0,2728000000.0,7834000000.0,32476492047.0,24000000.0,-145000000.0,-605000000.0,845000000.0,-627000000.0,-374000000.0,-2222000000.0,0.0,2650000000.0,-30000000.0,1697000000.0,1697000000.0,1697000000.0,0.0,53000000.0,0.15,2366000000.0,2477000000.0,896000000.0,0.372,5.784,19.138,19.244,10466000000.0,0.0,108.73,2.863,2.865,1843000000.0,9024000000.0,11343000000.0,11343000000.0,94000000.0,0.103,0.298,0.137,0.22,67000000.0,1267000000.0,1.0,298689341.0,298885000.0,302492000.0,37.951,14183000000.0,0.0,656000000.0,0.0,47.453,-76000000.0
26,PX1,MRT,2012-03-31,2012-03-31,2012-03-31,2021-10-16,-1472000000.0,16987000000.0,16413750000.0,2762000000.0,14225000000.0,0.694,19.861,-1946000000.0,107000000.0,107000000.0,6538000000.0,1745000000.0,1.282,1.766,6856000000.0,436000000.0,6420000000.0,6856000000.0,0.0,1011000000.0,0.0,0.018,2.05,2490000000.0,3501000000.0,0.307,3501000000.0,2490000000.0,2343000000.0,5.62,5.54,5.62,5940000000.0,5895250000.0,5940000000.0,40681747162.0,16.0,11.62,552000000.0,1.846,1.0,4852000000.0,0.426,2578000000.0,147000000.0,19004000000.0,18174250000.0,482000000.0,0.0,0.0,0.0,10488000000.0,2154000000.0,8334000000.0,34209747162.0,21000000.0,-186000000.0,-706000000.0,929000000.0,-614000000.0,-326000000.0,-2132000000.0,0.0,2498000000.0,-19000000.0,1693000000.0,1693000000.0,1693000000.0,0.0,52000000.0,0.149,2370000000.0,2482000000.0,919000000.0,0.365,5.759,20.207,20.399,10523000000.0,0.0,114.64,3.003,3.01,1934000000.0,8762000000.0,11390000000.0,11390000000.0,92000000.0,0.103,0.287,0.137,0.219,65000000.0,1266000000.0,1.0,298410216.0,299077000.0,302876000.0,38.084,14409000000.0,0.0,650000000.0,0.0,48.178,608000000.0
27,PX1,MRT,2011-12-31,2011-12-31,2011-12-31,2021-10-16,-1746000000.0,16356000000.0,16125500000.0,2607000000.0,13749000000.0,0.698,18.158,-1797000000.0,90000000.0,90000000.0,6458000000.0,1722000000.0,1.028,1.884,6562000000.0,724000000.0,5838000000.0,6562000000.0,738000000.0,1003000000.0,0.0,0.019,2.0,2458000000.0,3461000000.0,0.308,3461000000.0,2458000000.0,2313000000.0,5.53,5.45,5.53,5488000000.0,5951500000.0,5488000000.0,38229293864.0,16.0,11.046,658000000.0,2.177,1.0,4794000000.0,0.426,2539000000.0,145000000.0,17754000000.0,17780750000.0,456000000.0,523000000.0,0.0,523000000.0,10339000000.0,2535000000.0,7804000000.0,32044293864.0,51000000.0,-208000000.0,-742000000.0,914000000.0,-602000000.0,-380000000.0,-2005000000.0,0.0,2455000000.0,-19000000.0,1672000000.0,1672000000.0,1672000000.0,0.0,50000000.0,0.149,2333000000.0,2461000000.0,896000000.0,0.362,5.839,19.165,19.331,10131000000.0,0.0,106.9,2.848,2.871,1795000000.0,8510000000.0,11252000000.0,11252000000.0,90000000.0,0.104,0.281,0.138,0.218,62000000.0,1239000000.0,1.0,299759531.0,302237000.0,306722000.0,37.229,13817000000.0,0.0,641000000.0,145000000.0,45.716,72000000.0
28,PX1,MRT,2011-09-30,2011-09-30,2011-09-30,2021-10-16,-1372000000.0,15902000000.0,15855000000.0,2704000000.0,13198000000.0,0.699,19.075,-1676000000.0,125000000.0,125000000.0,6352000000.0,1433000000.0,1.247,1.7,6310000000.0,501000000.0,5809000000.0,6310000000.0,0.0,994000000.0,0.0,0.021,1.95,2351000000.0,3345000000.0,0.302,3345000000.0,2351000000.0,2216000000.0,4.58,4.5,4.58,5753000000.0,6027500000.0,5753000000.0,34284770410.0,15.0,10.25,278000000.0,0.922,1.0,4727000000.0,0.427,2175000000.0,135000000.0,17743000000.0,17463250000.0,445000000.0,0.0,0.0,0.0,9781000000.0,2169000000.0,7612000000.0,28245770410.0,54000000.0,-65000000.0,-859000000.0,1234000000.0,-590000000.0,-147000000.0,-1741000000.0,0.0,1954000000.0,-12000000.0,1385000000.0,1385000000.0,1385000000.0,0.0,48000000.0,0.125,2367000000.0,2360000000.0,855000000.0,0.426,4.91,20.394,20.41,9754000000.0,0.0,93.48,2.549,2.545,1860000000.0,8275000000.0,11079000000.0,11079000000.0,90000000.0,0.087,0.23,0.135,0.212,58000000.0,1225000000.0,1.0,302158434.0,301594000.0,305623000.0,36.735,13727000000.0,0.0,831000000.0,0.0,45.515,535000000.0
29,PX1,MRT,2011-06-30,2011-06-30,2011-06-30,2021-10-16,-675000000.0,16410000000.0,15643750000.0,2758000000.0,13652000000.0,0.685,21.073,-1542000000.0,80000000.0,80000000.0,6112000000.0,1378000000.0,1.382,1.506,6119000000.0,434000000.0,5685000000.0,6119000000.0,0.0,965000000.0,0.0,0.018,1.9,2272000000.0,3237000000.0,0.302,3237000000.0,2272000000.0,2144000000.0,4.38,4.31,4.38,6400000000.0,6087000000.0,6400000000.0,38635516775.0,17.0,11.936,276000000.0,0.909,1.0,4609000000.0,0.43,2257000000.0,128000000.0,18196000000.0,17026250000.0,450000000.0,0.0,0.0,0.0,9640000000.0,1996000000.0,7644000000.0,32883516775.0,32000000.0,-140000000.0,-662000000.0,1038000000.0,-579000000.0,-119000000.0,-1682000000.0,0.0,1818000000.0,15000000.0,1333000000.0,1333000000.0,1333000000.0,0.0,45000000.0,0.124,2327000000.0,2282000000.0,885000000.0,0.434,5.138,24.669,24.747,10079000000.0,0.0,108.39,3.067,3.071,1925000000.0,7997000000.0,10721000000.0,10721000000.0,87000000.0,0.085,0.219,0.133,0.212,54000000.0,1217000000.0,1.0,303381463.0,303709000.0,308253000.0,35.3,14153000000.0,0.0,811000000.0,0.0,46.601,762000000.0
30,PX1,MRT,2011-03-31,2011-03-31,2011-03-31,2021-10-16,-794000000.0,15834000000.0,15114250000.0,2598000000.0,13236000000.0,0.687,20.275,-1434000000.0,86000000.0,86000000.0,5909000000.0,1320000000.0,1.352,1.508,5838000000.0,357000000.0,5481000000.0,5838000000.0,0.0,941000000.0,0.0,0.018,1.85,2193000000.0,3134000000.0,0.302,3134000000.0,2193000000.0,2072000000.0,4.19,4.12,4.19,6165000000.0,5850000000.0,6165000000.0,36334182005.0,17.0,11.594,347000000.0,1.141,1.0,4481000000.0,0.431,2235000000.0,121000000.0,17430000000.0,16317750000.0,416000000.0,0.0,0.0,0.0,9297000000.0,1921000000.0,7376000000.0,30816182005.0,-290000000.0,-70000000.0,-474000000.0,397000000.0,-565000000.0,-579000000.0,-1504000000.0,0.0,1781000000.0,12000000.0,1279000000.0,1279000000.0,1279000000.0,0.0,41000000.0,0.123,2292000000.0,2189000000.0,777000000.0,0.442,4.999,24.094,24.248,9784000000.0,0.0,101.6,2.966,2.973,1834000000.0,7721000000.0,10390000000.0,10390000000.0,83000000.0,0.085,0.219,0.134,0.211,51000000.0,1210000000.0,1.0,303308878.0,304071000.0,308595000.0,34.17,13599000000.0,0.0,793000000.0,0.0,44.723,677000000.0
31,PX1,MRT,2010-12-31,2010-12-31,2010-12-31,2021-10-16,-1018000000.0,15274000000.0,14837500000.0,2378000000.0,12896000000.0,0.682,18.884,-1388000000.0,39000000.0,39000000.0,5754000000.0,1234000000.0,1.127,1.576,5557000000.0,402000000.0,5155000000.0,5557000000.0,911000000.0,925000000.0,0.0,0.019,1.8,2081000000.0,3006000000.0,0.297,3006000000.0,2081000000.0,1963000000.0,3.9,3.84,3.9,5792000000.0,5658250000.0,5792000000.0,34256068050.0,16.0,11.396,517000000.0,1.686,1.0,4362000000.0,0.431,2198000000.0,118000000.0,16484000000.0,15805500000.0,399000000.0,564000000.0,0.0,564000000.0,9129000000.0,2110000000.0,7019000000.0,29250068050.0,-6000000.0,-96000000.0,-404000000.0,490000000.0,-551000000.0,-419000000.0,-1484000000.0,0.0,1905000000.0,-8000000.0,1195000000.0,1195000000.0,1195000000.0,0.0,39000000.0,0.118,2285000000.0,2077000000.0,830000000.0,0.462,5.05,24.477,24.479,9532000000.0,0.0,95.47,2.891,2.895,1664000000.0,7475000000.0,10116000000.0,10116000000.0,79000000.0,0.081,0.211,0.132,0.206,47000000.0,1196000000.0,1.0,306379680.0,306720000.0,311395000.0,32.981,13076000000.0,0.0,768000000.0,90000000.0,42.632,268000000.0
32,PX1,MRT,2010-09-30,2010-09-30,2010-09-30,2021-10-16,-1064000000.0,15057000000.0,14598250000.0,2453000000.0,12604000000.0,0.678,19.507,-1292000000.0,71000000.0,71000000.0,5632000000.0,1444000000.0,1.316,1.457,5077000000.0,262000000.0,4815000000.0,5077000000.0,0.0,908000000.0,0.0,0.019,1.75,2080000000.0,2988000000.0,0.302,2988000000.0,2080000000.0,1957000000.0,4.56,4.49,4.56,5991000000.0,5539000000.0,5991000000.0,32603451541.0,16.0,10.911,1032000000.0,3.36,1.0,4268000000.0,0.431,2204000000.0,123000000.0,15995000000.0,15510000000.0,403000000.0,0.0,0.0,0.0,8727000000.0,1864000000.0,6863000000.0,27625451541.0,6000000.0,-82000000.0,-203000000.0,-216000000.0,-537000000.0,-934000000.0,-1374000000.0,0.0,2324000000.0,-10000000.0,1402000000.0,1402000000.0,1402000000.0,0.0,42000000.0,0.142,2178000000.0,2090000000.0,746000000.0,0.384,4.611,19.704,19.794,9294000000.0,0.0,90.26,2.79,2.8,1711000000.0,7480000000.0,9900000000.0,9900000000.0,74000000.0,0.096,0.253,0.134,0.21,44000000.0,1169000000.0,1.0,306065273.0,307127000.0,311608000.0,32.234,12853000000.0,0.0,555000000.0,0.0,41.849,589000000.0
33,PX1,MRT,2010-06-30,2010-06-30,2010-06-30,2021-10-16,-1383000000.0,14292000000.0,14376750000.0,2275000000.0,12017000000.0,0.671,17.769,-1302000000.0,48000000.0,48000000.0,5465000000.0,1392000000.0,1.293,1.564,5026000000.0,243000000.0,4783000000.0,5026000000.0,0.0,898000000.0,0.0,0.022,1.7,1698000000.0,2596000000.0,0.269,2596000000.0,1698000000.0,1572000000.0,4.4,4.32,4.4,5452000000.0,5312500000.0,5452000000.0,28276995055.0,17.0,10.893,973000000.0,3.171,1.0,4185000000.0,0.434,2149000000.0,126000000.0,15362000000.0,15287500000.0,374000000.0,0.0,0.0,0.0,8525000000.0,1759000000.0,6766000000.0,23248995055.0,15000000.0,-101000000.0,-178000000.0,-146000000.0,-520000000.0,-843000000.0,-1403000000.0,0.0,2275000000.0,-14000000.0,1350000000.0,1350000000.0,1350000000.0,0.0,42000000.0,0.14,2460000000.0,1725000000.0,729000000.0,0.386,4.264,17.221,17.27,8932000000.0,0.0,75.99,2.409,2.416,1617000000.0,7241000000.0,9650000000.0,9650000000.0,75000000.0,0.094,0.254,0.111,0.176,43000000.0,1154000000.0,1.0,305948086.0,306826000.0,311109000.0,31.451,12143000000.0,0.0,222000000.0,0.0,39.576,516000000.0
34,PX1,MRT,2010-03-31,2010-03-31,2010-03-31,2021-10-16,-1198000000.0,14727000000.0,14200250000.0,2622000000.0,12105000000.0,0.652,17.595,-1347000000.0,376000000.0,376000000.0,5218000000.0,1322000000.0,1.198,1.667,5404000000.0,672000000.0,4732000000.0,5404000000.0,0.0,875000000.0,0.0,0.02,1.65,1594000000.0,2469000000.0,0.267,2469000000.0,1594000000.0,1464000000.0,4.16,4.09,4.16,5398000000.0,5109000000.0,5398000000.0,30434689480.0,19.0,12.327,955000000.0,3.113,1.0,4043000000.0,0.437,2185000000.0,130000000.0,15381000000.0,14975000000.0,377000000.0,0.0,0.0,0.0,8997000000.0,2189000000.0,6808000000.0,25424689480.0,322000000.0,-99000000.0,-225000000.0,223000000.0,-506000000.0,-525000000.0,-1446000000.0,0.0,2302000000.0,-9000000.0,1278000000.0,1278000000.0,1278000000.0,0.0,44000000.0,0.138,2399000000.0,1644000000.0,704000000.0,0.397,4.71,19.894,19.952,8998000000.0,0.0,83.0,2.745,2.75,1645000000.0,7008000000.0,9261000000.0,9261000000.0,74000000.0,0.09,0.25,0.106,0.172,40000000.0,1117000000.0,1.0,306321560.0,306793000.0,311159000.0,30.186,12542000000.0,0.0,186000000.0,0.0,40.881,433000000.0
35,PX1,MRT,2009-12-31,2009-12-31,2009-12-31,2021-10-16,-1155000000.0,14317000000.0,13732750000.0,2223000000.0,12094000000.0,0.652,17.275,-1352000000.0,45000000.0,45000000.0,5032000000.0,1297000000.0,1.226,1.631,5055000000.0,298000000.0,4757000000.0,5055000000.0,722000000.0,846000000.0,0.0,0.02,1.6,1556000000.0,2402000000.0,0.268,2402000000.0,1556000000.0,1423000000.0,4.08,4.01,4.08,5315000000.0,4777750000.0,5315000000.0,29809855124.0,19.0,12.41,816000000.0,2.652,1.0,3924000000.0,0.438,2212000000.0,133000000.0,15302000000.0,14427750000.0,377000000.0,435000000.0,0.0,435000000.0,8669000000.0,1813000000.0,6856000000.0,24639855124.0,13000000.0,-100000000.0,-141000000.0,-62000000.0,-491000000.0,-711000000.0,-1452000000.0,0.0,2168000000.0,8000000.0,1254000000.0,1254000000.0,1254000000.0,0.0,43000000.0,0.14,2314000000.0,1610000000.0,730000000.0,0.392,4.636,19.649,19.684,8990000000.0,0.0,80.31,2.751,2.759,1579000000.0,6831000000.0,8956000000.0,8956000000.0,74000000.0,0.091,0.262,0.108,0.174,39000000.0,1088000000.0,1.0,306809303.0,307676000.0,312382000.0,29.109,12105000000.0,0.0,169000000.0,138000000.0,39.343,410000000.0
36,PX1,MRT,2009-09-30,2009-09-30,2009-09-30,2021-10-16,-1205000000.0,14171000000.0,13417000000.0,2299000000.0,11872000000.0,0.667,16.544,-1479000000.0,65000000.0,65000000.0,5080000000.0,1151000000.0,1.13,1.724,5235000000.0,508000000.0,4727000000.0,5235000000.0,0.0,829000000.0,0.0,0.019,1.575,1366000000.0,2195000000.0,0.245,2195000000.0,1366000000.0,1217000000.0,3.62,3.58,3.62,5085000000.0,4451250000.0,5085000000.0,30136230510.0,22.0,13.729,620000000.0,2.017,1.0,3872000000.0,0.433,2201000000.0,149000000.0,15105000000.0,13861750000.0,398000000.0,0.0,0.0,0.0,8764000000.0,2035000000.0,6729000000.0,25062230510.0,41000000.0,-127000000.0,-254000000.0,302000000.0,-483000000.0,-456000000.0,-1606000000.0,0.0,2099000000.0,4000000.0,1114000000.0,1114000000.0,1114000000.0,0.0,37000000.0,0.124,2502000000.0,1370000000.0,717000000.0,0.435,4.929,22.498,22.566,8807000000.0,0.0,81.69,2.8,2.805,1629000000.0,6615000000.0,8952000000.0,8952000000.0,81000000.0,0.083,0.25,0.099,0.153,41000000.0,1109000000.0,1.0,306796799.0,307360000.0,312182000.0,29.125,11970000000.0,0.0,103000000.0,0.0,38.945,264000000.0
37,PX1,MRT,2009-06-30,2009-06-30,2009-06-30,2021-10-16,0.0,13586000000.0,13343750000.0,2192000000.0,11394000000.0,0.713,15.061,-1550000000.0,33000000.0,33000000.0,5537000000.0,1181000000.0,0.885,1.863,5107000000.0,1085000000.0,4022000000.0,5107000000.0,0.0,830000000.0,0.0,0.022,1.55,1740000000.0,2570000000.0,0.27,2570000000.0,1740000000.0,1573000000.0,3.69,3.65,3.69,4638000000.0,4402750000.0,4638000000.0,26842654531.0,15.0,10.445,632000000.0,2.052,1.0,3979000000.0,0.418,2072000000.0,167000000.0,14112000000.0,13477250000.0,423000000.0,0.0,0.0,0.0,8640000000.0,2476000000.0,6164000000.0,21851654531.0,6000000.0,-50000000.0,-762000000.0,688000000.0,-478000000.0,-572000000.0,-1600000000.0,0.0,2182000000.0,-4000000.0,1144000000.0,1144000000.0,1144000000.0,0.0,37000000.0,0.12,2258000000.0,1721000000.0,721000000.0,0.42,4.711,19.101,19.26,8435000000.0,0.0,71.07,2.296,2.3,1555000000.0,,9516000000.0,9516000000.0,85000000.0,0.086,0.26,0.129,0.183,42000000.0,1166000000.0,1.0,307466646.0,307957000.0,312429000.0,30.9,11514000000.0,0.0,429000000.0,0.0,37.388,-284000000.0
38,PX1,MRT,2009-03-31,2009-03-31,2009-03-31,2021-10-16,0.0,12857000000.0,13554250000.0,2184000000.0,10673000000.0,0.757,13.232,-1560000000.0,54000000.0,54000000.0,6095000000.0,1232000000.0,0.82,2.082,5045000000.0,1275000000.0,3770000000.0,5045000000.0,0.0,839000000.0,0.0,0.023,1.525,1837000000.0,2676000000.0,0.261,2676000000.0,1837000000.0,1651000000.0,3.83,3.77,3.83,4073000000.0,4661000000.0,4073000000.0,25656698173.0,14.0,9.588,448000000.0,1.455,1.0,4161000000.0,0.406,1991000000.0,186000000.0,13192000000.0,13465000000.0,424000000.0,0.0,0.0,0.0,8482000000.0,2665000000.0,5817000000.0,20663698173.0,33000000.0,-49000000.0,-649000000.0,729000000.0,-474000000.0,-360000000.0,-1609000000.0,0.0,2008000000.0,-6000000.0,1194000000.0,1194000000.0,1194000000.0,0.0,38000000.0,0.116,2349000000.0,1812000000.0,687000000.0,0.398,5.073,17.306,17.569,7872000000.0,0.0,67.29,2.015,2.02,1513000000.0,,10256000000.0,10256000000.0,91000000.0,0.088,0.256,0.136,0.179,43000000.0,1242000000.0,1.0,307084235.0,307818000.0,311311000.0,33.318,10866000000.0,0.0,457000000.0,0.0,35.3,-481000000.0
39,PX1,MRT,2008-12-31,2008-12-31,2008-12-31,2021-10-16,-1768000000.0,13054000000.0,13840000000.0,2301000000.0,10753000000.0,0.78,12.822,-1611000000.0,32000000.0,32000000.0,6495000000.0,1256000000.0,0.772,2.181,5025000000.0,1316000000.0,3709000000.0,5025000000.0,699000000.0,850000000.0,0.0,0.025,1.5,1874000000.0,2724000000.0,0.252,2724000000.0,1874000000.0,1676000000.0,3.87,3.8,3.87,4009000000.0,4945000000.0,4009000000.0,23226465331.0,12.0,8.527,427000000.0,1.366,1.0,4301000000.0,0.398,2030000000.0,198000000.0,13038000000.0,13541500000.0,445000000.0,416000000.0,0.0,416000000.0,8743000000.0,2979000000.0,5764000000.0,18306465331.0,15000000.0,-76000000.0,-892000000.0,987000000.0,-468000000.0,-333000000.0,-1687000000.0,0.0,2038000000.0,-3000000.0,1211000000.0,1211000000.0,1211000000.0,0.0,45000000.0,0.112,2453000000.0,1848000000.0,820000000.0,0.388,4.566,15.117,15.339,7922000000.0,0.0,59.36,1.696,1.719,1604000000.0,6068000000.0,10796000000.0,10796000000.0,97000000.0,0.087,0.245,0.138,0.174,45000000.0,1312000000.0,1.0,308397327.0,312658000.0,318302000.0,34.53,11024000000.0,0.0,465000000.0,150000000.0,35.259,-678000000.0
40,PX1,MRT,2008-09-30,2008-09-30,2008-09-30,2021-10-16,0.0,13878000000.0,13922000000.0,2588000000.0,11290000000.0,0.784,15.589,-1531000000.0,24000000.0,24000000.0,6570000000.0,1409000000.0,0.837,1.775,4944000000.0,1302000000.0,3642000000.0,4944000000.0,0.0,851000000.0,0.0,0.02,1.425,2039000000.0,2890000000.0,0.265,2890000000.0,2039000000.0,1840000000.0,4.21,4.13,4.21,4891000000.0,5228250000.0,4891000000.0,27166003167.0,13.0,9.4,454000000.0,1.447,1.0,4346000000.0,0.398,2138000000.0,199000000.0,13567000000.0,13483500000.0,495000000.0,0.0,0.0,0.0,8680000000.0,3093000000.0,5587000000.0,22597003167.0,-2000000.0,-178000000.0,-780000000.0,895000000.0,-447000000.0,-279000000.0,-1709000000.0,0.0,1985000000.0,1000000.0,1327000000.0,1327000000.0,1327000000.0,0.0,82000000.0,0.122,2297000000.0,2049000000.0,844000000.0,0.338,4.62,17.029,17.04,8201000000.0,0.0,71.74,2.07,2.062,1832000000.0,,10916000000.0,10916000000.0,98000000.0,0.095,0.254,0.151,0.187,45000000.0,1331000000.0,1.0,314984711.0,313749000.0,319505000.0,34.792,11740000000.0,0.0,513000000.0,0.0,37.418,-505000000.0
41,PX1,MRT,2008-06-30,2008-06-30,2008-06-30,2021-10-16,0.0,14428000000.0,13640250000.0,2746000000.0,11682000000.0,0.765,17.985,-1486000000.0,27000000.0,27000000.0,6230000000.0,1348000000.0,1.01,1.488,4596000000.0,922000000.0,3674000000.0,4596000000.0,0.0,829000000.0,0.0,0.014,1.35,1950000000.0,2779000000.0,0.266,2779000000.0,1950000000.0,1757000000.0,4.04,3.96,4.04,5671000000.0,5221000000.0,5671000000.0,34061159274.0,17.0,12.257,461000000.0,1.462,1.0,4206000000.0,0.403,2216000000.0,193000000.0,14063000000.0,13144250000.0,507000000.0,0.0,0.0,0.0,8440000000.0,2718000000.0,5722000000.0,29508159274.0,5000000.0,-155000000.0,-628000000.0,678000000.0,-425000000.0,-309000000.0,-1641000000.0,0.0,1947000000.0,8000000.0,1277000000.0,1277000000.0,1277000000.0,0.0,71000000.0,0.122,2228000000.0,1978000000.0,911000000.0,0.334,5.203,23.107,23.327,8459000000.0,0.0,94.24,2.828,2.847,1982000000.0,,10436000000.0,10436000000.0,98000000.0,0.094,0.245,0.148,0.187,43000000.0,1284000000.0,1.0,313117140.0,315312000.0,322088000.0,33.097,12212000000.0,0.0,480000000.0,0.0,38.73,28000000.0
42,PX1,MRT,2008-03-31,2008-03-31,2008-03-31,2021-10-16,0.0,14000000000.0,13096000000.0,2632000000.0,11368000000.0,0.755,16.593,-1435000000.0,21000000.0,21000000.0,5870000000.0,1277000000.0,0.915,1.622,4574000000.0,992000000.0,3582000000.0,4574000000.0,0.0,802000000.0,0.0,0.015,1.275,1847000000.0,2649000000.0,0.268,2649000000.0,1847000000.0,1665000000.0,3.84,3.77,3.84,5209000000.0,5015750000.0,5209000000.0,30560498636.0,17.0,11.537,604000000.0,1.924,1.0,4020000000.0,0.406,2180000000.0,182000000.0,13498000000.0,12647750000.0,483000000.0,0.0,0.0,0.0,8447000000.0,2875000000.0,5572000000.0,26385498636.0,-5000000.0,-169000000.0,-677000000.0,584000000.0,-402000000.0,-448000000.0,-1604000000.0,0.0,2039000000.0,8000000.0,1219000000.0,1219000000.0,1219000000.0,0.0,58000000.0,0.123,2156000000.0,1864000000.0,888000000.0,0.332,5.065,21.645,21.935,8221000000.0,0.0,84.23,2.668,2.674,1907000000.0,,9890000000.0,9890000000.0,98000000.0,0.093,0.243,0.146,0.187,42000000.0,1239000000.0,1.0,313255356.0,313936000.0,320409000.0,31.503,11820000000.0,0.0,446000000.0,0.0,37.651,-243000000.0
43,PX1,MRT,2007-12-31,2007-12-31,2007-12-31,2021-10-16,-672000000.0,13382000000.0,12533000000.0,2408000000.0,10974000000.0,0.75,16.119,-1376000000.0,17000000.0,17000000.0,5557000000.0,1220000000.0,0.909,1.54,4192000000.0,828000000.0,3364000000.0,4192000000.0,857000000.0,774000000.0,0.0,0.014,1.2,1769000000.0,2543000000.0,0.27,2543000000.0,1769000000.0,1596000000.0,3.69,3.62,3.69,5142000000.0,4830250000.0,5142000000.0,32001461794.0,18.0,12.584,582000000.0,1.824,1.0,3845000000.0,0.409,2101000000.0,173000000.0,12806000000.0,12198250000.0,474000000.0,387000000.0,0.0,387000000.0,7919000000.0,2650000000.0,5269000000.0,28024461794.0,-19000000.0,-437000000.0,-636000000.0,795000000.0,-381000000.0,-170000000.0,-1813000000.0,0.0,1958000000.0,6000000.0,1177000000.0,1177000000.0,1177000000.0,0.0,43000000.0,0.125,2062000000.0,1783000000.0,818000000.0,0.325,5.45,23.81,24.041,7963000000.0,0.0,88.71,2.981,3.01,1723000000.0,5325000000.0,9402000000.0,9402000000.0,98000000.0,0.094,0.244,0.145,0.188,42000000.0,1190000000.0,1.0,315910966.0,318997000.0,324842000.0,29.474,11281000000.0,0.0,419000000.0,309000000.0,35.364,-242000000.0
44,PX1,MRT,2007-09-30,2007-09-30,2007-09-30,2021-10-16,0.0,12751000000.0,11963000000.0,2408000000.0,10343000000.0,0.752,15.265,-1274000000.0,26000000.0,26000000.0,5328000000.0,1130000000.0,0.954,1.57,4003000000.0,661000000.0,3342000000.0,4003000000.0,0.0,745000000.0,0.0,0.014,1.15,1676000000.0,2421000000.0,0.269,2421000000.0,1676000000.0,1515000000.0,3.54,3.46,3.54,4862000000.0,4683250000.0,4862000000.0,30469105810.0,18.0,12.585,660000000.0,2.072,1.0,3674000000.0,0.408,1993000000.0,161000000.0,12210000000.0,11694500000.0,448000000.0,0.0,0.0,0.0,7634000000.0,2525000000.0,5109000000.0,26791105810.0,4000000.0,-309000000.0,-732000000.0,688000000.0,-368000000.0,-354000000.0,-1583000000.0,0.0,1934000000.0,7000000.0,1130000000.0,1130000000.0,1130000000.0,0.0,0.0,0.126,1986000000.0,1688000000.0,777000000.0,0.325,5.51,23.709,23.661,7598000000.0,0.0,83.76,2.976,2.964,1707000000.0,,9002000000.0,9002000000.0,95000000.0,0.094,0.241,0.143,0.186,41000000.0,1146000000.0,1.0,319855609.0,318513000.0,324920000.0,28.263,10758000000.0,0.0,385000000.0,0.0,33.776,-117000000.0
45,PX1,MRT,2007-06-30,2007-06-30,2007-06-30,2021-10-16,0.0,12251000000.0,11506500000.0,2314000000.0,9937000000.0,0.759,15.146,-1188000000.0,22000000.0,22000000.0,5193000000.0,1072000000.0,1.212,1.478,3700000000.0,293000000.0,3407000000.0,3700000000.0,0.0,722000000.0,0.0,0.015,1.1,1607000000.0,2329000000.0,0.267,2329000000.0,1607000000.0,1452000000.0,3.34,3.27,3.34,4850000000.0,4591250000.0,4850000000.0,26653339846.0,17.0,11.444,708000000.0,2.211,1.0,3536000000.0,0.405,1943000000.0,155000000.0,12077000000.0,11270750000.0,429000000.0,0.0,0.0,0.0,7167000000.0,1909000000.0,5258000000.0,22943339846.0,1000000.0,-201000000.0,-345000000.0,149000000.0,-354000000.0,-511000000.0,-1389000000.0,0.0,1896000000.0,5000000.0,1072000000.0,1072000000.0,1072000000.0,0.0,0.0,0.123,1938000000.0,1598000000.0,749000000.0,0.329,4.731,21.402,21.554,7265000000.0,0.0,71.99,2.628,2.641,1641000000.0,,8729000000.0,8729000000.0,92000000.0,0.093,0.233,0.143,0.184,41000000.0,1124000000.0,1.0,318701762.0,320213000.0,326301000.0,27.26,10308000000.0,0.0,380000000.0,0.0,32.191,405000000.0
46,PX1,MRT,2007-03-31,2007-03-31,2007-03-31,2021-10-16,0.0,11748000000.0,11153500000.0,2201000000.0,9547000000.0,0.76,13.926,-1129000000.0,26000000.0,26000000.0,5043000000.0,1028000000.0,1.186,1.578,3736000000.0,337000000.0,3399000000.0,3736000000.0,0.0,707000000.0,0.0,0.017,1.05,1550000000.0,2257000000.0,0.266,2257000000.0,1550000000.0,1395000000.0,3.19,3.13,3.19,4467000000.0,4446000000.0,4467000000.0,23301501874.0,15.0,10.324,678000000.0,2.114,1.0,3430000000.0,0.405,1902000000.0,155000000.0,11700000000.0,10820250000.0,407000000.0,0.0,0.0,0.0,7051000000.0,1856000000.0,5195000000.0,20170501874.0,-6000000.0,-182000000.0,-403000000.0,220000000.0,-338000000.0,-505000000.0,-1311000000.0,0.0,1807000000.0,3000000.0,1028000000.0,1028000000.0,1028000000.0,0.0,0.0,0.121,1896000000.0,1534000000.0,664000000.0,0.329,4.515,19.621,19.737,6964000000.0,0.0,62.96,2.381,2.383,1548000000.0,,8473000000.0,8473000000.0,90000000.0,0.092,0.231,0.143,0.183,42000000.0,1099000000.0,1.0,320370106.0,320763000.0,326787000.0,26.415,9846000000.0,0.0,367000000.0,0.0,30.696,345000000.0
47,PX1,MRT,2006-12-31,2006-12-31,2006-12-31,2021-10-16,-1127000000.0,11102000000.0,10870500000.0,2059000000.0,9043000000.0,0.766,14.077,-1100000000.0,36000000.0,36000000.0,4968000000.0,988000000.0,1.171,1.389,3167000000.0,186000000.0,2981000000.0,3167000000.0,656000000.0,696000000.0,0.0,0.017,1.0,1498000000.0,2194000000.0,0.264,2194000000.0,1498000000.0,1343000000.0,3.05,3.0,3.05,4554000000.0,4360500000.0,4554000000.0,22309591796.0,15.0,10.168,652000000.0,2.015,1.0,3356000000.0,0.403,1684000000.0,155000000.0,10791000000.0,10463500000.0,381000000.0,218000000.0,0.0,218000000.0,6326000000.0,1758000000.0,4568000000.0,19157591796.0,-137000000.0,112000000.0,-220000000.0,-378000000.0,-323000000.0,-905000000.0,-988000000.0,0.0,1752000000.0,4000000.0,988000000.0,988000000.0,988000000.0,0.0,0.0,0.119,1869000000.0,1487000000.0,682000000.0,0.328,4.207,19.39,19.452,6694000000.0,0.0,59.33,2.301,2.306,1456000000.0,4687000000.0,8324000000.0,8324000000.0,87000000.0,0.091,0.227,0.143,0.18,42000000.0,1086000000.0,1.0,322898901.0,323495000.0,329293000.0,25.731,9418000000.0,0.0,355000000.0,295000000.0,29.113,301000000.0
48,PX1,MRT,2006-09-30,2006-09-30,2006-09-30,2021-10-16,0.0,10925000000.0,10717750000.0,2104000000.0,8821000000.0,0.767,13.888,-1079000000.0,22000000.0,22000000.0,4925000000.0,933000000.0,1.111,1.385,3174000000.0,350000000.0,2824000000.0,3174000000.0,0.0,693000000.0,0.0,0.016,0.93,1444000000.0,2137000000.0,0.26,2137000000.0,1444000000.0,1287000000.0,2.87,2.83,2.87,4494000000.0,4197500000.0,4494000000.0,22503721465.0,16.0,10.531,486000000.0,1.502,1.0,3296000000.0,0.401,1669000000.0,157000000.0,10515000000.0,10300250000.0,400000000.0,0.0,0.0,0.0,6222000000.0,1893000000.0,4329000000.0,19070721465.0,3000000.0,78000000.0,-73000000.0,-157000000.0,-301000000.0,-561000000.0,-1001000000.0,0.0,1565000000.0,0.0,933000000.0,933000000.0,933000000.0,0.0,0.0,0.113,1847000000.0,1449000000.0,603000000.0,0.324,4.244,20.44,20.613,6516000000.0,0.0,59.16,2.32,2.329,1469000000.0,,8221000000.0,8221000000.0,86000000.0,0.087,0.222,0.14,0.176,32000000.0,1068000000.0,1.0,322358375.0,323582000.0,329498000.0,25.406,9256000000.0,0.0,354000000.0,0.0,28.605,211000000.0
49,PX1,MRT,2006-06-30,2006-06-30,2006-06-30,2021-10-16,0.0,10839000000.0,10532000000.0,2086000000.0,8753000000.0,0.761,13.196,-1040000000.0,21000000.0,21000000.0,4810000000.0,794000000.0,0.894,1.491,3454000000.0,875000000.0,2579000000.0,3454000000.0,0.0,685000000.0,0.0,0.016,0.86,1369000000.0,2054000000.0,0.256,2054000000.0,1369000000.0,1210000000.0,2.44,2.41,2.44,4269000000.0,4042250000.0,4269000000.0,20824309846.0,15.0,10.138,391000000.0,1.209,1.0,3202000000.0,0.4,1664000000.0,159000000.0,10275000000.0,10165000000.0,396000000.0,0.0,0.0,0.0,6367000000.0,2333000000.0,4034000000.0,17448309846.0,-7000000.0,-11000000.0,-149000000.0,74000000.0,-278000000.0,-387000000.0,-1051000000.0,0.0,1431000000.0,0.0,794000000.0,794000000.0,794000000.0,0.0,0.0,0.099,1808000000.0,1394000000.0,576000000.0,0.352,4.087,21.975,22.131,6417000000.0,0.0,54.0,2.178,2.18,1453000000.0,,8012000000.0,8012000000.0,84000000.0,0.075,0.196,0.135,0.171,22000000.0,1039000000.0,1.0,323116849.0,323519000.0,329880000.0,24.765,9175000000.0,0.0,416000000.0,0.0,28.36,-247000000.0
50,PX1,MRT,2006-03-31,2006-03-31,2006-03-31,2021-10-16,0.0,10616000000.0,10306500000.0,2053000000.0,8563000000.0,0.762,12.739,-968000000.0,32000000.0,32000000.0,4739000000.0,756000000.0,0.99,1.523,3408000000.0,631000000.0,2777000000.0,3408000000.0,0.0,674000000.0,0.0,0.014,0.79,1305000000.0,1979000000.0,0.252,1979000000.0,1305000000.0,1146000000.0,2.33,2.29,2.33,4125000000.0,3930250000.0,4125000000.0,21075269957.0,16.0,10.649,461000000.0,1.424,1.0,3116000000.0,0.397,1645000000.0,159000000.0,10273000000.0,10072250000.0,391000000.0,0.0,0.0,0.0,6284000000.0,2074000000.0,4210000000.0,17801269957.0,6000000.0,-19000000.0,-126000000.0,-21000000.0,-256000000.0,-436000000.0,-987000000.0,0.0,1429000000.0,0.0,756000000.0,756000000.0,756000000.0,0.0,0.0,0.096,1770000000.0,1346000000.0,581000000.0,0.339,4.315,23.547,23.67,6271000000.0,0.0,55.15,2.266,2.273,1405000000.0,,7855000000.0,7855000000.0,81000000.0,0.073,0.192,0.13,0.166,11000000.0,1015000000.0,1.0,322779147.0,323804000.0,330043000.0,24.259,8971000000.0,0.0,390000000.0,0.0,27.705,-21000000.0
51,PX1,MRT,2005-12-31,2005-12-31,2005-12-31,2021-10-16,-1257000000.0,10491000000.0,10110500000.0,2133000000.0,8358000000.0,0.757,12.052,-877000000.0,173000000.0,173000000.0,4641000000.0,726000000.0,1.066,1.637,3447000000.0,521000000.0,2926000000.0,3447000000.0,627000000.0,665000000.0,0.0,0.014,0.72,1265000000.0,1930000000.0,0.252,1930000000.0,1265000000.0,1102000000.0,2.24,2.2,2.24,3902000000.0,3811750000.0,3902000000.0,20322208348.0,16.0,10.53,598000000.0,1.847,1.0,3015000000.0,0.394,1626000000.0,163000000.0,10138000000.0,9957500000.0,373000000.0,218000000.0,0.0,218000000.0,6387000000.0,2001000000.0,4386000000.0,17069208348.0,148000000.0,-10000000.0,-154000000.0,-3000000.0,-233000000.0,-438000000.0,-887000000.0,0.0,1475000000.0,-2000000.0,726000000.0,726000000.0,726000000.0,0.0,0.0,0.095,1732000000.0,1283000000.0,639000000.0,0.321,4.374,23.511,23.643,6108000000.0,0.0,52.96,2.23,2.24,1386000000.0,4022000000.0,7656000000.0,7656000000.0,80000000.0,0.072,0.19,0.127,0.165,0.0,987000000.0,1.0,322303783.0,323765000.0,329685000.0,23.647,8865000000.0,0.0,376000000.0,199000000.0,27.381,132000000.0
52,PX1,MRT,2005-09-30,2005-09-30,2005-09-30,2021-10-16,0.0,10182000000.0,9957250000.0,1883000000.0,8299000000.0,0.745,11.949,-841000000.0,19000000.0,19000000.0,4514000000.0,693000000.0,1.023,1.571,3272000000.0,457000000.0,2815000000.0,3272000000.0,0.0,644000000.0,0.0,0.014,0.69,1212000000.0,1856000000.0,0.25,1856000000.0,1212000000.0,1049000000.0,2.14,2.1,2.14,3873000000.0,3738250000.0,3873000000.0,18795615396.0,16.0,10.127,686000000.0,2.116,1.0,2908000000.0,0.392,1620000000.0,163000000.0,9974000000.0,9889000000.0,369000000.0,0.0,0.0,0.0,6084000000.0,1841000000.0,4243000000.0,15496615396.0,-3000000.0,-654000000.0,-206000000.0,406000000.0,-223000000.0,-37000000.0,-1495000000.0,0.0,1527000000.0,2000000.0,693000000.0,693000000.0,693000000.0,0.0,0.0,0.093,1697000000.0,1211000000.0,530000000.0,0.322,4.001,22.362,22.397,6062000000.0,0.0,47.93,2.088,2.093,1334000000.0,,7422000000.0,7422000000.0,78000000.0,0.07,0.185,0.123,0.163,0.0,975000000.0,1.0,323317659.0,324137000.0,329993000.0,22.898,8562000000.0,0.0,356000000.0,0.0,26.415,42000000.0
53,PX1,MRT,2005-06-30,2005-06-30,2005-06-30,2021-10-16,0.0,9937000000.0,9581500000.0,1832000000.0,8105000000.0,0.752,11.797,-767000000.0,28000000.0,28000000.0,4389000000.0,762000000.0,1.061,1.542,3327000000.0,517000000.0,2810000000.0,3327000000.0,0.0,624000000.0,0.0,0.014,0.66,1178000000.0,1802000000.0,0.25,1802000000.0,1178000000.0,1016000000.0,2.35,2.3,2.35,3821000000.0,3612250000.0,3821000000.0,18497273456.0,16.0,10.265,722000000.0,2.229,1.0,2817000000.0,0.391,1606000000.0,162000000.0,9904000000.0,9547250000.0,351000000.0,0.0,0.0,0.0,5891000000.0,1726000000.0,4165000000.0,15074273456.0,5000000.0,-645000000.0,-170000000.0,320000000.0,-214000000.0,-75000000.0,-1412000000.0,0.0,1489000000.0,3000000.0,762000000.0,762000000.0,762000000.0,0.0,0.0,0.106,1652000000.0,1165000000.0,504000000.0,0.281,3.945,19.783,19.83,5933000000.0,0.0,46.6,2.092,2.095,1285000000.0,,7206000000.0,7206000000.0,78000000.0,0.08,0.211,0.123,0.163,0.0,950000000.0,1.0,323482263.0,323898000.0,329818000.0,22.248,8331000000.0,0.0,254000000.0,0.0,25.721,106000000.0
54,PX1,MRT,2005-03-31,2005-03-31,2005-03-31,2021-10-16,0.0,9832000000.0,9231750000.0,1773000000.0,8059000000.0,0.746,11.275,-709000000.0,26000000.0,26000000.0,4188000000.0,728000000.0,0.97,1.632,3449000000.0,608000000.0,2841000000.0,3449000000.0,0.0,601000000.0,0.0,0.013,0.63,1133000000.0,1734000000.0,0.252,1734000000.0,1133000000.0,973000000.0,2.24,2.2,2.24,3651000000.0,3452250000.0,3651000000.0,18929089235.0,17.0,10.916,642000000.0,1.983,1.0,2702000000.0,0.392,1614000000.0,160000000.0,9814000000.0,9359000000.0,340000000.0,0.0,0.0,0.0,5960000000.0,1827000000.0,4133000000.0,15429089235.0,-11000000.0,-887000000.0,-156000000.0,600000000.0,-204000000.0,231000000.0,-1596000000.0,0.0,1351000000.0,3000000.0,728000000.0,728000000.0,728000000.0,0.0,0.0,0.106,1589000000.0,1113000000.0,541000000.0,0.281,4.226,21.194,21.366,5886000000.0,0.0,47.86,2.239,2.249,1264000000.0,,6890000000.0,6890000000.0,78000000.0,0.079,0.211,0.121,0.164,0.0,910000000.0,1.0,322379633.0,323818000.0,329669000.0,21.277,8218000000.0,0.0,245000000.0,0.0,25.378,-54000000.0
55,PX1,MRT,2004-12-31,2004-12-31,2004-12-31,2021-10-16,-1180000000.0,9878000000.0,8855500000.0,1744000000.0,8134000000.0,0.745,11.071,-668000000.0,25000000.0,25000000.0,3987000000.0,697000000.0,0.93,1.675,3525000000.0,649000000.0,2876000000.0,3525000000.0,345000000.0,578000000.0,0.0,0.014,0.6,1084000000.0,1662000000.0,0.252,1662000000.0,1084000000.0,929000000.0,2.14,2.1,2.14,3608000000.0,3323500000.0,3608000000.0,17201545836.0,16.0,10.35,575000000.0,1.764,1.0,2607000000.0,0.395,1639000000.0,155000000.0,9864000000.0,9140250000.0,328000000.0,210000000.0,0.0,210000000.0,6045000000.0,1875000000.0,4170000000.0,14336545836.0,-25000000.0,-884000000.0,-182000000.0,666000000.0,-195000000.0,281000000.0,-1552000000.0,0.0,1243000000.0,3000000.0,697000000.0,697000000.0,697000000.0,0.0,0.0,0.106,1524000000.0,1083000000.0,502000000.0,0.28,3.974,20.569,20.631,5946000000.0,0.0,44.15,2.174,2.182,1231000000.0,3529000000.0,6594000000.0,6594000000.0,77000000.0,0.079,0.21,0.119,0.164,0.0,869000000.0,1.0,324723575.0,325891000.0,331403000.0,20.234,8239000000.0,0.0,232000000.0,129000000.0,25.281,-131000000.0
56,PX1,MRT,2004-09-30,2004-09-30,2004-09-30,2021-10-16,0.0,8679000000.0,8462250000.0,1577000000.0,7102000000.0,0.741,10.32,-624000000.0,22000000.0,22000000.0,3752000000.0,671000000.0,0.97,1.515,2887000000.0,629000000.0,2258000000.0,2887000000.0,0.0,559000000.0,0.0,0.014,0.585,1043000000.0,1602000000.0,0.256,1602000000.0,1043000000.0,892000000.0,2.05,2.02,2.05,3369000000.0,3193500000.0,3369000000.0,16885709548.0,16.0,10.54,578000000.0,1.771,1.0,2517000000.0,0.401,1312000000.0,151000000.0,8607000000.0,8880000000.0,308000000.0,0.0,0.0,0.0,5104000000.0,1625000000.0,3479000000.0,13887709548.0,-24000000.0,-236000000.0,-91000000.0,-77000000.0,-190000000.0,-368000000.0,-860000000.0,0.0,1202000000.0,2000000.0,671000000.0,671000000.0,671000000.0,0.0,0.0,0.107,1464000000.0,1053000000.0,418000000.0,0.285,4.122,20.697,20.849,5283000000.0,0.0,42.74,2.215,2.226,1136000000.0,,6269000000.0,6269000000.0,78000000.0,0.079,0.21,0.117,0.166,0.0,827000000.0,1.0,324934711.0,326447000.0,331919000.0,19.204,7367000000.0,0.0,221000000.0,0.0,22.567,-48000000.0
57,PX1,MRT,2004-06-30,2004-06-30,2004-06-30,2021-10-16,0.0,8538000000.0,8309250000.0,1564000000.0,6974000000.0,0.723,9.764,-631000000.0,23000000.0,23000000.0,3565000000.0,644000000.0,1.432,1.62,3021000000.0,164000000.0,2857000000.0,3021000000.0,0.0,547000000.0,0.0,0.014,0.542,1003000000.0,1550000000.0,0.258,1550000000.0,1003000000.0,853000000.0,1.97,1.94,1.97,3181000000.0,3069750000.0,3181000000.0,15775721839.0,16.0,10.178,492000000.0,1.51,1.0,2444000000.0,0.407,1293000000.0,150000000.0,9151000000.0,8934000000.0,322000000.0,0.0,0.0,0.0,5154000000.0,1092000000.0,4062000000.0,12969721839.0,-31000000.0,-255000000.0,-156000000.0,70000000.0,-176000000.0,-268000000.0,-886000000.0,0.0,1123000000.0,0.0,644000000.0,644000000.0,644000000.0,0.0,0.0,0.107,1424000000.0,1020000000.0,407000000.0,0.275,4.077,20.139,20.259,5188000000.0,0.0,39.91,2.158,2.164,1104000000.0,,6009000000.0,6009000000.0,77000000.0,0.078,0.21,0.112,0.167,0.0,800000000.0,1.0,324974238.0,325786000.0,330897000.0,18.445,7245000000.0,0.0,209000000.0,0.0,22.239,472000000.0
58,PX1,MRT,2004-03-31,2004-03-31,2004-03-31,2021-10-16,0.0,8327000000.0,8180500000.0,1483000000.0,6844000000.0,0.71,9.608,-984000000.0,37000000.0,37000000.0,3432000000.0,619000000.0,1.391,1.592,2843000000.0,150000000.0,2693000000.0,2843000000.0,0.0,534000000.0,0.0,0.013,0.5,954000000.0,1488000000.0,0.256,1488000000.0,954000000.0,808000000.0,1.89,1.86,1.89,3136000000.0,2994500000.0,3136000000.0,14840711904.0,16.0,9.974,163000000.0,0.499,1.0,2375000000.0,0.409,1128000000.0,146000000.0,8939000000.0,8843250000.0,308000000.0,0.0,0.0,0.0,4993000000.0,1066000000.0,3927000000.0,12074711904.0,-21000000.0,-33000000.0,-64000000.0,77000000.0,-163000000.0,-153000000.0,-1017000000.0,0.0,1147000000.0,2000000.0,619000000.0,619000000.0,619000000.0,0.0,0.0,0.107,1396000000.0,979000000.0,401000000.0,0.265,3.85,19.507,19.64,5224000000.0,0.0,37.12,2.079,2.086,1013000000.0,,5807000000.0,5807000000.0,77000000.0,0.076,0.207,0.108,0.164,0.0,785000000.0,1.0,325288575.0,326394000.0,331573000.0,17.791,7199000000.0,0.0,189000000.0,0.0,22.056,417000000.0
59,PX1,MRT,2003-12-31,2003-12-31,2003-12-31,2021-10-16,-1352000000.0,8305000000.0,7989000000.0,1449000000.0,6856000000.0,0.703,9.461,-983000000.0,50000000.0,50000000.0,3328000000.0,585000000.0,1.297,1.626,2816000000.0,155000000.0,2661000000.0,2816000000.0,328000000.0,517000000.0,0.0,0.012,0.457,910000000.0,1427000000.0,0.254,1427000000.0,910000000.0,759000000.0,1.79,1.77,1.79,3088000000.0,2829750000.0,3088000000.0,15333744668.0,17.0,10.745,154000000.0,0.472,1.0,2285000000.0,0.407,1131000000.0,151000000.0,8823000000.0,8631250000.0,302000000.0,182000000.0,0.0,182000000.0,5022000000.0,1117000000.0,3905000000.0,12421744668.0,11000000.0,-9000000.0,-25000000.0,43000000.0,-149000000.0,-136000000.0,-992000000.0,0.0,1137000000.0,2000000.0,585000000.0,585000000.0,585000000.0,0.0,0.0,0.104,1358000000.0,927000000.0,413000000.0,0.255,4.023,21.234,21.341,5252000000.0,0.0,38.2,2.213,2.221,962000000.0,3027000000.0,5613000000.0,5613000000.0,75000000.0,0.073,0.207,0.105,0.162,0.0,766000000.0,1.0,325176562.0,326388000.0,330991000.0,17.197,7174000000.0,0.0,174000000.0,104000000.0,21.98,332000000.0
60,PX1,MRT,2003-09-30,2003-09-30,2003-09-30,2021-10-16,0.0,8067000000.0,7763000000.0,1426000000.0,6641000000.0,0.702,8.804,-942000000.0,46000000.0,46000000.0,3216000000.0,570000000.0,1.347,1.744,2958000000.0,167000000.0,2791000000.0,2958000000.0,0.0,504000000.0,0.0,0.013,0.417,895000000.0,1399000000.0,0.257,1399000000.0,895000000.0,735000000.0,1.755,1.715,1.755,2874000000.0,2642750000.0,2874000000.0,12993714769.0,15.0,9.288,146000000.0,0.447,1.0,2233000000.0,0.41,1097000000.0,160000000.0,8823000000.0,8419250000.0,302000000.0,0.0,0.0,0.0,5012000000.0,1059000000.0,3953000000.0,10095714769.0,2000000.0,-20000000.0,-26000000.0,51000000.0,-135000000.0,-124000000.0,-962000000.0,0.0,1088000000.0,0.0,570000000.0,570000000.0,570000000.0,0.0,0.0,0.105,1335000000.0,898000000.0,393000000.0,0.238,3.513,17.712,17.65,5123000000.0,0.0,30.975,1.853,1.856,965000000.0,,5449000000.0,5449000000.0,74000000.0,0.073,0.216,0.106,0.164,0.0,757000000.0,1.0,325931066.0,326430000.0,330990000.0,16.693,6970000000.0,0.0,165000000.0,0.0,21.352,367000000.0
61,PX1,MRT,2003-06-30,2003-06-30,2003-06-30,2021-10-16,0.0,8023000000.0,7560750000.0,1436000000.0,6587000000.0,0.705,8.816,-893000000.0,54000000.0,54000000.0,3133000000.0,551000000.0,1.382,1.727,2952000000.0,176000000.0,2776000000.0,2952000000.0,0.0,491000000.0,0.0,0.013,0.405,890000000.0,1381000000.0,0.259,1381000000.0,890000000.0,705000000.0,1.695,1.665,1.695,2880000000.0,2475250000.0,2880000000.0,12448093372.0,14.0,9.014,148000000.0,0.453,1.0,2194000000.0,0.412,1094000000.0,185000000.0,8788000000.0,8209500000.0,294000000.0,0.0,0.0,0.0,4975000000.0,1039000000.0,3936000000.0,9764093372.0,22000000.0,-20000000.0,88000000.0,-87000000.0,-131000000.0,-105000000.0,-913000000.0,0.0,1041000000.0,-1000000.0,551000000.0,551000000.0,551000000.0,0.0,0.0,0.103,1316000000.0,878000000.0,369000000.0,0.239,3.39,17.721,17.729,5068000000.0,0.0,30.05,1.833,1.843,965000000.0,,5327000000.0,5327000000.0,72000000.0,0.073,0.223,0.108,0.167,0.0,753000000.0,1.0,324928232.0,326688000.0,330850000.0,16.306,6929000000.0,0.0,154000000.0,0.0,21.21,397000000.0
62,PX1,MRT,2003-03-31,2003-03-31,2003-03-31,2021-10-16,0.0,7561000000.0,7461500000.0,1412000000.0,6149000000.0,0.701,7.604,-514000000.0,58000000.0,58000000.0,3055000000.0,551000000.0,1.297,1.988,2742000000.0,214000000.0,2528000000.0,2742000000.0,0.0,484000000.0,0.0,0.014,0.392,910000000.0,1394000000.0,0.266,1394000000.0,910000000.0,713000000.0,1.695,1.665,1.695,2477000000.0,2337500000.0,2477000000.0,11878503655.0,13.0,8.521,511000000.0,1.569,1.0,2178000000.0,0.416,1065000000.0,197000000.0,8091000000.0,8096750000.0,285000000.0,0.0,0.0,0.0,4924000000.0,1089000000.0,3835000000.0,9169503655.0,20000000.0,-5000000.0,-99000000.0,-275000000.0,-127000000.0,-483000000.0,-519000000.0,0.0,1025000000.0,-3000000.0,551000000.0,551000000.0,551000000.0,0.0,0.0,0.105,1305000000.0,873000000.0,360000000.0,0.231,3.702,16.642,16.622,4684000000.0,0.0,28.175,1.752,1.754,937000000.0,,5233000000.0,5233000000.0,69000000.0,0.074,0.236,0.112,0.174,0.0,752000000.0,1.0,325448222.0,325762000.0,329270000.0,16.064,6496000000.0,0.0,162000000.0,0.0,19.941,323000000.0
63,PX1,MRT,2002-12-31,2002-12-31,2002-12-31,2021-10-16,-1673000000.0,7401000000.0,7518000000.0,1286000000.0,6115000000.0,0.682,7.188,-498000000.0,39000000.0,39000000.0,2950000000.0,409000000.0,1.169,2.093,2748000000.0,238000000.0,2510000000.0,2748000000.0,461000000.0,483000000.0,0.0,0.013,0.38,773000000.0,1256000000.0,0.245,1256000000.0,773000000.0,567000000.0,1.26,1.24,1.26,2340000000.0,2360000000.0,2340000000.0,12173126677.0,16.0,9.692,503000000.0,1.545,1.0,2178000000.0,0.425,1035000000.0,206000000.0,7975000000.0,8166250000.0,277000000.0,184000000.0,0.0,184000000.0,4897000000.0,1100000000.0,3797000000.0,9342126677.0,0.0,-89000000.0,-70000000.0,-245000000.0,-123000000.0,-411000000.0,-587000000.0,0.0,1001000000.0,-3000000.0,409000000.0,409000000.0,409000000.0,0.0,0.0,0.08,1303000000.0,875000000.0,378000000.0,0.302,3.992,22.841,22.925,4666000000.0,0.0,28.885,1.822,1.834,860000000.0,2593000000.0,5128000000.0,5128000000.0,69000000.0,0.054,0.173,0.095,0.151,0.0,751000000.0,1.0,323424846.0,325536000.0,329489000.0,15.752,6366000000.0,0.0,158000000.0,74000000.0,19.555,186000000.0
64,PX1,MRT,2002-09-30,2002-09-30,2002-09-30,2021-10-16,0.0,7258000000.0,7596500000.0,1321000000.0,5937000000.0,0.667,6.79,-518000000.0,44000000.0,44000000.0,2918000000.0,387000000.0,1.192,2.224,2875000000.0,248000000.0,2627000000.0,2875000000.0,0.0,486000000.0,0.0,0.018,0.455,755000000.0,1241000000.0,0.245,1241000000.0,755000000.0,540000000.0,1.185,1.17,1.185,2204000000.0,2394250000.0,2204000000.0,11239838056.0,15.0,9.057,501000000.0,1.543,1.0,2151000000.0,0.424,997000000.0,215000000.0,7984000000.0,8245250000.0,288000000.0,0.0,0.0,0.0,4902000000.0,1108000000.0,3794000000.0,8249838056.0,14000000.0,-66000000.0,-41000000.0,-289000000.0,-120000000.0,-420000000.0,-584000000.0,0.0,1019000000.0,-1000000.0,387000000.0,387000000.0,387000000.0,0.0,0.0,0.076,1290000000.0,861000000.0,328000000.0,0.384,3.743,21.317,21.565,4551000000.0,0.0,25.555,1.628,1.636,869000000.0,,5069000000.0,5069000000.0,67000000.0,0.051,0.162,0.092,0.149,0.0,737000000.0,1.0,322826768.0,324590000.0,327826000.0,15.617,6261000000.0,0.0,153000000.0,0.0,19.289,213000000.0
65,PX1,MRT,2002-06-30,2002-06-30,2002-06-30,2021-10-16,0.0,7626000000.0,7706000000.0,1393000000.0,6233000000.0,0.655,7.157,-532000000.0,32000000.0,32000000.0,2921000000.0,318000000.0,1.137,2.199,3022000000.0,305000000.0,2717000000.0,3022000000.0,0.0,493000000.0,0.0,0.016,0.445,668000000.0,1161000000.0,0.23,1161000000.0,668000000.0,457000000.0,0.98,0.96,0.98,2329000000.0,2418500000.0,2329000000.0,12277453132.0,18.0,10.575,458000000.0,1.408,1.0,2127000000.0,0.421,1054000000.0,211000000.0,8337000000.0,8665500000.0,307000000.0,0.0,0.0,0.0,5122000000.0,1225000000.0,3897000000.0,9306453132.0,-14000000.0,-52000000.0,-84000000.0,-215000000.0,-117000000.0,-419000000.0,-584000000.0,0.0,990000000.0,-1000000.0,318000000.0,318000000.0,318000000.0,0.0,0.0,0.063,1290000000.0,837000000.0,363000000.0,0.454,3.996,29.266,29.066,4726000000.0,0.0,28.485,1.844,1.836,923000000.0,,5048000000.0,5048000000.0,67000000.0,0.041,0.131,0.077,0.132,0.0,730000000.0,1.0,326714170.0,325396000.0,329660000.0,15.513,6572000000.0,0.0,139000000.0,0.0,20.197,168000000.0
66,PX1,MRT,2002-03-31,2002-03-31,2002-03-31,2021-10-16,0.0,7787000000.0,7759500000.0,1356000000.0,6431000000.0,0.651,7.849,-557000000.0,38000000.0,38000000.0,2950000000.0,294000000.0,1.158,1.968,3009000000.0,298000000.0,2711000000.0,3009000000.0,0.0,498000000.0,0.0,0.015,0.435,646000000.0,1144000000.0,0.226,1144000000.0,646000000.0,427000000.0,0.91,0.895,0.91,2567000000.0,2439750000.0,2567000000.0,12698168131.0,20.0,11.1,424000000.0,1.296,1.0,2105000000.0,0.416,1218000000.0,219000000.0,8369000000.0,9031750000.0,292000000.0,0.0,0.0,0.0,5052000000.0,1171000000.0,3881000000.0,9748168131.0,-5000000.0,-109000000.0,50000000.0,-252000000.0,-114000000.0,-318000000.0,-666000000.0,0.0,981000000.0,-2000000.0,294000000.0,294000000.0,294000000.0,0.0,0.0,0.058,1280000000.0,825000000.0,364000000.0,0.478,3.797,33.157,32.857,4800000000.0,0.0,29.9,1.928,1.934,899000000.0,,5055000000.0,5055000000.0,67000000.0,0.038,0.121,0.072,0.128,0.0,715000000.0,1.0,326025690.0,327048000.0,331872000.0,15.456,6569000000.0,0.0,133000000.0,0.0,20.086,185000000.0
67,PX1,MRT,2001-12-31,2001-12-31,2001-12-31,2021-10-16,-1297000000.0,7715000000.0,7769750000.0,1276000000.0,6439000000.0,0.664,7.668,-595000000.0,39000000.0,39000000.0,3060000000.0,430000000.0,1.069,2.05,2989000000.0,264000000.0,2725000000.0,2989000000.0,607000000.0,499000000.0,0.0,0.015,0.425,789000000.0,1288000000.0,0.25,1288000000.0,789000000.0,565000000.0,1.33,1.31,1.33,2477000000.0,2383750000.0,2477000000.0,12031957859.0,15.0,9.342,425000000.0,1.316,1.0,2098000000.0,0.407,1180000000.0,224000000.0,8291000000.0,9333000000.0,287000000.0,198000000.0,0.0,198000000.0,5077000000.0,1194000000.0,3883000000.0,8886957859.0,8000000.0,-168000000.0,66000000.0,-189000000.0,-110000000.0,-247000000.0,-763000000.0,0.0,1020000000.0,-2000000.0,430000000.0,430000000.0,430000000.0,0.0,0.0,0.083,1264000000.0,834000000.0,413000000.0,0.32,3.588,20.667,20.771,4817000000.0,0.0,27.625,1.723,1.73,857000000.0,2307000000.0,5158000000.0,5158000000.0,66000000.0,0.055,0.18,0.085,0.153,0.0,699000000.0,1.0,321699832.0,323020000.0,327014000.0,15.968,6535000000.0,0.0,135000000.0,80000000.0,20.231,82000000.0
68,PX1,MRT,2001-09-30,2001-09-30,2001-09-30,2021-10-16,0.0,7696000000.0,7781500000.0,1365000000.0,6331000000.0,0.667,7.114,-604000000.0,30000000.0,30000000.0,3161000000.0,317000000.0,1.161,2.272,3175000000.0,263000000.0,2912000000.0,3175000000.0,0.0,492000000.0,0.0,0.016,0.333,636000000.0,1128000000.0,0.217,1128000000.0,636000000.0,409000000.0,0.985,0.97,0.985,2301000000.0,2353750000.0,2301000000.0,9924126524.0,16.0,8.798,362000000.0,1.119,1.0,2032000000.0,0.391,0.0,227000000.0,9665000000.0,9618500000.0,308000000.0,0.0,0.0,0.0,5228000000.0,1176000000.0,4052000000.0,6784126524.0,-1000000.0,-151000000.0,39000000.0,-133000000.0,-108000000.0,-209000000.0,-755000000.0,0.0,966000000.0,-3000000.0,317000000.0,317000000.0,317000000.0,0.0,0.0,0.061,1273000000.0,759000000.0,393000000.0,0.338,2.948,21.401,21.32,4726000000.0,0.0,21.0,1.306,1.308,918000000.0,,5193000000.0,5193000000.0,64000000.0,0.041,0.135,0.066,0.122,0.0,717000000.0,1.0,323053644.0,323468000.0,326540000.0,16.054,7696000000.0,0.0,92000000.0,0.0,23.792,189000000.0
69,PX1,MRT,2001-06-30,2001-06-30,2001-06-30,2021-10-16,0.0,7840000000.0,7810000000.0,1442000000.0,6398000000.0,0.665,7.472,-639000000.0,46000000.0,46000000.0,3185000000.0,377000000.0,1.224,2.182,3186000000.0,270000000.0,2916000000.0,3186000000.0,0.0,482000000.0,0.0,0.014,0.325,708000000.0,1190000000.0,0.229,1190000000.0,708000000.0,482000000.0,1.17,1.155,1.17,2414000000.0,2379250000.0,2414000000.0,10727958016.0,15.0,9.015,370000000.0,1.145,1.0,2012000000.0,0.387,0.0,226000000.0,9802000000.0,9618000000.0,319000000.0,0.0,0.0,0.0,5267000000.0,1178000000.0,4089000000.0,7548958016.0,21000000.0,-103000000.0,89000000.0,-221000000.0,-104000000.0,-243000000.0,-742000000.0,0.0,1009000000.0,-3000000.0,377000000.0,377000000.0,377000000.0,0.0,0.0,0.073,1245000000.0,767000000.0,405000000.0,0.278,3.127,20.024,20.085,4692000000.0,0.0,23.5,1.453,1.461,932000000.0,,5197000000.0,5197000000.0,65000000.0,0.048,0.158,0.074,0.136,0.0,698000000.0,1.0,321232256.0,323086000.0,327542000.0,16.086,7840000000.0,0.0,105000000.0,0.0,24.266,264000000.0
70,PX1,MRT,2001-03-31,2001-03-31,2001-03-31,2021-10-16,0.0,7828000000.0,7818000000.0,1455000000.0,6373000000.0,0.658,7.287,-690000000.0,43000000.0,43000000.0,3162000000.0,373000000.0,1.015,2.273,3222000000.0,508000000.0,2714000000.0,3222000000.0,0.0,475000000.0,0.0,0.014,0.318,706000000.0,1181000000.0,0.229,1181000000.0,706000000.0,478000000.0,1.165,1.15,1.165,2343000000.0,2363000000.0,2343000000.0,10256829515.0,15.0,8.685,246000000.0,0.765,1.0,1986000000.0,0.386,0.0,228000000.0,9574000000.0,9651750000.0,316000000.0,0.0,0.0,0.0,5326000000.0,1433000000.0,3893000000.0,7146829515.0,18000000.0,-286000000.0,87000000.0,135000000.0,-101000000.0,60000000.0,-976000000.0,0.0,936000000.0,-2000000.0,373000000.0,373000000.0,373000000.0,0.0,0.0,0.072,1224000000.0,762000000.0,413000000.0,0.273,3.05,19.16,19.163,4688000000.0,0.0,22.325,1.388,1.394,933000000.0,,5148000000.0,5148000000.0,65000000.0,0.048,0.158,0.073,0.137,0.0,684000000.0,1.0,320126742.0,321546000.0,325322000.0,16.01,7828000000.0,0.0,105000000.0,0.0,24.345,22000000.0
71,PX1,MRT,2000-12-31,2000-12-31,2000-12-31,2021-10-16,-1011000000.0,7762000000.0,7810750000.0,1361000000.0,6401000000.0,0.646,7.406,-704000000.0,31000000.0,31000000.0,3075000000.0,363000000.0,0.946,2.226,3141000000.0,500000000.0,2641000000.0,3141000000.0,619000000.0,471000000.0,0.0,0.014,0.31,690000000.0,1161000000.0,0.23,1161000000.0,690000000.0,466000000.0,1.14,1.125,1.14,2357000000.0,2356250000.0,2357000000.0,10250810726.0,15.0,8.829,195000000.0,0.613,1.0,1968000000.0,0.39,0.0,224000000.0,9433000000.0,9525500000.0,297000000.0,242000000.0,0.0,242000000.0,5247000000.0,1439000000.0,3808000000.0,7038810726.0,-45000000.0,-184000000.0,-20000000.0,127000000.0,-98000000.0,-55000000.0,-888000000.0,0.0,899000000.0,-1000000.0,363000000.0,363000000.0,363000000.0,0.0,0.0,0.072,1219000000.0,749000000.0,409000000.0,0.272,2.986,19.391,19.465,4771000000.0,0.0,22.19,1.396,1.4,876000000.0,1987000000.0,5043000000.0,5043000000.0,65000000.0,0.046,0.154,0.072,0.137,0.0,683000000.0,1.0,317206432.0,318246000.0,322184000.0,15.846,7762000000.0,0.0,103000000.0,71000000.0,24.39,-78000000.0
72,PX1,MRT,2000-09-30,2000-09-30,2000-09-30,2021-10-16,0.0,7810000000.0,7800750000.0,1375000000.0,6435000000.0,0.638,7.561,-706000000.0,31000000.0,31000000.0,2975000000.0,472000000.0,1.012,2.182,3243000000.0,514000000.0,2729000000.0,3243000000.0,0.0,463000000.0,0.0,0.016,0.302,840000000.0,1303000000.0,0.262,1303000000.0,840000000.0,623000000.0,1.485,1.46,1.485,2403000000.0,2339500000.0,2403000000.0,9284284295.0,11.0,7.125,232000000.0,0.73,1.0,1998000000.0,0.402,0.0,217000000.0,9663000000.0,9396250000.0,313000000.0,0.0,0.0,0.0,5244000000.0,1359000000.0,3885000000.0,5908284295.0,-4000000.0,-306000000.0,-61000000.0,281000000.0,-95000000.0,68000000.0,-1012000000.0,0.0,938000000.0,2000000.0,472000000.0,472000000.0,472000000.0,0.0,0.0,0.095,1181000000.0,817000000.0,380000000.0,0.203,2.459,12.518,12.586,4750000000.0,0.0,18.69,1.188,1.194,905000000.0,,4973000000.0,4973000000.0,67000000.0,0.061,0.202,0.089,0.169,0.0,651000000.0,1.0,316120080.0,317822000.0,321808000.0,15.647,7810000000.0,0.0,151000000.0,0.0,24.574,16000000.0
73,PX1,MRT,2000-06-30,2000-06-30,2000-06-30,2021-10-16,0.0,7872000000.0,7700250000.0,1369000000.0,6503000000.0,0.632,7.409,-697000000.0,25000000.0,25000000.0,2890000000.0,462000000.0,1.044,2.273,3401000000.0,518000000.0,2883000000.0,3401000000.0,0.0,457000000.0,0.0,0.016,0.295,822000000.0,1279000000.0,0.263,1279000000.0,822000000.0,616000000.0,1.455,1.43,1.455,2349000000.0,2277500000.0,2349000000.0,8953520944.0,11.0,7.0,180000000.0,0.568,1.0,1977000000.0,0.406,0.0,206000000.0,9937000000.0,9312000000.0,309000000.0,0.0,0.0,0.0,5339000000.0,1311000000.0,4028000000.0,5902520944.0,-20000000.0,-365000000.0,-106000000.0,429000000.0,-94000000.0,163000000.0,-1062000000.0,0.0,877000000.0,2000000.0,462000000.0,462000000.0,462000000.0,0.0,0.0,0.095,1168000000.0,809000000.0,332000000.0,0.203,2.513,12.776,12.866,4796000000.0,0.0,18.72,1.213,1.219,917000000.0,,4867000000.0,4867000000.0,66000000.0,0.06,0.203,0.088,0.169,0.0,645000000.0,1.0,315305606.0,317030000.0,321258000.0,15.352,7872000000.0,0.0,154000000.0,0.0,24.83,58000000.0
74,PX1,MRT,2000-03-31,2000-03-31,2000-03-31,2021-10-16,0.0,7799000000.0,7591500000.0,1335000000.0,6464000000.0,0.626,7.263,-671000000.0,25000000.0,25000000.0,2802000000.0,447000000.0,0.75,2.175,3076000000.0,969000000.0,2107000000.0,3076000000.0,0.0,450000000.0,0.0,0.014,0.288,800000000.0,1250000000.0,0.263,1250000000.0,800000000.0,601000000.0,1.405,1.38,1.405,2316000000.0,2231000000.0,2316000000.0,9577887518.0,12.0,7.662,281000000.0,0.881,1.0,1949000000.0,0.41,0.0,199000000.0,9069000000.0,9152250000.0,316000000.0,0.0,0.0,0.0,5037000000.0,1781000000.0,3256000000.0,6658887518.0,-3000000.0,-112000000.0,-59000000.0,-22000000.0,-91000000.0,-173000000.0,-783000000.0,0.0,952000000.0,1000000.0,447000000.0,447000000.0,447000000.0,0.0,0.0,0.094,1170000000.0,779000000.0,353000000.0,0.205,2.875,14.897,14.815,4780000000.0,0.0,20.815,1.402,1.397,891000000.0,,4751000000.0,4751000000.0,67000000.0,0.059,0.2,0.087,0.168,0.0,653000000.0,1.0,319908120.0,318866000.0,323150000.0,14.9,7799000000.0,0.0,154000000.0,0.0,24.459,-446000000.0
75,PX1,MRT,1999-12-31,1999-12-31,1999-12-31,2021-10-16,-828000000.0,7722000000.0,7504500000.0,1335000000.0,6387000000.0,0.618,7.189,-653000000.0,76000000.0,76000000.0,2732000000.0,431000000.0,0.774,2.183,2995000000.0,884000000.0,2111000000.0,2995000000.0,600000000.0,445000000.0,0.0,0.011,0.28,787000000.0,1232000000.0,0.266,1232000000.0,787000000.0,583000000.0,1.355,1.33,1.355,2290000000.0,2165000000.0,2290000000.0,10915766853.0,14.0,8.86,316000000.0,0.992,1.0,1907000000.0,0.411,0.0,204000000.0,8916000000.0,9227500000.0,310000000.0,234000000.0,0.0,234000000.0,4998000000.0,1725000000.0,3273000000.0,7996766853.0,42000000.0,-33000000.0,16000000.0,-247000000.0,-89000000.0,-242000000.0,-686000000.0,0.0,969000000.0,1000000.0,431000000.0,431000000.0,431000000.0,0.0,0.0,0.093,1153000000.0,754000000.0,361000000.0,0.207,3.492,18.554,18.565,4720000000.0,0.0,25.155,1.724,1.727,848000000.0,1722000000.0,4639000000.0,4639000000.0,67000000.0,0.057,0.199,0.085,0.17,0.0,641000000.0,1.0,317899696.0,318560000.0,324444000.0,14.562,7722000000.0,0.0,152000000.0,75000000.0,24.24,-390000000.0
76,PX1,MRT,1999-09-30,1999-09-30,1999-09-30,2021-10-16,0.0,7408000000.0,7598000000.0,1283000000.0,6125000000.0,0.61,6.747,-706000000.0,35000000.0,35000000.0,2718000000.0,424000000.0,1.282,2.246,2954000000.0,209000000.0,2745000000.0,2954000000.0,0.0,450000000.0,0.0,0.012,0.273,763000000.0,1213000000.0,0.262,1213000000.0,763000000.0,545000000.0,1.33,1.31,1.33,2155000000.0,2175500000.0,2155000000.0,10253852830.0,13.0,8.453,263000000.0,0.823,1.0,1915000000.0,0.413,0.0,218000000.0,9326000000.0,9510250000.0,286000000.0,0.0,0.0,0.0,4841000000.0,1001000000.0,3840000000.0,7331852830.0,-5000000.0,95000000.0,20000000.0,-349000000.0,-87000000.0,-359000000.0,-611000000.0,0.0,969000000.0,-4000000.0,424000000.0,424000000.0,424000000.0,0.0,0.0,0.092,1155000000.0,760000000.0,305000000.0,0.205,3.402,17.292,17.293,4563000000.0,0.0,23.0,1.583,1.586,865000000.0,,4633000000.0,4633000000.0,66000000.0,0.056,0.195,0.08,0.165,0.0,639000000.0,1.0,318776210.0,319408000.0,325128000.0,14.505,7408000000.0,0.0,121000000.0,0.0,23.193,282000000.0
77,PX1,MRT,1999-06-30,1999-06-30,1999-06-30,2021-10-16,0.0,7437000000.0,7755250000.0,1308000000.0,6129000000.0,0.602,6.786,-723000000.0,45000000.0,45000000.0,2724000000.0,420000000.0,1.233,2.244,2967000000.0,258000000.0,2709000000.0,2967000000.0,0.0,457000000.0,0.0,0.011,0.265,776000000.0,1233000000.0,0.264,1233000000.0,776000000.0,541000000.0,1.32,1.295,1.32,2163000000.0,2201500000.0,2163000000.0,10780442623.0,14.0,8.743,270000000.0,0.847,1.0,1941000000.0,0.416,0.0,235000000.0,9298000000.0,9728250000.0,288000000.0,0.0,0.0,0.0,4854000000.0,1061000000.0,3793000000.0,7716442623.0,14000000.0,255000000.0,31000000.0,-501000000.0,-83000000.0,-508000000.0,-468000000.0,0.0,993000000.0,-3000000.0,420000000.0,420000000.0,420000000.0,0.0,0.0,0.09,1162000000.0,779000000.0,315000000.0,0.201,3.567,18.372,18.538,4552000000.0,0.0,24.47,1.654,1.672,869000000.0,,4665000000.0,4665000000.0,68000000.0,0.054,0.191,0.08,0.166,0.0,637000000.0,1.0,315342976.0,318726000.0,325282000.0,14.636,7437000000.0,0.0,121000000.0,0.0,23.334,247000000.0
78,PX1,MRT,1999-03-31,1999-03-31,1999-03-31,2021-10-16,0.0,7451000000.0,7915750000.0,1342000000.0,6109000000.0,0.6,6.488,-751000000.0,28000000.0,28000000.0,2762000000.0,421000000.0,1.172,2.423,3092000000.0,328000000.0,2764000000.0,3092000000.0,0.0,465000000.0,0.0,0.014,0.258,797000000.0,1262000000.0,0.266,1262000000.0,797000000.0,545000000.0,1.325,1.295,1.325,2052000000.0,2210500000.0,2052000000.0,8917826290.0,11.0,7.066,219000000.0,0.692,1.0,1988000000.0,0.419,0.0,252000000.0,9370000000.0,9983000000.0,289000000.0,0.0,0.0,0.0,4973000000.0,1145000000.0,3828000000.0,5677826290.0,-8000000.0,189000000.0,-18000000.0,-329000000.0,-81000000.0,-413000000.0,-562000000.0,0.0,970000000.0,-3000000.0,421000000.0,421000000.0,421000000.0,0.0,0.0,0.089,1166000000.0,822000000.0,337000000.0,0.195,2.767,13.487,13.608,4535000000.0,0.0,18.03,1.195,1.201,918000000.0,,4750000000.0,4750000000.0,69000000.0,0.053,0.19,0.08,0.168,0.0,632000000.0,1.0,314909944.0,316276000.0,323638000.0,15.019,7451000000.0,0.0,124000000.0,0.0,23.559,197000000.0
79,PX1,MRT,1998-12-31,1998-12-31,1998-12-31,2021-10-16,-412000000.0,8096000000.0,8051250000.0,1394000000.0,6702000000.0,0.6,7.358,-781000000.0,34000000.0,34000000.0,2807000000.0,425000000.0,1.081,2.231,3274000000.0,379000000.0,2895000000.0,3274000000.0,465000000.0,467000000.0,0.0,0.014,0.25,812000000.0,1279000000.0,0.265,1279000000.0,812000000.0,552000000.0,1.34,1.3,1.34,2332000000.0,2233250000.0,2332000000.0,8872955470.0,11.0,6.937,163000000.0,0.514,1.0,2026000000.0,0.419,0.0,260000000.0,10047000000.0,10156250000.0,319000000.0,251000000.0,0.0,251000000.0,5202000000.0,1289000000.0,3913000000.0,5560955470.0,-9000000.0,-35000000.0,12000000.0,-36000000.0,-79000000.0,-134000000.0,-816000000.0,0.0,944000000.0,-3000000.0,425000000.0,425000000.0,425000000.0,0.0,0.0,0.088,1183000000.0,843000000.0,378000000.0,0.187,2.385,13.085,13.153,4875000000.0,0.0,17.625,1.151,1.156,919000000.0,1380000000.0,4833000000.0,4833000000.0,72000000.0,0.053,0.19,0.08,0.168,0.0,644000000.0,1.0,315515204.0,316924000.0,326712000.0,15.25,8096000000.0,0.0,127000000.0,63000000.0,25.546,105000000.0
80,PX1,MRT,1998-09-30,1998-09-30,1998-09-30,2021-10-16,0.0,8037000000.0,7979750000.0,1440000000.0,6597000000.0,0.607,7.109,-806000000.0,40000000.0,40000000.0,2824000000.0,407000000.0,1.251,2.309,3352000000.0,369000000.0,2983000000.0,3352000000.0,0.0,465000000.0,0.0,0.015,0.242,813000000.0,1278000000.0,0.264,1278000000.0,813000000.0,558000000.0,1.285,1.24,1.285,2259000000.0,2180750000.0,2259000000.0,8652539837.0,11.0,6.77,91000000.0,0.286,1.0,2021000000.0,0.417,0.0,255000000.0,10198000000.0,10071000000.0,315000000.0,0.0,0.0,0.0,5217000000.0,1151000000.0,4066000000.0,5170539837.0,-13000000.0,-75000000.0,20000000.0,55000000.0,-76000000.0,-28000000.0,-881000000.0,0.0,897000000.0,-1000000.0,407000000.0,407000000.0,407000000.0,0.0,0.0,0.084,1194000000.0,827000000.0,328000000.0,0.188,2.289,12.704,12.72,4749000000.0,0.0,16.345,1.067,1.072,940000000.0,,4845000000.0,4845000000.0,76000000.0,0.051,0.187,0.081,0.168,0.0,653000000.0,1.0,316337708.0,317786000.0,326834000.0,15.246,8037000000.0,0.0,151000000.0,0.0,25.291,289000000.0
81,PX1,MRT,1998-06-30,1998-06-30,1998-06-30,2021-10-16,0.0,8079000000.0,7905500000.0,1499000000.0,6580000000.0,0.611,6.932,-848000000.0,31000000.0,31000000.0,2826000000.0,406000000.0,1.205,2.421,3513000000.0,362000000.0,3151000000.0,3513000000.0,0.0,458000000.0,0.0,0.01,0.235,801000000.0,1259000000.0,0.26,1259000000.0,801000000.0,556000000.0,1.285,1.235,1.285,2199000000.0,2139500000.0,2199000000.0,10799935512.0,13.0,8.578,4000000.0,0.013,1.0,2008000000.0,0.415,0.0,245000000.0,10317000000.0,9727750000.0,319000000.0,0.0,0.0,0.0,5323000000.0,1244000000.0,4079000000.0,7386935512.0,-17000000.0,-221000000.0,3000000.0,373000000.0,-74000000.0,201000000.0,-1069000000.0,0.0,852000000.0,-1000000.0,406000000.0,406000000.0,406000000.0,0.0,0.0,0.084,1197000000.0,811000000.0,376000000.0,0.183,3.359,18.194,18.214,4755000000.0,0.0,23.405,1.528,1.536,985000000.0,,4834000000.0,4834000000.0,77000000.0,0.051,0.19,0.082,0.166,0.0,662000000.0,1.0,315613566.0,317246000.0,328114000.0,15.237,8079000000.0,0.0,150000000.0,0.0,25.466,255000000.0
82,PX1,MRT,1998-03-31,1998-03-31,1998-03-31,2021-10-16,0.0,7993000000.0,7770500000.0,1519000000.0,6474000000.0,0.615,6.78,-873000000.0,36000000.0,36000000.0,2796000000.0,405000000.0,1.131,2.469,3449000000.0,436000000.0,3013000000.0,3449000000.0,0.0,449000000.0,0.0,0.009,0.227,785000000.0,1234000000.0,0.258,1234000000.0,785000000.0,555000000.0,1.285,1.23,1.285,2143000000.0,2103500000.0,2143000000.0,11360672911.0,14.0,9.206,-41000000.0,-0.13,1.0,1982000000.0,0.415,0.0,230000000.0,10063000000.0,9252750000.0,321000000.0,0.0,0.0,0.0,5292000000.0,1343000000.0,3949000000.0,8098672911.0,-34000000.0,60000000.0,-3000000.0,86000000.0,-71000000.0,-53000000.0,-813000000.0,0.0,832000000.0,0.0,405000000.0,405000000.0,405000000.0,0.0,0.0,0.085,1190000000.0,792000000.0,376000000.0,0.177,3.779,19.997,20.016,4686000000.0,0.0,25.72,1.695,1.701,993000000.0,,4778000000.0,4778000000.0,79000000.0,0.052,0.193,0.085,0.164,0.0,662000000.0,1.0,314878418.0,316060000.0,326472000.0,15.117,7993000000.0,0.0,150000000.0,0.0,25.29,176000000.0
83,PX1,MRT,1997-12-31,1997-12-31,1997-12-31,2021-10-16,-256000000.0,7810000000.0,7681750000.0,1497000000.0,6313000000.0,0.616,6.711,-902000000.0,43000000.0,43000000.0,2764000000.0,405000000.0,1.096,2.4,3305000000.0,431000000.0,2874000000.0,3305000000.0,324000000.0,444000000.0,0.0,0.01,0.22,772000000.0,1216000000.0,0.257,1216000000.0,772000000.0,556000000.0,1.28,1.23,1.28,2122000000.0,2057750000.0,2122000000.0,10336581785.0,13.0,8.5,-150000000.0,-0.474,1.0,1971000000.0,0.416,0.0,216000000.0,9706000000.0,8839500000.0,329000000.0,210000000.0,0.0,210000000.0,5092000000.0,1366000000.0,3726000000.0,7094581785.0,-20000000.0,199000000.0,-27000000.0,59000000.0,-69000000.0,-68000000.0,-703000000.0,0.0,752000000.0,-1000000.0,405000000.0,405000000.0,405000000.0,0.0,0.0,0.086,1185000000.0,786000000.0,383000000.0,0.172,3.343,17.517,17.578,4607000000.0,0.0,22.5,1.498,1.502,971000000.0,1034000000.0,4735000000.0,4735000000.0,79000000.0,0.053,0.197,0.087,0.163,0.0,662000000.0,1.0,315314746.0,316190000.0,328106000.0,14.975,7810000000.0,0.0,151000000.0,51000000.0,24.7,131000000.0
84,PX1,MRT,1997-09-30,1997-09-30,1997-09-30,2021-10-16,0.0,7740000000.0,7613750000.0,1521000000.0,6219000000.0,0.614,6.618,-876000000.0,53000000.0,53000000.0,2712000000.0,412000000.0,0.705,2.418,3295000000.0,1271000000.0,2024000000.0,3295000000.0,0.0,438000000.0,0.0,0.008,0.213,773000000.0,1211000000.0,0.259,1211000000.0,773000000.0,567000000.0,1.34,,1.34,2094000000.0,2008250000.0,2094000000.0,11186103059.0,14.0,9.237,-203000000.0,-0.642,1.0,1965000000.0,0.42,0.0,206000000.0,8825000000.0,8460500000.0,306000000.0,0.0,0.0,0.0,5063000000.0,2157000000.0,2906000000.0,8098103059.0,-29000000.0,-1241000000.0,19000000.0,-104000000.0,-67000000.0,-178000000.0,-523000000.0,1594000000.0,673000000.0,-1000000.0,412000000.0,412000000.0,412000000.0,0.0,0.0,0.088,1179000000.0,786000000.0,358000000.0,0.159,3.867,19.656,19.123,4531000000.0,0.0,25.625,1.731,1.733,988000000.0,,4677000000.0,4677000000.0,77000000.0,0.054,0.205,0.091,0.165,0.0,664000000.0,1.0,316023534.0,316392000.0,,14.782,7740000000.0,0.0,155000000.0,0.0,24.463,-636000000.0
85,PX1,MRT,1997-06-30,1997-06-30,1997-06-30,2021-10-16,0.0,7539000000.0,,1472000000.0,6067000000.0,,6.492,-873000000.0,48000000.0,48000000.0,2650000000.0,393000000.0,0.666,2.341,3136000000.0,1381000000.0,1755000000.0,3136000000.0,0.0,434000000.0,0.0,0.007,0.205,744000000.0,1178000000.0,0.256,1178000000.0,744000000.0,545000000.0,1.27,,1.27,2055000000.0,,2055000000.0,12135737384.0,16.0,10.302,-226000000.0,-0.714,1.0,1952000000.0,0.424,0.0,199000000.0,8417000000.0,,308000000.0,0.0,0.0,0.0,4811000000.0,2210000000.0,2601000000.0,8830737384.0,-8000000.0,-1241000000.0,79000000.0,-150000000.0,-64000000.0,-81000000.0,-572000000.0,1542000000.0,647000000.0,-2000000.0,393000000.0,393000000.0,393000000.0,0.0,0.0,0.085,1182000000.0,770000000.0,327000000.0,0.161,4.297,22.47,22.047,4418000000.0,0.0,28.0,1.919,1.926,913000000.0,,4602000000.0,4602000000.0,76000000.0,,,,0.162,0.0,672000000.0,1.0,315383478.0,316552000.0,,14.538,7539000000.0,0.0,152000000.0,0.0,23.816,-738000000.0
86,PX1,MRT,1997-03-31,1997-03-31,1997-03-31,2021-10-16,0.0,7638000000.0,,1689000000.0,5949000000.0,,6.198,-870000000.0,70000000.0,70000000.0,2600000000.0,367000000.0,0.667,2.561,3375000000.0,1690000000.0,1685000000.0,3375000000.0,0.0,429000000.0,0.0,0.009,0.198,710000000.0,1139000000.0,0.252,1139000000.0,710000000.0,514000000.0,1.18,,1.18,1960000000.0,,1960000000.0,10276457064.0,14.0,9.022,-310000000.0,-0.98,1.0,1917000000.0,0.424,0.0,196000000.0,8410000000.0,,301000000.0,0.0,0.0,0.0,5020000000.0,2533000000.0,2487000000.0,7074457064.0,22000000.0,-1455000000.0,100000000.0,132000000.0,-63000000.0,284000000.0,-820000000.0,1505000000.0,560000000.0,-2000000.0,367000000.0,367000000.0,367000000.0,0.0,0.0,0.081,1178000000.0,739000000.0,335000000.0,0.168,3.609,19.276,19.017,4317000000.0,0.0,22.44,1.566,1.571,912000000.0,,4517000000.0,4517000000.0,74000000.0,,,,0.157,0.0,675000000.0,1.0,315261010.0,316256000.0,,14.283,7638000000.0,0.0,147000000.0,0.0,24.151,-844000000.0
87,PX1,MRT,1996-12-31,1996-12-31,1996-12-31,2021-10-16,-126000000.0,7538000000.0,5836000000.0,1666000000.0,5872000000.0,0.762,6.302,-893000000.0,63000000.0,63000000.0,2564000000.0,282000000.0,0.653,2.623,3265000000.0,1562000000.0,1703000000.0,3265000000.0,258000000.0,420000000.0,0.0,0.008,0.19,587000000.0,1007000000.0,0.226,1007000000.0,587000000.0,392000000.0,0.925,0.885,0.925,1924000000.0,1522500000.0,1924000000.0,,,,-287000000.0,-0.94,1.0,1885000000.0,0.424,0.0,195000000.0,8190000000.0,6299000000.0,312000000.0,195000000.0,0.0,195000000.0,5046000000.0,2550000000.0,2496000000.0,7269918891.0,48000000.0,-1441000000.0,604000000.0,1227000000.0,-58000000.0,1777000000.0,-2334000000.0,0.0,606000000.0,-1000000.0,282000000.0,282000000.0,282000000.0,0.0,0.0,0.063,1265000000.0,620000000.0,408000000.0,0.205,3.779,25.78,24.93,4269000000.0,0.0,23.06,1.634,1.582,914000000.0,698000000.0,4449000000.0,4449000000.0,72000000.0,0.048,0.185,0.093,0.132,0.0,688000000.0,1.0,315261010.0,305308000.0,318076000.0,14.572,7538000000.0,0.0,110000000.0,69000000.0,24.69,-884000000.0
88,PX1,MRT,1996-09-30,1996-09-30,1996-09-30,2021-10-16,,,,,,,,,,,,,,,,,,,,,,0.009,0.183,,,,,,,,,,,,,,,,,,1.0,,,,,,,,,,,,,,,,,,,,,,,,,,,,,,,,,,,,,,,,21.5,,,,,,,,,,,,,,1.0,,,,,,,,,,
89,PX1,MRT,1996-06-30,1996-06-30,1996-06-30,2021-10-16,,,,,,,,,,,,,,,,,,,,,,0.009,0.175,,,,,,,,,,,,,,,,,,1.0,,,,,,,,,,,,,,,,,,,,,,,,,,,,,,,,,,,,,,,,20.312,,,,,,,,,,,,,,1.0,,,,,,,,,,
90,PX1,MRT,1996-03-31,1996-03-31,1996-03-31,2021-10-16,,,,,,,,,,,,,,,,,,,,,,0.009,0.168,,,,,,,,,,,,,,,,,,1.0,,,,,,,,,,,,,,,,,,,,,,,,,,,,,,,,,,,,,,,,19.75,,,,,,,,,,,,,,1.0,,,,,,,,,,
91,PX1,MRT,1995-12-31,1995-12-31,1995-12-31,2021-10-16,-105000000.0,4134000000.0,,930000000.0,3204000000.0,,,-600000000.0,15000000.0,15000000.0,1777000000.0,262000000.0,0.904,2.324,1318000000.0,385000000.0,933000000.0,1318000000.0,262000000.0,279000000.0,0.0,0.01,0.16,500000000.0,779000000.0,0.248,779000000.0,500000000.0,384000000.0,0.945,0.91,0.945,1121000000.0,,1121000000.0,,,,11000000.0,,1.0,1369000000.0,0.435,0.0,116000000.0,4408000000.0,,228000000.0,152000000.0,0.0,152000000.0,2605000000.0,1029000000.0,1576000000.0,,-48000000.0,-120000000.0,66000000.0,50000000.0,-45000000.0,61000000.0,-720000000.0,0.0,611000000.0,0.0,262000000.0,262000000.0,262000000.0,0.0,0.0,0.083,836000000.0,533000000.0,272000000.0,0.169,,,17.794,2737000000.0,0.0,16.815,,,617000000.0,474000000.0,3146000000.0,3146000000.0,61000000.0,,,,0.159,0.0,496000000.0,1.0,,,,,4134000000.0,0.0,122000000.0,64000000.0,,-99000000.0
92,PX1,MRT,1994-12-31,1994-12-31,1994-12-31,2021-10-16,,,,,,,,-326000000.0,,,1507000000.0,203000000.0,,,,,,,,273000000.0,,0.014,0.14,393000000.0,666000000.0,0.246,666000000.0,393000000.0,285000000.0,0.725,,0.725,,,,,,,222000000.0,,1.0,1204000000.0,0.444,,108000000.0,,,,,,,,,,,29000000.0,23000000.0,63000000.0,-153000000.0,-37000000.0,-149000000.0,-362000000.0,-59000000.0,548000000.0,-8000000.0,203000000.0,203000000.0,203000000.0,0.0,0.0,0.075,740000000.0,464000000.0,,0.193,,,14.138,,0.0,10.25,,,,,2711000000.0,2711000000.0,58000000.0,,,,0.145,0.0,409000000.0,1.0,,,,,,,82000000.0,,,
