None,ticker,dimension,calendardate,datekey,reportperiod,lastupdated,accoci,assets,assetsavg,assetsc,assetsnc,assetturnover,bvps,capex,cashneq,cashnequsd,cor,consolinc,currentratio,de,debt,debtc,debtnc,debtusd,deferredrev,depamor,deposits,divyield,dps,ebit,ebitda,ebitdamargin,ebitdausd,ebitusd,ebt,eps,epsdil,epsusd,equity,equityavg,equityusd,ev,evebit,evebitda,fcf,fcfps,fxusd,gp,grossmargin,intangibles,intexp,invcap,invcapavg,inventory,investments,investmentsc,investmentsnc,liabilities,liabilitiesc,liabilitiesnc,marketcap,ncf,ncfbus,ncfcommon,ncfdebt,ncfdiv,ncff,ncfi,ncfinv,ncfo,ncfx,netinc,netinccmn,netinccmnusd,netincdis,netincnci,netmargin,opex,opinc,payables,payoutratio,pb,pe,pe1,ppnenet,prefdivis,price,ps,ps1,receivables,retearn,revenue,revenueusd,rnd,roa,roe,roic,ros,sbcomp,sgna,sharefactor,sharesbas,shareswa,shareswadil,sps,tangibles,taxassets,taxexp,taxliabilities,tbvps,workingcapital
0,VRSK,ARY,2020-12-31,2021-02-23,2020-12-31,2021-08-03,-375700000,7561800000,7179350000.0,794200000,6767600000,0.388,16.593,-223700000.0,218800000,218800000,993900000.0,712700000.0,0.555,1.803,3524200000,553000000,2971200000,3524200000,466700000,358100000.0,0,0.006,1.08,1035700000.0,1393800000.0,0.501,1393800000.0,1035700000.0,897500000.0,4.38,4.31,4.38,2698200000,2344025000.0,2698200000,33480447825.0,32.0,24.021,844500000.0,5.193,1.0,1790700000.0,0.643,5492900000,138200000.0,3943500000,3688300000.0,0,0,0,0,4863600000,1430800000,3432800000,30175047825.0,33900000.0,-285100000.0,-260800000.0,44100000.0,-175800000.0,-445200000.0,-595800000.0,-94800000.0,1068200000.0,6700000.0,712700000.0,712700000.0,712700000.0,0.0,0.0,0.256,752600000.0,1038100000.0,406700000,0.247,11.183,42.339,42.32,899900000,0.0,185.36,10.836,10.824,432400000,4762200000,2784600000.0,2784600000.0,0.0,0.099,0.304,0.281,0.372,47600000.0,413900000.0,1.0,162791583,162610586,165320709.0,17.124,2068900000,34500000,184800000.0,400700000,12.723,-636600000
1,VRSK,ARY,2019-12-31,2020-02-18,2019-12-31,2021-08-03,-486900000,7055200000,6479850000.0,744900000,6310300000,0.402,13.825,-216800000.0,184600000,184600000,976800000.0,449900000.0,0.499,2.121,3399700000,540000000,2859700000,3399700000,440100000,323700000.0,0,0.006,1.0,695200000.0,1018900000.0,0.391,1018900000.0,695200000.0,568400000.0,2.75,2.7,2.75,2260800000,2176425000.0,2260800000,31192409467.0,45.0,30.614,739500000.0,4.522,1.0,1630300000.0,0.625,5263200000,126800000.0,3515300000,3405675000.0,0,0,0,0,4794400000,1491800000,3302600000,27977309467.0,45400000.0,-703700000.0,-247600000.0,443400000.0,-163500000.0,10900000.0,-927900000.0,0.0,956300000.0,6100000.0,449900000.0,449900000.0,449900000.0,0.0,0.0,0.173,933400000.0,696900000.0,375000000,0.364,12.375,62.186,62.385,766700000,0.0,171.56,10.731,10.761,441600000,4228400000,2607100000.0,2607100000.0,0.0,0.069,0.207,0.204,0.267,42700000.0,603500000.0,1.0,163075947,163535438,166560115.0,15.942,1792000000,35700000,118500000.0,362800000,10.958,-746900000
2,VRSK,ARY,2018-12-31,2019-02-19,2018-12-31,2021-08-03,-591900000,5900300000,6009475000.0,644500000,5255800000,0.399,12.564,-231000000.0,139500000,139500000,886200000.0,598700000.0,0.487,1.85,2723300000,672800000,2050500000,2723300000,383100000,296100000.0,0,0.0,0.0,849400000.0,1145500000.0,0.478,1145500000.0,849400000.0,719700000.0,3.63,3.56,3.63,2070600000,2117425000.0,2070600000,22929290818.0,27.0,20.017,703400000.0,4.268,1.0,1508900000.0,0.63,4589300000,129700000.0,2570200000,2529675000.0,0,0,0,0,3829700000,1324600000,2505100000,20345490818.0,-2800000.0,-153100000.0,-351300000.0,-300000000.0,0.0,-669800000.0,-265400000.0,121800000.0,934400000.0,-2000000.0,598700000.0,598700000.0,598700000.0,0.0,0.0,0.25,674800000.0,834100000.0,263500000,0.0,9.826,33.983,34.278,555900000,0.0,124.43,8.495,8.562,356400000,3942600000,2395100000.0,2395100000.0,0.0,0.1,0.283,0.336,0.355,38500000.0,378700000.0,1.0,163509530,164808110,168297836.0,14.533,1311000000,45100000,121000000.0,355800000,7.955,-680100000
3,VRSK,ARY,2017-12-31,2018-02-20,2017-12-31,2021-08-03,-412300000,6020300000,5323975000.0,597600000,5422700000,0.403,11.657,-183500000.0,142300000,142300000,783800000.0,555100000.0,0.447,2.127,3008800000,724400000,2284400000,3008800000,384700000,237400000.0,0,0.0,0.0,810400000.0,1047800000.0,0.488,1047800000.0,810400000.0,691000000.0,3.36,3.29,3.36,1925400000,1612375000.0,1925400000,18880096307.0,23.0,18.019,560000000.0,3.39,1.0,1361400000.0,0.635,4714000000,119400000.0,2835200000,2680450000.0,0,3800000,3800000,0,4094900000,1337600000,2757300000,16013596307.0,7200000.0,-914900000.0,-241300000.0,614500000.0,0.0,362500000.0,-1105500000.0,100000.0,743500000.0,6700000.0,555100000.0,555100000.0,555100000.0,0.0,0.0,0.259,560200000.0,801200000.0,225400000,0.0,8.317,28.848,28.881,478300000,0.0,97.04,7.465,7.472,345500000,3308000000,2145200000.0,2145200000.0,0.0,0.104,0.344,0.302,0.378,31800000.0,322800000.0,1.0,165020572,165168224,168688868.0,12.988,1306300000,44700000,135900000.0,340900000,7.909,-740000000
4,VRSK,ARY,2016-12-31,2017-02-21,2016-12-31,2021-08-03,-650800000,4631200000,4875115250.0,500900000,4130300000,0.409,7.919,-156500000.0,135100000,135100000,714400000.0,591200000.0,0.806,2.476,2387000000,106800000,2280200000,2387000000,330800000,224600000.0,0,0.0,0.0,913400000.0,1138000000.0,0.57,1138000000.0,913400000.0,793400000.0,3.51,3.45,3.51,1332400000,1387039750.0,1332400000,16422516710.0,18.0,14.431,389600000.0,2.316,1.0,1280800000.0,0.642,3588900000,120000000.0,2672600000,2668029250.0,0,3400000,3400000,0,3298800000,621600000,2677200000,14170616710.0,-3200000.0,640500000.0,-285700000.0,-770500000.0,0.0,-1032800000.0,493200000.0,8700000.0,546100000.0,-9700000.0,591200000.0,591200000.0,591200000.0,-139700000.0,0.0,0.296,513200000.0,767600000.0,183100000,0.0,10.635,23.969,24.271,380300000,0.0,85.19,7.102,7.184,263900000,2752900000,1995200000.0,1995200000.0,0.0,0.121,0.426,0.342,0.458,13100000.0,301600000.0,1.0,166341316,168248304,171171572.0,11.859,1042300000,64900000,202200000.0,322200000,6.195,-120700000
5,VRSK,ARY,2015-12-31,2016-02-24,2015-12-31,2021-08-03,-242052000,5615927000,4853796500.0,604569000,5011358000,0.426,8.311,-166138000.0,138348000,138348000,803274000.0,507577000.0,0.409,3.093,3167990000,874811000,2293179000,3167990000,356951000,215484000.0,0,0.0,0.0,838752000.0,1054236000.0,0.51,1054236000.0,838752000.0,717436000.0,3.07,3.01,3.07,1372011000,1065422750.0,1372011000,15069311274.0,18.0,14.294,457549000.0,2.772,1.0,1264736000.0,0.612,4511571000,121316000.0,2654741000,2250695250.0,0,3576000,3576000,0,4243916000,1479257000,2764659000,12039669274.0,98989000.0,-2941745000.0,739223000.0,1710024000.0,0.0,2481013000.0,-3006317000.0,16278000.0,623687000.0,606000.0,507577000.0,507577000.0,507577000.0,0.0,0.0,0.245,528174000.0,736562000.0,245664000,0.0,8.775,23.72,23.339,418168000,0.0,71.65,5.822,5.72,320099000,2161726000,2068010000.0,2068010000.0,0.0,0.105,0.476,0.373,0.406,4471000.0,312690000.0,1.0,168034463,165090380,168451343.0,12.527,1104356000,48853000,209859000.0,396430000,6.689,-874688000
6,VRSK,ARY,2014-12-31,2015-02-24,2014-12-31,2021-08-03,-80514000,2345330000,2584577750.0,384483000,1960847000,0.676,1.273,-146818000.0,39359000,39359000,716598000.0,400042000.0,0.499,10.113,1436932000,336058000,1100874000,1436932000,0,143483000.0,0,0.0,0.0,689781000.0,833264000.0,0.477,833264000.0,689781000.0,619797000.0,2.41,2.37,2.41,211043000,553209500.0,211043000,12134718179.0,18.0,14.563,342634000.0,2.066,1.0,1030128000.0,0.59,1613622000,69984000.0,1358011000,1349488250.0,0,3801000,3801000,0,2134287000,771270000,1363017000,10737145179.0,-126442000.0,110978000.0,-753836000.0,159535000.0,0.0,-579078000.0,-35530000.0,310000.0,489452000.0,-1286000.0,400042000.0,400042000.0,400042000.0,-29177000.0,0.0,0.229,369682000.0,660446000.0,180726000,0.0,50.877,26.84,28.178,302273000,0.0,67.91,6.147,6.447,220668000,1654149000,1746726000.0,1746726000.0,0.0,0.155,0.723,0.511,0.395,13038000.0,227306000.0,1.0,158108455,165823803,169132423.0,10.534,731708000,70284000,219755000.0,202540000,4.413,-386787000
7,VRSK,ARY,2013-12-31,2014-02-25,2013-12-31,2021-08-03,-43488000,2504451000,2472505250.0,474845000,2029606000,0.645,3.259,-145976000.0,165801000,165801000,622523000.0,348380000.0,1.101,3.574,1275887000,4448000,1271439000,1275887000,0,134578000.0,0,0.0,0.0,620942000.0,755520000.0,0.473,755520000.0,620942000.0,544806000.0,2.07,2.02,2.07,547589000,437155000.0,547589000,11987765425.0,19.0,15.867,360944000.0,2.148,1.0,973180000.0,0.61,1629299000,76136000.0,1554059000,1395830250.0,0,3911000,3911000,0,1956862000,431179000,1525683000,10877679425.0,75982000.0,-703000.0,-197043000.0,-190605000.0,0.0,-284472000.0,-145626000.0,1614000.0,506920000.0,-840000.0,348380000.0,348380000.0,348380000.0,-6066000.0,0.0,0.218,358913000.0,614267000.0,188264000,0.0,19.865,31.224,31.498,233373000,0.0,65.2,6.817,6.866,158547000,1254107000,1595703000.0,1595703000.0,0.0,0.141,0.797,0.445,0.389,-73929000.0,228982000.0,1.0,166835574,168031412,172276360.0,9.496,875152000,72423000,196426000.0,198604000,5.208,43666000
8,VRSK,ARY,2012-12-31,2013-02-26,2012-12-31,2021-08-03,-89160000,2360336000,2102288750.0,390559000,1969777000,0.73,1.541,-74373000.0,89819000,89819000,607174000.0,329142000.0,0.667,8.235,1461425000,195263000,1266162000,1461425000,0,104199000.0,0,0.0,0.0,591716000.0,695915000.0,0.454,695915000.0,591716000.0,519208000.0,1.98,1.92,1.98,255591000,108515750.0,255591000,10434440935.0,18.0,14.994,393856000.0,2.374,1.0,927146000.0,0.604,1768394000,72508000.0,1378198000,1241175250.0,0,4883000,4883000,0,2104745000,585350000,1519395000,9062834935.0,-101784000.0,-809358000.0,-93887000.0,353319000.0,0.0,313555000.0,-883583000.0,148000.0,468229000.0,15000.0,329142000.0,329142000.0,329142000.0,0.0,0.0,0.215,335558000.0,591588000.0,187648000,0.0,35.458,27.535,27.222,154084000,0.0,53.9,5.907,5.828,178430000,905727000,1534320000.0,1534320000.0,0.0,0.157,3.033,0.477,0.386,-22865000.0,231359000.0,1.0,168141650,165890258,171709518.0,9.249,591942000,56372000,190066000.0,133761000,3.568,-194791000
9,VRSK,ARY,2011-12-31,2012-02-28,2011-12-31,2021-08-03,-78287000,1541106000,1403889750.0,453654000,1087452000,0.949,-0.593,-59829000.0,191603000,191603000,533735000.0,282758000.0,1.297,-16.647,1105886000,5554000,1100332000,1105886000,0,78619000.0,0,0.0,0.0,514268000.0,592887000.0,0.445,592887000.0,514268000.0,460421000.0,1.7,1.63,1.7,-98490000,-127723500.0,-98490000,7865169869.0,15.0,13.266,315892000.0,1.903,1.0,798105000.0,0.599,936368000,53847000.0,1169371000,919800250.0,0,5066000,5066000,0,1639596000,349650000,1289946000,6950886869.0,136629000.0,-144781000.0,-338431000.0,253724000.0,0.0,-34780000.0,-204129000.0,181000.0,375721000.0,-183000.0,282758000.0,282758000.0,282758000.0,0.0,0.0,0.212,284724000.0,513381000.0,162992000,0.0,-70.575,24.582,24.812,119411000,0.0,42.18,5.219,5.258,153339000,576585000,1331840000.0,1331840000.0,0.0,0.201,-2.214,0.559,0.386,-17339000.0,209469000.0,1.0,164791059,166015238,173325110.0,8.022,604738000,50973000,177663000.0,0,3.643,104004000
10,VRSK,ARY,2010-12-31,2011-02-28,2010-12-31,2021-08-03,-55803000,1217090000,1101362000.0,240435000,976655000,1.034,-0.644,-38641000.0,54974000,54974000,463473000.0,242552000.0,0.334,-11.635,839543000,437717000,401826000,839543000,0,68126000.0,0,0.0,0.0,441314000.0,509440000.0,0.448,509440000.0,441314000.0,406650000.0,1.36,1.3,1.36,-114442000,7382250.0,-114442000,6287428742.0,14.0,12.342,297391000.0,1.673,1.0,674870000.0,0.593,832897000,34664000.0,447880000,510260500.0,0,5653000,5653000,0,1331532000,720882000,610650000,5502859742.0,-16553000.0,-205275000.0,-384579000.0,248219000.0,0.0,-108787000.0,-243689000.0,227000.0,336032000.0,-109000.0,242552000.0,242552000.0,242552000.0,0.0,0.0,0.213,233956000.0,440914000.0,111995000,0.0,-48.084,22.687,23.787,93409000,0.0,32.35,4.834,5.051,126564000,293827000,1138343000.0,1138343000.0,0.0,0.22,32.856,0.865,0.388,-15355000.0,166374000.0,1.0,170103856,177733503,186394962.0,6.405,384193000,52039000,164098000.0,0,2.162,-480447000
11,VRSK,ARY,2009-12-31,2010-03-09,2009-12-31,2021-08-03,-53628000,996953000,962915000.0,225345000,771608000,1.067,-0.2,-38694000.0,71527000,71527000,491294000.0,126614000.0,0.75,-29.526,594169000,66660000,527509000,594169000,0,71199000.0,0,0.0,0.0,299870000.0,371069000.0,0.361,371069000.0,299870000.0,264605000.0,0.72,0.7,0.72,-34949000,-522386000.0,-34949000,5645165498.0,19.0,15.213,287707000.0,1.646,1.0,535810000.0,0.522,599355000,35265000.0,619961000,560211500.0,0,5445000,5445000,0,1031902000,300279000,731623000,5122523498.0,38342000.0,-146957000.0,-39031000.0,-83754000.0,0.0,-102809000.0,-185340000.0,311000.0,326401000.0,90000.0,126614000.0,126614000.0,126614000.0,0.0,0.0,0.123,233803000.0,302007000.0,101401000,0.0,-146.571,40.458,39.514,89165000,0.0,28.45,4.987,4.841,89436000,51275000,1027104000.0,1027104000.0,0.0,0.131,-0.242,0.535,0.292,72872000.0,162604000.0,1.0,180053550,174767795,182165661.0,5.877,397598000,93919000,137991000.0,1414000,2.275,-74934000
12,VRSK,ARY,2008-12-31,2009-09-29,2008-12-31,2021-08-03,-82434000,928877000,,168927000,759950000,,-5.522,-30652000.0,33185000,33185000,386897000.0,158228000.0,0.335,-1.178,669754000,219398000,450356000,669754000,0,64872000.0,0,,0.0,310215000.0,375087000.0,0.42,375087000.0,310215000.0,278899000.0,0.865,0.832,0.865,-1009823000,,-1009823000,,,,217254000.0,1.188,1.0,506653000.0,0.567,560085000,31316000.0,500462000,,0,5114000,5114000,0,1189161000,504899000,684262000,,9136000.0,-117993000.0,-362188000.0,228713000.0,0.0,-107376000.0,-130466000.0,18179000.0,247906000.0,-928000.0,158228000.0,158228000.0,158228000.0,0.0,0.0,0.177,196111000.0,310542000.0,83381000,0.0,,,,82587000,0.0,,,,83941000,-243495000,893550000.0,893550000.0,0.0,,,,0.347,5965000.0,131239000.0,1.0,180059800,182885700,190231700.0,4.886,368792000,125858000,120671000.0,0,2.017,-335972000
0,VRSK,ARQ,2021-06-30,2021-08-03,2021-06-30,2021-08-03,-348900000,7713600000,,918700000,6794900000,,16.996,-62500000.0,276300000,276300000,264900000.0,151600000.0,0.615,1.795,3404100000,442000000,2962100000,3404100000,655300000,103800000.0,0,0.006,0.29,269300000.0,373100000.0,0.499,373100000.0,269300000.0,237800000.0,0.95,0.94,0.95,2753500000,,2753500000,33540749902.0,32.0,23.455,170700000.0,1.054,1.0,482600000.0,0.646,5487900000,31500000.0,3859600000,,0,0,0,0,4943400000,1493900000,3449500000,30412949902.0,-114600000.0,-22600000.0,-136600000.0,-60000000.0,-47100000.0,-248700000.0,-99800000.0,-15100000.0,233200000.0,700000.0,154000000.0,154000000.0,154000000.0,0.0,-2400000.0,0.206,215200000.0,267400000.0,386900000,0.305,11.045,44.424,44.772,915000000,0.0,188.49,10.525,10.567,467400000,4991000000,747500000.0,747500000.0,0.0,,,,,10800000.0,111400000.0,1.0,161350469,162007784,163046538.0,4.614,2225700000,39900000,83800000.0,445900000,13.738,-575200000
1,VRSK,ARQ,2021-03-31,2021-05-04,2021-03-31,2021-08-03,-366200000,7810500000,,1041600000,6768900000,,16.947,-59200000.0,390900000,390900000,262400000.0,168000000.0,0.642,1.828,3471500000,502300000,2969200000,3471500000,723900000,93500000.0,0,0.006,0.29,252700000.0,346200000.0,0.477,346200000.0,252700000.0,217300000.0,1.04,1.03,1.04,2756300000,,2756300000,33638034155.0,32.0,23.979,389500000.0,2.395,1.0,463700000.0,0.639,5491300000,35400000.0,3776900000,,0,0,0,0,5039000000,1622900000,3416100000,30557434155.0,172100000.0,-14900000.0,-92400000.0,-50000000.0,-47100000.0,-199200000.0,-73700000.0,0.0,448700000.0,-3700000.0,168600000.0,168600000.0,168600000.0,0.0,-600000.0,0.232,213300000.0,250400000.0,380200000,0.279,11.086,43.063,43.239,910600000,0.0,188.52,10.832,10.869,519500000,4884100000,726100000.0,726100000.0,0.0,,,,,25400000.0,119800000.0,1.0,162091206,162641819,164436717.0,4.464,2319200000,9000000,48700000.0,416100000,14.26,-581300000
2,VRSK,ARQ,2020-12-31,2021-02-23,2020-12-31,2021-08-03,-375700000,7561800000,,794200000,6767600000,,16.587,-72400000.0,218800000,218800000,260500000.0,176200000.0,0.555,1.803,3524200000,553000000,2971200000,3524200000,466700000,93200000.0,0,0.006,0.27,251300000.0,344500000.0,0.483,344500000.0,251300000.0,216000000.0,1.08,1.07,1.08,2698200000,,2698200000,33480447825.0,32.0,24.021,176600000.0,1.086,1.0,452900000.0,0.635,5492900000,35300000.0,3943500000,,0,0,0,0,4863600000,1430800000,3432800000,30175047825.0,-3000000.0,-125200000.0,-30300000.0,50000000.0,-44000000.0,-26300000.0,-231100000.0,-31000000.0,249000000.0,5400000.0,176200000.0,176200000.0,176200000.0,0.0,0.0,0.247,202300000.0,250600000.0,406700000,0.25,11.183,42.339,42.32,899900000,0.0,185.36,10.836,10.824,432400000,4762200000,713400000.0,713400000.0,0.0,,,,,8500000.0,109100000.0,1.0,162791583,162673925,164723139.0,4.385,2068900000,34500000,39800000.0,400700000,12.718,-636600000
3,VRSK,ARQ,2020-09-30,2020-11-04,2020-09-30,2021-08-03,-540900000,7219600000,,799700000,6419900000,,14.9,-64800000.0,221800000,221800000,240000000.0,185800000.0,0.562,1.982,3438700000,499600000,2939100000,3438700000,531700000,90900000.0,0,0.005,0.27,275300000.0,366200000.0,0.521,366200000.0,275300000.0,240000000.0,1.14,1.12,1.14,2421300000,,2421300000,35147910233.0,36.0,26.226,142300000.0,0.876,1.0,462700000.0,0.658,5241200000,35300000.0,3772400000,,0,0,0,0,4798300000,1422900000,3375400000,31931010233.0,-87600000.0,-159900000.0,-24000000.0,-100000.0,-43900000.0,-76500000.0,-219000000.0,0.0,207100000.0,800000.0,185800000.0,185800000.0,185800000.0,0.0,0.0,0.264,187300000.0,275400000.0,369300000,0.237,13.188,47.751,47.9,844200000,0.0,196.39,11.619,11.613,433400000,4630400000,702700000.0,702700000.0,0.0,,,,,10000000.0,96400000.0,1.0,162589797,162502191,165731226.0,4.324,1978400000,35500000,54200000.0,378800000,12.175,-623200000
4,VRSK,ARQ,2020-06-30,2020-08-04,2020-06-30,2021-08-03,-657200000,7007900000,,878700000,6129200000,,13.402,-56700000.0,309400000,309400000,235800000.0,179000000.0,0.59,2.22,3427200000,490900000,2936300000,3427200000,617500000,86900000.0,0,0.006,0.27,259000000.0,345900000.0,0.51,345900000.0,259000000.0,224800000.0,1.1,1.08,1.1,2176100000,,2176100000,33600882837.0,43.0,29.913,192800000.0,1.187,1.0,443000000.0,0.653,5008400000,34200000.0,3627000000,,0,0,0,0,4831800000,1490300000,3341500000,30483082837.0,105000000.0,0.0,-52100000.0,49200000.0,-44000000.0,-87000000.0,-58200000.0,0.0,249500000.0,700000.0,179000000.0,179000000.0,179000000.0,0.0,0.0,0.264,183300000.0,259700000.0,322400000,0.245,14.008,59.099,59.405,802400000,0.0,187.72,11.298,11.297,454500000,4488800000,678800000.0,678800000.0,0.0,,,,,9500000.0,96400000.0,1.0,162385909,162371920,165103088.0,4.181,1999500000,9100000,45800000.0,395600000,12.314,-611600000
5,VRSK,ARQ,2020-03-31,2020-05-05,2020-03-31,2021-08-03,-658700000,6928100000,,814000000,6114100000,,12.772,-29800000.0,204400000,204400000,257700000.0,171700000.0,0.509,2.33,3333700000,482700000,2851000000,3333700000,668400000,87100000.0,0,0.006,0.27,250200000.0,337300000.0,0.489,337300000.0,250200000.0,216700000.0,1.05,1.04,1.05,2080500000,,2080500000,28683487391.0,39.0,26.695,332800000.0,2.043,1.0,432100000.0,0.626,5049200000,33500000.0,3410300000,,0,0,0,0,4847600000,1597900000,3249700000,25554187391.0,19500000.0,0.0,-154600000.0,-55000000.0,-43900000.0,-255400000.0,-87500000.0,-63800000.0,362600000.0,-200000.0,171700000.0,171700000.0,171700000.0,0.0,0.0,0.249,179800000.0,252300000.0,315600000,0.257,12.283,52.451,52.849,757900000,0.0,157.49,9.564,9.601,523300000,4353400000,689800000.0,689800000.0,0.0,,,,,19600000.0,112100000.0,1.0,162259111,162894306,165724120.0,4.235,1878900000,9100000,45000000.0,371300000,11.534,-783900000
6,VRSK,ARQ,2019-12-31,2020-02-18,2019-12-31,2021-08-03,-486900000,7055200000,,744900000,6310300000,,13.845,-64000000.0,184600000,184600000,259800000.0,132200000.0,0.499,2.121,3399700000,540000000,2859700000,3399700000,440100000,85600000.0,0,0.006,0.25,205200000.0,290800000.0,0.43,290800000.0,205200000.0,172100000.0,0.81,0.79,0.81,2260800000,,2260800000,31192409467.0,45.0,30.614,112400000.0,0.688,1.0,417000000.0,0.616,5263200000,33100000.0,3515300000,,0,0,0,0,4794400000,1491800000,3302600000,27977309467.0,-126900000.0,-589700000.0,-93400000.0,484000000.0,-40800000.0,345700000.0,-653400000.0,0.0,176400000.0,4400000.0,132200000.0,132200000.0,132200000.0,0.0,0.0,0.195,216600000.0,200400000.0,375000000,0.309,12.375,62.186,62.385,766700000,0.0,171.56,10.731,10.761,441600000,4228400000,676800000.0,676800000.0,0.0,,,,,6300000.0,124800000.0,1.0,163075947,163289012,166218622.0,4.145,1792000000,35700000,39900000.0,362800000,10.974,-746900000
7,VRSK,ARQ,2019-09-30,2019-10-30,2019-09-30,2021-08-03,-678400000,6289100000,,831000000,5458100000,,12.616,-60700000.0,311800000,311800000,242900000.0,32900000.0,0.854,2.047,2945000000,64300000,2880700000,2945000000,460400000,79100000.0,0,0.005,0.25,70200000.0,149300000.0,0.229,149300000.0,70200000.0,38900000.0,0.2,0.2,0.2,2063700000,,2063700000,26872825402.0,38.0,26.439,152900000.0,0.935,1.0,409800000.0,0.628,4508200000,31300000.0,3440500000,,0,0,0,0,4225400000,973600000,3251800000,24239625402.0,158500000.0,-44900000.0,-61500000.0,160600000.0,-40800000.0,51400000.0,-106400000.0,0.0,213600000.0,-100000.0,32900000.0,32900000.0,32900000.0,0.0,0.0,0.05,334100000.0,75700000.0,362800000,1.25,11.746,52.252,52.269,808600000,0.0,147.92,9.527,9.511,405500000,4136600000,652700000.0,652700000.0,0.0,,,,,8800000.0,255000000.0,1.0,163869831,163580563,166779618.0,3.99,1780900000,34000000,6000000.0,327000000,10.887,-142600000
8,VRSK,ARQ,2019-06-30,2019-07-30,2019-06-30,2021-08-03,-592200000,6234000000,,710300000,5523700000,,13.501,-46900000.0,153300000,153300000,242700000.0,150400000.0,0.771,1.82,2787800000,120000000,2667800000,2787800000,559900000,79300000.0,0,0.003,0.25,217800000.0,297100000.0,0.455,297100000.0,217800000.0,187300000.0,0.92,0.9,0.92,2210700000,,2210700000,27493961514.0,32.0,23.596,153400000.0,0.937,1.0,409900000.0,0.628,4594600000,30500000.0,3353100000,,0,0,0,0,4023300000,920800000,3102500000,24859461514.0,-26200000.0,0.0,-29300000.0,-101200000.0,-41000000.0,-179800000.0,-47800000.0,500000.0,200300000.0,1100000.0,150400000.0,150400000.0,150400000.0,0.0,0.0,0.23,191600000.0,218300000.0,236700000,0.272,11.245,41.641,41.769,797100000,0.0,152.04,9.983,9.997,442600000,4145300000,652600000.0,652600000.0,0.0,,,,,18400000.0,112300000.0,1.0,163506061,163743835,166697276.0,3.985,1639400000,36500000,36900000.0,355200000,10.012,-210500000
9,VRSK,ARQ,2019-03-31,2019-04-30,2019-03-31,2021-08-03,-532300000,6341100000,,734900000,5606200000,,13.273,-45200000.0,179500000,179500000,231400000.0,134400000.0,0.694,1.921,2891300000,217500000,2673800000,2891300000,602100000,79800000.0,0,0.002,0.25,202000000.0,281800000.0,0.451,281800000.0,202000000.0,170100000.0,0.82,0.81,0.82,2170500000,,2170500000,25811570123.0,30.0,22.28,320900000.0,1.962,1.0,393600000.0,0.63,4680700000,31900000.0,3313800000,,0,0,0,0,4170600000,1058400000,3112200000,23099770123.0,40000000.0,-69100000.0,-63400000.0,-100000000.0,-40900000.0,-206400000.0,-120300000.0,0.0,366100000.0,600000.0,134400000.0,134400000.0,134400000.0,0.0,0.0,0.215,191200000.0,202400000.0,236300000,0.305,10.643,38.493,38.668,797300000,0.0,141.14,9.471,9.463,438600000,4036000000,625000000.0,625000000.0,0.0,,,,,9200000.0,111400000.0,1.0,163665652,163528343,166544945.0,3.822,1660400000,17400000,35700000.0,356700000,10.154,-323500000
10,VRSK,ARQ,2018-12-31,2019-02-19,2018-12-31,2021-08-03,-591900000,5900300000,,644500000,5255800000,,12.599,-76500000.0,139500000,139500000,224000000.0,146200000.0,0.487,1.85,2723300000,672800000,2050500000,2723300000,383100000,76000000.0,0,0.0,0.0,212200000.0,288200000.0,0.469,288200000.0,212200000.0,179600000.0,0.89,0.88,0.89,2070600000,,2070600000,22929290818.0,27.0,20.017,96900000.0,0.59,1.0,389900000.0,0.635,4589300000,32600000.0,2570200000,,0,0,0,0,3829700000,1324600000,2505100000,20345490818.0,-8100000.0,-85400000.0,-143800000.0,130000000.0,0.0,-21300000.0,-161600000.0,300000.0,173400000.0,1400000.0,146200000.0,146200000.0,146200000.0,0.0,0.0,0.238,173700000.0,216200000.0,263500000,0.0,9.826,33.983,34.278,555900000,0.0,124.43,8.495,8.562,356400000,3942600000,613900000.0,613900000.0,0.0,,,,,8400000.0,97700000.0,1.0,163509530,164344499,167346839.0,3.735,1311000000,45100000,33400000.0,355800000,7.977,-680100000
11,VRSK,ARQ,2018-09-30,2018-10-30,2018-09-30,2021-08-03,-509600000,5851100000,,593700000,5257400000,,12.99,-55200000.0,147600000,147600000,219200000.0,166000000.0,0.487,1.733,2587200000,542300000,2044900000,2587200000,433200000,72900000.0,0,0.0,0.0,225200000.0,298100000.0,0.498,298100000.0,225200000.0,192800000.0,1.01,0.99,1.01,2141200000,,2141200000,21685340684.0,26.0,19.14,171600000.0,1.041,1.0,379500000.0,0.634,4593400000,32400000.0,2478100000,,0,4000000,4000000,0,3709900000,1219200000,2490700000,19245740684.0,15600000.0,0.0,-75100000.0,-195000000.0,0.0,-271400000.0,66200000.0,121400000.0,226800000.0,-6000000.0,166000000.0,166000000.0,166000000.0,0.0,0.0,0.277,168400000.0,211100000.0,243700000,0.0,8.988,29.289,29.301,518500000,0.0,116.91,8.184,8.195,324200000,3796400000,598700000.0,598700000.0,0.0,,,,,10300000.0,95700000.0,1.0,164620141,164829250,168200766.0,3.632,1257700000,27300000,26800000.0,341600000,7.63,-625500000
12,VRSK,ARQ,2018-06-30,2018-07-31,2018-06-30,2021-08-03,-474200000,6039600000,,625100000,5414500000,,12.566,-56100000.0,132000000,132000000,222400000.0,153500000.0,0.426,1.913,2781100000,736900000,2044200000,2781100000,513000000,73500000.0,0,0.0,0.0,216900000.0,290400000.0,0.483,290400000.0,216900000.0,185000000.0,0.93,0.91,0.93,2073600000,,2073600000,20869144425.0,25.0,18.85,151100000.0,0.916,1.0,378900000.0,0.63,4662200000,31900000.0,2560200000,,0,3800000,3800000,0,3966000000,1466300000,2499700000,18220044425.0,-17800000.0,-45500000.0,-113700000.0,0.0,0.0,-122900000.0,-101500000.0,100000.0,207200000.0,-600000.0,153500000.0,153500000.0,153500000.0,0.0,0.0,0.255,166600000.0,212300000.0,216400000,0.0,8.787,29.781,29.817,501900000,0.0,110.62,7.915,7.93,347800000,3630400000,601300000.0,601300000.0,0.0,,,,,11000000.0,93000000.0,1.0,164708411,165015642,168651202.0,3.644,1377400000,38100000,31500000.0,349600000,8.347,-841200000
13,VRSK,ARQ,2018-03-31,2018-05-01,2018-03-31,2021-08-03,-309300000,6246900000,,708600000,5538300000,,13.235,-43200000.0,149800000,149800000,221200000.0,133000000.0,0.455,1.86,2782000000,740900000,2041100000,2782000000,586600000,73700000.0,0,0.0,0.0,195100000.0,268800000.0,0.462,268800000.0,195100000.0,162300000.0,0.81,0.79,0.81,2184300000,,2184300000,20263703835.0,25.0,18.924,283800000.0,1.72,1.0,360000000.0,0.619,4810800000,32800000.0,2510200000,,0,3800000,3800000,0,4062600000,1558100000,2504500000,17631503835.0,7500000.0,-22200000.0,-18700000.0,-235000000.0,0.0,-254200000.0,-68500000.0,0.0,327000000.0,3200000.0,133000000.0,133000000.0,133000000.0,0.0,0.0,0.229,165500000.0,194500000.0,223800000,0.0,8.072,30.436,30.396,489000000,0.0,106.69,7.929,7.918,424100000,3476900000,581200000.0,581200000.0,0.0,,,,,8800000.0,91800000.0,1.0,165259198,165043047,168992535.0,3.522,1436100000,24700000,29300000.0,363300000,8.701,-849500000
14,VRSK,ARQ,2017-12-31,2018-02-20,2017-12-31,2021-08-03,-412300000,6020300000,,597600000,5422700000,,11.688,-69700000.0,142300000,142300000,208700000.0,204600000.0,0.447,2.127,3008800000,724400000,2284400000,3008800000,384700000,64400000.0,0,0.0,0.0,211300000.0,275700000.0,0.483,275700000.0,211300000.0,179200000.0,1.24,1.21,1.24,1925400000,,1925400000,18880096307.0,23.0,18.019,81700000.0,0.496,1.0,361600000.0,0.634,4714000000,32100000.0,2835200000,,0,3800000,3800000,0,4094900000,1337600000,2757300000,16013596307.0,300000.0,-209700000.0,8900000.0,120000000.0,0.0,128200000.0,-281600000.0,5000000.0,151400000.0,2300000.0,204600000.0,204600000.0,204600000.0,0.0,0.0,0.359,151600000.0,210000000.0,225400000,0.0,8.317,28.848,28.881,478300000,0.0,97.04,7.465,7.472,345500000,3308000000,570300000.0,570300000.0,0.0,,,,,7600000.0,87200000.0,1.0,165020572,164730095,168333257.0,3.462,1306300000,44700000,-25400000.0,340900000,7.93,-740000000
15,VRSK,ARQ,2017-09-30,2017-10-31,2017-09-30,2021-08-03,-443300000,5628200000,,544700000,5083500000,,10.163,-41300000.0,142000000,142000000,198500000.0,120700000.0,0.453,2.365,2881700000,602900000,2278800000,2881700000,390000000,61200000.0,0,0.0,0.0,211000000.0,272200000.0,0.496,272200000.0,211000000.0,180700000.0,0.73,0.72,0.73,1672600000,,1672600000,16746747116.0,21.0,16.534,121000000.0,0.735,1.0,350600000.0,0.638,4445000000,30300000.0,2719800000,,0,3700000,3700000,0,3955600000,1203100000,2752500000,14007047116.0,1300000.0,-582900000.0,-6500000.0,475000000.0,0.0,467100000.0,-629200000.0,-5000000.0,162300000.0,1100000.0,120700000.0,120700000.0,120700000.0,0.0,0.0,0.22,142200000.0,208400000.0,210200000,0.0,8.374,30.467,30.815,437800000,0.0,85.05,6.731,6.726,285800000,3103400000,549100000.0,549100000.0,0.0,,,,,8800000.0,80900000.0,1.0,164691912,164577575,167957058.0,3.336,1183200000,51200000,60000000.0,384100000,7.189,-658400000
16,VRSK,ARQ,2017-06-30,2017-08-01,2017-06-30,2021-08-03,-526400000,4898700000,,522800000,4375900000,,8.888,-41400000.0,140700000,140700000,193700000.0,121000000.0,0.709,2.342,2403400000,126800000,2276600000,2403400000,449000000,55700000.0,0,0.0,0.0,198400000.0,254100000.0,0.486,254100000.0,198400000.0,169900000.0,0.73,0.72,0.73,1465900000,,1465900000,16607030655.0,21.0,16.718,70500000.0,0.427,1.0,329500000.0,0.63,3785800000,28500000.0,2638400000,,0,3600000,3600000,0,3432800000,737200000,2695600000,14344330655.0,-14300000.0,-46000000.0,-151900000.0,119500000.0,0.0,-40500000.0,-87300000.0,100000.0,111900000.0,1600000.0,121000000.0,121000000.0,121000000.0,0.0,0.0,0.231,134500000.0,195000000.0,161400000,0.0,9.785,30.741,31.244,403500000,0.0,87.17,7.066,7.082,266400000,2982700000,523200000.0,523200000.0,0.0,,,,,8900000.0,78800000.0,1.0,164555818,164922237,168314296.0,3.172,1112900000,68500000,48900000.0,337500000,6.748,-214400000
17,VRSK,ARQ,2017-03-31,2017-05-02,2017-03-31,2021-08-03,-616900000,4748700000,,513800000,4234900000,,8.325,-31100000.0,155000000,155000000,182900000.0,108800000.0,0.764,2.427,2287600000,6600000,2281000000,2287600000,501600000,56100000.0,0,0.0,0.0,189600000.0,245700000.0,0.489,245700000.0,189600000.0,161200000.0,0.65,0.64,0.65,1385600000,,1385600000,15720237255.0,17.0,13.796,286800000.0,1.723,1.0,319700000.0,0.636,3680500000,28400000.0,2528400000,,0,3600000,3600000,0,3363100000,672400000,2690700000,13587637255.0,19900000.0,-76300000.0,-91800000.0,-100000000.0,0.0,-192300000.0,-107400000.0,0.0,317900000.0,1700000.0,108800000.0,108800000.0,108800000.0,0.0,0.0,0.216,132000000.0,187700000.0,162100000,0.0,9.806,22.372,22.702,377800000,0.0,82.18,6.777,6.822,298700000,2861700000,502600000.0,502600000.0,0.0,,,,,6500000.0,75900000.0,1.0,165339952,166442991,170150862.0,3.02,1068200000,19100000,52400000.0,331500000,6.418,-158600000
18,VRSK,ARQ,2016-12-31,2017-02-21,2016-12-31,2021-08-03,-650800000,4631200000,,500900000,4130300000,,7.961,-57930000.0,135100000,135100000,192992000.0,109248000.0,0.806,2.476,2387000000,106800000,2280200000,2387000000,330800000,50509000.0,0,0.0,0.0,190347000.0,240856000.0,0.476,240856000.0,190347000.0,161964000.0,0.65,0.64,0.65,1332400000,,1332400000,16422516710.0,18.0,14.431,24499000.0,0.146,1.0,313131000.0,0.619,3588900000,28383000.0,2672600000,,0,3400000,3400000,0,3298800000,621600000,2677200000,14170616710.0,-29639000.0,-29269000.0,-135758000.0,99975000.0,0.0,-25682000.0,-86126000.0,-47000.0,82429000.0,-260000.0,109248000.0,109248000.0,109248000.0,-1791000.0,0.0,0.216,127661000.0,185470000.0,183100000,0.0,10.635,23.969,24.271,380300000,0.0,85.19,7.102,7.184,263900000,2752900000,506123000.0,506123000.0,0.0,,,,,-1345000.0,77192000.0,1.0,166341316,167369019,170200721.0,3.024,1042300000,64900000,52716000.0,322200000,6.228,-120700000
19,VRSK,ARQ,2016-09-30,2016-11-01,2016-09-30,2021-08-03,-518934000,4685051000,,464301000,4220750000,,8.737,-36339000.0,164787000,164787000,169665000.0,127577000.0,0.834,2.175,2286342000,6899000,2279443000,2286342000,355459000,52179000.0,0,0.0,0.0,200546000.0,252725000.0,0.507,252725000.0,200546000.0,172396000.0,0.76,0.74,0.76,1475430000,,1475430000,15675036107.0,17.0,13.512,48847000.0,0.289,1.0,328416000.0,0.659,3701267000,28150000.0,2548849000,,0,3457000,3457000,0,3209621000,556490000,2653131000,13553481107.0,-31615000.0,-43405000.0,-49905000.0,-475000.0,0.0,-37185000.0,-71255000.0,8489000.0,85186000.0,-8361000.0,127577000.0,127577000.0,127577000.0,0.0,0.0,0.256,129994000.0,198422000.0,192301000,0.0,9.186,22.752,22.929,355867000,0.0,80.94,6.613,6.669,229939000,2643678000,498081000.0,498081000.0,0.0,,,,,-3667000.0,77814000.0,1.0,167450965,168874129,171785900.0,2.949,983784000,11236000,44819000.0,305694000,5.826,-92189000
20,VRSK,ARQ,2016-06-30,2016-08-02,2016-06-30,2021-08-03,-457143000,4725063000,,496917000,4228146000,,8.615,-31468000.0,196402000,196402000,178466000.0,261736000.0,0.808,2.259,2275288000,2256000,2273032000,2275288000,431171000,53263000.0,0,0.0,0.0,346925000.0,400188000.0,0.803,400188000.0,346925000.0,315490000.0,1.56,1.53,1.56,1449864000,,1449864000,16225072735.0,17.0,13.678,43138000.0,0.256,1.0,319830000.0,0.642,3734203000,31435000.0,2454580000,,0,3372000,3372000,0,3275199000,615166000,2660033000,14146186735.0,64584000.0,713174000.0,11599000.0,-705000000.0,0.0,-692128000.0,681871000.0,165000.0,74606000.0,235000.0,261736000.0,261736000.0,261736000.0,-155000000.0,0.0,0.525,128751000.0,191079000.0,163413000,0.0,9.757,23.579,23.583,334631000,0.0,83.72,6.73,6.703,241326000,2516101000,498296000.0,498296000.0,0.0,,,,,8279000.0,75557000.0,1.0,168970219,168296318,171218782.0,2.961,990860000,5748000,53754000.0,331200000,5.888,-118249000
21,VRSK,ARQ,2016-03-31,2016-05-03,2016-03-31,2021-08-03,-316777000,5459147000,,586783000,4872364000,,7.661,-30763000.0,131818000,131818000,173277000.0,92639000.0,0.414,3.23,2981022000,709143000,2271879000,2981022000,486551000,68649000.0,0,0.0,0.0,175582000.0,244231000.0,0.496,244231000.0,175582000.0,143550000.0,0.55,0.54,0.55,1290465000,,1290465000,15819876195.0,19.0,14.619,273116000.0,1.621,1.0,319424000.0,0.648,3895384000,32032000.0,2996088000,,0,3472000,3472000,0,4168682000,1416879000,2751803000,12970672195.0,-6530000.0,0.0,-111636000.0,-165000000.0,0.0,-277805000.0,-31290000.0,93000.0,303879000.0,-1314000.0,92639000.0,92639000.0,92639000.0,17091000.0,0.0,0.188,126795000.0,192629000.0,179671000,0.0,10.051,25.862,25.883,341989000,0.0,77.13,6.173,6.183,297312000,2254365000,492701000.0,492701000.0,0.0,,,,,9833000.0,71037000.0,1.0,168166371,168453750,171480884.0,2.925,1563763000,8561000,50911000.0,350084000,9.283,-830096000
22,VRSK,ARQ,2015-12-31,2016-02-24,2015-12-31,2021-08-03,-242052000,5615927000,,604569000,5011358000,,8.1,-60373000.0,138348000,138348000,213695000.0,113757000.0,0.409,3.093,3167990000,874811000,2293179000,3167990000,356951000,67417000.0,0,0.0,0.0,195518000.0,262935000.0,0.469,262935000.0,195518000.0,163129000.0,0.66,0.65,0.66,1372011000,,1372011000,15069311274.0,18.0,14.294,43270000.0,0.255,1.0,346867000.0,0.619,4511571000,32389000.0,2654741000,,0,3576000,3576000,0,4243916000,1479257000,2764659000,12039669274.0,-30477000.0,-51191000.0,-12908000.0,-30000000.0,0.0,-22222000.0,-111115000.0,348000.0,103643000.0,-783000.0,113757000.0,113757000.0,113757000.0,0.0,0.0,0.203,151199000.0,195668000.0,245664000,0.0,8.775,23.72,23.339,418168000,0.0,71.65,5.822,5.72,320099000,2161726000,560562000.0,560562000.0,0.0,,,,,-13361000.0,83782000.0,1.0,168034463,169392359,172566722.0,3.309,1104356000,48853000,49372000.0,396430000,6.52,-874688000
23,VRSK,ARQ,2015-09-30,2015-10-27,2015-09-30,2021-08-03,-179417000,5619097000,,617762000,5001335000,,7.785,-45673000.0,168825000,168825000,210167000.0,131814000.0,0.401,3.278,3198365000,905473000,2292892000,3198365000,0,52044000.0,0,0.0,0.0,226792000.0,278836000.0,0.507,278836000.0,226792000.0,193789000.0,0.78,0.77,0.78,1313636000,,1313636000,16639719516.0,20.0,16.574,118870000.0,0.704,1.0,340234000.0,0.618,4535051000,33003000.0,2572828000,,0,3630000,3630000,0,4305461000,1540758000,2764703000,13610179516.0,23334000.0,0.0,13180000.0,-120889000.0,0.0,-100129000.0,-29944000.0,15729000.0,164543000.0,-11136000.0,131814000.0,131814000.0,131814000.0,0.0,0.0,0.239,131354000.0,208880000.0,266467000,0.0,10.361,27.709,26.956,391625000,0.0,80.33,6.901,6.873,266000000,2047969000,550401000.0,550401000.0,0.0,,,,,-765000.0,79310000.0,1.0,169428352,168739437,172171337.0,3.262,1084046000,49978000,61975000.0,401422000,6.424,-922996000
24,VRSK,ARQ,2015-06-30,2015-07-28,2015-06-30,2021-08-03,-83873000,5775663000,,609987000,5165676000,,7.581,-35332000.0,145491000,145491000,195196000.0,163320000.0,0.357,3.642,3319661000,1025797000,2293864000,3319661000,0,57440000.0,0,0.0,0.0,238688000.0,296128000.0,0.595,296128000.0,238688000.0,201026000.0,0.99,0.97,0.99,1244322000,,1244322000,15514138838.0,20.0,16.567,49179000.0,0.3,1.0,302454000.0,0.608,4713207000,37662000.0,2526573000,,0,3725000,3725000,0,4531341000,1710053000,2821288000,12339968838.0,-7356000.0,-2890048000.0,730615000.0,2000013000.0,0.0,2735421000.0,-2840033000.0,160000.0,84511000.0,12745000.0,163320000.0,163320000.0,163320000.0,0.0,0.0,0.328,148732000.0,153722000.0,246361000,0.0,9.917,26.92,26.157,386093000,0.0,73.24,6.597,6.427,267379000,1916155000,497650000.0,497650000.0,0.0,,,,,10552000.0,91292000.0,1.0,168486740,164141804,167586100.0,3.032,1062456000,69952000,37706000.0,463561000,6.473,-1100066000
25,VRSK,ARQ,2015-03-31,2015-04-28,2015-03-31,2021-08-03,-80058000,2404499000,,453993000,1950506000,,2.098,-24760000.0,152847000,152847000,184216000.0,98686000.0,0.64,6.249,1306236000,205878000,1100358000,1306236000,0,38583000.0,0,0.0,0.0,177754000.0,216337000.0,0.471,216337000.0,177754000.0,159492000.0,0.62,0.61,0.62,331722000,,331722000,12664351613.0,18.0,15.175,246230000.0,1.558,1.0,275181000.0,0.599,1599479000,18262000.0,1248639000,,0,3855000,3855000,0,2072777000,709770000,1363007000,11510962613.0,113488000.0,-506000.0,8336000.0,-139100000.0,0.0,-132057000.0,-25225000.0,41000.0,270990000.0,-220000.0,98686000.0,98686000.0,98686000.0,0.0,0.0,0.215,96889000.0,178292000.0,142471000,0.0,34.701,30.041,31.043,303829000,0.0,72.64,6.408,6.392,226637000,1752835000,459397000.0,459397000.0,0.0,,,,,8045000.0,58306000.0,1.0,158465895,158087919,161481213.0,2.906,805020000,17563000,60806000.0,203383000,5.092,-255777000
26,VRSK,ARQ,2014-12-31,2015-02-24,2014-12-31,2021-08-03,-80514000,2345330000,,384483000,1960847000,,1.289,-43826000.0,39359000,39359000,193582000.0,97370000.0,0.499,10.113,1436932000,336058000,1100874000,1436932000,0,37302000.0,0,0.0,0.0,175341000.0,212643000.0,0.457,212643000.0,175341000.0,157753000.0,0.59,0.59,0.59,211043000,,211043000,12134718179.0,18.0,14.563,66991000.0,0.409,1.0,271282000.0,0.584,1613622000,17588000.0,1358011000,,0,3801000,3801000,0,2134287000,771270000,1363017000,10737145179.0,-393131000.0,-31191000.0,-591598000.0,159535000.0,0.0,-427444000.0,-75005000.0,12000.0,110817000.0,-1499000.0,97370000.0,97370000.0,97370000.0,1940000.0,0.0,0.209,94235000.0,177047000.0,180726000,0.0,50.877,26.84,28.178,302273000,0.0,67.91,6.147,6.447,220668000,1654149000,464864000.0,464864000.0,0.0,,,,,1767000.0,56934000.0,1.0,158108455,163782060,167082091.0,2.838,731708000,70284000,60383000.0,202540000,4.468,-386787000
27,VRSK,ARQ,2014-09-30,2014-10-28,2014-09-30,2021-08-03,-42861000,2677700000,,705652000,1972048000,,4.368,-27228000.0,432490000,432490000,180873000.0,99015000.0,1.257,2.688,1276660000,140455000,1136205000,1276660000,0,36138000.0,0,0.0,0.0,175205000.0,211343000.0,0.471,211343000.0,175205000.0,157707000.0,0.6,0.58,0.6,725984000,,725984000,11257235280.0,17.0,13.934,64572000.0,0.389,1.0,267792000.0,0.597,1590934000,17498000.0,1369596000,,0,3730000,3730000,0,1951716000,561340000,1390376000,10413065280.0,13042000.0,-3830000.0,-55041000.0,0.0,0.0,-47202000.0,-31009000.0,49000.0,91800000.0,-547000.0,99015000.0,99015000.0,99015000.0,0.0,0.0,0.221,92302000.0,175490000.0,164288000,0.0,14.343,26.707,26.983,281347000,0.0,63.14,6.45,6.5,188711000,1556779000,448665000.0,448665000.0,0.0,,,,,-1395000.0,56164000.0,1.0,164920261,166187540,169522448.0,2.7,1086766000,35188000,58692000.0,194871000,6.539,144312000
28,VRSK,ARQ,2014-06-30,2014-07-29,2014-06-30,2021-08-03,-42377000,2675277000,,704563000,1970714000,,4.066,-39620000.0,419448000,419448000,172470000.0,88099000.0,1.157,2.956,1275426000,139781000,1135645000,1275426000,0,34944000.0,0,0.0,0.0,159266000.0,194210000.0,0.459,194210000.0,159266000.0,141807000.0,0.53,0.52,0.53,676285000,,676285000,11209066583.0,17.0,14.021,14387000.0,0.086,1.0,251084000.0,0.593,1605121000,17459000.0,1317391000,,0,3837000,3837000,0,1998992000,608743000,1390249000,10353088583.0,-7928000.0,0.0,-26840000.0,0.0,0.0,-22807000.0,-39381000.0,239000.0,54007000.0,253000.0,88099000.0,88099000.0,88099000.0,0.0,0.0,0.208,92018000.0,159066000.0,157350000,0.0,15.309,26.73,26.922,272875000,0.0,62.19,6.454,6.448,177973000,1457764000,423554000.0,423554000.0,0.0,,,,,3782000.0,57074000.0,1.0,166475134,166343630,169503664.0,2.546,1070156000,33576000,53708000.0,194523000,6.433,95820000
29,VRSK,ARQ,2014-03-31,2014-04-29,2014-03-31,2021-08-03,-42822000,2640004000,,679204000,1960800000,,3.59,-36144000.0,427376000,427376000,169673000.0,115558000.0,1.317,3.403,1275309000,4317000,1270992000,1275309000,0,35099000.0,0,0.0,0.0,179969000.0,215068000.0,0.525,215068000.0,179969000.0,162530000.0,0.69,0.68,0.69,599526000,,599526000,10478708327.0,16.0,13.249,196684000.0,1.178,1.0,239970000.0,0.586,1619342000,17439000.0,1352955000,,0,3918000,3918000,0,2040478000,515640000,1524838000,9630775327.0,261575000.0,145999000.0,-80357000.0,0.0,0.0,-81625000.0,109865000.0,10000.0,232828000.0,507000.0,115558000.0,115558000.0,115558000.0,-31117000.0,0.0,0.282,91127000.0,148843000.0,156893000,0.0,16.064,25.118,25.386,251731000,0.0,57.88,6.012,6.033,173451000,1369665000,409643000.0,409643000.0,0.0,,,,,8884000.0,57134000.0,1.0,166392110,166981982,170421489.0,2.453,1020662000,12574000,46972000.0,202471000,6.112,163564000
30,VRSK,ARQ,2013-12-31,2014-02-25,2013-12-31,2021-08-03,-43488000,2504451000,,474845000,2029606000,,3.262,-38061000.0,165801000,165801000,106831000.0,87223000.0,1.101,3.574,1275887000,4448000,1271439000,1275887000,0,35053000.0,0,0.0,0.0,152213000.0,187266000.0,0.563,187266000.0,152213000.0,134563000.0,0.52,0.51,0.52,547589000,,547589000,11987765425.0,19.0,15.867,82407000.0,0.491,1.0,225632000.0,0.679,1629299000,17650000.0,1554059000,,0,3911000,3911000,0,1956862000,431179000,1525683000,10877679425.0,-14402000.0,0.0,-87399000.0,-35605000.0,0.0,-96167000.0,-38269000.0,792000.0,120468000.0,-434000.0,87223000.0,87223000.0,87223000.0,-6066000.0,0.0,0.262,79878000.0,145754000.0,188264000,0.0,19.865,31.224,31.498,233373000,0.0,65.2,6.817,6.866,158547000,1254107000,332463000.0,332463000.0,0.0,,,,,-20159000.0,49472000.0,1.0,166835574,167855891,171722560.0,1.981,875152000,72423000,47340000.0,198604000,5.214,43666000
31,VRSK,ARQ,2013-09-30,2013-11-05,2013-09-30,2021-08-03,-86592000,2429872000,,461330000,1968542000,,2.874,-44410000.0,180203000,180203000,176580000.0,96441000.0,1.01,4.031,1310629000,39459000,1271170000,1310629000,0,33097000.0,0,0.0,0.0,169818000.0,202915000.0,0.463,202915000.0,169818000.0,151126000.0,0.57,0.56,0.57,483002000,,483002000,12536549973.0,20.0,16.543,95351000.0,0.567,1.0,262017000.0,0.597,1722027000,18692000.0,1381633000,,0,4514000,4514000,0,1946870000,456638000,1490232000,11406123973.0,7616000.0,88000.0,-4577000.0,-100000000.0,0.0,-88061000.0,-44359000.0,-37000.0,139761000.0,275000.0,96441000.0,96441000.0,96441000.0,0.0,0.0,0.22,92427000.0,169590000.0,171285000,0.0,23.615,31.732,31.682,219116000,0.0,67.8,6.794,6.786,167767000,1166884000,438597000.0,438597000.0,0.0,,,,,-8148000.0,59330000.0,1.0,168231917,168044100,172154553.0,2.61,707845000,54151000,54685000.0,143432000,4.212,4692000
32,VRSK,ARQ,2013-06-30,2013-07-30,2013-06-30,2021-08-03,-88338000,2439351000,,493609000,1945742000,,2.174,-35440000.0,172587000,172587000,174663000.0,84205000.0,0.844,5.674,1404780000,137870000,1266910000,1404780000,0,34007000.0,0,0.0,0.0,151631000.0,185638000.0,0.441,185638000.0,151631000.0,131927000.0,0.5,0.49,0.5,365505000,,365505000,11451526983.0,19.0,15.521,19994000.0,0.119,1.0,246657000.0,0.585,1735803000,19704000.0,1350605000,,0,4254000,4254000,0,2073846000,585136000,1488710000,10219333983.0,-94771000.0,-791000.0,-95392000.0,-45000000.0,0.0,-114540000.0,-35390000.0,841000.0,55434000.0,-275000.0,84205000.0,84205000.0,84205000.0,0.0,0.0,0.2,95159000.0,151498000.0,157961000,0.0,27.959,29.542,29.401,185928000,0.0,60.86,6.234,6.243,186549000,1070443000,421320000.0,421320000.0,0.0,,,,,-17635000.0,61152000.0,1.0,167915445,168147069,172467688.0,2.506,703548000,64476000,47722000.0,135257000,4.184,-91527000
33,VRSK,ARQ,2013-03-31,2013-04-30,2013-03-31,2021-08-03,-88927000,2516347000,,552543000,1963804000,,2.097,-28065000.0,267358000,267358000,164449000.0,80511000.0,0.85,6.138,1450446000,183979000,1266467000,1450446000,0,32421000.0,0,0.0,0.0,147280000.0,179701000.0,0.446,179701000.0,147280000.0,127190000.0,0.48,0.47,0.48,352524000,,352524000,11504036060.0,19.0,16.067,163192000.0,0.971,1.0,238874000.0,0.592,1751989000,20090000.0,1297024000,,0,5141000,5141000,0,2163823000,650422000,1513401000,10320948060.0,177539000.0,0.0,-9675000.0,-10000000.0,0.0,14296000.0,-27608000.0,18000.0,191257000.0,-406000.0,80511000.0,80511000.0,80511000.0,0.0,0.0,0.2,91449000.0,147425000.0,150261000,0.0,29.277,30.804,30.493,167129000,0.0,61.29,6.487,6.474,190917000,986238000,403323000.0,403323000.0,0.0,,,,,-27987000.0,59028000.0,1.0,168395302,168078589,172760641.0,2.4,764358000,25543000,46679000.0,134499000,4.548,-97879000
34,VRSK,ARQ,2012-12-31,2013-02-26,2012-12-31,2021-08-03,-89160000,2360336000,,390559000,1969777000,,1.532,-18649000.0,89819000,89819000,170021000.0,98299000.0,0.667,8.235,1461425000,195263000,1266162000,1461425000,0,30535000.0,0,0.0,0.0,159043000.0,189578000.0,0.456,189578000.0,159043000.0,138430000.0,0.59,0.58,0.59,255591000,,255591000,10434440935.0,18.0,14.994,128583000.0,0.771,1.0,245709000.0,0.591,1768394000,20613000.0,1378198000,,0,4883000,4883000,0,2104745000,585350000,1519395000,9062834935.0,-7951000.0,-28217000.0,-9385000.0,-105282000.0,0.0,-110449000.0,-44879000.0,1987000.0,147232000.0,145000.0,98299000.0,98299000.0,98299000.0,0.0,0.0,0.236,86735000.0,158974000.0,187648000,0.0,35.458,27.535,27.222,154084000,0.0,53.9,5.907,5.828,178430000,905727000,415730000.0,415730000.0,0.0,,,,,3407000.0,56200000.0,1.0,168141650,166799951,171925359.0,2.492,591942000,56372000,40131000.0,133761000,3.549,-194791000
35,VRSK,ARQ,2012-09-30,2012-10-30,2012-09-30,2021-08-03,-76853000,2303433000,,361337000,1942096000,,0.856,-19192000.0,97770000,97770000,156749000.0,82911000.0,0.541,15.216,1567477000,265794000,1301683000,1567477000,0,28156000.0,0,0.0,0.0,154749000.0,182905000.0,0.459,182905000.0,154749000.0,136616000.0,0.5,0.48,0.5,142048000,,142048000,9254194115.0,16.0,13.914,114370000.0,0.689,1.0,242114000.0,0.607,1750407000,18133000.0,1354476000,,0,4895000,4895000,0,2161385000,668257000,1493128000,7784487115.0,572000.0,-432561000.0,-11650000.0,308601000.0,0.0,318673000.0,-451667000.0,86000.0,133562000.0,4000.0,82911000.0,82911000.0,82911000.0,0.0,0.0,0.208,86863000.0,155251000.0,176464000,0.0,54.802,25.018,24.824,144799000,0.0,46.67,5.295,5.269,175520000,807428000,398863000.0,398863000.0,0.0,,,,,-14487000.0,58707000.0,1.0,166798524,165978080,171660543.0,2.403,553026000,24152000,53705000.0,84042000,3.332,-306920000
36,VRSK,ARQ,2012-06-30,2012-07-31,2012-06-30,2021-08-03,-77354000,1853343000,,397495000,1455848000,,0.281,-19090000.0,97198000,97198000,147074000.0,73331000.0,0.649,38.701,1256178000,201783000,1054395000,1256178000,0,25277000.0,0,0.0,0.0,138528000.0,163805000.0,0.439,163805000.0,138528000.0,121151000.0,0.44,0.43,0.44,46682000,,46682000,9492116239.0,17.0,14.99,-21268000.0,-0.128,1.0,226152000.0,0.606,1298317000,17377000.0,1101747000,,0,4782000,4782000,0,1806661000,612259000,1194402000,8333136239.0,-17732000.0,-803000.0,-50649000.0,25000000.0,0.0,4658000.0,-19925000.0,-32000.0,-2178000.0,-287000.0,73331000.0,73331000.0,73331000.0,0.0,0.0,0.196,87750000.0,138402000.0,153684000,0.0,178.509,27.848,27.762,133731000,0.0,50.25,5.904,5.908,173607000,724517000,373226000.0,373226000.0,0.0,,,,,-19162000.0,62473000.0,1.0,165833557,165946009,171901349.0,2.249,555026000,46956000,47820000.0,41880000,3.345,-214764000
37,VRSK,ARQ,2012-03-31,2012-05-01,2012-03-31,2021-08-03,-77403000,1892043000,,419840000,1472203000,,-0.062,-17442000.0,114930000,114930000,133330000.0,74601000.0,0.74,-185.446,1229763000,130478000,1099285000,1229763000,0,20231000.0,0,0.0,0.0,139396000.0,159627000.0,0.461,159627000.0,139396000.0,123011000.0,0.45,0.44,0.45,-10258000,,-10258000,9114232702.0,17.0,14.866,172171000.0,1.044,1.0,213171000.0,0.615,1309040000,16385000.0,1130280000,,0,4968000,4968000,0,1902301000,567556000,1334745000,7999399702.0,-76673000.0,-347777000.0,-22203000.0,125000000.0,0.0,100673000.0,-367112000.0,-1893000.0,189613000.0,153000.0,74601000.0,74601000.0,74601000.0,0.0,0.0,0.215,74210000.0,138961000.0,144974000,0.0,-779.821,27.444,27.369,124781000,0.0,48.17,5.858,5.815,194540000,651186000,346501000.0,346501000.0,0.0,,,,,7377000.0,53979000.0,1.0,166066010,164836992,171350820.0,2.102,583003000,37247000,48410000.0,39868000,3.537,-147716000
38,VRSK,ARQ,2011-12-31,2012-02-28,2011-12-31,2021-08-03,-78287000,1541106000,,453654000,1087452000,,-0.601,-17904000.0,191603000,191603000,140375000.0,80318000.0,1.297,-16.647,1105886000,5554000,1100332000,1105886000,0,19532000.0,0,0.0,0.0,139244000.0,158776000.0,0.452,158776000.0,139244000.0,124490000.0,0.49,0.47,0.49,-98490000,,-98490000,7865169869.0,15.0,13.266,34063000.0,0.208,1.0,211218000.0,0.601,936368000,14754000.0,1169371000,,0,5066000,5066000,0,1639596000,349650000,1289946000,6950886869.0,138757000.0,0.0,-26742000.0,86999000.0,0.0,104714000.0,-17723000.0,-119000.0,51967000.0,-201000.0,80318000.0,80318000.0,80318000.0,0.0,0.0,0.228,72361000.0,138857000.0,162992000,0.0,-70.575,24.582,24.812,119411000,0.0,42.18,5.219,5.258,153339000,576585000,351593000.0,351593000.0,0.0,,,,,-39414000.0,52829000.0,1.0,164791059,163874594,170532545.0,2.146,604738000,50973000,44172000.0,0,3.69,104004000
39,VRSK,ARQ,2011-09-30,2011-11-01,2011-09-30,2021-08-03,-53656000,1379933000,,271764000,1108169000,,-0.968,-13754000.0,52846000,52846000,137619000.0,70987000.0,0.537,-9.686,1019250000,165670000,853580000,1019250000,0,19595000.0,0,0.0,0.0,131422000.0,151017000.0,0.444,151017000.0,131422000.0,116829000.0,0.43,0.41,0.43,-158873000,,-158873000,6480976071.0,13.0,11.457,122913000.0,0.749,1.0,202479000.0,0.595,945094000,14593000.0,895242000,,0,4828000,4828000,0,1538806000,506001000,1032805000,5514572071.0,876000.0,0.0,-115700000.0,-5716000.0,0.0,-121416000.0,-13820000.0,-66000.0,136667000.0,-555000.0,70987000.0,70987000.0,70987000.0,0.0,0.0,0.209,71070000.0,131409000.0,146358000,0.0,-34.711,20.551,21.208,110328000,0.0,33.72,4.331,4.348,152803000,496267000,340098000.0,340098000.0,0.0,,,,,8223000.0,51475000.0,1.0,163540097,164195325,171169658.0,2.071,434839000,34476000,45842000.0,0,2.648,-234237000
40,VRSK,ARQ,2011-06-30,2011-08-02,2011-06-30,2021-08-03,-53508000,1408089000,,295477000,1112612000,,-0.865,-14523000.0,51970000,51970000,131185000.0,65577000.0,0.578,-10.749,1025162000,170663000,854499000,1025162000,0,19732000.0,0,0.0,0.0,123933000.0,143665000.0,0.439,143665000.0,123933000.0,109048000.0,0.39,0.38,0.39,-144440000,,-144440000,5692043249.0,12.0,10.451,26983000.0,0.162,1.0,196095000.0,0.599,953891000,14885000.0,915790000,,0,5351000,5351000,0,1552529000,511600000,1040929000,4718851249.0,-49268000.0,-144781000.0,-125990000.0,188643000.0,0.0,68123000.0,-159132000.0,172000.0,41506000.0,235000.0,65577000.0,65577000.0,65577000.0,0.0,0.0,0.2,72277000.0,123818000.0,121285000,0.0,-32.67,18.134,20.828,107645000,0.0,31.45,3.866,4.302,145632000,425280000,327280000.0,327280000.0,0.0,,,,,6377000.0,55909000.0,1.0,150042965,166960806,174634046.0,1.96,454198000,60104000,43471000.0,0,2.72,-216123000
41,VRSK,ARQ,2011-03-31,2011-05-03,2011-03-31,2021-08-03,-54837000,1286431000,,311698000,974733000,,-0.645,-13648000.0,101238000,101238000,124556000.0,65876000.0,0.633,-12.792,830517000,129997000,700520000,830517000,0,19760000.0,0,0.0,0.0,119669000.0,139429000.0,0.446,139429000.0,119669000.0,110054000.0,0.39,0.37,0.39,-109091000,,-109091000,5823166946.0,13.0,11.088,131933000.0,0.781,1.0,188313000.0,0.602,824442000,9615000.0,698798000,,0,5603000,5603000,0,1395522000,492470000,903052000,5093887946.0,46264000.0,0.0,-69999000.0,-16202000.0,0.0,-86201000.0,-13454000.0,194000.0,145581000.0,338000.0,65876000.0,65876000.0,65876000.0,0.0,0.0,0.211,69016000.0,119297000.0,88458000,0.0,-46.694,20.13,23.188,100774000,0.0,33.39,4.335,4.803,163888000,359703000,312869000.0,312869000.0,0.0,,,,,7475000.0,49256000.0,1.0,152557291,169030227,176964192.0,1.851,461989000,31095000,44178000.0,18788000,2.733,-180772000
42,VRSK,ARQ,2010-12-31,2011-02-28,2010-12-31,2021-08-03,-55803000,1217090000,,240435000,976655000,,-0.667,-16435000.0,54974000,54974000,116475000.0,65893000.0,0.334,-11.635,839543000,437717000,401826000,839543000,0,17736000.0,0,0.0,0.0,113854000.0,131590000.0,0.449,131590000.0,113854000.0,104585000.0,0.38,0.36,0.38,-114442000,,-114442000,6287428742.0,14.0,12.342,77790000.0,0.453,1.0,176683000.0,0.603,832897000,9269000.0,447880000,,0,5653000,5653000,0,1331532000,720882000,610650000,5502859742.0,-52281000.0,-197672000.0,-274978000.0,315230000.0,0.0,67793000.0,-214201000.0,-94000.0,94225000.0,-98000.0,65893000.0,65893000.0,65893000.0,0.0,0.0,0.225,62976000.0,113707000.0,111995000,0.0,-48.084,22.687,23.787,93409000,0.0,32.35,4.834,5.051,126564000,293827000,293158000.0,293158000.0,0.0,,,,,-25428000.0,45240000.0,1.0,170103856,171701121,179394534.0,1.707,384193000,52039000,38692000.0,0,2.238,-480447000
43,VRSK,ARQ,2010-09-30,2010-11-03,2010-09-30,2021-08-03,-50952000,1049411000,,285772000,763639000,,0.348,-6636000.0,107255000,107255000,117005000.0,62880000.0,0.727,15.887,530204000,128325000,401879000,530204000,0,16193000.0,0,0.0,0.0,113786000.0,129979000.0,0.452,129979000.0,113786000.0,105302000.0,0.35,0.34,0.35,62144000,,62144000,5486068546.0,15.0,12.589,62137000.0,0.348,1.0,170349000.0,0.593,597353000,8484000.0,482029000,,0,5350000,5350000,0,987267000,392978000,594289000,5063119546.0,428000.0,0.0,-64068000.0,-2942000.0,0.0,-61963000.0,-6564000.0,72000.0,68773000.0,182000.0,62880000.0,62880000.0,62880000.0,0.0,0.0,0.219,56631000.0,113718000.0,99285000,0.0,81.474,29.746,31.602,83571000,0.0,29.39,4.56,4.73,130360000,227934000,287354000.0,287354000.0,0.0,,,,,3304000.0,40982000.0,1.0,172273547,178687236,187188667.0,1.608,452058000,88188000,42422000.0,2217000,2.53,-107206000
44,VRSK,ARQ,2010-06-30,2010-08-04,2010-06-30,2021-08-03,-52184000,1053268000,,285490000,767778000,,0.297,-8072000.0,106827000,106827000,115000000.0,58404000.0,0.882,18.66,530702000,53935000,476767000,530702000,0,16964000.0,0,0.0,0.0,107196000.0,124160000.0,0.441,124160000.0,107196000.0,98751000.0,0.32,0.31,0.32,53575000,,53575000,5690947444.0,17.0,,27773000.0,0.154,1.0,166677000.0,0.592,602224000,8445000.0,551310000,,0,5067000,5067000,0,999693000,323609000,676084000,5267072444.0,-24165000.0,-89000.0,-45533000.0,-1124000.0,0.0,-51819000.0,-7995000.0,166000.0,35845000.0,-196000.0,58404000.0,58404000.0,58404000.0,0.0,0.0,0.207,59602000.0,107075000.0,81571000,0.0,98.312,35.222,35.89,86253000,0.0,29.43,4.871,4.913,118470000,165054000,281677000.0,281677000.0,0.0,,,,,-386000.0,42638000.0,1.0,178969502,180492106,189541893.0,1.561,451044000,94333000,40347000.0,0,2.499,-38119000
45,VRSK,ARQ,2010-03-31,2010-05-06,2010-03-31,2021-08-03,-52685000,1085679000,,315849000,769830000,,0.157,-7498000.0,130992000,130992000,114993000.0,55375000.0,0.971,37.428,531799000,4723000,527076000,531799000,0,17233000.0,0,0.0,0.0,106478000.0,123711000.0,0.448,123711000.0,106478000.0,98012000.0,0.31,0.29,0.31,28252000,,28252000,5456121346.0,,,129691000.0,0.72,1.0,161161000.0,0.584,601531000,8466000.0,559823000,,0,5546000,5546000,0,1057427000,325132000,732295000,5055314346.0,59465000.0,-7514000.0,0.0,-62945000.0,0.0,-62798000.0,-14929000.0,83000.0,137189000.0,3000.0,55375000.0,55375000.0,55375000.0,0.0,0.0,0.201,54747000.0,106414000.0,78001000,0.0,178.937,,,88272000,0.0,27.99,,,132896000,106650000,276154000.0,276154000.0,0.0,,,,,7155000.0,37514000.0,1.0,180611445,180053550,189454756.0,1.534,484148000,73286000,42637000.0,22285000,2.689,-9283000
46,VRSK,ARQ,2009-12-31,2010-03-09,2009-12-31,2021-08-03,-53628000,996953000,,225345000,771608000,,-0.195,-14375000.0,71527000,71527000,153410000.0,-6445000.0,0.75,-29.526,594169000,66660000,527509000,594169000,0,17679000.0,0,0.0,0.0,40241000.0,57920000.0,0.218,57920000.0,40241000.0,31102000.0,-0.05,-0.04,-0.05,-34949000,,-34949000,5645165498.0,19.0,15.213,56450000.0,0.315,1.0,111716000.0,0.421,599355000,9139000.0,619961000,,0,5445000,5445000,0,1031902000,300279000,731623000,5122523498.0,10967000.0,-2650000.0,5097000.0,-66052000.0,0.0,-42702000.0,-17036000.0,-11000.0,70825000.0,-120000.0,-6445000.0,-6445000.0,-6445000.0,0.0,0.0,-0.024,69558000.0,42158000.0,101401000,0.0,-146.571,40.458,39.514,89165000,0.0,28.45,4.987,4.841,89436000,51275000,265126000.0,265126000.0,0.0,,,,,45800000.0,51879000.0,1.0,180053550,179421230,188311194.0,1.478,397598000,93919000,37547000.0,1414000,2.216,-74934000
47,VRSK,ARQ,2009-09-30,2009-11-16,2009-09-30,2021-08-03,-75561000,1019376000,,220763000,798613000,,-6.936,,60560000,60560000,117383000.0,42205000.0,0.564,-0.964,659422000,131528000,527894000,659422000,0,,0,0.0,0.0,84848000.0,,,,84848000.0,75399000.0,0.24,0.23,0.24,-1198517000,,-1198517000,5793109762.0,,,,,1.0,140928000.0,0.546,607583000,9449000.0,619336000,,0,5352000,5352000,0,1155824000,391319000,764505000,5194247762.0,,,,,,,,,,,42205000.0,42205000.0,42205000.0,0.0,0.0,0.163,56133000.0,84795000.0,100979000,0.0,-4.334,,,87229000,0.0,28.85,,,104083000,-439062000,258311000.0,258311000.0,0.0,,,,,,38500000.0,1.0,180043250,172796400,179850850.0,1.495,411793000,102831000,33194000.0,0,2.383,-170556000
48,VRSK,ARQ,2008-12-31,2009-09-29,2008-12-31,2021-08-03,-82434000,928877000,,168927000,759950000,,-5.522,,33185000,33185000,,,0.335,-1.178,669754000,219398000,450356000,669754000,0,,0,,0.0,,,,,,,,,,-1009823000,,-1009823000,,,,,,1.0,,,560085000,,500462000,,0,5114000,5114000,0,1189161000,504899000,684262000,,,,,,,,,,,,,,,,,,,,83381000,,,,,82587000,,,,,83941000,-243495000,,,,,,,,,,1.0,180059800,182885700,,,368792000,125858000,,0,2.017,-335972000
0,VRSK,ART,2021-06-30,2021-08-03,2021-06-30,2021-08-03,-348900000,7713600000,7576375000.0,918700000,6794900000,0.381,16.996,-258900000.0,276300000,276300000,1027800000.0,681600000.0,0.615,1.795,3404100000,442000000,2962100000,3404100000,655300000,381400000.0,0,0.006,1.12,1048600000.0,1430000000.0,0.495,1430000000.0,1048600000.0,911100000.0,4.21,4.16,4.21,2753500000,2657325000.0,2753500000,33540749902.0,32.0,23.455,879100000.0,5.426,1.0,1861900000.0,0.644,5487900000,137500000.0,3859600000,3838100000.0,0,0,0,0,4943400000,1493900000,3449500000,30412949902.0,-33100000.0,-322600000.0,-283300000.0,-60100000.0,-182100000.0,-550700000.0,-623600000.0,-46100000.0,1138000000.0,3200000.0,684600000.0,684600000.0,684600000.0,0.0,-3000000.0,0.237,818100000.0,1043800000.0,386900000,0.266,11.045,44.424,44.772,915000000,0.0,188.49,10.525,10.567,467400000,4991000000,2889700000.0,2889700000.0,0.0,0.09,0.258,0.273,0.363,54700000.0,436700000.0,1.0,161350469,162007784,163046538.0,17.837,2225700000,39900000,226500000.0,445900000,13.738,-575200000
1,VRSK,ART,2021-03-31,2021-05-04,2021-03-31,2021-08-03,-366200000,7810500000,7399950000.0,1041600000,6768900000,0.381,16.947,-253100000.0,390900000,390900000,998700000.0,709000000.0,0.642,1.828,3471500000,502300000,2969200000,3471500000,723900000,364500000.0,0,0.006,1.1,1038300000.0,1402800000.0,0.497,1402800000.0,1038300000.0,898100000.0,4.36,4.3,4.36,2756300000,2512975000.0,2756300000,33638034155.0,32.0,23.979,901200000.0,5.541,1.0,1822300000.0,0.646,5491300000,140200000.0,3776900000,3779950000.0,0,0,0,0,5039000000,1622900000,3416100000,30557434155.0,186500000.0,-300000000.0,-198800000.0,49100000.0,-179000000.0,-389000000.0,-582000000.0,-31000000.0,1154300000.0,3200000.0,709600000.0,709600000.0,709600000.0,0.0,-600000.0,0.252,786200000.0,1036100000.0,380200000,0.252,11.086,43.063,43.239,910600000,0.0,188.52,10.832,10.869,519500000,4884100000,2821000000.0,2821000000.0,0.0,0.096,0.282,0.275,0.368,53400000.0,421700000.0,1.0,162091206,162641819,164436717.0,17.345,2319200000,9000000,188500000.0,416100000,14.26,-581300000
2,VRSK,ART,2020-12-31,2021-02-23,2020-12-31,2021-08-03,-375700000,7561800000,7179350000.0,794200000,6767600000,0.388,16.593,-223700000.0,218800000,218800000,993900000.0,712700000.0,0.555,1.803,3524200000,553000000,2971200000,3524200000,466700000,358100000.0,0,0.006,1.08,1035700000.0,1393800000.0,0.501,1393800000.0,1035700000.0,897500000.0,4.38,4.31,4.38,2698200000,2344025000.0,2698200000,33480447825.0,32.0,24.021,844500000.0,5.193,1.0,1790700000.0,0.643,5492900000,138200000.0,3943500000,3688300000.0,0,0,0,0,4863600000,1430800000,3432800000,30175047825.0,33900000.0,-285100000.0,-260800000.0,44100000.0,-175800000.0,-445200000.0,-595800000.0,-94800000.0,1068200000.0,6700000.0,712700000.0,712700000.0,712700000.0,0.0,0.0,0.256,752600000.0,1038100000.0,406700000,0.247,11.183,42.339,42.32,899900000,0.0,185.36,10.836,10.824,432400000,4762200000,2784600000.0,2784600000.0,0.0,0.099,0.304,0.281,0.372,47600000.0,413900000.0,1.0,162791583,162610586,165320709.0,17.124,2068900000,34500000,184800000.0,400700000,12.723,-636600000
3,VRSK,ART,2020-09-30,2020-11-04,2020-09-30,2021-08-03,-540900000,7219600000,7052700000.0,799700000,6419900000,0.39,14.9,-215300000.0,221800000,221800000,993300000.0,668700000.0,0.562,1.982,3438700000,499600000,2939100000,3438700000,531700000,350500000.0,0,0.005,1.06,989700000.0,1340200000.0,0.488,1340200000.0,989700000.0,853600000.0,4.1,4.03,4.1,2421300000,2234675000.0,2421300000,35147910233.0,36.0,26.226,780300000.0,4.802,1.0,1754800000.0,0.639,5241200000,136100000.0,3772400000,3581250000.0,0,0,0,0,4798300000,1422900000,3375400000,31931010233.0,-90000000.0,-749600000.0,-324100000.0,478100000.0,-172600000.0,-73200000.0,-1018100000.0,-63800000.0,995600000.0,5700000.0,668700000.0,668700000.0,668700000.0,0.0,0.0,0.243,767000000.0,987800000.0,369300000,0.259,13.188,47.751,47.9,844200000,0.0,196.39,11.619,11.613,433400000,4630400000,2748100000.0,2748100000.0,0.0,0.095,0.299,0.276,0.36,45400000.0,429700000.0,1.0,162589797,162502191,165731226.0,16.911,1978400000,35500000,184900000.0,378800000,12.175,-623200000
4,VRSK,ART,2020-06-30,2020-08-04,2020-06-30,2021-08-03,-657200000,7007900000,6820075000.0,878700000,6129200000,0.396,13.402,-211200000.0,309400000,309400000,996200000.0,515800000.0,0.59,2.22,3427200000,490900000,2936300000,3427200000,617500000,338700000.0,0,0.006,1.04,784600000.0,1123300000.0,0.416,1123300000.0,784600000.0,652500000.0,3.16,3.11,3.16,2176100000,2145275000.0,2176100000,33600882837.0,43.0,29.913,790900000.0,4.871,1.0,1701900000.0,0.631,5008400000,132100000.0,3627000000,3498275000.0,0,0,0,0,4831800000,1490300000,3341500000,30483082837.0,156100000.0,-634600000.0,-361600000.0,638800000.0,-169500000.0,54700000.0,-905500000.0,-63800000.0,1002100000.0,4800000.0,515800000.0,515800000.0,515800000.0,0.0,0.0,0.191,913800000.0,788100000.0,322400000,0.329,14.008,59.099,59.405,802400000,0.0,187.72,11.298,11.297,454500000,4488800000,2698100000.0,2698100000.0,0.0,0.076,0.24,0.224,0.291,44200000.0,588300000.0,1.0,162385909,162371920,165103088.0,16.617,1999500000,9100000,136700000.0,395600000,12.314,-611600000
5,VRSK,ART,2020-03-31,2020-05-05,2020-03-31,2021-08-03,-658700000,6928100000,6626600000.0,814000000,6114100000,0.403,12.772,-201400000.0,204400000,204400000,1003100000.0,487200000.0,0.509,2.33,3333700000,482700000,2851000000,3333700000,668400000,331100000.0,0,0.006,1.02,743400000.0,1074500000.0,0.402,1074500000.0,743400000.0,615000000.0,2.98,2.93,2.98,2080500000,2153925000.0,2080500000,28683487391.0,39.0,26.695,751500000.0,4.613,1.0,1668800000.0,0.625,5049200000,128400000.0,3410300000,3429800000.0,0,0,0,0,4847600000,1597900000,3249700000,25554187391.0,24900000.0,-634600000.0,-338800000.0,488400000.0,-166500000.0,-38100000.0,-895100000.0,-63300000.0,952900000.0,5200000.0,487200000.0,487200000.0,487200000.0,0.0,0.0,0.182,922100000.0,746700000.0,315600000,0.342,12.283,52.451,52.849,757900000,0.0,157.49,9.564,9.601,523300000,4353400000,2671900000.0,2671900000.0,0.0,0.074,0.226,0.217,0.278,53100000.0,604200000.0,1.0,162259111,162894306,165724120.0,16.403,1878900000,9100000,127800000.0,371300000,11.534,-783900000
6,VRSK,ART,2019-12-31,2020-02-18,2019-12-31,2021-08-03,-486900000,7055200000,6479850000.0,744900000,6310300000,0.402,13.825,-216800000.0,184600000,184600000,976800000.0,449900000.0,0.499,2.121,3399700000,540000000,2859700000,3399700000,440100000,323700000.0,0,0.006,1.0,695200000.0,1018900000.0,0.391,1018900000.0,695200000.0,568400000.0,2.75,2.7,2.75,2260800000,2176425000.0,2260800000,31192409467.0,45.0,30.614,739500000.0,4.522,1.0,1630300000.0,0.625,5263200000,126800000.0,3515300000,3405675000.0,0,0,0,0,4794400000,1491800000,3302600000,27977309467.0,45400000.0,-703700000.0,-247600000.0,443400000.0,-163500000.0,10900000.0,-927900000.0,0.0,956300000.0,6100000.0,449900000.0,449900000.0,449900000.0,0.0,0.0,0.173,933400000.0,696900000.0,375000000,0.364,12.375,62.186,62.385,766700000,0.0,171.56,10.731,10.761,441600000,4228400000,2607100000.0,2607100000.0,0.0,0.069,0.207,0.204,0.267,42700000.0,603500000.0,1.0,163075947,163535438,166560115.0,15.942,1792000000,35700000,118500000.0,362800000,10.958,-746900000
7,VRSK,ART,2019-09-30,2019-10-30,2019-09-30,2021-08-03,-678400000,6289100000,6191125000.0,831000000,5458100000,0.411,12.616,-229300000.0,311800000,311800000,941000000.0,463900000.0,0.854,2.047,2945000000,64300000,2880700000,2945000000,460400000,314200000.0,0,0.005,0.75,702200000.0,1016400000.0,0.399,1016400000.0,702200000.0,575900000.0,2.83,2.79,2.83,2063700000,2128875000.0,2063700000,26872825402.0,38.0,26.439,724100000.0,4.427,1.0,1603200000.0,0.63,4508200000,126300000.0,3440500000,3169400000.0,0,0,0,0,4225400000,973600000,3251800000,24239625402.0,164200000.0,-199400000.0,-298000000.0,89400000.0,-122700000.0,-356100000.0,-436100000.0,800000.0,953400000.0,3000000.0,463900000.0,463900000.0,463900000.0,0.0,0.0,0.182,890600000.0,712600000.0,362800000,0.265,11.746,52.252,52.269,808600000,0.0,147.92,9.527,9.511,405500000,4136600000,2544200000.0,2544200000.0,0.0,0.075,0.218,0.222,0.276,44800000.0,576400000.0,1.0,163869831,163580563,166779618.0,15.553,1780900000,34000000,112000000.0,327000000,10.887,-142600000
8,VRSK,ART,2019-06-30,2019-07-30,2019-06-30,2021-08-03,-592200000,6234000000,6081625000.0,710300000,5523700000,0.409,13.501,-223800000.0,153300000,153300000,917300000.0,597000000.0,0.771,1.82,2787800000,120000000,2667800000,2787800000,559900000,308000000.0,0,0.003,0.5,857200000.0,1165200000.0,0.468,1165200000.0,857200000.0,729800000.0,3.64,3.58,3.64,2210700000,2148250000.0,2210700000,27493961514.0,32.0,23.596,742800000.0,4.536,1.0,1572900000.0,0.632,4594600000,127400000.0,3353100000,2928800000.0,0,0,0,0,4023300000,920800000,3102500000,24859461514.0,21300000.0,-154500000.0,-311600000.0,-266200000.0,-81900000.0,-678900000.0,-263500000.0,122200000.0,966600000.0,-2900000.0,597000000.0,597000000.0,597000000.0,0.0,0.0,0.24,724900000.0,848000000.0,236700000,0.137,11.245,41.641,41.769,797100000,0.0,152.04,9.983,9.997,442600000,4145300000,2490200000.0,2490200000.0,0.0,0.098,0.278,0.293,0.344,46300000.0,417100000.0,1.0,163506061,163743835,166697276.0,15.208,1639400000,36500000,132800000.0,355200000,10.012,-210500000
9,VRSK,ART,2019-03-31,2019-04-30,2019-03-31,2021-08-03,-532300000,6341100000,6033025000.0,734900000,5606200000,0.404,13.273,-233000000.0,179500000,179500000,897000000.0,600100000.0,0.694,1.921,2891300000,217500000,2673800000,2891300000,602100000,302200000.0,0,0.002,0.25,856300000.0,1158500000.0,0.475,1158500000.0,856300000.0,727500000.0,3.65,3.59,3.65,2170500000,2113975000.0,2170500000,25811570123.0,30.0,22.28,740500000.0,4.528,1.0,1541900000.0,0.632,4680700000,128800000.0,3313800000,2730575000.0,0,0,0,0,4170600000,1058400000,3112200000,23099770123.0,29700000.0,-200000000.0,-396000000.0,-165000000.0,-40900000.0,-622000000.0,-317200000.0,121800000.0,973500000.0,-4600000.0,600100000.0,600100000.0,600100000.0,0.0,0.0,0.246,699900000.0,842000000.0,236300000,0.068,10.643,38.493,38.668,797300000,0.0,141.14,9.471,9.463,438600000,4036000000,2438900000.0,2438900000.0,0.0,0.099,0.284,0.314,0.351,38900000.0,397800000.0,1.0,163665652,163528343,166544945.0,14.914,1660400000,17400000,127400000.0,356700000,10.154,-323500000
10,VRSK,ART,2018-12-31,2019-02-19,2018-12-31,2021-08-03,-591900000,5900300000,6009475000.0,644500000,5255800000,0.399,12.564,-231000000.0,139500000,139500000,886200000.0,598700000.0,0.487,1.85,2723300000,672800000,2050500000,2723300000,383100000,296100000.0,0,0.0,0.0,849400000.0,1145500000.0,0.478,1145500000.0,849400000.0,719700000.0,3.63,3.56,3.63,2070600000,2117425000.0,2070600000,22929290818.0,27.0,20.017,703400000.0,4.268,1.0,1508900000.0,0.63,4589300000,129700000.0,2570200000,2529675000.0,0,0,0,0,3829700000,1324600000,2505100000,20345490818.0,-2800000.0,-153100000.0,-351300000.0,-300000000.0,0.0,-669800000.0,-265400000.0,121800000.0,934400000.0,-2000000.0,598700000.0,598700000.0,598700000.0,0.0,0.0,0.25,674800000.0,834100000.0,263500000,0.0,9.826,33.983,34.278,555900000,0.0,124.43,8.495,8.562,356400000,3942600000,2395100000.0,2395100000.0,0.0,0.1,0.283,0.336,0.355,38500000.0,378700000.0,1.0,163509530,164808110,168297836.0,14.533,1311000000,45100000,121000000.0,355800000,7.955,-680100000
11,VRSK,ART,2018-09-30,2018-10-30,2018-09-30,2021-08-03,-509600000,5851100000,6039475000.0,593700000,5257400000,0.389,12.99,-224200000.0,147600000,147600000,871500000.0,657100000.0,0.487,1.733,2587200000,542300000,2044900000,2587200000,433200000,284500000.0,0,0.0,0.0,848500000.0,1133000000.0,0.482,1133000000.0,848500000.0,719300000.0,3.99,3.9,3.99,2141200000,2081125000.0,2141200000,21685340684.0,26.0,19.14,688200000.0,4.175,1.0,1480000000.0,0.629,4593400000,129200000.0,2478100000,2595925000.0,0,4000000,4000000,0,3709900000,1219200000,2490700000,19245740684.0,5600000.0,-277400000.0,-198600000.0,-310000000.0,0.0,-520300000.0,-385400000.0,126500000.0,912400000.0,-1100000.0,657100000.0,657100000.0,657100000.0,0.0,0.0,0.279,652100000.0,827900000.0,243700000,0.0,8.988,29.289,29.301,518500000,0.0,116.91,8.184,8.195,324200000,3796400000,2351500000.0,2351500000.0,0.0,0.109,0.316,0.327,0.361,37700000.0,367700000.0,1.0,164620141,164829250,168200766.0,14.266,1257700000,27300000,62200000.0,341600000,7.63,-625500000
12,VRSK,ART,2018-06-30,2018-07-31,2018-06-30,2021-08-03,-474200000,6039600000,5983750000.0,625100000,5414500000,0.385,12.566,-210300000.0,132000000,132000000,850800000.0,611800000.0,0.426,1.913,2781100000,736900000,2044200000,2781100000,513000000,272800000.0,0,0.0,0.0,834300000.0,1107100000.0,0.481,1107100000.0,834300000.0,707200000.0,3.71,3.63,3.71,2073600000,1963975000.0,2073600000,20869144425.0,25.0,18.85,637600000.0,3.864,1.0,1451100000.0,0.63,4662200000,127100000.0,2560200000,2656350000.0,0,3800000,3800000,0,3966000000,1466300000,2499700000,18220044425.0,-8700000.0,-860300000.0,-130000000.0,360000000.0,0.0,218200000.0,-1080800000.0,100000.0,847900000.0,6000000.0,611800000.0,611800000.0,611800000.0,0.0,0.0,0.266,625900000.0,825200000.0,216400000,0.0,8.787,29.781,29.817,501900000,0.0,110.62,7.915,7.93,347800000,3630400000,2301900000.0,2301900000.0,0.0,0.102,0.312,0.314,0.362,36200000.0,352900000.0,1.0,164708411,165015642,168651202.0,13.95,1377400000,38100000,95400000.0,349600000,8.347,-841200000
13,VRSK,ART,2018-03-31,2018-05-01,2018-03-31,2021-08-03,-309300000,6246900000,5698525000.0,708600000,5538300000,0.39,13.235,-195600000.0,149800000,149800000,822100000.0,579300000.0,0.455,1.86,2782000000,740900000,2041100000,2782000000,586600000,255000000.0,0,0.0,0.0,815800000.0,1070800000.0,0.482,1070800000.0,815800000.0,692100000.0,3.51,3.44,3.51,2184300000,1812050000.0,2184300000,20263703835.0,25.0,18.924,557000000.0,3.375,1.0,1401700000.0,0.63,4810800000,123700000.0,2510200000,2675900000.0,0,3800000,3800000,0,4062600000,1558100000,2504500000,17631503835.0,-5200000.0,-860800000.0,-168200000.0,479500000.0,0.0,300600000.0,-1066600000.0,100000.0,752600000.0,8200000.0,579300000.0,579300000.0,579300000.0,0.0,0.0,0.261,593800000.0,807900000.0,223800000,0.0,8.072,30.436,30.396,489000000,0.0,106.69,7.929,7.918,424100000,3476900000,2223800000.0,2223800000.0,0.0,0.102,0.32,0.305,0.367,34100000.0,338700000.0,1.0,165259198,165043047,168992535.0,13.474,1436100000,24700000,112800000.0,363300000,8.701,-849500000
14,VRSK,ART,2017-12-31,2018-02-20,2017-12-31,2021-08-03,-412300000,6020300000,5323975000.0,597600000,5422700000,0.403,11.657,-183500000.0,142300000,142300000,783800000.0,555100000.0,0.447,2.127,3008800000,724400000,2284400000,3008800000,384700000,237400000.0,0,0.0,0.0,810400000.0,1047800000.0,0.488,1047800000.0,810400000.0,691000000.0,3.36,3.29,3.36,1925400000,1612375000.0,1925400000,18880096307.0,23.0,18.019,560000000.0,3.39,1.0,1361400000.0,0.635,4714000000,119400000.0,2835200000,2680450000.0,0,3800000,3800000,0,4094900000,1337600000,2757300000,16013596307.0,7200000.0,-914900000.0,-241300000.0,614500000.0,0.0,362500000.0,-1105500000.0,100000.0,743500000.0,6700000.0,555100000.0,555100000.0,555100000.0,0.0,0.0,0.259,560200000.0,801200000.0,225400000,0.0,8.317,28.848,28.881,478300000,0.0,97.04,7.465,7.472,345500000,3308000000,2145200000.0,2145200000.0,0.0,0.104,0.344,0.302,0.378,31800000.0,322800000.0,1.0,165020572,165168224,168688868.0,12.988,1306300000,44700000,135900000.0,340900000,7.909,-740000000
15,VRSK,ART,2017-09-30,2017-10-31,2017-09-30,2021-08-03,-443300000,5628200000,4976700000.0,544700000,5083500000,0.418,10.163,-171730000.0,142000000,142000000,768092000.0,459748000.0,0.453,2.365,2881700000,602900000,2278800000,2881700000,390000000,223509000.0,0,0.0,0.0,789347000.0,1012856000.0,0.487,1012856000.0,789347000.0,673764000.0,2.76,2.72,2.76,1672600000,1464125000.0,1672600000,16746747116.0,21.0,16.534,502799000.0,3.055,1.0,1312931000.0,0.631,4445000000,115583000.0,2719800000,2639800000.0,0,3700000,3700000,0,3955600000,1203100000,2752500000,14007047116.0,-22739000.0,-734469000.0,-385958000.0,594475000.0,0.0,208618000.0,-910026000.0,-4947000.0,674529000.0,4140000.0,459748000.0,459748000.0,459748000.0,-1791000.0,0.0,0.221,536361000.0,776570000.0,210200000,0.0,8.374,30.467,30.815,437800000,0.0,85.05,6.731,6.726,285800000,3103400000,2081023000.0,2081023000.0,0.0,0.092,0.314,0.299,0.379,22855000.0,312792000.0,1.0,164691912,164577575,167957058.0,12.645,1183200000,51200000,214016000.0,384100000,7.189,-658400000
16,VRSK,ART,2017-06-30,2017-08-01,2017-06-30,2021-08-03,-526400000,4898700000,4740912750.0,522800000,4375900000,0.428,8.888,-166769000.0,140700000,140700000,739257000.0,466625000.0,0.709,2.342,2403400000,126800000,2276600000,2403400000,449000000,214488000.0,0,0.0,0.0,778893000.0,993381000.0,0.489,993381000.0,778893000.0,665460000.0,2.79,2.74,2.79,1465900000,1414832500.0,1465900000,16607030655.0,21.0,16.718,430646000.0,2.611,1.0,1290747000.0,0.636,3785800000,113433000.0,2638400000,2597062250.0,0,3600000,3600000,0,3432800000,737200000,2695600000,14344330655.0,-55654000.0,-194974000.0,-429363000.0,119000000.0,0.0,-295667000.0,-352081000.0,8542000.0,597415000.0,-5321000.0,466625000.0,466625000.0,466625000.0,-1791000.0,0.0,0.23,524155000.0,766592000.0,161400000,0.0,9.785,30.741,31.244,403500000,0.0,87.17,7.066,7.082,266400000,2982700000,2030004000.0,2030004000.0,0.0,0.098,0.33,0.3,0.384,10388000.0,309706000.0,1.0,164555818,164922237,168314296.0,12.309,1112900000,68500000,198835000.0,337500000,6.748,-214400000
17,VRSK,ART,2017-03-31,2017-05-02,2017-03-31,2021-08-03,-616900000,4748700000,4697503500.0,513800000,4234900000,0.427,8.325,-156837000.0,155000000,155000000,724023000.0,607361000.0,0.764,2.427,2287600000,6600000,2281000000,2287600000,501600000,212051000.0,0,0.0,0.0,927418000.0,1139469000.0,0.568,1139469000.0,927418000.0,811050000.0,3.62,3.55,3.62,1385600000,1410823500.0,1385600000,15720237255.0,17.0,13.796,403284000.0,2.423,1.0,1281077000.0,0.639,3680500000,116368000.0,2528400000,2551107250.0,0,3600000,3600000,0,3363100000,672400000,2690700000,13587637255.0,23230000.0,564200000.0,-265864000.0,-705500000.0,0.0,-947295000.0,417090000.0,8607000.0,560121000.0,-6686000.0,607361000.0,607361000.0,607361000.0,-156791000.0,0.0,0.303,518406000.0,762671000.0,162100000,0.0,9.806,22.372,22.702,377800000,0.0,82.18,6.777,6.822,298700000,2861700000,2005100000.0,2005100000.0,0.0,0.129,0.431,0.364,0.463,9767000.0,306463000.0,1.0,165339952,166442991,170150862.0,12.047,1068200000,19100000,203689000.0,331500000,6.418,-158600000
18,VRSK,ART,2016-12-31,2017-02-21,2016-12-31,2021-08-03,-650800000,4631200000,4875115250.0,500900000,4130300000,0.409,7.919,-156500000.0,135100000,135100000,714400000.0,591200000.0,0.806,2.476,2387000000,106800000,2280200000,2387000000,330800000,224600000.0,0,0.0,0.0,913400000.0,1138000000.0,0.57,1138000000.0,913400000.0,793400000.0,3.51,3.45,3.51,1332400000,1387039750.0,1332400000,16422516710.0,18.0,14.431,389600000.0,2.316,1.0,1280800000.0,0.642,3588900000,120000000.0,2672600000,2668029250.0,0,3400000,3400000,0,3298800000,621600000,2677200000,14170616710.0,-3200000.0,640500000.0,-285700000.0,-770500000.0,0.0,-1032800000.0,493200000.0,8700000.0,546100000.0,-9700000.0,591200000.0,591200000.0,591200000.0,-139700000.0,0.0,0.296,513200000.0,767600000.0,183100000,0.0,10.635,23.969,24.271,380300000,0.0,85.19,7.102,7.184,263900000,2752900000,1995200000.0,1995200000.0,0.0,0.121,0.426,0.342,0.458,13100000.0,301600000.0,1.0,166341316,168248304,171171572.0,11.859,1042300000,64900000,202200000.0,322200000,6.195,-120700000
19,VRSK,ART,2016-09-30,2016-11-01,2016-09-30,2021-08-03,-518934000,4685051000,5121297000.0,464301000,4220750000,0.4,8.737,-158943000.0,164787000,164787000,735103000.0,595709000.0,0.834,2.175,2286342000,6899000,2279443000,2286342000,355459000,241508000.0,0,0.0,0.0,918571000.0,1160079000.0,0.566,1160079000.0,918571000.0,794565000.0,3.53,3.46,3.53,1475430000,1396942500.0,1475430000,15675036107.0,17.0,13.512,408371000.0,2.418,1.0,1314537000.0,0.641,3701267000,124006000.0,2548849000,2663564500.0,0,3457000,3457000,0,3209621000,556490000,2653131000,13553481107.0,-4038000.0,618578000.0,-162850000.0,-900475000.0,0.0,-1029340000.0,468211000.0,9095000.0,567314000.0,-10223000.0,595709000.0,595709000.0,595709000.0,-137909000.0,0.0,0.291,536739000.0,777798000.0,192301000,0.0,9.186,22.752,22.929,355867000,0.0,80.94,6.613,6.669,229939000,2643678000,2049640000.0,2049640000.0,0.0,0.116,0.426,0.345,0.448,1084000.0,308190000.0,1.0,167450965,168874129,171785900.0,12.137,983784000,11236000,198856000.0,305694000,5.826,-92189000
20,VRSK,ART,2016-06-30,2016-08-02,2016-06-30,2021-08-03,-457143000,4725063000,5354808500.0,496917000,4228146000,0.393,8.615,-168277000.0,196402000,196402000,775605000.0,599946000.0,0.808,2.259,2275288000,2256000,2273032000,2275288000,431171000,241373000.0,0,0.0,0.0,944817000.0,1186190000.0,0.564,1186190000.0,944817000.0,815958000.0,3.55,3.49,3.55,1449864000,1356494000.0,1449864000,16225072735.0,17.0,13.678,478394000.0,2.843,1.0,1326355000.0,0.631,3734203000,128859000.0,2454580000,2669559250.0,0,3372000,3372000,0,3275199000,615166000,2660033000,14146186735.0,50911000.0,661983000.0,-99765000.0,-1020889000.0,0.0,-1092284000.0,509522000.0,16335000.0,646671000.0,-12998000.0,599946000.0,599946000.0,599946000.0,-137909000.0,0.0,0.285,538099000.0,788256000.0,163413000,0.0,9.757,23.579,23.583,334631000,0.0,83.72,6.73,6.703,241326000,2516101000,2101960000.0,2101960000.0,0.0,0.112,0.442,0.354,0.449,3986000.0,309686000.0,1.0,168970219,168296318,171218782.0,12.49,990860000,5748000,216012000.0,331200000,5.888,-118249000
21,VRSK,ART,2016-03-31,2016-05-03,2016-03-31,2021-08-03,-316777000,5459147000,5617458500.0,586783000,4872364000,0.374,7.661,-172141000.0,131818000,131818000,792335000.0,501530000.0,0.414,3.23,2981022000,709143000,2271879000,2981022000,486551000,245550000.0,0,0.0,0.0,836580000.0,1082130000.0,0.515,1082130000.0,836580000.0,701494000.0,2.98,2.93,2.98,1290465000,1305108500.0,1290465000,15819876195.0,19.0,14.619,484435000.0,2.876,1.0,1308979000.0,0.623,3895384000,135086000.0,2996088000,2687557500.0,0,3472000,3472000,0,4168682000,1416879000,2751803000,12970672195.0,-21029000.0,-2941239000.0,619251000.0,1684124000.0,0.0,2335265000.0,-3012382000.0,16330000.0,656576000.0,-488000.0,501530000.0,501530000.0,501530000.0,17091000.0,0.0,0.239,558080000.0,750899000.0,179671000,0.0,10.051,25.862,25.883,341989000,0.0,77.13,6.173,6.183,297312000,2254365000,2101314000.0,2101314000.0,0.0,0.089,0.384,0.311,0.398,6259000.0,325421000.0,1.0,168166371,168453750,171480884.0,12.474,1563763000,8561000,199964000.0,350084000,9.283,-830096000
22,VRSK,ART,2015-12-31,2016-02-24,2015-12-31,2021-08-03,-242052000,5615927000,4853796500.0,604569000,5011358000,0.426,8.311,-166138000.0,138348000,138348000,803274000.0,507577000.0,0.409,3.093,3167990000,874811000,2293179000,3167990000,356951000,215484000.0,0,0.0,0.0,838752000.0,1054236000.0,0.51,1054236000.0,838752000.0,717436000.0,3.07,3.01,3.07,1372011000,1065422750.0,1372011000,15069311274.0,18.0,14.294,457549000.0,2.772,1.0,1264736000.0,0.612,4511571000,121316000.0,2654741000,2250695250.0,0,3576000,3576000,0,4243916000,1479257000,2764659000,12039669274.0,98989000.0,-2941745000.0,739223000.0,1710024000.0,0.0,2481013000.0,-3006317000.0,16278000.0,623687000.0,606000.0,507577000.0,507577000.0,507577000.0,0.0,0.0,0.245,528174000.0,736562000.0,245664000,0.0,8.775,23.72,23.339,418168000,0.0,71.65,5.822,5.72,320099000,2161726000,2068010000.0,2068010000.0,0.0,0.105,0.476,0.373,0.406,4471000.0,312690000.0,1.0,168034463,165090380,168451343.0,12.527,1104356000,48853000,209859000.0,396430000,6.689,-874688000
23,VRSK,ART,2015-09-30,2015-10-27,2015-09-30,2021-08-03,-179417000,5619097000,4036147250.0,617762000,5001335000,0.489,7.785,-149591000.0,168825000,168825000,783161000.0,491190000.0,0.401,3.278,3198365000,905473000,2292892000,3198365000,0,185369000.0,0,0.0,0.0,818575000.0,1003944000.0,0.509,1003944000.0,818575000.0,712060000.0,2.98,2.94,2.98,1313636000,775180750.0,1313636000,16639719516.0,20.0,16.574,481270000.0,2.852,1.0,1189151000.0,0.603,4535051000,106515000.0,2572828000,1926512750.0,0,3630000,3630000,0,4305461000,1540758000,2764703000,13610179516.0,-263665000.0,-2921745000.0,160533000.0,1899559000.0,0.0,2075791000.0,-2970207000.0,15942000.0,630861000.0,-110000.0,491190000.0,491190000.0,491190000.0,1940000.0,0.0,0.249,471210000.0,717941000.0,266467000,0.0,10.361,27.709,26.956,391625000,0.0,80.33,6.901,6.873,266000000,2047969000,1972312000.0,1972312000.0,0.0,0.122,0.634,0.425,0.415,19599000.0,285842000.0,1.0,169428352,168739437,172171337.0,11.689,1084046000,49978000,220870000.0,401422000,6.424,-922996000
24,VRSK,ART,2015-06-30,2015-07-28,2015-06-30,2021-08-03,-83873000,5775663000,3300798000.0,609987000,5165676000,0.567,7.581,-131146000.0,145491000,145491000,753867000.0,458391000.0,0.357,3.642,3319661000,1025797000,2293864000,3319661000,0,169463000.0,0,0.0,0.0,766988000.0,936451000.0,0.501,936451000.0,766988000.0,675978000.0,2.8,2.75,2.8,1244322000,628267750.0,1244322000,15514138838.0,20.0,16.567,426972000.0,2.601,1.0,1116709000.0,0.597,4713207000,91010000.0,2526573000,1625704750.0,0,3725000,3725000,0,4531341000,1710053000,2821288000,12339968838.0,-273957000.0,-2925575000.0,92312000.0,2020448000.0,0.0,2128718000.0,-2971272000.0,262000.0,558118000.0,10479000.0,458391000.0,458391000.0,458391000.0,1940000.0,0.0,0.245,432158000.0,684551000.0,246361000,0.0,9.917,26.92,26.157,386093000,0.0,73.24,6.597,6.427,267379000,1916155000,1870576000.0,1870576000.0,0.0,0.139,0.73,0.472,0.41,18969000.0,262696000.0,1.0,168486740,164141804,167586100.0,11.396,1062456000,69952000,217587000.0,463561000,6.473,-1100066000
25,VRSK,ART,2015-03-31,2015-04-28,2015-03-31,2021-08-03,-80058000,2404499000,2525701500.0,453993000,1950506000,0.711,2.098,-135434000.0,152847000,152847000,731141000.0,383170000.0,0.64,6.249,1306236000,205878000,1100358000,1306236000,0,146967000.0,0,0.0,0.0,687566000.0,834533000.0,0.465,834533000.0,687566000.0,616759000.0,2.34,2.3,2.34,331722000,486258500.0,331722000,12664351613.0,18.0,15.175,392180000.0,2.481,1.0,1065339000.0,0.593,1599479000,70807000.0,1248639000,1323409250.0,0,3855000,3855000,0,2072777000,709770000,1363007000,11510962613.0,-274529000.0,-35527000.0,-665143000.0,20435000.0,0.0,-629510000.0,-170620000.0,341000.0,527614000.0,-2013000.0,383170000.0,383170000.0,383170000.0,1940000.0,0.0,0.213,375444000.0,689895000.0,142471000,0.0,34.701,30.041,31.043,303829000,0.0,72.64,6.408,6.392,226637000,1752835000,1796480000.0,1796480000.0,0.0,0.152,0.788,0.52,0.383,12199000.0,228478000.0,1.0,158465895,158087919,161481213.0,11.364,805020000,17563000,233589000.0,203383000,5.092,-255777000
26,VRSK,ART,2014-12-31,2015-02-24,2014-12-31,2021-08-03,-80514000,2345330000,2584577750.0,384483000,1960847000,0.676,1.273,-146818000.0,39359000,39359000,716598000.0,400042000.0,0.499,10.113,1436932000,336058000,1100874000,1436932000,0,143483000.0,0,0.0,0.0,689781000.0,833264000.0,0.477,833264000.0,689781000.0,619797000.0,2.41,2.37,2.41,211043000,553209500.0,211043000,12134718179.0,18.0,14.563,342634000.0,2.066,1.0,1030128000.0,0.59,1613622000,69984000.0,1358011000,1349488250.0,0,3801000,3801000,0,2134287000,771270000,1363017000,10737145179.0,-126442000.0,110978000.0,-753836000.0,159535000.0,0.0,-579078000.0,-35530000.0,310000.0,489452000.0,-1286000.0,400042000.0,400042000.0,400042000.0,-29177000.0,0.0,0.229,369682000.0,660446000.0,180726000,0.0,50.877,26.84,28.178,302273000,0.0,67.91,6.147,6.447,220668000,1654149000,1746726000.0,1746726000.0,0.0,0.155,0.723,0.511,0.395,13038000.0,227306000.0,1.0,158108455,165823803,169132423.0,10.534,731708000,70284000,219755000.0,202540000,4.413,-386787000
27,VRSK,ART,2014-09-30,2014-10-28,2014-09-30,2021-08-03,-42861000,2677700000,2624358000.0,705652000,1972048000,0.615,4.368,-141053000.0,432490000,432490000,629847000.0,389895000.0,1.257,2.688,1276660000,140455000,1136205000,1276660000,0,141234000.0,0,0.0,0.0,666653000.0,807887000.0,0.5,807887000.0,666653000.0,596607000.0,2.34,2.29,2.34,725984000,637346000.0,725984000,11257235280.0,17.0,13.934,358050000.0,2.154,1.0,984478000.0,0.61,1590934000,70046000.0,1369596000,1398500250.0,0,3730000,3730000,0,1951716000,561340000,1390376000,10413065280.0,252287000.0,142169000.0,-249637000.0,-35605000.0,0.0,-247801000.0,1206000.0,1090000.0,499103000.0,-221000.0,389895000.0,389895000.0,389895000.0,-37183000.0,0.0,0.242,355325000.0,629153000.0,164288000,0.0,14.343,26.707,26.983,281347000,0.0,63.14,6.45,6.5,188711000,1556779000,1614325000.0,1614325000.0,0.0,0.149,0.612,0.477,0.413,-8888000.0,219844000.0,1.0,164920261,166187540,169522448.0,9.714,1086766000,35188000,206712000.0,194871000,6.539,144312000
28,VRSK,ART,2014-06-30,2014-07-29,2014-06-30,2021-08-03,-42377000,2675277000,2562401000.0,704563000,1970714000,0.626,4.066,-158235000.0,419448000,419448000,625554000.0,387321000.0,1.157,2.956,1275426000,139781000,1135645000,1275426000,0,138193000.0,0,0.0,0.0,661266000.0,799459000.0,0.498,799459000.0,661266000.0,590026000.0,2.31,2.27,2.31,676285000,576600500.0,676285000,11209066583.0,17.0,14.021,388829000.0,2.338,1.0,978703000.0,0.61,1605121000,71240000.0,1317391000,1401509500.0,0,3837000,3837000,0,1998992000,608743000,1390249000,10353088583.0,246861000.0,146087000.0,-199173000.0,-135605000.0,0.0,-288660000.0,-12144000.0,1004000.0,547064000.0,601000.0,387321000.0,387321000.0,387321000.0,-37183000.0,0.0,0.241,355450000.0,623253000.0,157350000,0.0,15.309,26.73,26.922,272875000,0.0,62.19,6.454,6.448,177973000,1457764000,1604257000.0,1604257000.0,0.0,0.151,0.672,0.472,0.412,-15641000.0,223010000.0,1.0,166475134,166343630,169503664.0,9.644,1070156000,33576000,202705000.0,194523000,6.433,95820000
29,VRSK,ART,2014-03-31,2014-04-29,2014-03-31,2021-08-03,-42822000,2640004000,2503419500.0,679204000,1960800000,0.64,3.59,-154055000.0,427376000,427376000,627747000.0,383427000.0,1.317,3.403,1275309000,4317000,1270992000,1275309000,0,137256000.0,0,0.0,0.0,653631000.0,790887000.0,0.494,790887000.0,653631000.0,580146000.0,2.28,2.24,2.28,599526000,498905500.0,599526000,10478708327.0,16.0,13.249,394436000.0,2.362,1.0,974276000.0,0.608,1619342000,73485000.0,1352955000,1409813000.0,0,3918000,3918000,0,2040478000,515640000,1524838000,9630775327.0,160018000.0,145296000.0,-267725000.0,-180605000.0,0.0,-380393000.0,-8153000.0,1606000.0,548491000.0,73000.0,383427000.0,383427000.0,383427000.0,-37183000.0,0.0,0.239,358591000.0,615685000.0,156893000,0.0,16.064,25.118,25.386,251731000,0.0,57.88,6.012,6.033,173451000,1369665000,1602023000.0,1602023000.0,0.0,0.153,0.769,0.464,0.408,-37058000.0,227088000.0,1.0,166392110,166981982,170421489.0,9.594,1020662000,12574000,196719000.0,202471000,6.112,163564000
30,VRSK,ART,2013-12-31,2014-02-25,2013-12-31,2021-08-03,-43488000,2504451000,2472505250.0,474845000,2029606000,0.645,3.259,-145976000.0,165801000,165801000,622523000.0,348380000.0,1.101,3.574,1275887000,4448000,1271439000,1275887000,0,134578000.0,0,0.0,0.0,620942000.0,755520000.0,0.473,755520000.0,620942000.0,544806000.0,2.07,2.02,2.07,547589000,437155000.0,547589000,11987765425.0,19.0,15.867,360944000.0,2.148,1.0,973180000.0,0.61,1629299000,76136000.0,1554059000,1395830250.0,0,3911000,3911000,0,1956862000,431179000,1525683000,10877679425.0,75982000.0,-703000.0,-197043000.0,-190605000.0,0.0,-284472000.0,-145626000.0,1614000.0,506920000.0,-840000.0,348380000.0,348380000.0,348380000.0,-6066000.0,0.0,0.218,358913000.0,614267000.0,188264000,0.0,19.865,31.224,31.498,233373000,0.0,65.2,6.817,6.866,158547000,1254107000,1595703000.0,1595703000.0,0.0,0.141,0.797,0.445,0.389,-73929000.0,228982000.0,1.0,166835574,168031412,172276360.0,9.496,875152000,72423000,196426000.0,198604000,5.208,43666000
31,VRSK,ART,2013-09-30,2013-11-05,2013-09-30,2021-08-03,-86592000,2429872000,2436476500.0,461330000,1968542000,0.689,2.874,-126564000.0,180203000,180203000,685713000.0,359456000.0,1.01,4.031,1310629000,39459000,1271170000,1310629000,0,130060000.0,0,0.0,0.0,627772000.0,757832000.0,0.451,757832000.0,627772000.0,548673000.0,2.14,2.1,2.14,483002000,364155500.0,483002000,12536549973.0,20.0,16.543,407120000.0,2.423,1.0,993257000.0,0.592,1722027000,79099000.0,1381633000,1351865000.0,0,4514000,4514000,0,1946870000,456638000,1490232000,11406123973.0,82433000.0,-28920000.0,-119029000.0,-260282000.0,0.0,-298754000.0,-152236000.0,2809000.0,533684000.0,-261000.0,359456000.0,359456000.0,359456000.0,0.0,0.0,0.214,365770000.0,627487000.0,171285000,0.0,23.615,31.732,31.682,219116000,0.0,67.8,6.794,6.786,167767000,1166884000,1678970000.0,1678970000.0,0.0,0.148,0.987,0.464,0.374,-50363000.0,235710000.0,1.0,168231917,168044100,172154553.0,9.991,707845000,54151000,189217000.0,143432000,4.212,4692000
32,VRSK,ART,2013-06-30,2013-07-30,2013-06-30,2021-08-03,-88338000,2439351000,2404866750.0,493609000,1945742000,0.682,2.174,-101346000.0,172587000,172587000,665882000.0,345926000.0,0.844,5.674,1404780000,137870000,1266910000,1404780000,0,125119000.0,0,0.0,0.0,612703000.0,737822000.0,0.45,737822000.0,612703000.0,534163000.0,2.07,2.02,2.07,365505000,278917000.0,365505000,11451526983.0,19.0,15.521,426139000.0,2.534,1.0,973354000.0,0.594,1735803000,78540000.0,1350605000,1345075750.0,0,4254000,4254000,0,2073846000,585136000,1488710000,10219333983.0,75389000.0,-461569000.0,-126102000.0,148319000.0,0.0,107980000.0,-559544000.0,2932000.0,527485000.0,-532000.0,345926000.0,345926000.0,345926000.0,0.0,0.0,0.211,360206000.0,613148000.0,157961000,0.0,27.959,29.542,29.401,185928000,0.0,60.86,6.234,6.243,186549000,1070443000,1639236000.0,1639236000.0,0.0,0.144,1.24,0.456,0.374,-56702000.0,235087000.0,1.0,167915445,168147069,172467688.0,9.749,703548000,64476000,188237000.0,135257000,4.184,-91527000
33,VRSK,ART,2013-03-31,2013-04-30,2013-03-31,2021-08-03,-88927000,2516347000,2258364750.0,552543000,1963804000,0.705,2.097,-84996000.0,267358000,267358000,638293000.0,335052000.0,0.85,6.138,1450446000,183979000,1266467000,1450446000,0,116389000.0,0,0.0,0.0,599600000.0,715989000.0,0.45,715989000.0,599600000.0,523387000.0,2.01,1.96,2.01,352524000,199211250.0,352524000,11504036060.0,19.0,16.067,384877000.0,2.29,1.0,952849000.0,0.599,1751989000,76213000.0,1297024000,1282861250.0,0,5141000,5141000,0,2163823000,650422000,1513401000,10320948060.0,152428000.0,-461581000.0,-81359000.0,218319000.0,0.0,227178000.0,-544079000.0,2059000.0,469873000.0,-544000.0,335052000.0,335052000.0,335052000.0,0.0,0.0,0.211,352797000.0,600052000.0,150261000,0.0,29.277,30.804,30.493,167129000,0.0,61.29,6.487,6.474,190917000,986238000,1591142000.0,1591142000.0,0.0,0.148,1.682,0.467,0.377,-58229000.0,236408000.0,1.0,168395302,168078589,172760641.0,9.467,764358000,25543000,188335000.0,134499000,4.548,-97879000
34,VRSK,ART,2012-12-31,2013-02-26,2012-12-31,2021-08-03,-89160000,2360336000,2102288750.0,390559000,1969777000,0.73,1.541,-74373000.0,89819000,89819000,607174000.0,329142000.0,0.667,8.235,1461425000,195263000,1266162000,1461425000,0,104199000.0,0,0.0,0.0,591716000.0,695915000.0,0.454,695915000.0,591716000.0,519208000.0,1.98,1.92,1.98,255591000,108515750.0,255591000,10434440935.0,18.0,14.994,393856000.0,2.374,1.0,927146000.0,0.604,1768394000,72508000.0,1378198000,1241175250.0,0,4883000,4883000,0,2104745000,585350000,1519395000,9062834935.0,-101784000.0,-809358000.0,-93887000.0,353319000.0,0.0,313555000.0,-883583000.0,148000.0,468229000.0,15000.0,329142000.0,329142000.0,329142000.0,0.0,0.0,0.215,335558000.0,591588000.0,187648000,0.0,35.458,27.535,27.222,154084000,0.0,53.9,5.907,5.828,178430000,905727000,1534320000.0,1534320000.0,0.0,0.157,3.033,0.477,0.386,-22865000.0,231359000.0,1.0,168141650,165890258,171709518.0,9.249,591942000,56372000,190066000.0,133761000,3.568,-194791000
35,VRSK,ART,2012-09-30,2012-10-30,2012-09-30,2021-08-03,-76853000,2303433000,1897481250.0,361337000,1942096000,0.775,0.856,-73628000.0,97770000,97770000,577528000.0,311161000.0,0.541,15.216,1567477000,265794000,1301683000,1567477000,0,93196000.0,0,0.0,0.0,571917000.0,665113000.0,0.452,665113000.0,571917000.0,505268000.0,1.88,1.82,1.88,142048000,19995500.0,142048000,9254194115.0,16.0,13.914,299336000.0,1.803,1.0,892655000.0,0.607,1750407000,66649000.0,1354476000,1188968500.0,0,4895000,4895000,0,2161385000,668257000,1493128000,7784487115.0,44924000.0,-781141000.0,-111244000.0,545600000.0,0.0,528718000.0,-856427000.0,-1958000.0,372964000.0,-331000.0,311161000.0,311161000.0,311161000.0,0.0,0.0,0.212,321184000.0,571471000.0,176464000,0.0,54.802,25.018,24.824,144799000,0.0,46.67,5.295,5.269,175520000,807428000,1470183000.0,1470183000.0,0.0,0.164,15.562,0.481,0.389,-65686000.0,227988000.0,1.0,166798524,165978080,171660543.0,8.858,553026000,24152000,194107000.0,84042000,3.332,-306920000
36,VRSK,ART,2012-06-30,2012-07-31,2012-06-30,2021-08-03,-77354000,1853343000,1666606250.0,397495000,1455848000,0.847,0.281,-68190000.0,97198000,97198000,558398000.0,299237000.0,0.649,38.701,1256178000,201783000,1054395000,1256178000,0,84635000.0,0,0.0,0.0,548590000.0,633225000.0,0.449,633225000.0,548590000.0,485481000.0,1.81,1.75,1.81,46682000,-55234750.0,46682000,9492116239.0,17.0,14.99,307879000.0,1.855,1.0,853020000.0,0.604,1298317000,63109000.0,1101747000,1074160000.0,0,4782000,4782000,0,1806661000,612259000,1194402000,8333136239.0,45228000.0,-348580000.0,-215294000.0,231283000.0,0.0,88629000.0,-418580000.0,-2110000.0,376069000.0,-890000.0,299237000.0,299237000.0,299237000.0,0.0,0.0,0.212,305391000.0,547629000.0,153684000,0.0,178.509,27.848,27.762,133731000,0.0,50.25,5.904,5.908,173607000,724517000,1411418000.0,1411418000.0,0.0,0.18,-5.418,0.511,0.389,-42976000.0,220756000.0,1.0,165833557,165946009,171901349.0,8.505,555026000,46956000,186244000.0,41880000,3.345,-214764000
37,VRSK,ART,2012-03-31,2012-05-01,2012-03-31,2021-08-03,-77403000,1892043000,1555292750.0,419840000,1472203000,0.878,-0.062,-63623000.0,114930000,114930000,542509000.0,291483000.0,0.74,-185.446,1229763000,130478000,1099285000,1229763000,0,79090000.0,0,0.0,0.0,533995000.0,613085000.0,0.449,613085000.0,533995000.0,473378000.0,1.76,1.7,1.76,-10258000,-103015250.0,-10258000,9114232702.0,17.0,14.866,356130000.0,2.16,1.0,822963000.0,0.603,1309040000,60617000.0,1130280000,1027670750.0,0,4968000,4968000,0,1902301000,567556000,1334745000,7999399702.0,13692000.0,-492558000.0,-290635000.0,394926000.0,0.0,152094000.0,-557787000.0,-1906000.0,419753000.0,-368000.0,291483000.0,291483000.0,291483000.0,0.0,0.0,0.213,289918000.0,533045000.0,144974000,0.0,-779.821,27.444,27.369,124781000,0.0,48.17,5.858,5.815,194540000,651186000,1365472000.0,1365472000.0,0.0,0.187,-2.83,0.52,0.391,-17437000.0,214192000.0,1.0,166066010,164836992,171350820.0,8.284,583003000,37247000,181895000.0,39868000,3.537,-147716000
38,VRSK,ART,2011-12-31,2012-02-28,2011-12-31,2021-08-03,-78287000,1541106000,1403889750.0,453654000,1087452000,0.949,-0.593,-59829000.0,191603000,191603000,533735000.0,282758000.0,1.297,-16.647,1105886000,5554000,1100332000,1105886000,0,78619000.0,0,0.0,0.0,514268000.0,592887000.0,0.445,592887000.0,514268000.0,460421000.0,1.7,1.63,1.7,-98490000,-127723500.0,-98490000,7865169869.0,15.0,13.266,315892000.0,1.903,1.0,798105000.0,0.599,936368000,53847000.0,1169371000,919800250.0,0,5066000,5066000,0,1639596000,349650000,1289946000,6950886869.0,136629000.0,-144781000.0,-338431000.0,253724000.0,0.0,-34780000.0,-204129000.0,181000.0,375721000.0,-183000.0,282758000.0,282758000.0,282758000.0,0.0,0.0,0.212,284724000.0,513381000.0,162992000,0.0,-70.575,24.582,24.812,119411000,0.0,42.18,5.219,5.258,153339000,576585000,1331840000.0,1331840000.0,0.0,0.201,-2.214,0.559,0.386,-17339000.0,209469000.0,1.0,164791059,166015238,173325110.0,8.022,604738000,50973000,177663000.0,0,3.643,104004000
39,VRSK,ART,2011-09-30,2011-11-01,2011-09-30,2021-08-03,-53656000,1379933000,1322885750.0,271764000,1108169000,0.963,-0.968,-58360000.0,52846000,52846000,509835000.0,268333000.0,0.537,-9.686,1019250000,165670000,853580000,1019250000,0,76823000.0,0,0.0,0.0,488878000.0,565701000.0,0.444,565701000.0,488878000.0,440516000.0,1.59,1.52,1.59,-158873000,-131711500.0,-158873000,6480976071.0,13.0,11.457,359619000.0,2.19,1.0,763570000.0,0.6,945094000,48362000.0,895242000,739427500.0,0,4828000,4828000,0,1538806000,506001000,1032805000,5514572071.0,-54409000.0,-342453000.0,-586667000.0,481955000.0,0.0,-71701000.0,-400607000.0,206000.0,417979000.0,-80000.0,268333000.0,268333000.0,268333000.0,0.0,0.0,0.211,275339000.0,488231000.0,146358000,0.0,-34.711,20.551,21.208,110328000,0.0,33.72,4.331,4.348,152803000,496267000,1273405000.0,1273405000.0,0.0,0.203,-2.037,0.661,0.384,-3353000.0,201880000.0,1.0,163540097,164195325,171169658.0,7.755,434839000,34476000,172183000.0,0,2.648,-234237000
40,VRSK,ART,2011-06-30,2011-08-02,2011-06-30,2021-08-03,-53508000,1408089000,1240255250.0,295477000,1112612000,0.984,-0.865,-51242000.0,51970000,51970000,489221000.0,260226000.0,0.578,-10.749,1025162000,170663000,854499000,1025162000,0,73421000.0,0,0.0,0.0,471242000.0,544663000.0,0.446,544663000.0,471242000.0,428989000.0,1.51,1.45,1.51,-144440000,-76457250.0,-144440000,5692043249.0,12.0,10.451,298843000.0,1.79,1.0,731440000.0,0.599,953891000,42253000.0,915790000,636124250.0,0,5351000,5351000,0,1552529000,511600000,1040929000,4718851249.0,-54857000.0,-342453000.0,-535035000.0,484729000.0,0.0,-12248000.0,-393351000.0,344000.0,350085000.0,657000.0,260226000.0,260226000.0,260226000.0,0.0,0.0,0.213,260900000.0,470540000.0,121285000,0.0,-32.67,18.134,20.828,107645000,0.0,31.45,3.866,4.302,145632000,425280000,1220661000.0,1220661000.0,0.0,0.21,-3.404,0.741,0.386,-8272000.0,191387000.0,1.0,150042965,166960806,174634046.0,7.311,454198000,60104000,168763000.0,0,2.72,-216123000
41,VRSK,ART,2011-03-31,2011-05-03,2011-03-31,2021-08-03,-54837000,1286431000,1151550000.0,311698000,974733000,1.02,-0.645,-44791000.0,101238000,101238000,473036000.0,253053000.0,0.633,-12.792,830517000,129997000,700520000,830517000,0,70653000.0,0,0.0,0.0,454505000.0,525158000.0,0.447,525158000.0,454505000.0,418692000.0,1.44,1.38,1.44,-109091000,-26953500.0,-109091000,5823166946.0,13.0,11.088,299633000.0,1.773,1.0,702022000.0,0.597,824442000,35813000.0,698798000,545004250.0,0,5603000,5603000,0,1395522000,492470000,903052000,5093887946.0,-29754000.0,-197761000.0,-454578000.0,294962000.0,0.0,-132190000.0,-242214000.0,338000.0,344424000.0,226000.0,253053000.0,253053000.0,253053000.0,0.0,0.0,0.215,248225000.0,453797000.0,88458000,0.0,-46.694,20.13,23.188,100774000,0.0,33.39,4.335,4.803,163888000,359703000,1175058000.0,1175058000.0,0.0,0.22,-9.389,0.834,0.387,-15035000.0,178116000.0,1.0,152557291,169030227,176964192.0,6.952,461989000,31095000,165639000.0,18788000,2.733,-180772000
42,VRSK,ART,2010-12-31,2011-02-28,2010-12-31,2021-08-03,-55803000,1217090000,1101362000.0,240435000,976655000,1.034,-0.644,-38641000.0,54974000,54974000,463473000.0,242552000.0,0.334,-11.635,839543000,437717000,401826000,839543000,0,68126000.0,0,0.0,0.0,441314000.0,509440000.0,0.448,509440000.0,441314000.0,406650000.0,1.36,1.3,1.36,-114442000,7382250.0,-114442000,6287428742.0,14.0,12.342,297391000.0,1.673,1.0,674870000.0,0.593,832897000,34664000.0,447880000,510260500.0,0,5653000,5653000,0,1331532000,720882000,610650000,5502859742.0,-16553000.0,-205275000.0,-384579000.0,248219000.0,0.0,-108787000.0,-243689000.0,227000.0,336032000.0,-109000.0,242552000.0,242552000.0,242552000.0,0.0,0.0,0.213,233956000.0,440914000.0,111995000,0.0,-48.084,22.687,23.787,93409000,0.0,32.35,4.834,5.051,126564000,293827000,1138343000.0,1138343000.0,0.0,0.22,32.856,0.865,0.388,-15355000.0,166374000.0,1.0,170103856,177733503,186394962.0,6.405,384193000,52039000,164098000.0,0,2.162,-480447000
43,VRSK,ART,2010-09-30,2010-11-03,2010-09-30,2021-08-03,-50952000,1049411000,1046327750.0,285772000,763639000,1.061,0.348,-36581000.0,107255000,107255000,500408000.0,170214000.0,0.727,15.887,530204000,128325000,401879000,530204000,0,68069000.0,0,0.0,0.0,367701000.0,435770000.0,0.392,435770000.0,367701000.0,333167000.0,0.93,0.9,0.93,62144000,27255500.0,62144000,5486068546.0,15.0,12.589,276051000.0,1.545,1.0,609903000.0,0.549,597353000,34534000.0,482029000,553280750.0,0,5350000,5350000,0,987267000,392978000,594289000,5063119546.0,46695000.0,-10253000.0,-104504000.0,-133063000.0,0.0,-219282000.0,-46524000.0,310000.0,312632000.0,-131000.0,170214000.0,170214000.0,170214000.0,0.0,0.0,0.153,240538000.0,369365000.0,99285000,0.0,81.474,29.746,31.602,83571000,0.0,29.39,4.56,4.73,130360000,227934000,1110311000.0,1110311000.0,0.0,0.163,6.245,0.665,0.331,55873000.0,173013000.0,1.0,172273547,178687236,187188667.0,6.214,452058000,88188000,162953000.0,2217000,2.53,-107206000
44,VRSK,ART,2010-06-30,2010-08-04,2010-06-30,2021-08-03,-52184000,1053268000,1038819000.0,285490000,767778000,1.041,0.297,,106827000,106827000,500786000.0,149539000.0,0.882,18.66,530702000,53935000,476767000,530702000,0,,0,0.0,0.0,338763000.0,,,,338763000.0,303264000.0,0.82,0.79,0.82,53575000,-287909750.0,53575000,5690947444.0,17.0,,,,1.0,580482000.0,0.537,602224000,35499000.0,551310000,587607500.0,0,5067000,5067000,0,999693000,323609000,676084000,5267072444.0,,,,,,,,,,,149539000.0,149539000.0,149539000.0,0.0,0.0,0.138,240040000.0,340442000.0,81571000,0.0,98.312,35.222,35.89,86253000,0.0,29.43,4.871,4.913,118470000,165054000,1081268000.0,1081268000.0,0.0,0.144,-0.519,0.577,0.313,,170531000.0,1.0,178969502,180492106,189541893.0,5.991,451044000,94333000,153725000.0,0,2.499,-38119000
45,VRSK,ART,2010-03-31,2010-05-06,2010-03-31,2021-08-03,-52685000,1085679000,,315849000,769830000,,0.157,,130992000,130992000,,,0.971,37.428,531799000,4723000,527076000,531799000,0,,0,0.0,0.0,,,,,,,,,,28252000,,28252000,5456121346.0,,,,,1.0,,,601531000,,559823000,,0,5546000,5546000,0,1057427000,325132000,732295000,5055314346.0,,,,,,,,,,,,,,,,,,,78001000,,178.937,,,88272000,,27.99,,,132896000,106650000,,,,,,,,,,1.0,180611445,180053550,,,484148000,73286000,,22285000,2.689,-9283000
46,VRSK,ART,2009-12-31,2010-03-09,2009-12-31,2021-08-03,-53628000,996953000,962915000.0,225345000,771608000,1.067,-0.2,-38694000.0,71527000,71527000,491294000.0,126614000.0,0.75,-29.526,594169000,66660000,527509000,594169000,0,71199000.0,0,0.0,0.0,299870000.0,371069000.0,0.361,371069000.0,299870000.0,264605000.0,0.72,0.7,0.72,-34949000,-522386000.0,-34949000,5645165498.0,19.0,15.213,287707000.0,1.646,1.0,535810000.0,0.522,599355000,35265000.0,619961000,560211500.0,0,5445000,5445000,0,1031902000,300279000,731623000,5122523498.0,38342000.0,-146957000.0,-39031000.0,-83754000.0,0.0,-102809000.0,-185340000.0,311000.0,326401000.0,90000.0,126614000.0,126614000.0,126614000.0,0.0,0.0,0.123,233803000.0,302007000.0,101401000,0.0,-146.571,40.458,39.514,89165000,0.0,28.45,4.987,4.841,89436000,51275000,1027104000.0,1027104000.0,0.0,0.131,-0.242,0.535,0.292,72872000.0,162604000.0,1.0,180053550,174767795,182165661.0,5.877,397598000,93919000,137991000.0,1414000,2.275,-74934000
47,VRSK,ART,2009-09-30,2009-11-16,2009-09-30,2021-08-03,-75561000,1019376000,,220763000,798613000,,-6.936,,60560000,60560000,,,0.564,-0.964,659422000,131528000,527894000,659422000,0,,0,0.0,0.0,,,,,,,,,,-1198517000,,-1198517000,5793109762.0,,,,,1.0,,,607583000,,619336000,,0,5352000,5352000,0,1155824000,391319000,764505000,5194247762.0,,,,,,,,,,,,,,,,,,,100979000,,-4.334,,,87229000,,28.85,,,104083000,-439062000,,,,,,,,,,1.0,180043250,172796400,,,411793000,102831000,,0,2.383,-170556000
48,VRSK,ART,2008-12-31,2009-09-29,2008-12-31,2021-08-03,-82434000,928877000,,168927000,759950000,,-5.522,-30652000.0,33185000,33185000,386897000.0,158228000.0,0.335,-1.178,669754000,219398000,450356000,669754000,0,64872000.0,0,,0.0,310215000.0,375087000.0,0.42,375087000.0,310215000.0,278899000.0,0.865,0.832,0.865,-1009823000,,-1009823000,,,,217254000.0,1.188,1.0,506653000.0,0.567,560085000,31316000.0,500462000,,0,5114000,5114000,0,1189161000,504899000,684262000,,9136000.0,-117993000.0,-362188000.0,228713000.0,0.0,-107376000.0,-130466000.0,18179000.0,247906000.0,-928000.0,158228000.0,158228000.0,158228000.0,0.0,0.0,0.177,196111000.0,310542000.0,83381000,0.0,,,,82587000,0.0,,,,83941000,-243495000,893550000.0,893550000.0,0.0,,,,0.347,5965000.0,131239000.0,1.0,180059800,182885700,190231700.0,4.886,368792000,125858000,120671000.0,0,2.017,-335972000
