None,ticker,dimension,calendardate,datekey,reportperiod,lastupdated,accoci,assets,assetsavg,assetsc,assetsnc,assetturnover,bvps,capex,cashneq,cashnequsd,cor,consolinc,currentratio,de,debt,debtc,debtnc,debtusd,deferredrev,depamor,deposits,divyield,dps,ebit,ebitda,ebitdamargin,ebitdausd,ebitusd,ebt,eps,epsdil,epsusd,equity,equityavg,equityusd,ev,evebit,evebitda,fcf,fcfps,fxusd,gp,grossmargin,intangibles,intexp,invcap,invcapavg,inventory,investments,investmentsc,investmentsnc,liabilities,liabilitiesc,liabilitiesnc,marketcap,ncf,ncfbus,ncfcommon,ncfdebt,ncfdiv,ncff,ncfi,ncfinv,ncfo,ncfx,netinc,netinccmn,netinccmnusd,netincdis,netincnci,netmargin,opex,opinc,payables,payoutratio,pb,pe,pe1,ppnenet,prefdivis,price,ps,ps1,receivables,retearn,revenue,revenueusd,rnd,roa,roe,roic,ros,sbcomp,sgna,sharefactor,sharesbas,shareswa,shareswadil,sps,tangibles,taxassets,taxexp,taxliabilities,tbvps,workingcapital
0,VRSK,MRY,2020-12-31,2020-12-31,2020-12-31,2021-08-03,-375700000.0,7561800000.0,7179350000.0,794200000.0,6767600000.0,0.388,16.593,-223700000.0,218800000.0,218800000.0,993900000.0,712700000.0,0.555,1.803,3524200000.0,553000000.0,2971200000.0,3524200000.0,466700000.0,358100000.0,0.0,0.005,1.08,1035700000.0,1393800000.0,0.501,1393800000.0,1035700000.0,897500000.0,4.38,4.31,4.38,2698200000.0,2344025000.0,2698200000.0,36968915959.0,36.0,26.524,844500000.0,5.193,1.0,1790700000.0,0.643,5492900000.0,138200000.0,3943500000.0,3688300000.0,0.0,0.0,0.0,0.0,4863600000.0,1430800000.0,3432800000.0,33752015959.0,33900000.0,-285100000.0,-260800000.0,44100000.0,-175800000.0,-445200000.0,-595800000.0,-94800000.0,1068200000.0,6700000.0,712700000.0,712700000.0,712700000.0,0.0,0.0,0.256,752600000.0,1038100000.0,407300000.0,0.247,12.509,47.358,47.395,899900000.0,0.0,207.59,12.121,12.123,432400000.0,4762200000.0,2784600000.0,2784600000.0,0.0,0.099,0.304,0.281,0.372,47600000.0,413900000.0,1.0,162589797.0,162610586,165320709.0,17.124,2068900000.0,34500000.0,184800000.0,400700000.0,12.723,-636600000.0
1,VRSK,MRY,2019-12-31,2019-12-31,2019-12-31,2021-08-03,-486900000.0,7055200000.0,6479850000.0,744900000.0,6310300000.0,0.402,13.825,-216800000.0,184600000.0,184600000.0,976800000.0,449900000.0,0.499,2.121,3399700000.0,540000000.0,2859700000.0,3399700000.0,440100000.0,323700000.0,0.0,0.007,1.0,695200000.0,1018900000.0,0.391,1018900000.0,695200000.0,568400000.0,2.75,2.7,2.75,2260800000.0,2176425000.0,2260800000.0,27105520562.0,39.0,26.603,739500000.0,4.522,1.0,1630300000.0,0.625,5263200000.0,126800000.0,3515300000.0,3405675000.0,0.0,0.0,0.0,0.0,4794400000.0,1491800000.0,3302600000.0,24472320562.0,45400000.0,-703700000.0,-247600000.0,443400000.0,-163500000.0,10900000.0,-927900000.0,0.0,956300000.0,6100000.0,449900000.0,449900000.0,449900000.0,0.0,0.0,0.173,933400000.0,696900000.0,375000000.0,0.364,10.825,54.395,54.305,766700000.0,0.0,149.34,9.387,9.368,441600000.0,4228400000.0,2607100000.0,2607100000.0,0.0,0.069,0.207,0.204,0.267,42700000.0,603500000.0,1.0,163869831.0,163535438,166560115.0,15.942,1792000000.0,35700000.0,118500000.0,362800000.0,10.958,-746900000.0
2,VRSK,MRY,2018-12-31,2018-12-31,2018-12-31,2021-08-03,-591900000.0,5900300000.0,6009475000.0,644500000.0,5255800000.0,0.399,12.564,-231000000.0,139500000.0,139500000.0,886200000.0,598700000.0,0.487,1.85,2723300000.0,672800000.0,2050500000.0,2723300000.0,383100000.0,296100000.0,0.0,0.0,0.0,849400000.0,1145500000.0,0.478,1145500000.0,849400000.0,719700000.0,3.63,3.56,3.63,2070600000.0,2117425000.0,2070600000.0,20389780175.0,24.0,17.8,703400000.0,4.268,1.0,1508900000.0,0.63,4589300000.0,129700000.0,2570200000.0,2529675000.0,0.0,0.0,0.0,0.0,3829700000.0,1324600000.0,2505100000.0,17950180175.0,-2800000.0,-153100000.0,-351300000.0,-300000000.0,0.0,-669800000.0,-265400000.0,121400000.0,934400000.0,-2000000.0,598700000.0,598700000.0,598700000.0,0.0,0.0,0.25,674800000.0,834100000.0,250900000.0,0.0,8.669,29.982,30.039,555900000.0,0.0,109.04,7.495,7.503,356400000.0,3942600000.0,2395100000.0,2395100000.0,0.0,0.1,0.283,0.336,0.355,38500000.0,378700000.0,1.0,164620141.0,164808110,168297836.0,14.533,1311000000.0,45100000.0,121000000.0,355800000.0,7.955,-680100000.0
3,VRSK,MRY,2017-12-31,2017-12-31,2017-12-31,2021-08-03,-412300000.0,6020300000.0,5323975000.0,597600000.0,5422700000.0,0.403,11.657,-183500000.0,142300000.0,142300000.0,783800000.0,555100000.0,0.447,2.127,3008800000.0,724400000.0,2284400000.0,3008800000.0,384700000.0,237400000.0,0.0,0.0,0.0,810400000.0,1047800000.0,0.488,1047800000.0,810400000.0,691000000.0,3.36,3.29,3.36,1925400000.0,1612375000.0,1925400000.0,18550123552.0,23.0,17.704,560000000.0,3.39,1.0,1361400000.0,0.635,4714000000.0,119400000.0,2835200000.0,2680450000.0,0.0,0.0,0.0,0.0,4094900000.0,1337600000.0,2757300000.0,15810423552.0,7200000.0,-914900000.0,-241300000.0,614500000.0,0.0,362500000.0,-1105500000.0,0.0,743500000.0,6700000.0,555100000.0,555100000.0,555100000.0,0.0,0.0,0.259,560200000.0,801200000.0,225400000.0,0.0,8.212,28.482,28.571,478300000.0,0.0,96.0,7.37,7.391,345500000.0,3308000000.0,2145200000.0,2145200000.0,0.0,0.104,0.344,0.302,0.378,31800000.0,322800000.0,1.0,164691912.0,165168224,168688868.0,12.988,1306300000.0,44700000.0,135900000.0,340900000.0,7.909,-740000000.0
4,VRSK,MRY,2016-12-31,2016-12-31,2016-12-31,2021-08-03,-650800000.0,4631200000.0,4875115250.0,500900000.0,4130300000.0,0.409,7.919,-156500000.0,135100000.0,135100000.0,714400000.0,591200000.0,0.806,2.476,2387000000.0,106800000.0,2280200000.0,2387000000.0,330800000.0,224600000.0,0.0,0.0,0.0,913400000.0,1138000000.0,0.57,1138000000.0,913400000.0,793400000.0,3.51,3.45,3.51,1332400000.0,1387039750.0,1332400000.0,15713549829.0,17.0,13.808,421000000.0,2.502,1.0,1280800000.0,0.642,3588900000.0,120000000.0,2672600000.0,2668029250.0,0.0,3400000.0,3400000.0,0.0,3298800000.0,621600000.0,2677200000.0,13591994829.0,-3200000.0,640500000.0,-285700000.0,-770500000.0,0.0,-1064200000.0,493200000.0,200000.0,577500000.0,-9700000.0,591200000.0,591200000.0,591200000.0,-139700000.0,0.0,0.296,513200000.0,767600000.0,184000000.0,0.0,10.201,22.991,23.125,380300000.0,0.0,81.17,6.812,6.845,263900000.0,2752900000.0,1995200000.0,1995200000.0,0.0,0.121,0.426,0.342,0.458,44500000.0,301600000.0,1.0,167450965.0,168248304,171171572.0,11.859,1042300000.0,64900000.0,202200000.0,322200000.0,6.195,-120700000.0
5,VRSK,MRY,2015-12-31,2015-12-31,2015-12-31,2021-08-03,-242000000.0,5593700000.0,4848239750.0,604600000.0,4989100000.0,0.363,8.311,-166100000.0,138300000.0,138300000.0,612000000.0,507600000.0,0.409,3.077,3145700000.0,874800000.0,2270900000.0,3145700000.0,340900000.0,215400000.0,0.0,0.0,0.0,825600000.0,1041000000.0,0.591,1041000000.0,825600000.0,704200000.0,3.07,3.01,3.07,1372000000.0,1065420000.0,1372000000.0,16055191702.0,19.0,15.423,497700000.0,3.015,1.0,1148700000.0,0.652,3998100000.0,121400000.0,3123700000.0,2367935000.0,0.0,3600000.0,3600000.0,0.0,4221700000.0,1479300000.0,2742400000.0,13025651702.0,99000000.0,-2941600000.0,739200000.0,1710100000.0,0.0,2440900000.0,-3006300000.0,16200000.0,663800000.0,600000.0,507600000.0,507600000.0,507600000.0,-20100000.0,0.0,0.288,445300000.0,703400000.0,222100000.0,0.0,9.494,25.661,25.042,350300000.0,0.0,76.88,7.398,7.209,251000000.0,2161700000.0,1760700000.0,1760700000.0,0.0,0.105,0.476,0.349,0.469,44600000.0,278300000.0,1.0,169428352.0,165090380,168451343.0,10.665,1595600000.0,48600000.0,196600000.0,329200000.0,9.665,-874700000.0
6,VRSK,MRY,2014-12-31,2014-12-31,2014-12-31,2021-08-03,-80514000.0,2345330000.0,2584577750.0,384483000.0,1960847000.0,0.554,1.273,-146800000.0,39359000.0,39359000.0,516000000.0,400000000.0,0.499,10.113,1436932000.0,336058000.0,1100874000.0,1436932000.0,252592000.0,143500000.0,0.0,0.0,0.0,678500000.0,822000000.0,0.574,822000000.0,678500000.0,608500000.0,2.41,2.37,2.41,211043000.0,553209500.0,211043000.0,11407312717.0,17.0,13.878,342600000.0,2.066,1.0,915100000.0,0.639,1613622000.0,70000000.0,1358011000.0,1349488250.0,0.0,3801000.0,3801000.0,0.0,2134287000.0,771270000.0,1363017000.0,10563142717.0,-126500000.0,111000000.0,-753900000.0,159500000.0,0.0,-579100000.0,-35500000.0,300000.0,489400000.0,-1300000.0,400000000.0,400000000.0,400000000.0,-46000000.0,0.0,0.28,282800000.0,632300000.0,180726000.0,0.0,50.052,26.408,26.577,302273000.0,0.0,64.05,7.381,7.422,220668000.0,1654149000.0,1431100000.0,1431100000.0,0.0,0.155,0.723,0.503,0.474,13000000.0,187300000.0,1.0,164920261.0,165823803,169132423.0,8.63,731708000.0,70284000.0,208500000.0,202540000.0,4.413,-386787000.0
7,VRSK,MRY,2013-12-31,2013-12-31,2013-12-31,2021-08-03,-43488000.0,2504451000.0,2472505250.0,474845000.0,2029606000.0,0.645,3.259,-145976000.0,165801000.0,165801000.0,622523000.0,348380000.0,1.101,3.574,1275887000.0,4448000.0,1271439000.0,1275887000.0,0.0,134578000.0,0.0,0.0,0.0,620942000.0,755520000.0,0.473,755520000.0,620942000.0,544806000.0,2.07,2.02,2.07,547589000.0,437155000.0,547589000.0,12186627585.0,20.0,16.13,360944000.0,2.148,1.0,973180000.0,0.61,1629299000.0,76136000.0,1554059000.0,1395830250.0,0.0,3911000.0,3911000.0,0.0,1956862000.0,431179000.0,1525683000.0,11056201585.0,75982000.0,-703000.0,-197043000.0,-190605000.0,0.0,-284472000.0,-145626000.0,1614000.0,506920000.0,-840000.0,348380000.0,348380000.0,348380000.0,-6066000.0,0.0,0.218,358913000.0,614267000.0,188264000.0,0.0,20.191,31.736,31.749,233373000.0,0.0,65.72,6.929,6.92,158547000.0,1254107000.0,1595703000.0,1595703000.0,0.0,0.141,0.797,0.445,0.389,-73929000.0,228982000.0,1.0,168231917.0,168031412,172276360.0,9.496,875152000.0,72423000.0,196426000.0,198604000.0,5.208,43666000.0
8,VRSK,MRY,2012-12-31,2012-12-31,2012-12-31,2021-08-03,-89160000.0,2360336000.0,2102288750.0,390559000.0,1969777000.0,0.67,1.541,-74373000.0,89819000.0,89819000.0,516708000.0,329142000.0,0.667,8.235,1461425000.0,195263000.0,1266162000.0,1461425000.0,0.0,104199000.0,0.0,0.0,0.0,584013000.0,688212000.0,0.489,688212000.0,584013000.0,511505000.0,1.98,1.92,1.98,255591000.0,108515750.0,255591000.0,9971427768.0,17.0,14.489,393856000.0,2.374,1.0,891140000.0,0.633,1768394000.0,72508000.0,1378198000.0,1241175250.0,0.0,4883000.0,4883000.0,0.0,2104745000.0,585350000.0,1519395000.0,8501720768.0,-101784000.0,-809358000.0,-93887000.0,353319000.0,0.0,313555000.0,-883583000.0,148000.0,468229000.0,15000.0,329142000.0,329142000.0,329142000.0,-11679000.0,0.0,0.234,318912000.0,572228000.0,187648000.0,0.0,33.263,25.83,25.742,154084000.0,0.0,50.97,6.039,6.006,178430000.0,905727000.0,1407848000.0,1407848000.0,0.0,0.157,3.033,0.471,0.415,-22865000.0,220068000.0,1.0,166798524.0,165890258,171709518.0,8.487,591942000.0,56372000.0,182363000.0,133761000.0,3.568,-194791000.0
9,VRSK,MRY,2011-12-31,2011-12-31,2011-12-31,2021-08-03,-78287000.0,1541106000.0,1403889750.0,453654000.0,1087452000.0,0.849,-0.593,-59829000.0,191603000.0,191603000.0,440979000.0,282758000.0,1.297,-16.647,1105886000.0,5554000.0,1100332000.0,1105886000.0,0.0,78619000.0,0.0,0.0,0.0,502344000.0,580963000.0,0.488,580963000.0,502344000.0,448497000.0,1.7,1.63,1.7,-98490000.0,-127723500.0,-98490000.0,7529268093.0,15.0,12.96,315892000.0,1.903,1.0,750414000.0,0.63,936368000.0,53847000.0,1169371000.0,919800250.0,0.0,5066000.0,5066000.0,0.0,1639596000.0,349650000.0,1289946000.0,6562864093.0,136629000.0,-144781000.0,-338431000.0,253724000.0,0.0,-34780000.0,-204129000.0,181000.0,375721000.0,-183000.0,282758000.0,282758000.0,282758000.0,-20302000.0,0.0,0.237,269251000.0,481163000.0,162992000.0,0.0,-66.635,23.21,23.606,119411000.0,0.0,40.13,5.509,5.592,153339000.0,576585000.0,1191393000.0,1191393000.0,0.0,0.201,-2.214,0.546,0.422,-17339000.0,199495000.0,1.0,163540097.0,166015238,173325110.0,7.176,604738000.0,50973000.0,165739000.0,0.0,3.643,104004000.0
10,VRSK,MRY,2010-12-31,2010-12-31,2010-12-31,2021-08-03,-55803000.0,1217090000.0,1101362000.0,240435000.0,976655000.0,1.034,-0.644,-38641000.0,54974000.0,54974000.0,463473000.0,242552000.0,0.334,-11.635,839543000.0,437717000.0,401826000.0,839543000.0,0.0,68126000.0,0.0,0.0,0.0,441314000.0,509440000.0,0.448,509440000.0,441314000.0,406650000.0,1.36,1.3,1.36,-114442000.0,7382250.0,-114442000.0,6294031482.0,14.0,12.355,297391000.0,1.673,1.0,674870000.0,0.593,832897000.0,34664000.0,447880000.0,510260500.0,0.0,5653000.0,5653000.0,0.0,1331532000.0,720882000.0,610650000.0,5871082482.0,-16553000.0,-205275000.0,-384579000.0,248219000.0,0.0,-108787000.0,-243689000.0,227000.0,336032000.0,-109000.0,242552000.0,242552000.0,242552000.0,0.0,0.0,0.213,233956000.0,440914000.0,111995000.0,0.0,-51.302,24.205,25.059,93409000.0,0.0,34.08,5.158,5.321,126564000.0,293827000.0,1138343000.0,1138343000.0,0.0,0.22,32.856,0.865,0.388,-15355000.0,166374000.0,1.0,172273547.0,177733503,186394962.0,6.405,384193000.0,52039000.0,164098000.0,0.0,2.162,-480447000.0
11,VRSK,MRY,2009-12-31,2009-12-31,2009-12-31,2021-08-03,-53628000.0,996953000.0,962915000.0,225345000.0,771608000.0,1.067,-0.2,-38694000.0,71527000.0,71527000.0,491294000.0,126614000.0,0.75,-29.526,594169000.0,66660000.0,527509000.0,594169000.0,0.0,71199000.0,0.0,0.0,0.0,299870000.0,371069000.0,0.361,371069000.0,299870000.0,264605000.0,0.72,0.7,0.72,-34949000.0,-522386000.0,-34949000.0,6050571610.0,20.0,16.306,287707000.0,1.646,1.0,535810000.0,0.522,599355000.0,35265000.0,619961000.0,560211500.0,0.0,5445000.0,5445000.0,0.0,1031902000.0,300279000.0,731623000.0,5451709610.0,38342000.0,-146957000.0,-39031000.0,-83754000.0,0.0,-102809000.0,-185340000.0,311000.0,326401000.0,90000.0,126614000.0,126614000.0,126614000.0,0.0,0.0,0.123,233803000.0,302007000.0,101401000.0,0.0,-155.99,43.058,42.056,89165000.0,0.0,30.28,5.308,5.152,89436000.0,51275000.0,1027104000.0,1027104000.0,0.0,0.131,-0.242,0.535,0.292,72872000.0,162604000.0,1.0,180043250.0,174767795,182165661.0,5.877,397598000.0,93919000.0,137991000.0,1414000.0,2.275,-74934000.0
12,VRSK,MRY,2008-12-31,2008-12-31,2008-12-31,2021-08-03,-82434000.0,928877000.0,879459000.0,168927000.0,759950000.0,1.016,-5.522,-30652000.0,33185000.0,33185000.0,386897000.0,158228000.0,0.335,-1.178,669754000.0,219398000.0,450356000.0,669754000.0,0.0,64872000.0,0.0,,0.0,310215000.0,375087000.0,0.42,375087000.0,310215000.0,278899000.0,0.87,0.83,0.87,-1009823000.0,-1106585500.0,-1009823000.0,,,,217254000.0,1.188,1.0,506653000.0,0.567,560085000.0,31316000.0,500462000.0,454153500.0,0.0,5114000.0,5114000.0,0.0,1189161000.0,504899000.0,684262000.0,,9136000.0,-117993000.0,-362188000.0,228713000.0,0.0,-107376000.0,-130466000.0,18179000.0,247906000.0,-928000.0,158228000.0,158228000.0,158228000.0,0.0,0.0,0.177,196111000.0,310542000.0,83381000.0,0.0,,,,82587000.0,0.0,,,,83941000.0,-243495000.0,893550000.0,893550000.0,0.0,0.18,-0.143,0.683,0.347,5965000.0,131239000.0,1.0,180059800.0,182885700,190231700.0,4.886,368792000.0,125858000.0,120671000.0,0.0,2.017,-335972000.0
13,VRSK,MRY,2007-12-31,2007-12-31,2007-12-31,2021-08-03,-8699000.0,830041000.0,,182583000.0,647458000.0,,-5.991,-32941000.0,24049000.0,24049000.0,357191000.0,150374000.0,0.514,-0.717,438330000.0,35171000.0,403159000.0,438330000.0,0.0,65759000.0,0.0,,0.0,276486000.0,342245000.0,0.427,342245000.0,276486000.0,253558000.0,0.75,0.72,0.75,-1203348000.0,,-1203348000.0,,,,215580000.0,1.073,1.0,445004000.0,0.555,481051000.0,22928000.0,407845000.0,,0.0,28350000.0,28350000.0,0.0,862201000.0,355426000.0,506775000.0,,-75103000.0,-55185000.0,-204381000.0,-21008000.0,0.0,-212591000.0,-110831000.0,-22705000.0,248521000.0,-202000.0,150374000.0,150374000.0,150374000.0,4589000.0,0.0,0.187,173237000.0,271767000.0,78234000.0,0.0,,,,85436000.0,0.0,,,,86488000.0,-515756000.0,802195000.0,802195000.0,0.0,,,,0.345,19875000.0,107576000.0,1.0,,200846400,209257550.0,3.994,348990000.0,82894000.0,103184000.0,9178000.0,1.738,-172843000.0
14,VRSK,MRY,2006-12-31,2006-12-31,2006-12-31,2021-08-03,,,,,,,,-25742000.0,,,331804000.0,138980000.0,,,,,,,,54973000.0,,,0.0,247640000.0,302613000.0,0.414,302613000.0,247640000.0,230972000.0,0.673,0.646,0.673,,,,,,,197757000.0,0.957,1.0,398329000.0,0.546,,16668000.0,,,,,,,,,,,56330000.0,-215920000.0,-127701000.0,171644000.0,0.0,75907000.0,-243452000.0,-1790000.0,223499000.0,376000.0,138980000.0,138980000.0,138980000.0,1805000.0,0.0,0.19,154985000.0,243344000.0,,0.0,,,,,0.0,,,,,,730133000.0,730133000.0,0.0,,,,0.339,-5128000.0,100124000.0,1.0,,206548100,215143350.0,3.535,,,91992000.0,,,
0,VRSK,MRQ,2021-06-30,2021-06-30,2021-06-30,2021-08-03,-348900000.0,7713600000.0,,918700000.0,6794900000.0,,16.996,-62500000.0,276300000.0,276300000.0,264900000.0,151600000.0,0.615,1.795,3404100000.0,442000000.0,2962100000.0,3404100000.0,655300000.0,103800000.0,0.0,0.006,0.29,269300000.0,373100000.0,0.499,373100000.0,269300000.0,237800000.0,0.95,0.94,0.95,2753500000.0,,2753500000.0,31401175512.0,30.0,21.959,170700000.0,1.054,1.0,482600000.0,0.646,5487900000.0,31500000.0,3859600000.0,,0.0,0.0,0.0,0.0,4943400000.0,1493900000.0,3449500000.0,28320575512.0,-114600000.0,-22600000.0,-136600000.0,-60000000.0,-47100000.0,-248700000.0,-99800000.0,-15100000.0,233200000.0,700000.0,154000000.0,154000000.0,154000000.0,0.0,-2400000.0,0.206,215200000.0,267400000.0,386900000.0,0.305,10.285,41.368,41.501,915000000.0,0.0,174.72,9.801,9.795,467400000.0,4991000000.0,747500000.0,747500000.0,0.0,,,,,10800000.0,111400000.0,1.0,162091206.0,162007784,163046538.0,4.614,2225700000.0,39900000.0,83800000.0,445900000.0,13.738,-575200000.0
1,VRSK,MRQ,2021-03-31,2021-03-31,2021-03-31,2021-08-03,-366200000.0,7810500000.0,,1041600000.0,6768900000.0,,16.947,-59200000.0,390900000.0,390900000.0,262400000.0,168000000.0,0.642,1.828,3471500000.0,502300000.0,2969200000.0,3471500000.0,723900000.0,93500000.0,0.0,0.006,0.29,252700000.0,346200000.0,0.477,346200000.0,252700000.0,217300000.0,1.04,1.03,1.04,2756300000.0,,2756300000.0,32069044800.0,31.0,22.861,389500000.0,2.395,1.0,463700000.0,0.639,5491300000.0,35400000.0,3776900000.0,,0.0,0.0,0.0,0.0,5039000000.0,1622900000.0,3416100000.0,28763644800.0,172100000.0,-14900000.0,-92400000.0,-50000000.0,-47100000.0,-199200000.0,-73700000.0,0.0,448700000.0,-3700000.0,168600000.0,168600000.0,168600000.0,0.0,-600000.0,0.232,213300000.0,250400000.0,380200000.0,0.279,10.436,40.535,40.525,910600000.0,0.0,176.69,10.196,10.187,519500000.0,4884100000.0,726100000.0,726100000.0,0.0,,,,,25400000.0,119800000.0,1.0,162791583.0,162641819,164436717.0,4.464,2319200000.0,9000000.0,48700000.0,416100000.0,14.26,-581300000.0
2,VRSK,MRQ,2020-12-31,2020-12-31,2020-12-31,2021-08-03,-375700000.0,7561800000.0,,794200000.0,6767600000.0,,16.587,-72400000.0,218800000.0,218800000.0,260500000.0,176200000.0,0.555,1.803,3524200000.0,553000000.0,2971200000.0,3524200000.0,466700000.0,93200000.0,0.0,0.005,0.27,251300000.0,344500000.0,0.483,344500000.0,251300000.0,216000000.0,1.08,1.07,1.08,2698200000.0,,2698200000.0,36968915959.0,36.0,26.524,176600000.0,1.086,1.0,452900000.0,0.635,5492900000.0,35300000.0,3943500000.0,,0.0,0.0,0.0,0.0,4863600000.0,1430800000.0,3432800000.0,33752015959.0,-3000000.0,-125200000.0,-30300000.0,50000000.0,-44000000.0,-26300000.0,-231100000.0,-31000000.0,249000000.0,5400000.0,176200000.0,176200000.0,176200000.0,0.0,0.0,0.247,202300000.0,250600000.0,407300000.0,0.25,12.509,47.358,47.395,899900000.0,0.0,207.59,12.121,12.123,432400000.0,4762200000.0,713400000.0,713400000.0,0.0,,,,,8500000.0,109100000.0,1.0,162589797.0,162673925,164723139.0,4.385,2068900000.0,34500000.0,39800000.0,400700000.0,12.718,-636600000.0
3,VRSK,MRQ,2020-09-30,2020-09-30,2020-09-30,2021-08-03,-540900000.0,7219600000.0,,799700000.0,6419900000.0,,14.9,-64800000.0,221800000.0,221800000.0,240000000.0,185800000.0,0.562,1.982,3438700000.0,499600000.0,2939100000.0,3438700000.0,531700000.0,90900000.0,0.0,0.006,0.27,275300000.0,366200000.0,0.521,366200000.0,275300000.0,240000000.0,1.14,1.12,1.14,2421300000.0,,2421300000.0,33209532797.0,34.0,24.78,142300000.0,0.876,1.0,462700000.0,0.658,5241200000.0,35300000.0,3772400000.0,,0.0,0.0,0.0,0.0,4798300000.0,1422900000.0,3375400000.0,30091732797.0,-87600000.0,-159900000.0,-24000000.0,-100000.0,-43900000.0,-76500000.0,-219000000.0,0.0,207100000.0,800000.0,185800000.0,185800000.0,185800000.0,0.0,0.0,0.264,187300000.0,275400000.0,369300000.0,0.237,12.428,45.0,45.198,844200000.0,0.0,185.31,10.95,10.958,433400000.0,4630400000.0,702700000.0,702700000.0,0.0,,,,,10000000.0,96400000.0,1.0,162385909.0,162502191,165731226.0,4.324,1978400000.0,35500000.0,54200000.0,378800000.0,12.175,-623200000.0
4,VRSK,MRQ,2020-06-30,2020-06-30,2020-06-30,2021-08-03,-657200000.0,7007900000.0,,878700000.0,6129200000.0,,13.402,-56700000.0,309400000.0,309400000.0,235800000.0,179000000.0,0.59,2.22,3427200000.0,490900000.0,2936300000.0,3427200000.0,617500000.0,86900000.0,0.0,0.006,0.27,259000000.0,345900000.0,0.51,345900000.0,259000000.0,224800000.0,1.1,1.08,1.1,2176100000.0,,2176100000.0,30745800692.0,39.0,27.371,192800000.0,1.187,1.0,443000000.0,0.653,5008400000.0,34200000.0,3627000000.0,,0.0,0.0,0.0,0.0,4831800000.0,1490300000.0,3341500000.0,27616500692.0,105000000.0,0.0,-52100000.0,49200000.0,-44000000.0,-87000000.0,-58200000.0,0.0,249500000.0,700000.0,179000000.0,179000000.0,179000000.0,0.0,0.0,0.264,183300000.0,259700000.0,322400000.0,0.245,12.691,53.541,53.861,802400000.0,0.0,170.2,10.236,10.243,454500000.0,4488800000.0,678800000.0,678800000.0,0.0,,,,,9500000.0,96400000.0,1.0,162259111.0,162371920,165103088.0,4.181,1999500000.0,9100000.0,45800000.0,395600000.0,12.314,-611600000.0
5,VRSK,MRQ,2020-03-31,2020-03-31,2020-03-31,2021-08-03,-658700000.0,6928100000.0,,814000000.0,6114100000.0,,12.772,-29800000.0,204400000.0,204400000.0,257700000.0,171700000.0,0.509,2.33,3333700000.0,482700000.0,2851000000.0,3333700000.0,668400000.0,87100000.0,0.0,0.007,0.27,250200000.0,337300000.0,0.489,337300000.0,250200000.0,216700000.0,1.05,1.04,1.05,2080500000.0,,2080500000.0,25944625493.0,35.0,24.146,332800000.0,2.043,1.0,432100000.0,0.626,5049200000.0,33500000.0,3410300000.0,,0.0,0.0,0.0,0.0,4847600000.0,1597900000.0,3249700000.0,22729525493.0,19500000.0,0.0,-154600000.0,-55000000.0,-43900000.0,-255400000.0,-87500000.0,-63800000.0,362600000.0,-200000.0,171700000.0,171700000.0,171700000.0,0.0,0.0,0.249,179800000.0,252300000.0,315600000.0,0.257,10.925,46.653,46.772,757900000.0,0.0,139.38,8.507,8.497,523300000.0,4353400000.0,689800000.0,689800000.0,0.0,,,,,19600000.0,112100000.0,1.0,163075947.0,162894306,165724120.0,4.235,1878900000.0,9100000.0,45000000.0,371300000.0,11.534,-783900000.0
6,VRSK,MRQ,2019-12-31,2019-12-31,2019-12-31,2021-08-03,-486900000.0,7055200000.0,,744900000.0,6310300000.0,,13.845,-64000000.0,184600000.0,184600000.0,259800000.0,132200000.0,0.499,2.121,3399700000.0,540000000.0,2859700000.0,3399700000.0,440100000.0,85600000.0,0.0,0.007,0.25,205200000.0,290800000.0,0.43,290800000.0,205200000.0,172100000.0,0.81,0.79,0.81,2260800000.0,,2260800000.0,27105520562.0,39.0,26.603,112400000.0,0.688,1.0,417000000.0,0.616,5263200000.0,33100000.0,3515300000.0,,0.0,0.0,0.0,0.0,4794400000.0,1491800000.0,3302600000.0,24472320562.0,-126900000.0,-589700000.0,-93400000.0,484000000.0,-40800000.0,345700000.0,-653400000.0,0.0,176400000.0,4400000.0,132200000.0,132200000.0,132200000.0,0.0,0.0,0.195,210400000.0,206600000.0,375000000.0,0.309,10.825,54.395,54.305,766700000.0,0.0,149.34,9.387,9.368,441600000.0,4228400000.0,676800000.0,676800000.0,0.0,,,,,6300000.0,124800000.0,1.0,163869831.0,163289012,166218622.0,4.145,1792000000.0,35700000.0,39900000.0,362800000.0,10.974,-746900000.0
7,VRSK,MRQ,2019-09-30,2019-09-30,2019-09-30,2021-08-03,-678400000.0,6289100000.0,,831000000.0,5458100000.0,,12.616,-60700000.0,311800000.0,311800000.0,242900000.0,32900000.0,0.854,2.047,2945000000.0,64300000.0,2880700000.0,2945000000.0,460400000.0,79100000.0,0.0,0.005,0.25,70200000.0,149300000.0,0.229,149300000.0,70200000.0,38900000.0,0.2,0.2,0.2,2063700000.0,,2063700000.0,28491348487.0,41.0,28.032,152900000.0,0.935,1.0,409800000.0,0.628,4508200000.0,31300000.0,3440500000.0,,0.0,0.0,0.0,0.0,4225400000.0,973600000.0,3251800000.0,25856848487.0,158500000.0,-44900000.0,-61500000.0,160600000.0,-40800000.0,51400000.0,-106400000.0,0.0,213600000.0,-100000.0,32900000.0,32900000.0,32900000.0,0.0,0.0,0.05,340300000.0,69500000.0,362800000.0,1.25,12.529,55.738,55.88,808600000.0,0.0,158.14,10.163,10.168,405500000.0,4136600000.0,652700000.0,652700000.0,0.0,,,,,8800000.0,255000000.0,1.0,163506061.0,163580563,166779618.0,3.99,1780900000.0,34000000.0,6000000.0,327000000.0,10.887,-142600000.0
8,VRSK,MRQ,2019-06-30,2019-06-30,2019-06-30,2021-08-03,-592200000.0,6234000000.0,,710300000.0,5523700000.0,,13.501,-46900000.0,153300000.0,153300000.0,242700000.0,150400000.0,0.771,1.82,2787800000.0,120000000.0,2667800000.0,2787800000.0,559900000.0,79300000.0,0.0,0.003,0.25,217800000.0,297100000.0,0.455,297100000.0,217800000.0,187300000.0,0.92,0.9,0.92,2210700000.0,,2210700000.0,26682271392.0,31.0,22.903,153400000.0,0.937,1.0,409900000.0,0.628,4594600000.0,30500000.0,3353100000.0,,0.0,0.0,0.0,0.0,4023300000.0,920800000.0,3102500000.0,23970471392.0,-26200000.0,0.0,-29300000.0,-101200000.0,-41000000.0,-179800000.0,-47800000.0,0.0,200300000.0,1100000.0,150400000.0,150400000.0,150400000.0,0.0,0.0,0.23,191600000.0,218300000.0,236700000.0,0.272,10.843,40.152,40.236,797100000.0,0.0,146.46,9.626,9.631,442600000.0,4145300000.0,652600000.0,652600000.0,0.0,,,,,18400000.0,112300000.0,1.0,163665652.0,163743835,166697276.0,3.985,1639400000.0,36500000.0,36900000.0,355200000.0,10.012,-210500000.0
9,VRSK,MRQ,2019-03-31,2019-03-31,2019-03-31,2021-08-03,-532300000.0,6341100000.0,,734900000.0,5606200000.0,,13.273,-45200000.0,179500000.0,179500000.0,231400000.0,134400000.0,0.694,1.921,2891300000.0,217500000.0,2673800000.0,2891300000.0,602100000.0,79800000.0,0.0,0.002,0.25,202000000.0,281800000.0,0.451,281800000.0,202000000.0,170100000.0,0.82,0.81,0.82,2170500000.0,,2170500000.0,24330567490.0,28.0,21.004,320900000.0,1.962,1.0,393600000.0,0.63,4680700000.0,31900000.0,3313800000.0,,0.0,0.0,0.0,0.0,4170600000.0,1058400000.0,3112200000.0,21746767490.0,40000000.0,-69100000.0,-63400000.0,-100000000.0,-40900000.0,-206400000.0,-120300000.0,0.0,366100000.0,600000.0,134400000.0,134400000.0,134400000.0,0.0,0.0,0.215,191200000.0,202400000.0,236300000.0,0.305,10.019,36.239,36.438,797300000.0,0.0,133.0,8.917,8.918,438600000.0,4036000000.0,625000000.0,625000000.0,0.0,,,,,9200000.0,111400000.0,1.0,163509530.0,163528343,166544945.0,3.822,1660400000.0,17400000.0,35700000.0,356700000.0,10.154,-323500000.0
10,VRSK,MRQ,2018-12-31,2018-12-31,2018-12-31,2021-08-03,-591900000.0,5900300000.0,,644500000.0,5255800000.0,,12.599,-76500000.0,139500000.0,139500000.0,224000000.0,146200000.0,0.487,1.85,2723300000.0,672800000.0,2050500000.0,2723300000.0,383100000.0,76000000.0,0.0,0.0,0.0,212200000.0,288200000.0,0.469,288200000.0,212200000.0,179600000.0,0.89,0.88,0.89,2070600000.0,,2070600000.0,20389780175.0,24.0,17.8,96900000.0,0.59,1.0,389900000.0,0.635,4589300000.0,32600000.0,2570200000.0,,0.0,0.0,0.0,0.0,3829700000.0,1324600000.0,2505100000.0,17950180175.0,-8100000.0,-85400000.0,-143800000.0,130000000.0,0.0,-21300000.0,-161600000.0,0.0,173400000.0,1400000.0,146200000.0,146200000.0,146200000.0,0.0,0.0,0.238,173700000.0,216200000.0,250900000.0,0.0,8.669,29.982,30.039,555900000.0,0.0,109.04,7.495,7.503,356400000.0,3942600000.0,613900000.0,613900000.0,0.0,,,,,8400000.0,97700000.0,1.0,164620141.0,164344499,167346839.0,3.735,1311000000.0,45100000.0,33400000.0,355800000.0,7.977,-680100000.0
11,VRSK,MRQ,2018-09-30,2018-09-30,2018-09-30,2021-08-03,-509600000.0,5851100000.0,,593700000.0,5257400000.0,,12.99,-55200000.0,147600000.0,147600000.0,219200000.0,166000000.0,0.487,1.733,2587200000.0,542300000.0,2044900000.0,2587200000.0,433200000.0,72700000.0,0.0,0.0,0.0,225200000.0,297900000.0,0.498,297900000.0,225200000.0,192800000.0,1.01,0.99,1.01,2141200000.0,,2141200000.0,22504698946.0,27.0,19.865,171400000.0,1.04,1.0,379500000.0,0.634,4593400000.0,32400000.0,2478100000.0,,0.0,4000000.0,4000000.0,0.0,3709900000.0,1219200000.0,2490700000.0,19855598946.0,15600000.0,-500000.0,-75100000.0,-195000000.0,0.0,-271400000.0,66200000.0,121400000.0,226600000.0,-5800000.0,166000000.0,166000000.0,166000000.0,0.0,0.0,0.277,168400000.0,211100000.0,243700000.0,0.0,9.273,30.217,30.213,518500000.0,0.0,120.55,8.444,8.45,324200000.0,3796400000.0,598700000.0,598700000.0,0.0,,,,,10300000.0,95700000.0,1.0,164708411.0,164829250,168200766.0,3.632,1257700000.0,27300000.0,26800000.0,341600000.0,7.63,-625500000.0
12,VRSK,MRQ,2018-06-30,2018-06-30,2018-06-30,2021-08-03,-474200000.0,6039600000.0,,625100000.0,5414500000.0,,12.566,-56100000.0,132000000.0,132000000.0,222400000.0,153500000.0,0.426,1.913,2781100000.0,736900000.0,2044200000.0,2781100000.0,513000000.0,73600000.0,0.0,0.0,0.0,216900000.0,290500000.0,0.483,290500000.0,216900000.0,185000000.0,0.93,0.91,0.93,2073600000.0,,2073600000.0,20420700073.0,24.0,18.444,151200000.0,0.916,1.0,378900000.0,0.63,4662200000.0,31900000.0,2560200000.0,,0.0,3800000.0,3800000.0,0.0,3966000000.0,1466300000.0,2499700000.0,17788500073.0,-17800000.0,-45500000.0,-113700000.0,0.0,0.0,-122900000.0,-101500000.0,100000.0,207300000.0,-700000.0,153500000.0,153500000.0,153500000.0,0.0,0.0,0.255,166600000.0,212300000.0,216400000.0,0.0,8.579,29.076,29.013,501900000.0,0.0,107.64,7.728,7.716,347800000.0,3630400000.0,601300000.0,601300000.0,0.0,,,,,11000000.0,93000000.0,1.0,165259198.0,165015642,168651202.0,3.644,1377400000.0,38100000.0,31500000.0,349600000.0,8.347,-841200000.0
13,VRSK,MRQ,2018-03-31,2018-03-31,2018-03-31,2021-08-03,-309300000.0,6246900000.0,,708600000.0,5538300000.0,,13.235,-43200000.0,149800000.0,149800000.0,221200000.0,133000000.0,0.455,1.86,2782000000.0,740900000.0,2041100000.0,2782000000.0,586600000.0,73700000.0,0.0,0.0,0.0,195100000.0,268800000.0,0.462,268800000.0,195100000.0,162300000.0,0.81,0.79,0.81,2184300000.0,,2184300000.0,20028639488.0,25.0,18.704,283800000.0,1.72,1.0,360000000.0,0.619,4810800000.0,32800000.0,2510200000.0,,0.0,3800000.0,3800000.0,0.0,4062600000.0,1558100000.0,2504500000.0,17162139488.0,7500000.0,-22200000.0,-18700000.0,-235000000.0,0.0,-254200000.0,-68500000.0,0.0,327000000.0,3200000.0,133000000.0,133000000.0,133000000.0,0.0,0.0,0.229,165500000.0,194500000.0,223800000.0,0.0,7.857,29.626,29.63,489000000.0,0.0,104.0,7.717,7.719,424100000.0,3476900000.0,581200000.0,581200000.0,0.0,,,,,8800000.0,91800000.0,1.0,165020572.0,165043047,168992535.0,3.522,1436100000.0,24700000.0,29300000.0,363300000.0,8.701,-849500000.0
14,VRSK,MRQ,2017-12-31,2017-12-31,2017-12-31,2021-08-03,-412300000.0,6020300000.0,,597600000.0,5422700000.0,,11.688,-69700000.0,142300000.0,142300000.0,208700000.0,204600000.0,0.447,2.127,3008800000.0,724400000.0,2284400000.0,3008800000.0,384700000.0,64400000.0,0.0,0.0,0.0,211300000.0,275700000.0,0.483,275700000.0,211300000.0,179200000.0,1.24,1.21,1.24,1925400000.0,,1925400000.0,18550123552.0,23.0,17.704,81700000.0,0.496,1.0,361600000.0,0.634,4714000000.0,32100000.0,2835200000.0,,0.0,0.0,0.0,0.0,4094900000.0,1337600000.0,2757300000.0,15810423552.0,300000.0,-209700000.0,8900000.0,120000000.0,0.0,128200000.0,-281600000.0,4900000.0,151400000.0,2300000.0,204600000.0,204600000.0,204600000.0,0.0,0.0,0.359,151600000.0,210000000.0,225400000.0,0.0,8.212,28.482,28.571,478300000.0,0.0,96.0,7.37,7.391,345500000.0,3308000000.0,570300000.0,570300000.0,0.0,,,,,7600000.0,87200000.0,1.0,164691912.0,164730095,168333257.0,3.462,1306300000.0,44700000.0,-25400000.0,340900000.0,7.93,-740000000.0
15,VRSK,MRQ,2017-09-30,2017-09-30,2017-09-30,2021-08-03,-443300000.0,5628200000.0,,544700000.0,5083500000.0,,10.163,-41300000.0,142000000.0,142000000.0,198500000.0,120700000.0,0.453,2.365,2881700000.0,602900000.0,2278800000.0,2881700000.0,390000000.0,61200000.0,0.0,0.0,0.0,211000000.0,272200000.0,0.496,272200000.0,211000000.0,180700000.0,0.73,0.72,0.73,1672600000.0,,1672600000.0,15952098499.0,20.0,15.749,121000000.0,0.735,1.0,350600000.0,0.638,4445000000.0,30300000.0,2719800000.0,,0.0,3700000.0,3700000.0,0.0,3955600000.0,1203100000.0,2752500000.0,13689398499.0,1300000.0,-582900000.0,-6500000.0,475000000.0,0.0,467100000.0,-629200000.0,-5000000.0,162300000.0,1100000.0,120700000.0,120700000.0,120700000.0,0.0,0.0,0.22,142200000.0,208400000.0,210200000.0,0.0,8.185,29.773,30.141,437800000.0,0.0,83.19,6.578,6.579,285800000.0,3103400000.0,549100000.0,549100000.0,0.0,,,,,8800000.0,80900000.0,1.0,164555818.0,164577575,167957058.0,3.336,1183200000.0,51200000.0,60000000.0,384100000.0,7.189,-658400000.0
16,VRSK,MRQ,2017-06-30,2017-06-30,2017-06-30,2021-08-03,-526400000.0,4898700000.0,,522800000.0,4375900000.0,,8.888,-41400000.0,140700000.0,140700000.0,193700000.0,121000000.0,0.709,2.342,2403400000.0,126800000.0,2276600000.0,2403400000.0,449000000.0,55700000.0,0.0,0.0,0.0,198400000.0,254100000.0,0.486,254100000.0,198400000.0,169900000.0,0.73,0.72,0.73,1465900000.0,,1465900000.0,16082331750.0,21.0,16.191,70500000.0,0.427,1.0,329500000.0,0.63,3785800000.0,28500000.0,2638400000.0,,0.0,3600000.0,3600000.0,0.0,3432800000.0,737200000.0,2695600000.0,13949731750.0,-14300000.0,-46000000.0,-151900000.0,119500000.0,0.0,-40500000.0,-87300000.0,100000.0,111900000.0,1600000.0,121000000.0,121000000.0,121000000.0,0.0,0.0,0.231,134500000.0,195000000.0,161400000.0,0.0,9.516,29.89,30.24,403500000.0,0.0,84.37,6.872,6.854,266400000.0,2982700000.0,523200000.0,523200000.0,0.0,,,,,8900000.0,78800000.0,1.0,165339952.0,164922237,168314296.0,3.172,1112900000.0,68500000.0,48900000.0,337500000.0,6.748,-214400000.0
17,VRSK,MRQ,2017-03-31,2017-03-31,2017-03-31,2021-08-03,-616900000.0,4748700000.0,,513800000.0,4234900000.0,,8.325,-31100000.0,155000000.0,155000000.0,182900000.0,108800000.0,0.764,2.427,2287600000.0,6600000.0,2281000000.0,2287600000.0,501600000.0,56100000.0,0.0,0.0,0.0,189600000.0,245700000.0,0.489,245700000.0,189600000.0,161200000.0,0.65,0.64,0.65,1385600000.0,,1385600000.0,15748834380.0,17.0,13.821,286800000.0,1.723,1.0,319700000.0,0.636,3680500000.0,28400000.0,2528400000.0,,0.0,3600000.0,3600000.0,0.0,3363100000.0,672400000.0,2690700000.0,13496934380.0,19900000.0,-76300000.0,-91800000.0,-100000000.0,0.0,-192300000.0,-107400000.0,0.0,317900000.0,1700000.0,108800000.0,108800000.0,108800000.0,0.0,0.0,0.216,132000000.0,187700000.0,162100000.0,0.0,9.741,22.217,22.414,377800000.0,0.0,81.14,6.731,6.735,298700000.0,2861700000.0,502600000.0,502600000.0,0.0,,,,,6500000.0,75900000.0,1.0,166341316.0,166442991,170150862.0,3.02,1068200000.0,19100000.0,52400000.0,331500000.0,6.418,-158600000.0
18,VRSK,MRQ,2016-12-31,2016-12-31,2016-12-31,2021-08-03,-650800000.0,4631200000.0,,500900000.0,4130300000.0,,7.961,-57900000.0,135100000.0,135100000.0,193000000.0,109300000.0,0.806,2.476,2387000000.0,106800000.0,2280200000.0,2387000000.0,330800000.0,50600000.0,0.0,0.0,0.0,190300000.0,240900000.0,0.476,240900000.0,190300000.0,162000000.0,0.65,0.64,0.65,1332400000.0,,1332400000.0,15713549829.0,17.0,13.808,35200000.0,0.21,1.0,313100000.0,0.619,3588900000.0,28300000.0,2672600000.0,,0.0,3400000.0,3400000.0,0.0,3298800000.0,621600000.0,2677200000.0,13591994829.0,-29600000.0,-29300000.0,-135800000.0,100000000.0,0.0,-36300000.0,-86100000.0,-8500000.0,93100000.0,-300000.0,109300000.0,109300000.0,109300000.0,97500000.0,0.0,0.216,127700000.0,185400000.0,184000000.0,0.0,10.201,22.991,23.125,380300000.0,0.0,81.17,6.812,6.845,263900000.0,2752900000.0,506100000.0,506100000.0,0.0,,,,,9300000.0,77200000.0,1.0,167450965.0,167369019,170200721.0,3.024,1042300000.0,64900000.0,52700000.0,322200000.0,6.228,-120700000.0
19,VRSK,MRQ,2016-09-30,2016-09-30,2016-09-30,2021-08-03,-518934000.0,4685051000.0,,464301000.0,4220750000.0,,8.737,-36400000.0,164787000.0,164787000.0,169700000.0,127600000.0,0.834,2.175,2286342000.0,6899000.0,2279443000.0,2286342000.0,355459000.0,52100000.0,0.0,0.0,0.0,200500000.0,252600000.0,0.507,252600000.0,200500000.0,172400000.0,0.76,0.74,0.76,1475430000.0,,1475430000.0,15812785400.0,17.0,13.676,62900000.0,0.372,1.0,328400000.0,0.659,3701267000.0,28100000.0,2548849000.0,,0.0,3457000.0,3457000.0,0.0,3209621000.0,556490000.0,2653131000.0,13733899400.0,-31700000.0,-43400000.0,-49800000.0,-500000.0,0.0,-51400000.0,-71300000.0,8500000.0,99300000.0,-8300000.0,127600000.0,127600000.0,127600000.0,0.0,0.0,0.256,130000000.0,198400000.0,192301000.0,0.0,9.308,23.052,23.025,355867000.0,0.0,81.28,6.984,6.98,229939000.0,2643678000.0,498100000.0,498100000.0,0.0,,,,,10500000.0,77800000.0,1.0,168970219.0,168874129,171785900.0,2.95,983784000.0,11236000.0,44800000.0,305694000.0,5.826,-92189000.0
20,VRSK,MRQ,2016-06-30,2016-06-30,2016-06-30,2021-08-03,-457143000.0,4725063000.0,,496917000.0,4228146000.0,,8.615,-31400000.0,196402000.0,196402000.0,178400000.0,261800000.0,0.808,2.259,2275288000.0,2256000.0,2273032000.0,2275288000.0,431171000.0,53200000.0,0.0,0.0,0.0,347100000.0,400300000.0,0.803,400300000.0,347100000.0,315600000.0,1.56,1.53,1.56,1449864000.0,,1449864000.0,16484133361.0,18.0,13.989,49800000.0,0.296,1.0,319900000.0,0.642,3734203000.0,31500000.0,2454580000.0,,0.0,3372000.0,3372000.0,0.0,3275199000.0,615166000.0,2660033000.0,13634929361.0,64600000.0,713200000.0,11600000.0,-705000000.0,0.0,-698700000.0,681900000.0,100000.0,81200000.0,200000.0,261800000.0,261800000.0,261800000.0,-155000000.0,0.0,0.525,128700000.0,191200000.0,163413000.0,0.0,9.404,22.725,22.839,334631000.0,0.0,81.08,7.033,7.038,241326000.0,2516101000.0,498300000.0,498300000.0,0.0,,,,,14900000.0,75600000.0,1.0,168166371.0,168296318,171218782.0,2.961,990860000.0,5748000.0,53800000.0,331200000.0,5.888,-118249000.0
21,VRSK,MRQ,2016-03-31,2016-03-31,2016-03-31,2021-08-03,-316777000.0,5459147000.0,,586783000.0,4872364000.0,,7.661,-30800000.0,131818000.0,131818000.0,173300000.0,92600000.0,0.414,3.23,2981022000.0,709143000.0,2271879000.0,2981022000.0,486551000.0,68700000.0,0.0,0.0,0.0,175500000.0,244200000.0,0.496,244200000.0,175500000.0,143500000.0,0.55,0.54,0.55,1290465000.0,,1290465000.0,16458956283.0,20.0,15.37,273100000.0,1.621,1.0,319400000.0,0.648,3895384000.0,32000000.0,2996088000.0,,0.0,3472000.0,3472000.0,0.0,4168682000.0,1416879000.0,2751803000.0,13429314283.0,-6500000.0,0.0,-111700000.0,-165000000.0,0.0,-277800000.0,-31300000.0,100000.0,303900000.0,-1300000.0,92600000.0,92600000.0,92600000.0,17100000.0,0.0,0.188,126800000.0,192600000.0,179671000.0,0.0,10.407,26.778,26.819,341989000.0,0.0,79.92,7.185,7.203,297312000.0,2254365000.0,492700000.0,492700000.0,0.0,,,,,9800000.0,71000000.0,1.0,168034463.0,168453750,171480884.0,2.925,1563763000.0,8561000.0,50900000.0,350084000.0,9.283,-830096000.0
22,VRSK,MRQ,2015-12-31,2015-12-31,2015-12-31,2021-08-03,-242000000.0,5593700000.0,,604600000.0,4989100000.0,,8.1,-60335000.0,138300000.0,138300000.0,160702000.0,113780000.0,0.409,3.077,3145700000.0,874800000.0,2270900000.0,3145700000.0,340900000.0,67333000.0,0.0,0.0,0.0,191787000.0,259120000.0,0.543,259120000.0,191787000.0,159314000.0,0.66,0.65,0.66,1372000000.0,,1372000000.0,16055191702.0,19.0,15.423,83421000.0,0.492,1.0,316698000.0,0.663,3998100000.0,32473000.0,3123700000.0,,0.0,3600000.0,3600000.0,0.0,4221700000.0,1479300000.0,2742400000.0,13025651702.0,-30466000.0,-51046000.0,-12931000.0,-29924000.0,0.0,-62335000.0,-111098000.0,270000.0,143756000.0,-789000.0,113780000.0,113780000.0,113780000.0,-5751000.0,0.0,0.238,130441000.0,186257000.0,222100000.0,0.0,9.494,25.661,25.042,350300000.0,0.0,76.88,7.398,7.209,251000000.0,2161700000.0,477400000.0,477400000.0,0.0,,,,,26768000.0,75608000.0,1.0,169428352.0,169392359,172566722.0,2.818,1595600000.0,48600000.0,45534000.0,329200000.0,9.42,-874700000.0
23,VRSK,MRQ,2015-09-30,2015-09-30,2015-09-30,2021-08-03,-179417000.0,5619097000.0,,617762000.0,5001335000.0,,7.785,-45673000.0,168825000.0,168825000.0,162874000.0,131814000.0,0.401,3.278,3198365000.0,905473000.0,2292892000.0,3198365000.0,0.0,52044000.0,0.0,0.0,0.0,222675000.0,274719000.0,0.584,274719000.0,222675000.0,189672000.0,0.78,0.77,0.78,1313636000.0,,1313636000.0,15627024953.0,20.0,15.893,118870000.0,0.704,1.0,307534000.0,0.654,4535051000.0,33003000.0,2572828000.0,,0.0,3630000.0,3630000.0,0.0,4305461000.0,1540758000.0,2764703000.0,12452854953.0,23334000.0,0.0,13180000.0,-120889000.0,0.0,-100129000.0,-29944000.0,15729000.0,164543000.0,-11136000.0,131814000.0,131814000.0,131814000.0,-7633000.0,0.0,0.28,110386000.0,197148000.0,266467000.0,0.0,9.48,25.355,24.802,391625000.0,0.0,73.91,8.693,8.706,266000000.0,2047969000.0,470408000.0,470408000.0,0.0,,,,,-765000.0,70642000.0,1.0,168486740.0,168739437,172171337.0,2.788,1084046000.0,49978000.0,57858000.0,401422000.0,6.424,-922996000.0
24,VRSK,MRQ,2015-06-30,2015-06-30,2015-06-30,2021-08-03,-83873000.0,5775663000.0,,609987000.0,5165676000.0,,7.581,-35332000.0,145491000.0,145491000.0,154639000.0,163320000.0,0.357,3.642,3319661000.0,1025797000.0,2293864000.0,3319661000.0,0.0,57440000.0,0.0,0.0,0.0,235374000.0,292814000.0,0.683,292814000.0,235374000.0,197712000.0,0.99,0.97,0.99,1244322000.0,,1244322000.0,12683367520.0,17.0,13.788,49179000.0,0.3,1.0,273960000.0,0.639,4713207000.0,37662000.0,2526573000.0,,0.0,3725000.0,3725000.0,0.0,4531341000.0,1710053000.0,2821288000.0,11529978520.0,-7356000.0,-2890048000.0,730615000.0,2000013000.0,0.0,2735421000.0,-2840033000.0,160000.0,84511000.0,12745000.0,163320000.0,163320000.0,163320000.0,-4403000.0,0.0,0.381,127917000.0,146043000.0,246361000.0,0.0,9.266,25.155,25.986,386093000.0,0.0,72.76,8.173,8.465,267379000.0,1916155000.0,428599000.0,428599000.0,0.0,,,,,10552000.0,82336000.0,1.0,158465895.0,164141804,167586100.0,2.611,1062456000.0,69952000.0,34392000.0,463561000.0,6.473,-1100066000.0
25,VRSK,MRQ,2015-03-31,2015-03-31,2015-03-31,2021-08-03,-80058000.0,2404499000.0,,453993000.0,1950506000.0,,2.098,-24760000.0,152847000.0,152847000.0,133784000.0,98686000.0,0.64,6.249,1306236000.0,205878000.0,1100358000.0,1306236000.0,0.0,38583000.0,0.0,0.0,0.0,175763000.0,214346000.0,0.558,214346000.0,175763000.0,157501000.0,0.62,0.61,0.62,331722000.0,,331722000.0,12686516687.0,19.0,15.447,246230000.0,1.558,1.0,250509000.0,0.652,1599479000.0,18262000.0,1248639000.0,,0.0,3855000.0,3855000.0,0.0,2072777000.0,709770000.0,1363007000.0,11288943687.0,113488000.0,-506000.0,8336000.0,-139100000.0,0.0,-132057000.0,-25225000.0,41000.0,270990000.0,-220000.0,98686000.0,98686000.0,98686000.0,-2313000.0,0.0,0.257,76557000.0,173952000.0,142471000.0,0.0,34.031,29.465,30.513,303829000.0,0.0,71.4,8.031,8.03,226637000.0,1752835000.0,384293000.0,384293000.0,0.0,,,,,8045000.0,49714000.0,1.0,158108455.0,158087919,161481213.0,2.431,805020000.0,17563000.0,58815000.0,203383000.0,5.092,-255777000.0
26,VRSK,MRQ,2014-12-31,2014-12-31,2014-12-31,2021-08-03,-80514000.0,2345330000.0,,384483000.0,1960847000.0,,1.289,-43808000.0,39359000.0,39359000.0,-7016000.0,97328000.0,0.499,10.113,1436932000.0,336058000.0,1100874000.0,1436932000.0,252592000.0,37319000.0,0.0,0.0,0.0,164060000.0,201379000.0,1.349,201379000.0,164060000.0,146456000.0,0.59,0.59,0.59,211043000.0,,211043000.0,11407312717.0,17.0,13.878,66957000.0,0.409,1.0,156254000.0,1.047,1613622000.0,17604000.0,1358011000.0,,0.0,3801000.0,3801000.0,0.0,2134287000.0,771270000.0,1363017000.0,10563142717.0,-393189000.0,-31169000.0,-591662000.0,159500000.0,0.0,-427466000.0,-74975000.0,2000.0,110765000.0,-1513000.0,97328000.0,97328000.0,97328000.0,-14883000.0,0.0,0.652,7353000.0,148901000.0,180726000.0,0.0,50.052,26.408,26.577,302273000.0,0.0,64.05,7.381,7.422,220668000.0,1654149000.0,149238000.0,149238000.0,0.0,,,,,1729000.0,16928000.0,1.0,164920261.0,163782060,167082091.0,0.911,731708000.0,70284000.0,49128000.0,202540000.0,4.468,-386787000.0
27,VRSK,MRQ,2014-09-30,2014-09-30,2014-09-30,2021-08-03,-42861000.0,2677700000.0,,705652000.0,1972048000.0,,4.368,-27228000.0,432490000.0,432490000.0,180873000.0,99015000.0,1.257,2.688,1276660000.0,140455000.0,1136205000.0,1276660000.0,0.0,36138000.0,0.0,0.0,0.0,175205000.0,211343000.0,0.471,211343000.0,175205000.0,157707000.0,0.6,0.58,0.6,725984000.0,,725984000.0,10992648909.0,16.0,13.538,64572000.0,0.389,1.0,267792000.0,0.597,1590934000.0,17498000.0,1369596000.0,,0.0,3730000.0,3730000.0,0.0,1951716000.0,561340000.0,1390376000.0,10136670909.0,13042000.0,-3830000.0,-55041000.0,0.0,0.0,-47202000.0,-31009000.0,49000.0,91800000.0,-547000.0,99015000.0,99015000.0,99015000.0,0.0,0.0,0.221,92302000.0,175490000.0,164288000.0,0.0,13.963,25.998,26.021,281347000.0,0.0,60.89,5.968,5.957,188711000.0,1556779000.0,448665000.0,448665000.0,0.0,,,,,-1395000.0,56164000.0,1.0,166475134.0,166187540,169522448.0,2.7,1086766000.0,35188000.0,58692000.0,194871000.0,6.539,144312000.0
28,VRSK,MRQ,2014-06-30,2014-06-30,2014-06-30,2021-08-03,-42377000.0,2675277000.0,,704563000.0,1970714000.0,,4.066,-39620000.0,419448000.0,419448000.0,172470000.0,88099000.0,1.157,2.956,1275426000.0,139781000.0,1135645000.0,1275426000.0,0.0,34944000.0,0.0,0.0,0.0,159266000.0,194210000.0,0.459,194210000.0,159266000.0,141807000.0,0.53,0.52,0.53,676285000.0,,676285000.0,10834787442.0,16.0,13.504,14387000.0,0.086,1.0,251084000.0,0.593,1605121000.0,17459000.0,1317391000.0,,0.0,3837000.0,3837000.0,0.0,1998992000.0,608743000.0,1390249000.0,9986854442.0,-7928000.0,0.0,-26840000.0,0.0,0.0,-22807000.0,-39381000.0,239000.0,54007000.0,253000.0,88099000.0,88099000.0,88099000.0,0.0,0.0,0.208,92018000.0,159066000.0,157350000.0,0.0,14.767,25.784,25.983,272875000.0,0.0,60.02,6.009,6.008,177973000.0,1457764000.0,423554000.0,423554000.0,0.0,,,,,3782000.0,57074000.0,1.0,166392110.0,166343630,169503664.0,2.546,1070156000.0,33576000.0,53708000.0,194523000.0,6.433,95820000.0
29,VRSK,MRQ,2014-03-31,2014-03-31,2014-03-31,2021-08-03,-42822000.0,2640004000.0,,679204000.0,1960800000.0,,3.59,-36144000.0,427376000.0,427376000.0,169673000.0,115558000.0,1.317,3.403,1275309000.0,4317000.0,1270992000.0,1275309000.0,0.0,35099000.0,0.0,0.0,0.0,179969000.0,215068000.0,0.525,215068000.0,179969000.0,162530000.0,0.69,0.68,0.69,599526000.0,,599526000.0,11113547017.0,17.0,14.037,196684000.0,1.178,1.0,239970000.0,0.586,1619342000.0,17439000.0,1352955000.0,,0.0,3918000.0,3918000.0,0.0,2040478000.0,515640000.0,1524838000.0,10003461017.0,261575000.0,145999000.0,-80357000.0,0.0,0.0,-81625000.0,109865000.0,10000.0,232828000.0,507000.0,115558000.0,115558000.0,115558000.0,-31117000.0,0.0,0.282,91127000.0,148843000.0,156893000.0,0.0,16.686,26.09,26.298,251731000.0,0.0,59.96,6.142,6.148,173451000.0,1369665000.0,409643000.0,409643000.0,0.0,,,,,8884000.0,57134000.0,1.0,166835574.0,166981982,170421489.0,2.453,1020662000.0,12574000.0,46972000.0,202471000.0,6.112,163564000.0
30,VRSK,MRQ,2013-12-31,2013-12-31,2013-12-31,2021-08-03,-43488000.0,2504451000.0,,474845000.0,2029606000.0,,3.262,-38061000.0,165801000.0,165801000.0,170156000.0,87223000.0,1.101,3.574,1275887000.0,4448000.0,1271439000.0,1275887000.0,0.0,35053000.0,0.0,0.0,0.0,156301000.0,191354000.0,0.459,191354000.0,156301000.0,138651000.0,0.52,0.51,0.52,547589000.0,,547589000.0,12186627585.0,20.0,16.13,82407000.0,0.491,1.0,246567000.0,0.592,1629299000.0,17650000.0,1554059000.0,,0.0,3911000.0,3911000.0,0.0,1956862000.0,431179000.0,1525683000.0,11056201585.0,-14402000.0,0.0,-87399000.0,-35605000.0,0.0,-96167000.0,-38269000.0,792000.0,120468000.0,-434000.0,87223000.0,87223000.0,87223000.0,-848000.0,0.0,0.209,91520000.0,155047000.0,188264000.0,0.0,20.191,31.736,31.749,233373000.0,0.0,65.72,6.929,6.92,158547000.0,1254107000.0,416723000.0,416723000.0,0.0,,,,,-20159000.0,57679000.0,1.0,168231917.0,167855891,171722560.0,2.483,875152000.0,72423000.0,51428000.0,198604000.0,5.214,43666000.0
31,VRSK,MRQ,2013-09-30,2013-09-30,2013-09-30,2021-08-03,-86592000.0,2429872000.0,,461330000.0,1968542000.0,,2.874,-44410000.0,180203000.0,180203000.0,156306000.0,96441000.0,1.01,4.031,1310629000.0,39459000.0,1271170000.0,1310629000.0,0.0,33097000.0,0.0,0.0,0.0,168607000.0,201704000.0,0.49,201704000.0,168607000.0,149915000.0,0.57,0.56,0.57,483002000.0,,483002000.0,12139980307.0,20.0,16.273,95351000.0,0.567,1.0,255621000.0,0.621,1722027000.0,18692000.0,1381633000.0,,0.0,4514000.0,4514000.0,0.0,1946870000.0,456638000.0,1490232000.0,10907787307.0,7616000.0,88000.0,-4577000.0,-100000000.0,0.0,-88061000.0,-44359000.0,-37000.0,139761000.0,275000.0,96441000.0,96441000.0,96441000.0,-1547000.0,0.0,0.234,88786000.0,166835000.0,171285000.0,0.0,22.583,30.345,30.355,219116000.0,0.0,64.96,7.429,7.435,167767000.0,1166884000.0,411927000.0,411927000.0,0.0,,,,,-8148000.0,56783000.0,1.0,167915445.0,168044100,172154553.0,2.451,707845000.0,54151000.0,53474000.0,143432000.0,4.212,4692000.0
32,VRSK,MRQ,2013-06-30,2013-06-30,2013-06-30,2021-08-03,-88338000.0,2439351000.0,,493609000.0,1945742000.0,,2.174,-35440000.0,172587000.0,172587000.0,152429000.0,84205000.0,0.844,5.674,1404780000.0,137870000.0,1266910000.0,1404780000.0,0.0,34007000.0,0.0,0.0,0.0,149589000.0,183596000.0,0.47,183596000.0,149589000.0,129885000.0,0.5,0.49,0.5,365505000.0,,365505000.0,11236287529.0,19.0,15.451,19994000.0,0.119,1.0,237927000.0,0.61,1735803000.0,19704000.0,1350605000.0,,0.0,4254000.0,4254000.0,0.0,2073846000.0,585136000.0,1488710000.0,10053199529.0,-94771000.0,-791000.0,-95392000.0,-45000000.0,0.0,-114540000.0,-35390000.0,841000.0,55434000.0,-275000.0,84205000.0,84205000.0,84205000.0,-2605000.0,0.0,0.216,91070000.0,146857000.0,157961000.0,0.0,27.505,29.062,28.841,185928000.0,0.0,59.7,6.909,6.898,186549000.0,1070443000.0,390356000.0,390356000.0,0.0,,,,,-17635000.0,58198000.0,1.0,168395302.0,168147069,172467688.0,2.322,703548000.0,64476000.0,45680000.0,135257000.0,4.184,-91527000.0
33,VRSK,MRQ,2013-03-31,2013-03-31,2013-03-31,2021-08-03,-88927000.0,2516347000.0,,552543000.0,1963804000.0,,2.097,-28065000.0,267358000.0,267358000.0,143632000.0,80511000.0,0.85,6.138,1450446000.0,183979000.0,1266467000.0,1450446000.0,0.0,32421000.0,0.0,0.0,0.0,146445000.0,178866000.0,0.475,178866000.0,146445000.0,126355000.0,0.48,0.47,0.48,352524000.0,,352524000.0,11732494473.0,20.0,16.584,163192000.0,0.971,1.0,233065000.0,0.619,1751989000.0,20090000.0,1297024000.0,,0.0,5141000.0,5141000.0,0.0,2163823000.0,650422000.0,1513401000.0,10360888473.0,177539000.0,0.0,-9675000.0,-10000000.0,0.0,14296000.0,-27608000.0,18000.0,191257000.0,-406000.0,80511000.0,80511000.0,80511000.0,-1066000.0,0.0,0.214,87537000.0,145528000.0,150261000.0,0.0,29.391,30.923,30.657,167129000.0,0.0,61.62,7.205,7.202,190917000.0,986238000.0,376697000.0,376697000.0,0.0,,,,,-27987000.0,56322000.0,1.0,168141650.0,168078589,172760641.0,2.241,764358000.0,25543000.0,45844000.0,134499000.0,4.548,-97879000.0
34,VRSK,MRQ,2012-12-31,2012-12-31,2012-12-31,2021-08-03,-89160000.0,2360336000.0,,390559000.0,1969777000.0,,1.532,-18649000.0,89819000.0,89819000.0,79555000.0,98299000.0,0.667,8.235,1461425000.0,195263000.0,1266162000.0,1461425000.0,0.0,30535000.0,0.0,0.0,0.0,151340000.0,181875000.0,0.629,181875000.0,151340000.0,130727000.0,0.59,0.58,0.59,255591000.0,,255591000.0,9971427768.0,17.0,14.489,128583000.0,0.771,1.0,209703000.0,0.725,1768394000.0,20613000.0,1378198000.0,,0.0,4883000.0,4883000.0,0.0,2104745000.0,585350000.0,1519395000.0,8501720768.0,-7951000.0,-26217000.0,-9385000.0,-105282000.0,0.0,-110449000.0,-44879000.0,-13000.0,147232000.0,145000.0,98299000.0,98299000.0,98299000.0,-11679000.0,0.0,0.34,70089000.0,139614000.0,187648000.0,0.0,33.263,25.83,25.742,154084000.0,0.0,50.97,6.039,6.006,178430000.0,905727000.0,289258000.0,289258000.0,0.0,,,,,3407000.0,44909000.0,1.0,166798524.0,166799951,171925359.0,1.734,591942000.0,56372000.0,32428000.0,133761000.0,3.549,-194791000.0
35,VRSK,MRQ,2012-09-30,2012-09-30,2012-09-30,2021-08-03,-76853000.0,2303433000.0,,361337000.0,1942096000.0,,0.856,-19192000.0,97770000.0,97770000.0,156749000.0,82911000.0,0.541,15.216,1567477000.0,265794000.0,1301683000.0,1567477000.0,0.0,28156000.0,0.0,0.0,0.0,154749000.0,182905000.0,0.459,182905000.0,154749000.0,136616000.0,0.5,0.48,0.5,142048000.0,,142048000.0,9054315649.0,16.0,13.862,114370000.0,0.689,1.0,242114000.0,0.607,1750407000.0,18133000.0,1354476000.0,,0.0,4895000.0,4895000.0,0.0,2161385000.0,668257000.0,1493128000.0,7895335649.0,572000.0,-432561000.0,-11650000.0,308601000.0,0.0,318673000.0,-451667000.0,86000.0,133562000.0,4000.0,82911000.0,82911000.0,82911000.0,0.0,0.0,0.208,86863000.0,155251000.0,176464000.0,0.0,55.582,25.374,25.324,144799000.0,0.0,47.61,5.938,5.943,175520000.0,807428000.0,398863000.0,398863000.0,0.0,,,,,-14487000.0,58707000.0,1.0,165833557.0,165978080,171660543.0,2.403,553026000.0,24152000.0,53705000.0,84042000.0,3.332,-306920000.0
36,VRSK,MRQ,2012-06-30,2012-06-30,2012-06-30,2021-08-03,-77354000.0,1853343000.0,,397495000.0,1455848000.0,,0.281,-19090000.0,97198000.0,97198000.0,147074000.0,73331000.0,0.649,38.701,1256178000.0,201783000.0,1054395000.0,1256178000.0,0.0,25277000.0,0.0,0.0,0.0,138528000.0,163805000.0,0.439,163805000.0,138528000.0,121151000.0,0.44,0.43,0.44,46682000.0,,46682000.0,9295244653.0,17.0,14.961,-21268000.0,-0.128,1.0,226152000.0,0.606,1298317000.0,17377000.0,1101747000.0,,0.0,4782000.0,4782000.0,0.0,1806661000.0,612259000.0,1194402000.0,8180411653.0,-17732000.0,-803000.0,-50649000.0,25000000.0,0.0,4658000.0,-19925000.0,-32000.0,-2178000.0,-287000.0,73331000.0,73331000.0,73331000.0,0.0,0.0,0.196,87750000.0,138402000.0,153684000.0,0.0,175.237,27.338,27.215,133731000.0,0.0,49.26,6.436,6.432,173607000.0,724517000.0,373226000.0,373226000.0,0.0,,,,,-19162000.0,62473000.0,1.0,166066010.0,165946009,171901349.0,2.249,555026000.0,46956000.0,47820000.0,41880000.0,3.345,-214764000.0
37,VRSK,MRQ,2012-03-31,2012-03-31,2012-03-31,2021-08-03,-77403000.0,1892043000.0,,419840000.0,1472203000.0,,-0.062,-17442000.0,114930000.0,114930000.0,133330000.0,74601000.0,0.74,-185.446,1229763000.0,130478000.0,1099285000.0,1229763000.0,0.0,20231000.0,0.0,0.0,0.0,139396000.0,159627000.0,0.461,159627000.0,139396000.0,123011000.0,0.45,0.44,0.45,-10258000.0,,-10258000.0,8654519041.0,17.0,14.396,172171000.0,1.044,1.0,213171000.0,0.615,1309040000.0,16385000.0,1130280000.0,,0.0,4968000.0,4968000.0,0.0,1902301000.0,567556000.0,1334745000.0,7740236041.0,-76673000.0,-349777000.0,-22203000.0,125000000.0,0.0,100673000.0,-367112000.0,107000.0,189613000.0,153000.0,74601000.0,74601000.0,74601000.0,0.0,0.0,0.215,74210000.0,138961000.0,144974000.0,0.0,-754.556,26.555,26.688,124781000.0,0.0,46.97,6.318,6.32,194540000.0,651186000.0,346501000.0,346501000.0,0.0,,,,,7377000.0,53979000.0,1.0,164791059.0,164836992,171350820.0,2.102,583003000.0,37247000.0,48410000.0,39868000.0,3.537,-147716000.0
38,VRSK,MRQ,2011-12-31,2011-12-31,2011-12-31,2021-08-03,-78287000.0,1541106000.0,,453654000.0,1087452000.0,,-0.601,-17904000.0,191603000.0,191603000.0,47619000.0,80318000.0,1.297,-16.647,1105886000.0,5554000.0,1100332000.0,1105886000.0,0.0,19532000.0,0.0,0.0,0.0,127320000.0,146852000.0,0.695,146852000.0,127320000.0,112566000.0,0.49,0.47,0.49,-98490000.0,,-98490000.0,7529268093.0,15.0,12.96,34063000.0,0.208,1.0,163527000.0,0.774,936368000.0,14754000.0,1169371000.0,,0.0,5066000.0,5066000.0,0.0,1639596000.0,349650000.0,1289946000.0,6562864093.0,138757000.0,0.0,-26742000.0,86999000.0,0.0,104714000.0,-17723000.0,-119000.0,51967000.0,-201000.0,80318000.0,80318000.0,80318000.0,-20302000.0,0.0,0.38,56888000.0,106639000.0,162992000.0,0.0,-66.635,23.21,23.606,119411000.0,0.0,40.13,5.509,5.592,153339000.0,576585000.0,211146000.0,211146000.0,0.0,,,,,-39414000.0,42855000.0,1.0,163540097.0,163874594,170532545.0,1.288,604738000.0,50973000.0,32248000.0,0.0,3.69,104004000.0
39,VRSK,MRQ,2011-09-30,2011-09-30,2011-09-30,2021-08-03,-53656000.0,1379933000.0,,271764000.0,1108169000.0,,-0.968,-13754000.0,52846000.0,52846000.0,137619000.0,70987000.0,0.537,-9.686,1019250000.0,165670000.0,853580000.0,1019250000.0,0.0,19595000.0,0.0,0.0,0.0,131422000.0,151017000.0,0.444,151017000.0,131422000.0,116829000.0,0.43,0.41,0.43,-158873000.0,,-158873000.0,6190185893.0,13.0,10.943,122913000.0,0.749,1.0,202479000.0,0.595,945094000.0,14593000.0,895242000.0,,0.0,4828000.0,4828000.0,0.0,1538806000.0,506001000.0,1032805000.0,5216993893.0,876000.0,0.0,-115700000.0,-5716000.0,0.0,-121416000.0,-13820000.0,-66000.0,136667000.0,-555000.0,70987000.0,70987000.0,70987000.0,0.0,0.0,0.209,71070000.0,131409000.0,146358000.0,0.0,-32.838,19.442,21.868,110328000.0,0.0,34.77,4.097,4.483,152803000.0,496267000.0,340098000.0,340098000.0,0.0,,,,,8223000.0,51475000.0,1.0,150042965.0,164195325,171169658.0,2.071,434839000.0,34476000.0,45842000.0,0.0,2.648,-234237000.0
40,VRSK,MRQ,2011-06-30,2011-06-30,2011-06-30,2021-08-03,-53508000.0,1408089000.0,,295477000.0,1112612000.0,,-0.865,-14523000.0,51970000.0,51970000.0,131185000.0,65577000.0,0.578,-10.749,1025162000.0,170663000.0,854499000.0,1025162000.0,0.0,19732000.0,0.0,0.0,0.0,123933000.0,143665000.0,0.439,143665000.0,123933000.0,109048000.0,0.39,0.38,0.39,-144440000.0,,-144440000.0,6010812414.0,13.0,11.036,26983000.0,0.162,1.0,196095000.0,0.599,953891000.0,14885000.0,915790000.0,,0.0,5351000.0,5351000.0,0.0,1552529000.0,511600000.0,1040929000.0,5281533414.0,-49268000.0,-144781000.0,-125990000.0,188643000.0,0.0,68123000.0,-159132000.0,172000.0,41506000.0,235000.0,65577000.0,65577000.0,65577000.0,0.0,0.0,0.2,72277000.0,123818000.0,121285000.0,0.0,-36.566,20.296,22.927,107645000.0,0.0,34.62,4.327,4.735,145632000.0,425280000.0,327280000.0,327280000.0,0.0,,,,,6377000.0,55909000.0,1.0,152557291.0,166960806,174634046.0,1.96,454198000.0,60104000.0,43471000.0,0.0,2.72,-216123000.0
41,VRSK,MRQ,2011-03-31,2011-03-31,2011-03-31,2021-08-03,-54837000.0,1286431000.0,,311698000.0,974733000.0,,-0.645,-13648000.0,101238000.0,101238000.0,124556000.0,65876000.0,0.633,-12.792,830517000.0,129997000.0,700520000.0,830517000.0,0.0,19760000.0,0.0,0.0,0.0,119669000.0,139429000.0,0.446,139429000.0,119669000.0,110054000.0,0.39,0.37,0.39,-109091000.0,,-109091000.0,6357171323.0,14.0,12.105,131933000.0,0.781,1.0,188313000.0,0.602,824442000.0,9615000.0,698798000.0,,0.0,5603000.0,5603000.0,0.0,1395522000.0,492470000.0,903052000.0,5572602323.0,46264000.0,0.0,-69999000.0,-16202000.0,0.0,-86201000.0,-13454000.0,194000.0,145581000.0,338000.0,65876000.0,65876000.0,65876000.0,0.0,0.0,0.211,69016000.0,119297000.0,88458000.0,0.0,-51.082,22.021,22.75,100774000.0,0.0,32.76,4.742,4.712,163888000.0,359703000.0,312869000.0,312869000.0,0.0,,,,,7475000.0,49256000.0,1.0,170103856.0,169030227,176964192.0,1.851,461989000.0,31095000.0,44178000.0,18788000.0,2.733,-180772000.0
42,VRSK,MRQ,2010-12-31,2010-12-31,2010-12-31,2021-08-03,-55803000.0,1217090000.0,,240435000.0,976655000.0,,-0.667,-16435000.0,54974000.0,54974000.0,116475000.0,65893000.0,0.334,-11.635,839543000.0,437717000.0,401826000.0,839543000.0,0.0,17736000.0,0.0,0.0,0.0,113854000.0,131590000.0,0.449,131590000.0,113854000.0,104585000.0,0.38,0.36,0.38,-114442000.0,,-114442000.0,6294031482.0,14.0,12.355,77790000.0,0.453,1.0,176683000.0,0.603,832897000.0,9269000.0,447880000.0,,0.0,5653000.0,5653000.0,0.0,1331532000.0,720882000.0,610650000.0,5871082482.0,-52281000.0,-197672000.0,-274978000.0,315230000.0,0.0,67793000.0,-214201000.0,-94000.0,94225000.0,-98000.0,65893000.0,65893000.0,65893000.0,0.0,0.0,0.225,62976000.0,113707000.0,111995000.0,0.0,-51.302,24.205,25.059,93409000.0,0.0,34.08,5.158,5.321,126564000.0,293827000.0,293158000.0,293158000.0,0.0,,,,,-25428000.0,45240000.0,1.0,172273547.0,171701121,179394534.0,1.707,384193000.0,52039000.0,38692000.0,0.0,2.238,-480447000.0
43,VRSK,MRQ,2010-09-30,2010-09-30,2010-09-30,2021-08-03,-50952000.0,1049411000.0,,285772000.0,763639000.0,,0.348,-6636000.0,107255000.0,107255000.0,117005000.0,62880000.0,0.727,15.887,530204000.0,128325000.0,401879000.0,530204000.0,0.0,16193000.0,0.0,0.0,0.0,113786000.0,129979000.0,0.452,129979000.0,113786000.0,105302000.0,0.35,0.34,0.35,62144000.0,,62144000.0,5436810751.0,15.0,12.476,62137000.0,0.348,1.0,170349000.0,0.593,597353000.0,8484000.0,482029000.0,,0.0,5350000.0,5350000.0,0.0,987267000.0,392978000.0,594289000.0,5012935751.0,428000.0,0.0,-64068000.0,-2942000.0,0.0,-61963000.0,-6564000.0,72000.0,68773000.0,182000.0,62880000.0,62880000.0,62880000.0,0.0,0.0,0.219,56631000.0,113718000.0,99285000.0,0.0,80.666,29.451,30.118,83571000.0,0.0,28.01,4.515,4.508,130360000.0,227934000.0,287354000.0,287354000.0,0.0,,,,,3304000.0,40982000.0,1.0,178969502.0,178687236,187188667.0,1.608,452058000.0,88188000.0,42422000.0,2217000.0,2.53,-107206000.0
44,VRSK,MRQ,2010-06-30,2010-06-30,2010-06-30,2021-08-03,-52184000.0,1053268000.0,,285490000.0,767778000.0,,0.297,-8072000.0,106827000.0,106827000.0,115000000.0,58404000.0,0.882,18.66,530702000.0,53935000.0,476767000.0,530702000.0,0.0,16964000.0,0.0,0.0,0.0,107196000.0,124160000.0,0.441,124160000.0,107196000.0,98751000.0,0.32,0.31,0.32,53575000.0,,53575000.0,5801089206.0,17.0,14.209,27773000.0,0.154,1.0,166677000.0,0.592,602224000.0,8445000.0,551310000.0,,0.0,5067000.0,5067000.0,0.0,999693000.0,323609000.0,676084000.0,5400282206.0,-24165000.0,-89000.0,-45533000.0,-1124000.0,0.0,-51819000.0,-7995000.0,166000.0,35845000.0,-196000.0,58404000.0,58404000.0,58404000.0,0.0,0.0,0.207,59602000.0,107075000.0,81571000.0,0.0,100.799,36.113,36.463,86253000.0,0.0,29.9,4.994,4.991,118470000.0,165054000.0,281677000.0,281677000.0,0.0,,,,,-386000.0,42638000.0,1.0,180611445.0,180492106,189541893.0,1.561,451044000.0,94333000.0,40347000.0,0.0,2.499,-38119000.0
45,VRSK,MRQ,2010-03-31,2010-03-31,2010-03-31,2021-08-03,-52685000.0,1085679000.0,,315849000.0,769830000.0,,0.157,-7498000.0,130992000.0,130992000.0,114993000.0,55375000.0,0.971,37.428,531799000.0,4723000.0,527076000.0,531799000.0,0.0,17233000.0,0.0,0.0,0.0,106478000.0,123711000.0,0.448,123711000.0,106478000.0,98012000.0,0.31,0.29,0.31,28252000.0,,28252000.0,5600152110.0,18.0,14.351,129691000.0,0.72,1.0,161161000.0,0.584,601531000.0,8466000.0,559823000.0,,0.0,5546000.0,5546000.0,0.0,1057427000.0,325132000.0,732295000.0,5077510110.0,59465000.0,-7514000.0,0.0,-62945000.0,0.0,-62798000.0,-14929000.0,83000.0,137189000.0,3000.0,55375000.0,55375000.0,55375000.0,0.0,0.0,0.201,54747000.0,106414000.0,78001000.0,0.0,179.722,37.042,36.623,88272000.0,0.0,28.2,4.801,4.801,132896000.0,106650000.0,276154000.0,276154000.0,0.0,,,,,7155000.0,37514000.0,1.0,180053550.0,180053550,189454756.0,1.534,484148000.0,73286000.0,42637000.0,22285000.0,2.689,-9283000.0
46,VRSK,MRQ,2009-12-31,2009-12-31,2009-12-31,2021-08-03,-53628000.0,996953000.0,,225345000.0,771608000.0,,-0.195,-14375000.0,71527000.0,71527000.0,153410000.0,-6445000.0,0.75,-29.526,594169000.0,66660000.0,527509000.0,594169000.0,0.0,17679000.0,0.0,0.0,0.0,40241000.0,57920000.0,0.218,57920000.0,40241000.0,31102000.0,-0.05,-0.04,-0.05,-34949000.0,,-34949000.0,6050571610.0,20.0,16.306,56450000.0,0.315,1.0,111716000.0,0.421,599355000.0,9139000.0,619961000.0,,0.0,5445000.0,5445000.0,0.0,1031902000.0,300279000.0,731623000.0,5451709610.0,10967000.0,-2650000.0,5097000.0,-66052000.0,0.0,-42702000.0,-17036000.0,-11000.0,70825000.0,-120000.0,-6445000.0,-6445000.0,-6445000.0,0.0,0.0,-0.024,69558000.0,42158000.0,101401000.0,0.0,-155.99,43.058,42.056,89165000.0,0.0,30.28,5.308,5.152,89436000.0,51275000.0,265126000.0,265126000.0,0.0,,,,,45800000.0,51879000.0,1.0,180043250.0,179421230,188311194.0,1.478,397598000.0,93919000.0,37547000.0,1414000.0,2.216,-74934000.0
47,VRSK,MRQ,2009-09-30,2009-09-30,2009-09-30,2021-08-03,-75561000.0,1019376000.0,,220763000.0,798613000.0,,-6.936,-8124000.0,60560000.0,60560000.0,117383000.0,42205000.0,0.564,-0.964,659422000.0,131528000.0,527894000.0,659422000.0,0.0,17633000.0,0.0,,0.0,84848000.0,102481000.0,0.397,102481000.0,84848000.0,75399000.0,0.24,0.23,0.24,-1198517000.0,,-1198517000.0,,,,62923000.0,0.364,1.0,140928000.0,0.546,607583000.0,9449000.0,619336000.0,,0.0,5352000.0,5352000.0,0.0,1155824000.0,391319000.0,764505000.0,,14598000.0,-7589000.0,-6972000.0,-35043000.0,0.0,-40950000.0,-15621000.0,92000.0,71047000.0,122000.0,42205000.0,42205000.0,42205000.0,0.0,0.0,0.163,56133000.0,84795000.0,100979000.0,0.0,,,,87229000.0,0.0,,,,104083000.0,-439062000.0,258311000.0,258311000.0,0.0,,,,,10092000.0,38500000.0,1.0,180059800.0,172796400,179850850.0,1.495,411793000.0,102831000.0,33194000.0,0.0,2.383,-170556000.0
48,VRSK,MRQ,2009-06-30,2009-06-30,2009-06-30,2021-08-03,,,,,,,,-7836000.0,,,112978000.0,45939000.0,,,,,,,,18182000.0,,,0.0,87933000.0,106115000.0,0.411,106115000.0,87933000.0,79410000.0,0.27,0.26,0.27,,,,,,,41300000.0,0.239,1.0,144938000.0,0.562,,8523000.0,,,,,,,,,,,956000.0,-78100000.0,-11454000.0,48023000.0,0.0,37056000.0,-85762000.0,174000.0,49136000.0,526000.0,45939000.0,45939000.0,45939000.0,0.0,0.0,0.178,57087000.0,87851000.0,,0.0,,,,,0.0,,,,,,257916000.0,257916000.0,0.0,,,,,9409000.0,38905000.0,1.0,180059800.0,172887331,179824479.0,1.492,,,33471000.0,,,
49,VRSK,MRQ,2009-03-31,2009-03-31,2009-03-31,2021-08-03,,,,,,,,-8359000.0,,,107523000.0,44915000.0,,,,,,,,17705000.0,,,0.0,86848000.0,104553000.0,0.425,104553000.0,86848000.0,78694000.0,0.26,0.25,0.26,,,,,,,127034000.0,0.73,1.0,138228000.0,0.562,,8154000.0,,,,,,,,,,,11821000.0,-58618000.0,-25702000.0,-30682000.0,0.0,-56213000.0,-66921000.0,56000.0,135393000.0,-438000.0,44915000.0,44915000.0,44915000.0,0.0,0.0,0.183,51025000.0,87203000.0,,0.0,,,,,0.0,,,,,,245751000.0,245751000.0,0.0,,,,,7571000.0,33320000.0,1.0,180059800.0,173938000,180604450.0,1.413,,,33779000.0,,,
50,VRSK,MRQ,2008-12-31,2008-12-31,2008-12-31,2021-08-03,-82434000.0,928877000.0,,168927000.0,759950000.0,,-5.713,-8329000.0,33185000.0,33185000.0,97912000.0,36439000.0,0.335,-1.178,669754000.0,219398000.0,450356000.0,669754000.0,0.0,17416000.0,0.0,,0.0,75549000.0,92965000.0,0.402,92965000.0,75549000.0,66799000.0,0.21,0.2,0.21,-1009823000.0,,-1009823000.0,,,,45531000.0,0.258,1.0,133557000.0,0.577,560085000.0,8750000.0,500462000.0,,0.0,5114000.0,5114000.0,0.0,1189161000.0,504899000.0,684262000.0,,-17839000.0,-17081000.0,-123817000.0,73932000.0,0.0,-40887000.0,-29796000.0,-4386000.0,53860000.0,-1016000.0,36439000.0,36439000.0,36439000.0,0.0,0.0,0.157,57362000.0,76195000.0,83381000.0,0.0,,,,82587000.0,0.0,,,,83941000.0,-243495000.0,231469000.0,231469000.0,0.0,,,,,-4427000.0,39946000.0,1.0,180059800.0,176764950,183445850.0,1.309,368792000.0,125858000.0,30360000.0,0.0,2.086,-335972000.0
51,VRSK,MRQ,2008-09-30,2008-09-30,2008-09-30,2021-08-03,,,,,,,,,,,98307000.0,40840000.0,,,,,,,,,,,0.0,77726000.0,,,,77726000.0,69333000.0,0.22,0.22,0.22,,,,,,,,,1.0,126084000.0,0.562,,8393000.0,,,,,,,,,,,,,,,,,,,,,40840000.0,40840000.0,40840000.0,0.0,0.0,0.182,48360000.0,77724000.0,,0.0,,,,,0.0,,,,,,224391000.0,224391000.0,0.0,,,,,,32265000.0,1.0,,182267667,189667514.0,1.231,,,28493000.0,,,
52,VRSK,MRQ,2007-12-31,2007-12-31,2007-12-31,2021-08-03,-8699000.0,830041000.0,,182583000.0,647458000.0,,-5.991,,24049000.0,24049000.0,,,0.514,-0.717,438330000.0,35171000.0,403159000.0,438330000.0,0.0,,0.0,,0.0,,,,,,,,,,-1203348000.0,,-1203348000.0,,,,,,1.0,,,481051000.0,,407845000.0,,0.0,28350000.0,28350000.0,0.0,862201000.0,355426000.0,506775000.0,,,,,,,,,,,,,,,,,,,,78234000.0,,,,,85436000.0,,,,,86488000.0,-515756000.0,,,,,,,,,,1.0,,200846400,,,348990000.0,82894000.0,,9178000.0,1.738,-172843000.0
0,VRSK,MRT,2021-06-30,2021-06-30,2021-06-30,2021-08-03,-348900000.0,7713600000.0,7576375000.0,918700000.0,6794900000.0,0.381,16.996,-258900000.0,276300000.0,276300000.0,1027800000.0,681600000.0,0.615,1.795,3404100000.0,442000000.0,2962100000.0,3404100000.0,655300000.0,381400000.0,0.0,0.006,1.12,1048600000.0,1430000000.0,0.495,1430000000.0,1048600000.0,911100000.0,4.21,4.16,4.21,2753500000.0,2657325000.0,2753500000.0,31401175512.0,30.0,21.959,879100000.0,5.426,1.0,1861900000.0,0.644,5487900000.0,137500000.0,3859600000.0,3838100000.0,0.0,0.0,0.0,0.0,4943400000.0,1493900000.0,3449500000.0,28320575512.0,-33100000.0,-322600000.0,-283300000.0,-60100000.0,-182100000.0,-550700000.0,-623600000.0,-46100000.0,1138000000.0,3200000.0,684600000.0,684600000.0,684600000.0,0.0,-3000000.0,0.237,818100000.0,1043800000.0,386900000.0,0.266,10.285,41.368,41.501,915000000.0,0.0,174.72,9.801,9.795,467400000.0,4991000000.0,2889700000.0,2889700000.0,0.0,0.09,0.258,0.273,0.363,54700000.0,436700000.0,1.0,162091206.0,162007784,163046538.0,17.837,2225700000.0,39900000.0,226500000.0,445900000.0,13.738,-575200000.0
1,VRSK,MRT,2021-03-31,2021-03-31,2021-03-31,2021-08-03,-366200000.0,7810500000.0,7399950000.0,1041600000.0,6768900000.0,0.381,16.947,-253100000.0,390900000.0,390900000.0,998700000.0,709000000.0,0.642,1.828,3471500000.0,502300000.0,2969200000.0,3471500000.0,723900000.0,364500000.0,0.0,0.006,1.1,1038300000.0,1402800000.0,0.497,1402800000.0,1038300000.0,898100000.0,4.36,4.3,4.36,2756300000.0,2512975000.0,2756300000.0,32069044800.0,31.0,22.861,901200000.0,5.541,1.0,1822300000.0,0.646,5491300000.0,140200000.0,3776900000.0,3779950000.0,0.0,0.0,0.0,0.0,5039000000.0,1622900000.0,3416100000.0,28763644800.0,186500000.0,-300000000.0,-198800000.0,49100000.0,-179000000.0,-389000000.0,-582000000.0,-31000000.0,1154300000.0,3200000.0,709600000.0,709600000.0,709600000.0,0.0,-600000.0,0.252,786200000.0,1036100000.0,380200000.0,0.252,10.436,40.535,40.525,910600000.0,0.0,176.69,10.196,10.187,519500000.0,4884100000.0,2821000000.0,2821000000.0,0.0,0.096,0.282,0.275,0.368,53400000.0,421700000.0,1.0,162791583.0,162641819,164436717.0,17.345,2319200000.0,9000000.0,188500000.0,416100000.0,14.26,-581300000.0
2,VRSK,MRT,2020-12-31,2020-12-31,2020-12-31,2021-08-03,-375700000.0,7561800000.0,7179350000.0,794200000.0,6767600000.0,0.388,16.593,-223700000.0,218800000.0,218800000.0,993900000.0,712700000.0,0.555,1.803,3524200000.0,553000000.0,2971200000.0,3524200000.0,466700000.0,358100000.0,0.0,0.005,1.08,1035700000.0,1393800000.0,0.501,1393800000.0,1035700000.0,897500000.0,4.38,4.31,4.38,2698200000.0,2344025000.0,2698200000.0,36968915959.0,36.0,26.524,844500000.0,5.193,1.0,1790700000.0,0.643,5492900000.0,138200000.0,3943500000.0,3688300000.0,0.0,0.0,0.0,0.0,4863600000.0,1430800000.0,3432800000.0,33752015959.0,33900000.0,-285100000.0,-260800000.0,44100000.0,-175800000.0,-445200000.0,-595800000.0,-94800000.0,1068200000.0,6700000.0,712700000.0,712700000.0,712700000.0,0.0,0.0,0.256,752600000.0,1038100000.0,407300000.0,0.247,12.509,47.358,47.395,899900000.0,0.0,207.59,12.121,12.123,432400000.0,4762200000.0,2784600000.0,2784600000.0,0.0,0.099,0.304,0.281,0.372,47600000.0,413900000.0,1.0,162589797.0,162610586,165320709.0,17.124,2068900000.0,34500000.0,184800000.0,400700000.0,12.723,-636600000.0
3,VRSK,MRT,2020-09-30,2020-09-30,2020-09-30,2021-08-03,-540900000.0,7219600000.0,7052700000.0,799700000.0,6419900000.0,0.39,14.9,-215300000.0,221800000.0,221800000.0,993300000.0,668700000.0,0.562,1.982,3438700000.0,499600000.0,2939100000.0,3438700000.0,531700000.0,350500000.0,0.0,0.006,1.06,989700000.0,1340200000.0,0.488,1340200000.0,989700000.0,853600000.0,4.1,4.03,4.1,2421300000.0,2234675000.0,2421300000.0,33209532797.0,34.0,24.78,780300000.0,4.802,1.0,1754800000.0,0.639,5241200000.0,136100000.0,3772400000.0,3581250000.0,0.0,0.0,0.0,0.0,4798300000.0,1422900000.0,3375400000.0,30091732797.0,-90000000.0,-749600000.0,-324100000.0,478100000.0,-172600000.0,-73200000.0,-1018100000.0,-63800000.0,995600000.0,5700000.0,668700000.0,668700000.0,668700000.0,0.0,0.0,0.243,760800000.0,994000000.0,369300000.0,0.259,12.428,45.0,45.198,844200000.0,0.0,185.31,10.95,10.958,433400000.0,4630400000.0,2748100000.0,2748100000.0,0.0,0.095,0.299,0.276,0.36,45400000.0,429700000.0,1.0,162385909.0,162502191,165731226.0,16.911,1978400000.0,35500000.0,184900000.0,378800000.0,12.175,-623200000.0
4,VRSK,MRT,2020-06-30,2020-06-30,2020-06-30,2021-08-03,-657200000.0,7007900000.0,6820075000.0,878700000.0,6129200000.0,0.396,13.402,-211200000.0,309400000.0,309400000.0,996200000.0,515800000.0,0.59,2.22,3427200000.0,490900000.0,2936300000.0,3427200000.0,617500000.0,338700000.0,0.0,0.006,1.04,784600000.0,1123300000.0,0.416,1123300000.0,784600000.0,652500000.0,3.16,3.11,3.16,2176100000.0,2145275000.0,2176100000.0,30745800692.0,39.0,27.371,790900000.0,4.871,1.0,1701900000.0,0.631,5008400000.0,132100000.0,3627000000.0,3498275000.0,0.0,0.0,0.0,0.0,4831800000.0,1490300000.0,3341500000.0,27616500692.0,156100000.0,-634600000.0,-361600000.0,638800000.0,-169500000.0,54700000.0,-905500000.0,-63800000.0,1002100000.0,4800000.0,515800000.0,515800000.0,515800000.0,0.0,0.0,0.191,913800000.0,788100000.0,322400000.0,0.329,12.691,53.541,53.861,802400000.0,0.0,170.2,10.236,10.243,454500000.0,4488800000.0,2698100000.0,2698100000.0,0.0,0.076,0.24,0.224,0.291,44200000.0,588300000.0,1.0,162259111.0,162371920,165103088.0,16.617,1999500000.0,9100000.0,136700000.0,395600000.0,12.314,-611600000.0
5,VRSK,MRT,2020-03-31,2020-03-31,2020-03-31,2021-08-03,-658700000.0,6928100000.0,6626600000.0,814000000.0,6114100000.0,0.403,12.772,-201400000.0,204400000.0,204400000.0,1003100000.0,487200000.0,0.509,2.33,3333700000.0,482700000.0,2851000000.0,3333700000.0,668400000.0,331100000.0,0.0,0.007,1.02,743400000.0,1074500000.0,0.402,1074500000.0,743400000.0,615000000.0,2.98,2.93,2.98,2080500000.0,2153925000.0,2080500000.0,25944625493.0,35.0,24.146,751500000.0,4.613,1.0,1668800000.0,0.625,5049200000.0,128400000.0,3410300000.0,3429800000.0,0.0,0.0,0.0,0.0,4847600000.0,1597900000.0,3249700000.0,22729525493.0,24900000.0,-634600000.0,-338800000.0,488400000.0,-166500000.0,-38100000.0,-895100000.0,-63800000.0,952900000.0,5200000.0,487200000.0,487200000.0,487200000.0,0.0,0.0,0.182,922100000.0,746700000.0,315600000.0,0.342,10.925,46.653,46.772,757900000.0,0.0,139.38,8.507,8.497,523300000.0,4353400000.0,2671900000.0,2671900000.0,0.0,0.074,0.226,0.217,0.278,53100000.0,604200000.0,1.0,163075947.0,162894306,165724120.0,16.403,1878900000.0,9100000.0,127800000.0,371300000.0,11.534,-783900000.0
6,VRSK,MRT,2019-12-31,2019-12-31,2019-12-31,2021-08-03,-486900000.0,7055200000.0,6479850000.0,744900000.0,6310300000.0,0.402,13.825,-216800000.0,184600000.0,184600000.0,976800000.0,449900000.0,0.499,2.121,3399700000.0,540000000.0,2859700000.0,3399700000.0,440100000.0,323700000.0,0.0,0.007,1.0,695200000.0,1018900000.0,0.391,1018900000.0,695200000.0,568400000.0,2.75,2.7,2.75,2260800000.0,2176425000.0,2260800000.0,27105520562.0,39.0,26.603,739500000.0,4.522,1.0,1630300000.0,0.625,5263200000.0,126800000.0,3515300000.0,3405675000.0,0.0,0.0,0.0,0.0,4794400000.0,1491800000.0,3302600000.0,24472320562.0,45400000.0,-703700000.0,-247600000.0,443400000.0,-163500000.0,10900000.0,-927900000.0,0.0,956300000.0,6100000.0,449900000.0,449900000.0,449900000.0,0.0,0.0,0.173,933400000.0,696900000.0,375000000.0,0.364,10.825,54.395,54.305,766700000.0,0.0,149.34,9.387,9.368,441600000.0,4228400000.0,2607100000.0,2607100000.0,0.0,0.069,0.207,0.204,0.267,42700000.0,603500000.0,1.0,163869831.0,163535438,166560115.0,15.942,1792000000.0,35700000.0,118500000.0,362800000.0,10.958,-746900000.0
7,VRSK,MRT,2019-09-30,2019-09-30,2019-09-30,2021-08-03,-678400000.0,6289100000.0,6191125000.0,831000000.0,5458100000.0,0.411,12.616,-229300000.0,311800000.0,311800000.0,941000000.0,463900000.0,0.854,2.047,2945000000.0,64300000.0,2880700000.0,2945000000.0,460400000.0,314200000.0,0.0,0.005,0.75,702200000.0,1016400000.0,0.399,1016400000.0,702200000.0,575900000.0,2.83,2.79,2.83,2063700000.0,2128875000.0,2063700000.0,28491348487.0,41.0,28.032,724100000.0,4.427,1.0,1603200000.0,0.63,4508200000.0,126300000.0,3440500000.0,3169400000.0,0.0,0.0,0.0,0.0,4225400000.0,973600000.0,3251800000.0,25856848487.0,164200000.0,-199400000.0,-298000000.0,89400000.0,-122700000.0,-356100000.0,-436100000.0,0.0,953400000.0,3000000.0,463900000.0,463900000.0,463900000.0,0.0,0.0,0.182,896800000.0,706400000.0,362800000.0,0.265,12.529,55.738,55.88,808600000.0,0.0,158.14,10.163,10.168,405500000.0,4136600000.0,2544200000.0,2544200000.0,0.0,0.075,0.218,0.222,0.276,44800000.0,576400000.0,1.0,163506061.0,163580563,166779618.0,15.553,1780900000.0,34000000.0,112000000.0,327000000.0,10.887,-142600000.0
8,VRSK,MRT,2019-06-30,2019-06-30,2019-06-30,2021-08-03,-592200000.0,6234000000.0,6081625000.0,710300000.0,5523700000.0,0.409,13.501,-223800000.0,153300000.0,153300000.0,917300000.0,597000000.0,0.771,1.82,2787800000.0,120000000.0,2667800000.0,2787800000.0,559900000.0,307800000.0,0.0,0.003,0.5,857200000.0,1165000000.0,0.468,1165000000.0,857200000.0,729800000.0,3.64,3.58,3.64,2210700000.0,2148250000.0,2210700000.0,26682271392.0,31.0,22.903,742600000.0,4.535,1.0,1572900000.0,0.632,4594600000.0,127400000.0,3353100000.0,2928800000.0,0.0,0.0,0.0,0.0,4023300000.0,920800000.0,3102500000.0,23970471392.0,21300000.0,-155000000.0,-311600000.0,-266200000.0,-81900000.0,-678900000.0,-263500000.0,121400000.0,966400000.0,-2700000.0,597000000.0,597000000.0,597000000.0,0.0,0.0,0.24,724900000.0,848000000.0,236700000.0,0.137,10.843,40.152,40.236,797100000.0,0.0,146.46,9.626,9.631,442600000.0,4145300000.0,2490200000.0,2490200000.0,0.0,0.098,0.278,0.293,0.344,46300000.0,417100000.0,1.0,163665652.0,163743835,166697276.0,15.208,1639400000.0,36500000.0,132800000.0,355200000.0,10.012,-210500000.0
9,VRSK,MRT,2019-03-31,2019-03-31,2019-03-31,2021-08-03,-532300000.0,6341100000.0,6033025000.0,734900000.0,5606200000.0,0.404,13.273,-233000000.0,179500000.0,179500000.0,897000000.0,600100000.0,0.694,1.921,2891300000.0,217500000.0,2673800000.0,2891300000.0,602100000.0,302100000.0,0.0,0.002,0.25,856300000.0,1158400000.0,0.475,1158400000.0,856300000.0,727500000.0,3.65,3.59,3.65,2170500000.0,2113975000.0,2170500000.0,24330567490.0,28.0,21.004,740400000.0,4.528,1.0,1541900000.0,0.632,4680700000.0,128800000.0,3313800000.0,2730575000.0,0.0,0.0,0.0,0.0,4170600000.0,1058400000.0,3112200000.0,21746767490.0,29700000.0,-200500000.0,-396000000.0,-165000000.0,-40900000.0,-622000000.0,-317200000.0,121500000.0,973400000.0,-4500000.0,600100000.0,600100000.0,600100000.0,0.0,0.0,0.246,699900000.0,842000000.0,236300000.0,0.068,10.019,36.239,36.438,797300000.0,0.0,133.0,8.917,8.918,438600000.0,4036000000.0,2438900000.0,2438900000.0,0.0,0.099,0.284,0.314,0.351,38900000.0,397800000.0,1.0,163509530.0,163528343,166544945.0,14.914,1660400000.0,17400000.0,127400000.0,356700000.0,10.154,-323500000.0
10,VRSK,MRT,2018-12-31,2018-12-31,2018-12-31,2021-08-03,-591900000.0,5900300000.0,6009475000.0,644500000.0,5255800000.0,0.399,12.564,-231000000.0,139500000.0,139500000.0,886200000.0,598700000.0,0.487,1.85,2723300000.0,672800000.0,2050500000.0,2723300000.0,383100000.0,296100000.0,0.0,0.0,0.0,849400000.0,1145500000.0,0.478,1145500000.0,849400000.0,719700000.0,3.63,3.56,3.63,2070600000.0,2117425000.0,2070600000.0,20389780175.0,24.0,17.8,703400000.0,4.268,1.0,1508900000.0,0.63,4589300000.0,129700000.0,2570200000.0,2529675000.0,0.0,0.0,0.0,0.0,3829700000.0,1324600000.0,2505100000.0,17950180175.0,-2800000.0,-153100000.0,-351300000.0,-300000000.0,0.0,-669800000.0,-265400000.0,121400000.0,934400000.0,-2000000.0,598700000.0,598700000.0,598700000.0,0.0,0.0,0.25,674800000.0,834100000.0,250900000.0,0.0,8.669,29.982,30.039,555900000.0,0.0,109.04,7.495,7.503,356400000.0,3942600000.0,2395100000.0,2395100000.0,0.0,0.1,0.283,0.336,0.355,38500000.0,378700000.0,1.0,164620141.0,164808110,168297836.0,14.533,1311000000.0,45100000.0,121000000.0,355800000.0,7.955,-680100000.0
11,VRSK,MRT,2018-09-30,2018-09-30,2018-09-30,2021-08-03,-509600000.0,5851100000.0,6039475000.0,593700000.0,5257400000.0,0.389,12.99,-224200000.0,147600000.0,147600000.0,871500000.0,657100000.0,0.487,1.733,2587200000.0,542300000.0,2044900000.0,2587200000.0,433200000.0,284400000.0,0.0,0.0,0.0,848500000.0,1132900000.0,0.482,1132900000.0,848500000.0,719300000.0,3.99,3.9,3.99,2141200000.0,2081125000.0,2141200000.0,22504698946.0,27.0,19.865,688100000.0,4.175,1.0,1480000000.0,0.629,4593400000.0,129200000.0,2478100000.0,2595925000.0,0.0,4000000.0,4000000.0,0.0,3709900000.0,1219200000.0,2490700000.0,19855598946.0,5600000.0,-277900000.0,-198600000.0,-310000000.0,0.0,-520300000.0,-385400000.0,126400000.0,912300000.0,-1000000.0,657100000.0,657100000.0,657100000.0,0.0,0.0,0.279,652100000.0,827900000.0,243700000.0,0.0,9.273,30.217,30.213,518500000.0,0.0,120.55,8.444,8.45,324200000.0,3796400000.0,2351500000.0,2351500000.0,0.0,0.109,0.316,0.327,0.361,37700000.0,367700000.0,1.0,164708411.0,164829250,168200766.0,14.266,1257700000.0,27300000.0,62200000.0,341600000.0,7.63,-625500000.0
12,VRSK,MRT,2018-06-30,2018-06-30,2018-06-30,2021-08-03,-474200000.0,6039600000.0,5983750000.0,625100000.0,5414500000.0,0.385,12.566,-210300000.0,132000000.0,132000000.0,850800000.0,611800000.0,0.426,1.913,2781100000.0,736900000.0,2044200000.0,2781100000.0,513000000.0,272900000.0,0.0,0.0,0.0,834300000.0,1107200000.0,0.481,1107200000.0,834300000.0,707200000.0,3.71,3.63,3.71,2073600000.0,1963975000.0,2073600000.0,20420700073.0,24.0,18.444,637700000.0,3.864,1.0,1451100000.0,0.63,4662200000.0,127100000.0,2560200000.0,2656350000.0,0.0,3800000.0,3800000.0,0.0,3966000000.0,1466300000.0,2499700000.0,17788500073.0,-8700000.0,-860300000.0,-130000000.0,360000000.0,0.0,218200000.0,-1080800000.0,0.0,848000000.0,5900000.0,611800000.0,611800000.0,611800000.0,0.0,0.0,0.266,625900000.0,825200000.0,216400000.0,0.0,8.579,29.076,29.013,501900000.0,0.0,107.64,7.728,7.716,347800000.0,3630400000.0,2301900000.0,2301900000.0,0.0,0.102,0.312,0.314,0.362,36200000.0,352900000.0,1.0,165259198.0,165015642,168651202.0,13.95,1377400000.0,38100000.0,95400000.0,349600000.0,8.347,-841200000.0
13,VRSK,MRT,2018-03-31,2018-03-31,2018-03-31,2021-08-03,-309300000.0,6246900000.0,5698525000.0,708600000.0,5538300000.0,0.39,13.235,-195600000.0,149800000.0,149800000.0,822100000.0,579300000.0,0.455,1.86,2782000000.0,740900000.0,2041100000.0,2782000000.0,586600000.0,255000000.0,0.0,0.0,0.0,815800000.0,1070800000.0,0.482,1070800000.0,815800000.0,692100000.0,3.51,3.44,3.51,2184300000.0,1812050000.0,2184300000.0,20028639488.0,25.0,18.704,557000000.0,3.375,1.0,1401700000.0,0.63,4810800000.0,123700000.0,2510200000.0,2675900000.0,0.0,3800000.0,3800000.0,0.0,4062600000.0,1558100000.0,2504500000.0,17162139488.0,-5200000.0,-860800000.0,-168200000.0,479500000.0,0.0,300600000.0,-1066600000.0,0.0,752600000.0,8200000.0,579300000.0,579300000.0,579300000.0,0.0,0.0,0.261,593800000.0,807900000.0,223800000.0,0.0,7.857,29.626,29.63,489000000.0,0.0,104.0,7.717,7.719,424100000.0,3476900000.0,2223800000.0,2223800000.0,0.0,0.102,0.32,0.305,0.367,34100000.0,338700000.0,1.0,165020572.0,165043047,168992535.0,13.474,1436100000.0,24700000.0,112800000.0,363300000.0,8.701,-849500000.0
14,VRSK,MRT,2017-12-31,2017-12-31,2017-12-31,2021-08-03,-412300000.0,6020300000.0,5323975000.0,597600000.0,5422700000.0,0.403,11.657,-183500000.0,142300000.0,142300000.0,783800000.0,555100000.0,0.447,2.127,3008800000.0,724400000.0,2284400000.0,3008800000.0,384700000.0,237400000.0,0.0,0.0,0.0,810400000.0,1047800000.0,0.488,1047800000.0,810400000.0,691000000.0,3.36,3.29,3.36,1925400000.0,1612375000.0,1925400000.0,18550123552.0,23.0,17.704,560000000.0,3.39,1.0,1361400000.0,0.635,4714000000.0,119400000.0,2835200000.0,2680450000.0,0.0,0.0,0.0,0.0,4094900000.0,1337600000.0,2757300000.0,15810423552.0,7200000.0,-914900000.0,-241300000.0,614500000.0,0.0,362500000.0,-1105500000.0,0.0,743500000.0,6700000.0,555100000.0,555100000.0,555100000.0,0.0,0.0,0.259,560200000.0,801200000.0,225400000.0,0.0,8.212,28.482,28.571,478300000.0,0.0,96.0,7.37,7.391,345500000.0,3308000000.0,2145200000.0,2145200000.0,0.0,0.104,0.344,0.302,0.378,31800000.0,322800000.0,1.0,164691912.0,165168224,168688868.0,12.988,1306300000.0,44700000.0,135900000.0,340900000.0,7.909,-740000000.0
15,VRSK,MRT,2017-09-30,2017-09-30,2017-09-30,2021-08-03,-443300000.0,5628200000.0,4976700000.0,544700000.0,5083500000.0,0.418,10.163,-171700000.0,142000000.0,142000000.0,768100000.0,459800000.0,0.453,2.365,2881700000.0,602900000.0,2278800000.0,2881700000.0,390000000.0,223600000.0,0.0,0.0,0.0,789300000.0,1012900000.0,0.487,1012900000.0,789300000.0,673800000.0,2.76,2.72,2.76,1672600000.0,1464125000.0,1672600000.0,15952098499.0,20.0,15.749,513500000.0,3.12,1.0,1312900000.0,0.631,4445000000.0,115500000.0,2719800000.0,2639800000.0,0.0,3700000.0,3700000.0,0.0,3955600000.0,1203100000.0,2752500000.0,13689398499.0,-22700000.0,-734500000.0,-386000000.0,594500000.0,0.0,198000000.0,-910000000.0,-13400000.0,685200000.0,4100000.0,459800000.0,459800000.0,459800000.0,97500000.0,0.0,0.221,536400000.0,776500000.0,210200000.0,0.0,8.185,29.773,30.141,437800000.0,0.0,83.19,6.578,6.579,285800000.0,3103400000.0,2081000000.0,2081000000.0,0.0,0.092,0.314,0.299,0.379,33500000.0,312800000.0,1.0,164555818.0,164577575,167957058.0,12.644,1183200000.0,51200000.0,214000000.0,384100000.0,7.189,-658400000.0
16,VRSK,MRT,2017-06-30,2017-06-30,2017-06-30,2021-08-03,-526400000.0,4898700000.0,4740912750.0,522800000.0,4375900000.0,0.428,8.888,-166800000.0,140700000.0,140700000.0,739300000.0,466700000.0,0.709,2.342,2403400000.0,126800000.0,2276600000.0,2403400000.0,449000000.0,214500000.0,0.0,0.0,0.0,778800000.0,993300000.0,0.489,993300000.0,778800000.0,665500000.0,2.79,2.74,2.79,1465900000.0,1414832500.0,1465900000.0,16082331750.0,21.0,16.191,455400000.0,2.761,1.0,1290700000.0,0.636,3785800000.0,113300000.0,2638400000.0,2597062250.0,0.0,3600000.0,3600000.0,0.0,3432800000.0,737200000.0,2695600000.0,13949731750.0,-55700000.0,-195000000.0,-429300000.0,119000000.0,0.0,-320500000.0,-352100000.0,100000.0,622200000.0,-5300000.0,466700000.0,466700000.0,466700000.0,97500000.0,0.0,0.23,524200000.0,766500000.0,161400000.0,0.0,9.516,29.89,30.24,403500000.0,0.0,84.37,6.872,6.854,266400000.0,2982700000.0,2030000000.0,2030000000.0,0.0,0.098,0.33,0.3,0.384,35200000.0,309700000.0,1.0,165339952.0,164922237,168314296.0,12.309,1112900000.0,68500000.0,198800000.0,337500000.0,6.748,-214400000.0
17,VRSK,MRT,2017-03-31,2017-03-31,2017-03-31,2021-08-03,-616900000.0,4748700000.0,4697503500.0,513800000.0,4234900000.0,0.427,8.325,-156800000.0,155000000.0,155000000.0,724000000.0,607500000.0,0.764,2.427,2287600000.0,6600000.0,2281000000.0,2287600000.0,501600000.0,212000000.0,0.0,0.0,0.0,927500000.0,1139500000.0,0.568,1139500000.0,927500000.0,811200000.0,3.62,3.55,3.62,1385600000.0,1410823500.0,1385600000.0,15748834380.0,17.0,13.821,434700000.0,2.612,1.0,1281100000.0,0.639,3680500000.0,116300000.0,2528400000.0,2551107250.0,0.0,3600000.0,3600000.0,0.0,3363100000.0,672400000.0,2690700000.0,13496934380.0,23200000.0,564200000.0,-265800000.0,-705500000.0,0.0,-978700000.0,417100000.0,100000.0,591500000.0,-6700000.0,607500000.0,607500000.0,607500000.0,-57500000.0,0.0,0.303,518400000.0,762700000.0,162100000.0,0.0,9.741,22.217,22.414,377800000.0,0.0,81.14,6.731,6.735,298700000.0,2861700000.0,2005100000.0,2005100000.0,0.0,0.129,0.431,0.364,0.463,41200000.0,306500000.0,1.0,166341316.0,166442991,170150862.0,12.047,1068200000.0,19100000.0,203700000.0,331500000.0,6.418,-158600000.0
18,VRSK,MRT,2016-12-31,2016-12-31,2016-12-31,2021-08-03,-650800000.0,4631200000.0,4875115250.0,500900000.0,4130300000.0,0.409,7.919,-156500000.0,135100000.0,135100000.0,714400000.0,591200000.0,0.806,2.476,2387000000.0,106800000.0,2280200000.0,2387000000.0,330800000.0,224600000.0,0.0,0.0,0.0,913400000.0,1138000000.0,0.57,1138000000.0,913400000.0,793400000.0,3.51,3.45,3.51,1332400000.0,1387039750.0,1332400000.0,15713549829.0,17.0,13.808,421000000.0,2.502,1.0,1280800000.0,0.642,3588900000.0,120000000.0,2672600000.0,2668029250.0,0.0,3400000.0,3400000.0,0.0,3298800000.0,621600000.0,2677200000.0,13591994829.0,-3200000.0,640500000.0,-285700000.0,-770500000.0,0.0,-1064200000.0,493200000.0,200000.0,577500000.0,-9700000.0,591200000.0,591200000.0,591200000.0,-139700000.0,0.0,0.296,513200000.0,767600000.0,184000000.0,0.0,10.201,22.991,23.125,380300000.0,0.0,81.17,6.812,6.845,263900000.0,2752900000.0,1995200000.0,1995200000.0,0.0,0.121,0.426,0.342,0.458,44500000.0,301600000.0,1.0,167450965.0,168248304,171171572.0,11.859,1042300000.0,64900000.0,202200000.0,322200000.0,6.195,-120700000.0
19,VRSK,MRT,2016-09-30,2016-09-30,2016-09-30,2021-08-03,-518934000.0,4685051000.0,5115740250.0,464301000.0,4220750000.0,0.384,8.737,-158935000.0,164787000.0,164787000.0,682102000.0,595780000.0,0.834,2.175,2286342000.0,6899000.0,2279443000.0,2286342000.0,355459000.0,241333000.0,0.0,0.0,0.0,914887000.0,1156220000.0,0.588,1156220000.0,914887000.0,790814000.0,3.53,3.46,3.53,1475430000.0,1396939750.0,1475430000.0,15812785400.0,17.0,13.676,469221000.0,2.779,1.0,1284398000.0,0.653,3701267000.0,124073000.0,2548849000.0,2780804250.0,0.0,3457000.0,3457000.0,0.0,3209621000.0,556490000.0,2653131000.0,13733899400.0,-4066000.0,618754000.0,-162831000.0,-900424000.0,0.0,-1090235000.0,468202000.0,8970000.0,628156000.0,-10189000.0,595780000.0,595780000.0,595780000.0,-143651000.0,0.0,0.303,515941000.0,768457000.0,192301000.0,0.0,9.308,23.052,23.025,355867000.0,0.0,81.28,6.984,6.98,229939000.0,2643678000.0,1966500000.0,1966500000.0,0.0,0.116,0.426,0.329,0.465,61968000.0,300008000.0,1.0,168970219.0,168874129,171785900.0,11.645,983784000.0,11236000.0,195034000.0,305694000.0,5.826,-92189000.0
20,VRSK,MRT,2016-06-30,2016-06-30,2016-06-30,2021-08-03,-457143000.0,4725063000.0,5349251750.0,496917000.0,4228146000.0,0.362,8.615,-168208000.0,196402000.0,196402000.0,675276000.0,599994000.0,0.808,2.259,2275288000.0,2256000.0,2273032000.0,2275288000.0,431171000.0,241277000.0,0.0,0.0,0.0,937062000.0,1178339000.0,0.608,1178339000.0,937062000.0,808086000.0,3.55,3.49,3.55,1449864000.0,1356491250.0,1449864000.0,16484133361.0,18.0,13.989,525191000.0,3.121,1.0,1263532000.0,0.652,3734203000.0,128976000.0,2454580000.0,2786799000.0,0.0,3372000.0,3372000.0,0.0,3275199000.0,615166000.0,2660033000.0,13634929361.0,50968000.0,662154000.0,-99851000.0,-1020813000.0,0.0,-1138964000.0,509558000.0,16199000.0,693399000.0,-13025000.0,599994000.0,599994000.0,599994000.0,-151284000.0,0.0,0.309,496327000.0,767205000.0,163413000.0,0.0,9.404,22.725,22.839,334631000.0,0.0,81.08,7.033,7.038,241326000.0,2516101000.0,1938808000.0,1938808000.0,0.0,0.112,0.442,0.336,0.483,50703000.0,292850000.0,1.0,168166371.0,168296318,171218782.0,11.52,990860000.0,5748000.0,208092000.0,331200000.0,5.888,-118249000.0
21,VRSK,MRT,2016-03-31,2016-03-31,2016-03-31,2021-08-03,-316777000.0,5459147000.0,5611901750.0,586783000.0,4872364000.0,0.333,7.661,-172140000.0,131818000.0,131818000.0,651515000.0,501514000.0,0.414,3.23,2981022000.0,709143000.0,2271879000.0,2981022000.0,486551000.0,245517000.0,0.0,0.0,0.0,825336000.0,1070853000.0,0.573,1070853000.0,825336000.0,690198000.0,2.98,2.93,2.98,1290465000.0,1305105750.0,1290465000.0,16458956283.0,20.0,15.37,524570000.0,3.114,1.0,1217592000.0,0.651,3895384000.0,135138000.0,2996088000.0,2804797250.0,0.0,3472000.0,3472000.0,0.0,4168682000.0,1416879000.0,2751803000.0,13429314283.0,-20988000.0,-2941094000.0,619164000.0,1684200000.0,0.0,2295157000.0,-3012375000.0,16259000.0,696710000.0,-480000.0,501514000.0,501514000.0,501514000.0,-687000.0,0.0,0.268,495544000.0,722048000.0,179671000.0,0.0,10.407,26.778,26.819,341989000.0,0.0,79.92,7.185,7.203,297312000.0,2254365000.0,1869107000.0,1869107000.0,0.0,0.089,0.384,0.294,0.442,46355000.0,299586000.0,1.0,168034463.0,168453750,171480884.0,11.096,1563763000.0,8561000.0,188684000.0,350084000.0,9.283,-830096000.0
22,VRSK,MRT,2015-12-31,2015-12-31,2015-12-31,2021-08-03,-242000000.0,5593700000.0,4848239750.0,604600000.0,4989100000.0,0.363,8.311,-166100000.0,138300000.0,138300000.0,612000000.0,507600000.0,0.409,3.077,3145700000.0,874800000.0,2270900000.0,3145700000.0,340900000.0,215400000.0,0.0,0.0,0.0,825600000.0,1041000000.0,0.591,1041000000.0,825600000.0,704200000.0,3.07,3.01,3.07,1372000000.0,1065420000.0,1372000000.0,16055191702.0,19.0,15.423,497700000.0,3.015,1.0,1148700000.0,0.652,3998100000.0,121400000.0,3123700000.0,2367935000.0,0.0,3600000.0,3600000.0,0.0,4221700000.0,1479300000.0,2742400000.0,13025651702.0,99000000.0,-2941600000.0,739200000.0,1710100000.0,0.0,2440900000.0,-3006300000.0,16200000.0,663800000.0,600000.0,507600000.0,507600000.0,507600000.0,-20100000.0,0.0,0.288,445300000.0,703400000.0,222100000.0,0.0,9.494,25.661,25.042,350300000.0,0.0,76.88,7.398,7.209,251000000.0,2161700000.0,1760700000.0,1760700000.0,0.0,0.105,0.476,0.349,0.469,44600000.0,278300000.0,1.0,169428352.0,165090380,168451343.0,10.665,1595600000.0,48600000.0,196600000.0,329200000.0,9.665,-874700000.0
23,VRSK,MRT,2015-09-30,2015-09-30,2015-09-30,2021-08-03,-179417000.0,5619097000.0,4036147250.0,617762000.0,5001335000.0,0.355,7.785,-149573000.0,168825000.0,168825000.0,444281000.0,491148000.0,0.401,3.278,3198365000.0,905473000.0,2292892000.0,3198365000.0,0.0,185386000.0,0.0,0.0,0.0,797872000.0,983258000.0,0.686,983258000.0,797872000.0,691341000.0,2.98,2.94,2.98,1313636000.0,775180750.0,1313636000.0,15627024953.0,20.0,15.893,481236000.0,2.852,1.0,988257000.0,0.69,4535051000.0,106531000.0,2572828000.0,1926512750.0,0.0,3630000.0,3630000.0,0.0,4305461000.0,1540758000.0,2764703000.0,12452854953.0,-263723000.0,-2921723000.0,160469000.0,1899524000.0,0.0,2075769000.0,-2970177000.0,15932000.0,630809000.0,-124000.0,491148000.0,491148000.0,491148000.0,-29232000.0,0.0,0.343,322213000.0,666044000.0,266467000.0,0.0,9.48,25.355,24.802,391625000.0,0.0,73.91,8.693,8.706,266000000.0,2047969000.0,1432538000.0,1432538000.0,0.0,0.122,0.634,0.414,0.557,19561000.0,219620000.0,1.0,168486740.0,168739437,172171337.0,8.49,1084046000.0,49978000.0,200193000.0,401422000.0,6.424,-922996000.0
24,VRSK,MRT,2015-06-30,2015-06-30,2015-06-30,2021-08-03,-83873000.0,5775663000.0,3300798000.0,609987000.0,5165676000.0,0.427,7.581,-131128000.0,145491000.0,145491000.0,462280000.0,458349000.0,0.357,3.642,3319661000.0,1025797000.0,2293864000.0,3319661000.0,0.0,169480000.0,0.0,0.0,0.0,750402000.0,919882000.0,0.652,919882000.0,750402000.0,659376000.0,2.8,2.75,2.8,1244322000.0,628267750.0,1244322000.0,12683367520.0,17.0,13.788,426938000.0,2.601,1.0,948515000.0,0.672,4713207000.0,91026000.0,2526573000.0,1625704750.0,0.0,3725000.0,3725000.0,0.0,4531341000.0,1710053000.0,2821288000.0,11529978520.0,-274015000.0,-2925553000.0,92248000.0,2020413000.0,0.0,2128696000.0,-2971242000.0,252000.0,558066000.0,10465000.0,458349000.0,458349000.0,458349000.0,-21599000.0,0.0,0.325,304129000.0,644386000.0,246361000.0,0.0,9.266,25.155,25.986,386093000.0,0.0,72.76,8.173,8.465,267379000.0,1916155000.0,1410795000.0,1410795000.0,0.0,0.139,0.73,0.462,0.532,18931000.0,205142000.0,1.0,158465895.0,164141804,167586100.0,8.595,1062456000.0,69952000.0,201027000.0,463561000.0,6.473,-1100066000.0
25,VRSK,MRT,2015-03-31,2015-03-31,2015-03-31,2021-08-03,-80058000.0,2404499000.0,2525701500.0,453993000.0,1950506000.0,0.557,2.098,-135416000.0,152847000.0,152847000.0,480111000.0,383128000.0,0.64,6.249,1306236000.0,205878000.0,1100358000.0,1306236000.0,0.0,146984000.0,0.0,0.0,0.0,674294000.0,821278000.0,0.584,821278000.0,674294000.0,603471000.0,2.34,2.3,2.34,331722000.0,486258500.0,331722000.0,12686516687.0,19.0,15.447,392146000.0,2.481,1.0,925639000.0,0.658,1599479000.0,70823000.0,1248639000.0,1323409250.0,0.0,3855000.0,3855000.0,0.0,2072777000.0,709770000.0,1363007000.0,11288943687.0,-274587000.0,-35505000.0,-665207000.0,20400000.0,0.0,-629532000.0,-170590000.0,331000.0,527562000.0,-2027000.0,383128000.0,383128000.0,383128000.0,-17196000.0,0.0,0.273,268230000.0,657409000.0,142471000.0,0.0,34.031,29.465,30.513,303829000.0,0.0,71.4,8.031,8.03,226637000.0,1752835000.0,1405750000.0,1405750000.0,0.0,0.152,0.788,0.51,0.48,12161000.0,179880000.0,1.0,158108455.0,158087919,161481213.0,8.892,805020000.0,17563000.0,220343000.0,203383000.0,5.092,-255777000.0
26,VRSK,MRT,2014-12-31,2014-12-31,2014-12-31,2021-08-03,-80514000.0,2345330000.0,2584577750.0,384483000.0,1960847000.0,0.554,1.273,-146800000.0,39359000.0,39359000.0,516000000.0,400000000.0,0.499,10.113,1436932000.0,336058000.0,1100874000.0,1436932000.0,252592000.0,143500000.0,0.0,0.0,0.0,678500000.0,822000000.0,0.574,822000000.0,678500000.0,608500000.0,2.41,2.37,2.41,211043000.0,553209500.0,211043000.0,11407312717.0,17.0,13.878,342600000.0,2.066,1.0,915100000.0,0.639,1613622000.0,70000000.0,1358011000.0,1349488250.0,0.0,3801000.0,3801000.0,0.0,2134287000.0,771270000.0,1363017000.0,10563142717.0,-126500000.0,111000000.0,-753900000.0,159500000.0,0.0,-579100000.0,-35500000.0,300000.0,489400000.0,-1300000.0,400000000.0,400000000.0,400000000.0,-46000000.0,0.0,0.28,282800000.0,632300000.0,180726000.0,0.0,50.052,26.408,26.577,302273000.0,0.0,64.05,7.381,7.422,220668000.0,1654149000.0,1431100000.0,1431100000.0,0.0,0.155,0.723,0.503,0.474,13000000.0,187300000.0,1.0,164920261.0,165823803,169132423.0,8.63,731708000.0,70284000.0,208500000.0,202540000.0,4.413,-386787000.0
27,VRSK,MRT,2014-09-30,2014-09-30,2014-09-30,2021-08-03,-42861000.0,2677700000.0,2624358000.0,705652000.0,1972048000.0,0.647,4.368,-141053000.0,432490000.0,432490000.0,693172000.0,389895000.0,1.257,2.688,1276660000.0,140455000.0,1136205000.0,1276660000.0,0.0,141234000.0,0.0,0.0,0.0,670741000.0,811975000.0,0.478,811975000.0,670741000.0,600695000.0,2.34,2.29,2.34,725984000.0,637346000.0,725984000.0,10992648909.0,16.0,13.538,358050000.0,2.154,1.0,1005413000.0,0.592,1590934000.0,70046000.0,1369596000.0,1398500250.0,0.0,3730000.0,3730000.0,0.0,1951716000.0,561340000.0,1390376000.0,10136670909.0,252287000.0,142169000.0,-249637000.0,-35605000.0,0.0,-247801000.0,1206000.0,1090000.0,499103000.0,-221000.0,389895000.0,389895000.0,389895000.0,-31965000.0,0.0,0.23,366967000.0,638446000.0,164288000.0,0.0,13.963,25.998,26.021,281347000.0,0.0,60.89,5.968,5.957,188711000.0,1556779000.0,1698585000.0,1698585000.0,0.0,0.149,0.612,0.48,0.395,-8888000.0,228051000.0,1.0,166475134.0,166187540,169522448.0,10.221,1086766000.0,35188000.0,210800000.0,194871000.0,6.539,144312000.0
28,VRSK,MRT,2014-06-30,2014-06-30,2014-06-30,2021-08-03,-42377000.0,2675277000.0,2562401000.0,704563000.0,1970714000.0,0.649,4.066,-158235000.0,419448000.0,419448000.0,668605000.0,387321000.0,1.157,2.956,1275426000.0,139781000.0,1135645000.0,1275426000.0,0.0,138193000.0,0.0,0.0,0.0,664143000.0,802336000.0,0.483,802336000.0,664143000.0,592903000.0,2.31,2.27,2.31,676285000.0,576600500.0,676285000.0,10834787442.0,16.0,13.504,388829000.0,2.338,1.0,993242000.0,0.598,1605121000.0,71240000.0,1317391000.0,1401509500.0,0.0,3837000.0,3837000.0,0.0,1998992000.0,608743000.0,1390249000.0,9986854442.0,246861000.0,146087000.0,-199173000.0,-135605000.0,0.0,-288660000.0,-12144000.0,1004000.0,547064000.0,601000.0,387321000.0,387321000.0,387321000.0,-33512000.0,0.0,0.233,363451000.0,629791000.0,157350000.0,0.0,14.767,25.784,25.983,272875000.0,0.0,60.02,6.009,6.008,177973000.0,1457764000.0,1661847000.0,1661847000.0,0.0,0.151,0.672,0.474,0.4,-15641000.0,228670000.0,1.0,166392110.0,166343630,169503664.0,9.99,1070156000.0,33576000.0,205582000.0,194523000.0,6.433,95820000.0
29,VRSK,MRT,2014-03-31,2014-03-31,2014-03-31,2021-08-03,-42822000.0,2640004000.0,2503419500.0,679204000.0,1960800000.0,0.651,3.59,-154055000.0,427376000.0,427376000.0,648564000.0,383427000.0,1.317,3.403,1275309000.0,4317000.0,1270992000.0,1275309000.0,0.0,137256000.0,0.0,0.0,0.0,654466000.0,791722000.0,0.486,791722000.0,654466000.0,580981000.0,2.28,2.24,2.28,599526000.0,498905500.0,599526000.0,11113547017.0,17.0,14.037,394436000.0,2.362,1.0,980085000.0,0.602,1619342000.0,73485000.0,1352955000.0,1409813000.0,0.0,3918000.0,3918000.0,0.0,2040478000.0,515640000.0,1524838000.0,10003461017.0,160018000.0,145296000.0,-267725000.0,-180605000.0,0.0,-380393000.0,-8153000.0,1606000.0,548491000.0,73000.0,383427000.0,383427000.0,383427000.0,-36117000.0,0.0,0.235,362503000.0,617582000.0,156893000.0,0.0,16.686,26.09,26.298,251731000.0,0.0,59.96,6.142,6.148,173451000.0,1369665000.0,1628649000.0,1628649000.0,0.0,0.153,0.769,0.464,0.402,-37058000.0,229794000.0,1.0,166835574.0,166981982,170421489.0,9.753,1020662000.0,12574000.0,197554000.0,202471000.0,6.112,163564000.0
30,VRSK,MRT,2013-12-31,2013-12-31,2013-12-31,2021-08-03,-43488000.0,2504451000.0,2472505250.0,474845000.0,2029606000.0,0.645,3.259,-145976000.0,165801000.0,165801000.0,622523000.0,348380000.0,1.101,3.574,1275887000.0,4448000.0,1271439000.0,1275887000.0,0.0,134578000.0,0.0,0.0,0.0,620942000.0,755520000.0,0.473,755520000.0,620942000.0,544806000.0,2.07,2.02,2.07,547589000.0,437155000.0,547589000.0,12186627585.0,20.0,16.13,360944000.0,2.148,1.0,973180000.0,0.61,1629299000.0,76136000.0,1554059000.0,1395830250.0,0.0,3911000.0,3911000.0,0.0,1956862000.0,431179000.0,1525683000.0,11056201585.0,75982000.0,-703000.0,-197043000.0,-190605000.0,0.0,-284472000.0,-145626000.0,1614000.0,506920000.0,-840000.0,348380000.0,348380000.0,348380000.0,-6066000.0,0.0,0.218,358913000.0,614267000.0,188264000.0,0.0,20.191,31.736,31.749,233373000.0,0.0,65.72,6.929,6.92,158547000.0,1254107000.0,1595703000.0,1595703000.0,0.0,0.141,0.797,0.445,0.389,-73929000.0,228982000.0,1.0,168231917.0,168031412,172276360.0,9.496,875152000.0,72423000.0,196426000.0,198604000.0,5.208,43666000.0
31,VRSK,MRT,2013-09-30,2013-09-30,2013-09-30,2021-08-03,-86592000.0,2429872000.0,2436476500.0,461330000.0,1968542000.0,0.603,2.874,-126564000.0,180203000.0,180203000.0,531922000.0,359456000.0,1.01,4.031,1310629000.0,39459000.0,1271170000.0,1310629000.0,0.0,130060000.0,0.0,0.0,0.0,615981000.0,746041000.0,0.508,746041000.0,615981000.0,536882000.0,2.14,2.1,2.14,483002000.0,364155500.0,483002000.0,12139980307.0,20.0,16.273,407120000.0,2.423,1.0,936316000.0,0.638,1722027000.0,79099000.0,1381633000.0,1351865000.0,0.0,4514000.0,4514000.0,0.0,1946870000.0,456638000.0,1490232000.0,10907787307.0,82433000.0,-26920000.0,-119029000.0,-260282000.0,0.0,-298754000.0,-152236000.0,809000.0,533684000.0,-261000.0,359456000.0,359456000.0,359456000.0,-16897000.0,0.0,0.245,337482000.0,598834000.0,171285000.0,0.0,22.583,30.345,30.355,219116000.0,0.0,64.96,7.429,7.435,167767000.0,1166884000.0,1468238000.0,1468238000.0,0.0,0.148,0.987,0.456,0.42,-50363000.0,216212000.0,1.0,167915445.0,168044100,172154553.0,8.737,707845000.0,54151000.0,177426000.0,143432000.0,4.212,4692000.0
32,VRSK,MRT,2013-06-30,2013-06-30,2013-06-30,2021-08-03,-88338000.0,2439351000.0,2404866750.0,493609000.0,1945742000.0,0.605,2.174,-101346000.0,172587000.0,172587000.0,532365000.0,345926000.0,0.844,5.674,1404780000.0,137870000.0,1266910000.0,1404780000.0,0.0,125119000.0,0.0,0.0,0.0,602123000.0,727242000.0,0.5,727242000.0,602123000.0,523583000.0,2.07,2.02,2.07,365505000.0,278917000.0,365505000.0,11236287529.0,19.0,15.451,426139000.0,2.534,1.0,922809000.0,0.634,1735803000.0,78540000.0,1350605000.0,1345075750.0,0.0,4254000.0,4254000.0,0.0,2073846000.0,585136000.0,1488710000.0,10053199529.0,75389000.0,-459569000.0,-126102000.0,148319000.0,0.0,107980000.0,-559544000.0,932000.0,527485000.0,-532000.0,345926000.0,345926000.0,345926000.0,-15350000.0,0.0,0.238,335559000.0,587250000.0,157961000.0,0.0,27.505,29.062,28.841,185928000.0,0.0,59.7,6.909,6.898,186549000.0,1070443000.0,1455174000.0,1455174000.0,0.0,0.144,1.24,0.448,0.414,-56702000.0,218136000.0,1.0,168395302.0,168147069,172467688.0,8.654,703548000.0,64476000.0,177657000.0,135257000.0,4.184,-91527000.0
33,VRSK,MRT,2013-03-31,2013-03-31,2013-03-31,2021-08-03,-88927000.0,2516347000.0,2258364750.0,552543000.0,1963804000.0,0.637,2.097,-84996000.0,267358000.0,267358000.0,527010000.0,335052000.0,0.85,6.138,1450446000.0,183979000.0,1266467000.0,1450446000.0,0.0,116389000.0,0.0,0.0,0.0,591062000.0,707451000.0,0.492,707451000.0,591062000.0,514849000.0,2.01,1.96,2.01,352524000.0,199211250.0,352524000.0,11732494473.0,20.0,16.584,384877000.0,2.29,1.0,911034000.0,0.634,1751989000.0,76213000.0,1297024000.0,1282861250.0,0.0,5141000.0,5141000.0,0.0,2163823000.0,650422000.0,1513401000.0,10360888473.0,152428000.0,-459581000.0,-81359000.0,218319000.0,0.0,227178000.0,-544079000.0,59000.0,469873000.0,-544000.0,335052000.0,335052000.0,335052000.0,-12745000.0,0.0,0.233,332239000.0,578795000.0,150261000.0,0.0,29.391,30.923,30.657,167129000.0,0.0,61.62,7.205,7.202,190917000.0,986238000.0,1438044000.0,1438044000.0,0.0,0.148,1.682,0.461,0.411,-58229000.0,222411000.0,1.0,168141650.0,168078589,172760641.0,8.556,764358000.0,25543000.0,179797000.0,134499000.0,4.548,-97879000.0
34,VRSK,MRT,2012-12-31,2012-12-31,2012-12-31,2021-08-03,-89160000.0,2360336000.0,2102288750.0,390559000.0,1969777000.0,0.67,1.541,-74373000.0,89819000.0,89819000.0,516708000.0,329142000.0,0.667,8.235,1461425000.0,195263000.0,1266162000.0,1461425000.0,0.0,104199000.0,0.0,0.0,0.0,584013000.0,688212000.0,0.489,688212000.0,584013000.0,511505000.0,1.98,1.92,1.98,255591000.0,108515750.0,255591000.0,9971427768.0,17.0,14.489,393856000.0,2.374,1.0,891140000.0,0.633,1768394000.0,72508000.0,1378198000.0,1241175250.0,0.0,4883000.0,4883000.0,0.0,2104745000.0,585350000.0,1519395000.0,8501720768.0,-101784000.0,-809358000.0,-93887000.0,353319000.0,0.0,313555000.0,-883583000.0,148000.0,468229000.0,15000.0,329142000.0,329142000.0,329142000.0,-11679000.0,0.0,0.234,318912000.0,572228000.0,187648000.0,0.0,33.263,25.83,25.742,154084000.0,0.0,50.97,6.039,6.006,178430000.0,905727000.0,1407848000.0,1407848000.0,0.0,0.157,3.033,0.471,0.415,-22865000.0,220068000.0,1.0,166798524.0,165890258,171709518.0,8.487,591942000.0,56372000.0,182363000.0,133761000.0,3.568,-194791000.0
35,VRSK,MRT,2012-09-30,2012-09-30,2012-09-30,2021-08-03,-76853000.0,2303433000.0,1897481250.0,361337000.0,1942096000.0,0.701,0.856,-73628000.0,97770000.0,97770000.0,484772000.0,311161000.0,0.541,15.216,1567477000.0,265794000.0,1301683000.0,1567477000.0,0.0,93196000.0,0.0,0.0,0.0,559993000.0,653189000.0,0.491,653189000.0,559993000.0,493344000.0,1.88,1.82,1.88,142048000.0,19995500.0,142048000.0,9054315649.0,16.0,13.862,299336000.0,1.803,1.0,844964000.0,0.635,1750407000.0,66649000.0,1354476000.0,1188968500.0,0.0,4895000.0,4895000.0,0.0,2161385000.0,668257000.0,1493128000.0,7895335649.0,44924000.0,-783141000.0,-111244000.0,545600000.0,0.0,528718000.0,-856427000.0,42000.0,372964000.0,-331000.0,311161000.0,311161000.0,311161000.0,-20302000.0,0.0,0.234,305711000.0,539253000.0,176464000.0,0.0,55.582,25.374,25.324,144799000.0,0.0,47.61,5.938,5.943,175520000.0,807428000.0,1329736000.0,1329736000.0,0.0,0.164,15.562,0.471,0.421,-65686000.0,218014000.0,1.0,165833557.0,165978080,171660543.0,8.012,553026000.0,24152000.0,182183000.0,84042000.0,3.332,-306920000.0
36,VRSK,MRT,2012-06-30,2012-06-30,2012-06-30,2021-08-03,-77354000.0,1853343000.0,1666606250.0,397495000.0,1455848000.0,0.763,0.281,-68190000.0,97198000.0,97198000.0,465642000.0,299237000.0,0.649,38.701,1256178000.0,201783000.0,1054395000.0,1256178000.0,0.0,84635000.0,0.0,0.0,0.0,536666000.0,621301000.0,0.489,621301000.0,536666000.0,473557000.0,1.81,1.75,1.81,46682000.0,-55234750.0,46682000.0,9295244653.0,17.0,14.961,307879000.0,1.855,1.0,805329000.0,0.634,1298317000.0,63109000.0,1101747000.0,1074160000.0,0.0,4782000.0,4782000.0,0.0,1806661000.0,612259000.0,1194402000.0,8180411653.0,45228000.0,-350580000.0,-215294000.0,231283000.0,0.0,88629000.0,-418580000.0,-110000.0,376069000.0,-890000.0,299237000.0,299237000.0,299237000.0,-20302000.0,0.0,0.235,289918000.0,515411000.0,153684000.0,0.0,175.237,27.338,27.215,133731000.0,0.0,49.26,6.436,6.432,173607000.0,724517000.0,1270971000.0,1270971000.0,0.0,0.18,-5.418,0.5,0.422,-42976000.0,210782000.0,1.0,166066010.0,165946009,171901349.0,7.659,555026000.0,46956000.0,174320000.0,41880000.0,3.345,-214764000.0
37,VRSK,MRT,2012-03-31,2012-03-31,2012-03-31,2021-08-03,-77403000.0,1892043000.0,1555292750.0,419840000.0,1472203000.0,0.788,-0.062,-63623000.0,114930000.0,114930000.0,449753000.0,291483000.0,0.74,-185.446,1229763000.0,130478000.0,1099285000.0,1229763000.0,0.0,79090000.0,0.0,0.0,0.0,522071000.0,601161000.0,0.491,601161000.0,522071000.0,461454000.0,1.76,1.7,1.76,-10258000.0,-103015250.0,-10258000.0,8654519041.0,17.0,14.396,356130000.0,2.16,1.0,775272000.0,0.633,1309040000.0,60617000.0,1130280000.0,1027670750.0,0.0,4968000.0,4968000.0,0.0,1902301000.0,567556000.0,1334745000.0,7740236041.0,13692000.0,-494558000.0,-290635000.0,394926000.0,0.0,152094000.0,-557787000.0,94000.0,419753000.0,-368000.0,291483000.0,291483000.0,291483000.0,-20302000.0,0.0,0.238,274445000.0,500827000.0,144974000.0,0.0,-754.556,26.555,26.688,124781000.0,0.0,46.97,6.318,6.32,194540000.0,651186000.0,1225025000.0,1225025000.0,0.0,0.187,-2.83,0.508,0.426,-17437000.0,204218000.0,1.0,164791059.0,164836992,171350820.0,7.432,583003000.0,37247000.0,169971000.0,39868000.0,3.537,-147716000.0
38,VRSK,MRT,2011-12-31,2011-12-31,2011-12-31,2021-08-03,-78287000.0,1541106000.0,1403889750.0,453654000.0,1087452000.0,0.849,-0.593,-59829000.0,191603000.0,191603000.0,440979000.0,282758000.0,1.297,-16.647,1105886000.0,5554000.0,1100332000.0,1105886000.0,0.0,78619000.0,0.0,0.0,0.0,502344000.0,580963000.0,0.488,580963000.0,502344000.0,448497000.0,1.7,1.63,1.7,-98490000.0,-127723500.0,-98490000.0,7529268093.0,15.0,12.96,315892000.0,1.903,1.0,750414000.0,0.63,936368000.0,53847000.0,1169371000.0,919800250.0,0.0,5066000.0,5066000.0,0.0,1639596000.0,349650000.0,1289946000.0,6562864093.0,136629000.0,-144781000.0,-338431000.0,253724000.0,0.0,-34780000.0,-204129000.0,181000.0,375721000.0,-183000.0,282758000.0,282758000.0,282758000.0,-20302000.0,0.0,0.237,269251000.0,481163000.0,162992000.0,0.0,-66.635,23.21,23.606,119411000.0,0.0,40.13,5.509,5.592,153339000.0,576585000.0,1191393000.0,1191393000.0,0.0,0.201,-2.214,0.546,0.422,-17339000.0,199495000.0,1.0,163540097.0,166015238,173325110.0,7.176,604738000.0,50973000.0,165739000.0,0.0,3.643,104004000.0
39,VRSK,MRT,2011-09-30,2011-09-30,2011-09-30,2021-08-03,-53656000.0,1379933000.0,1322885750.0,271764000.0,1108169000.0,0.963,-0.968,-58360000.0,52846000.0,52846000.0,509835000.0,268333000.0,0.537,-9.686,1019250000.0,165670000.0,853580000.0,1019250000.0,0.0,76823000.0,0.0,0.0,0.0,488878000.0,565701000.0,0.444,565701000.0,488878000.0,440516000.0,1.59,1.52,1.59,-158873000.0,-131711500.0,-158873000.0,6190185893.0,13.0,10.943,359619000.0,2.19,1.0,763570000.0,0.6,945094000.0,48362000.0,895242000.0,739427500.0,0.0,4828000.0,4828000.0,0.0,1538806000.0,506001000.0,1032805000.0,5216993893.0,-54409000.0,-342453000.0,-586667000.0,481955000.0,0.0,-71701000.0,-400607000.0,206000.0,417979000.0,-80000.0,268333000.0,268333000.0,268333000.0,0.0,0.0,0.211,275339000.0,488231000.0,146358000.0,0.0,-32.838,19.442,21.868,110328000.0,0.0,34.77,4.097,4.483,152803000.0,496267000.0,1273405000.0,1273405000.0,0.0,0.203,-2.037,0.661,0.384,-3353000.0,201880000.0,1.0,150042965.0,164195325,171169658.0,7.755,434839000.0,34476000.0,172183000.0,0.0,2.648,-234237000.0
40,VRSK,MRT,2011-06-30,2011-06-30,2011-06-30,2021-08-03,-53508000.0,1408089000.0,1240255250.0,295477000.0,1112612000.0,0.984,-0.865,-51242000.0,51970000.0,51970000.0,489221000.0,260226000.0,0.578,-10.749,1025162000.0,170663000.0,854499000.0,1025162000.0,0.0,73421000.0,0.0,0.0,0.0,471242000.0,544663000.0,0.446,544663000.0,471242000.0,428989000.0,1.51,1.45,1.51,-144440000.0,-76457250.0,-144440000.0,6010812414.0,13.0,11.036,298843000.0,1.79,1.0,731440000.0,0.599,953891000.0,42253000.0,915790000.0,636124250.0,0.0,5351000.0,5351000.0,0.0,1552529000.0,511600000.0,1040929000.0,5281533414.0,-54857000.0,-342453000.0,-535035000.0,484729000.0,0.0,-12248000.0,-393351000.0,344000.0,350085000.0,657000.0,260226000.0,260226000.0,260226000.0,0.0,0.0,0.213,260900000.0,470540000.0,121285000.0,0.0,-36.566,20.296,22.927,107645000.0,0.0,34.62,4.327,4.735,145632000.0,425280000.0,1220661000.0,1220661000.0,0.0,0.21,-3.404,0.741,0.386,-8272000.0,191387000.0,1.0,152557291.0,166960806,174634046.0,7.311,454198000.0,60104000.0,168763000.0,0.0,2.72,-216123000.0
41,VRSK,MRT,2011-03-31,2011-03-31,2011-03-31,2021-08-03,-54837000.0,1286431000.0,1151550000.0,311698000.0,974733000.0,1.02,-0.645,-44791000.0,101238000.0,101238000.0,473036000.0,253053000.0,0.633,-12.792,830517000.0,129997000.0,700520000.0,830517000.0,0.0,70653000.0,0.0,0.0,0.0,454505000.0,525158000.0,0.447,525158000.0,454505000.0,418692000.0,1.44,1.38,1.44,-109091000.0,-26953500.0,-109091000.0,6357171323.0,14.0,12.105,299633000.0,1.773,1.0,702022000.0,0.597,824442000.0,35813000.0,698798000.0,545004250.0,0.0,5603000.0,5603000.0,0.0,1395522000.0,492470000.0,903052000.0,5572602323.0,-29754000.0,-197761000.0,-454578000.0,294962000.0,0.0,-132190000.0,-242214000.0,338000.0,344424000.0,226000.0,253053000.0,253053000.0,253053000.0,0.0,0.0,0.215,248225000.0,453797000.0,88458000.0,0.0,-51.082,22.021,22.75,100774000.0,0.0,32.76,4.742,4.712,163888000.0,359703000.0,1175058000.0,1175058000.0,0.0,0.22,-9.389,0.834,0.387,-15035000.0,178116000.0,1.0,170103856.0,169030227,176964192.0,6.952,461989000.0,31095000.0,165639000.0,18788000.0,2.733,-180772000.0
42,VRSK,MRT,2010-12-31,2010-12-31,2010-12-31,2021-08-03,-55803000.0,1217090000.0,1101362000.0,240435000.0,976655000.0,1.034,-0.644,-38641000.0,54974000.0,54974000.0,463473000.0,242552000.0,0.334,-11.635,839543000.0,437717000.0,401826000.0,839543000.0,0.0,68126000.0,0.0,0.0,0.0,441314000.0,509440000.0,0.448,509440000.0,441314000.0,406650000.0,1.36,1.3,1.36,-114442000.0,7382250.0,-114442000.0,6294031482.0,14.0,12.355,297391000.0,1.673,1.0,674870000.0,0.593,832897000.0,34664000.0,447880000.0,510260500.0,0.0,5653000.0,5653000.0,0.0,1331532000.0,720882000.0,610650000.0,5871082482.0,-16553000.0,-205275000.0,-384579000.0,248219000.0,0.0,-108787000.0,-243689000.0,227000.0,336032000.0,-109000.0,242552000.0,242552000.0,242552000.0,0.0,0.0,0.213,233956000.0,440914000.0,111995000.0,0.0,-51.302,24.205,25.059,93409000.0,0.0,34.08,5.158,5.321,126564000.0,293827000.0,1138343000.0,1138343000.0,0.0,0.22,32.856,0.865,0.388,-15355000.0,166374000.0,1.0,172273547.0,177733503,186394962.0,6.405,384193000.0,52039000.0,164098000.0,0.0,2.162,-480447000.0
43,VRSK,MRT,2010-09-30,2010-09-30,2010-09-30,2021-08-03,-50952000.0,1049411000.0,1046327750.0,285772000.0,763639000.0,1.061,0.348,-36581000.0,107255000.0,107255000.0,500408000.0,170214000.0,0.727,15.887,530204000.0,128325000.0,401879000.0,530204000.0,0.0,68069000.0,0.0,0.0,0.0,367701000.0,435770000.0,0.392,435770000.0,367701000.0,333167000.0,0.93,0.9,0.93,62144000.0,27255500.0,62144000.0,5436810751.0,15.0,12.476,276051000.0,1.545,1.0,609903000.0,0.549,597353000.0,34534000.0,482029000.0,553280750.0,0.0,5350000.0,5350000.0,0.0,987267000.0,392978000.0,594289000.0,5012935751.0,46695000.0,-10253000.0,-104504000.0,-133063000.0,0.0,-219282000.0,-46524000.0,310000.0,312632000.0,-131000.0,170214000.0,170214000.0,170214000.0,0.0,0.0,0.153,240538000.0,369365000.0,99285000.0,0.0,80.666,29.451,30.118,83571000.0,0.0,28.01,4.515,4.508,130360000.0,227934000.0,1110311000.0,1110311000.0,0.0,0.163,6.245,0.665,0.331,55873000.0,173013000.0,1.0,178969502.0,178687236,187188667.0,6.214,452058000.0,88188000.0,162953000.0,2217000.0,2.53,-107206000.0
44,VRSK,MRT,2010-06-30,2010-06-30,2010-06-30,2021-08-03,-52184000.0,1053268000.0,1038819000.0,285490000.0,767778000.0,1.041,0.297,-38069000.0,106827000.0,106827000.0,500786000.0,149539000.0,0.882,18.66,530702000.0,53935000.0,476767000.0,530702000.0,0.0,69509000.0,0.0,0.0,0.0,338763000.0,408272000.0,0.378,408272000.0,338763000.0,303264000.0,0.82,0.79,0.82,53575000.0,-287909750.0,53575000.0,5801089206.0,17.0,14.209,276837000.0,1.534,1.0,580482000.0,0.537,602224000.0,35499000.0,551310000.0,587607500.0,0.0,5067000.0,5067000.0,0.0,999693000.0,323609000.0,676084000.0,5400282206.0,60865000.0,-17842000.0,-47408000.0,-165164000.0,0.0,-198269000.0,-55581000.0,330000.0,314906000.0,-191000.0,149539000.0,149539000.0,149539000.0,0.0,0.0,0.138,240040000.0,340442000.0,81571000.0,0.0,100.799,36.113,36.463,86253000.0,0.0,29.9,4.994,4.991,118470000.0,165054000.0,1081268000.0,1081268000.0,0.0,0.144,-0.519,0.577,0.313,62661000.0,170531000.0,1.0,180611445.0,180492106,189541893.0,5.991,451044000.0,94333000.0,153725000.0,0.0,2.499,-38119000.0
45,VRSK,MRT,2010-03-31,2010-03-31,2010-03-31,2021-08-03,-52685000.0,1085679000.0,,315849000.0,769830000.0,,0.157,-37833000.0,130992000.0,130992000.0,498764000.0,137074000.0,0.971,37.428,531799000.0,4723000.0,527076000.0,531799000.0,0.0,70727000.0,0.0,0.0,0.0,319500000.0,390227000.0,0.369,390227000.0,319500000.0,283923000.0,0.77,0.74,0.77,28252000.0,,28252000.0,5600152110.0,18.0,14.351,290364000.0,1.613,1.0,558743000.0,0.528,601531000.0,35577000.0,559823000.0,,0.0,5546000.0,5546000.0,0.0,1057427000.0,325132000.0,732295000.0,5077510110.0,85986000.0,-95853000.0,-13329000.0,-116017000.0,0.0,-109394000.0,-133348000.0,338000.0,328197000.0,531000.0,137074000.0,137074000.0,137074000.0,0.0,0.0,0.13,237525000.0,321218000.0,78001000.0,0.0,179.722,37.042,36.623,88272000.0,0.0,28.2,4.801,4.801,132896000.0,106650000.0,1057507000.0,1057507000.0,0.0,,,,0.302,72456000.0,166798000.0,1.0,180053550.0,180053550,189454756.0,5.873,484148000.0,73286000.0,146849000.0,22285000.0,2.689,-9283000.0
46,VRSK,MRT,2009-12-31,2009-12-31,2009-12-31,2021-08-03,-53628000.0,996953000.0,962915000.0,225345000.0,771608000.0,1.067,-0.2,-38694000.0,71527000.0,71527000.0,491294000.0,126614000.0,0.75,-29.526,594169000.0,66660000.0,527509000.0,594169000.0,0.0,71199000.0,0.0,0.0,0.0,299870000.0,371069000.0,0.361,371069000.0,299870000.0,264605000.0,0.72,0.7,0.72,-34949000.0,-522386000.0,-34949000.0,6050571610.0,20.0,16.306,287707000.0,1.646,1.0,535810000.0,0.522,599355000.0,35265000.0,619961000.0,560211500.0,0.0,5445000.0,5445000.0,0.0,1031902000.0,300279000.0,731623000.0,5451709610.0,38342000.0,-146957000.0,-39031000.0,-83754000.0,0.0,-102809000.0,-185340000.0,311000.0,326401000.0,90000.0,126614000.0,126614000.0,126614000.0,0.0,0.0,0.123,233803000.0,302007000.0,101401000.0,0.0,-155.99,43.058,42.056,89165000.0,0.0,30.28,5.308,5.152,89436000.0,51275000.0,1027104000.0,1027104000.0,0.0,0.131,-0.242,0.535,0.292,72872000.0,162604000.0,1.0,180043250.0,174767795,182165661.0,5.877,397598000.0,93919000.0,137991000.0,1414000.0,2.275,-74934000.0
47,VRSK,MRT,2009-09-30,2009-09-30,2009-09-30,2021-08-03,-75561000.0,1019376000.0,,220763000.0,798613000.0,,-6.936,-32648000.0,60560000.0,60560000.0,435796000.0,169498000.0,0.564,-0.964,659422000.0,131528000.0,527894000.0,659422000.0,0.0,70936000.0,0.0,,0.0,335178000.0,406114000.0,0.409,406114000.0,335178000.0,300302000.0,0.98,0.94,0.98,-1198517000.0,,-1198517000.0,,,,276788000.0,1.602,1.0,557651000.0,0.561,607583000.0,34876000.0,619336000.0,,0.0,5352000.0,5352000.0,0.0,1155824000.0,391319000.0,764505000.0,,9536000.0,-161388000.0,-167945000.0,56230000.0,0.0,-100994000.0,-198100000.0,-4064000.0,309436000.0,-806000.0,169498000.0,169498000.0,169498000.0,0.0,0.0,0.171,221607000.0,336044000.0,100979000.0,0.0,,,,87229000.0,0.0,,,,104083000.0,-439062000.0,993447000.0,993447000.0,0.0,,,,0.337,22645000.0,150671000.0,1.0,180059800.0,172796400,179850850.0,5.749,411793000.0,102831000.0,130804000.0,0.0,2.383,-170556000.0
48,VRSK,MRT,2009-06-30,2009-06-30,2009-06-30,2021-08-03,,,,,,,,,,,416720000.0,168133000.0,,,,,,,,,,,0.0,328056000.0,,,,328056000.0,294236000.0,0.96,0.93,0.96,,,,,,,,,1.0,542807000.0,0.566,,33820000.0,,,,,,,,,,,,,,,,,,,,,168133000.0,168133000.0,168133000.0,0.0,0.0,0.175,213834000.0,328973000.0,,0.0,,,,,0.0,,,,,,959527000.0,959527000.0,0.0,,,,0.342,,144436000.0,1.0,180059800.0,172887331,179824479.0,5.55,,,126103000.0,,,
49,VRSK,MRT,2009-03-31,2009-03-31,2009-03-31,2021-08-03,,,,,,,,,,,,,,,,,,,,,,,0.0,,,,,,,,,,,,,,,,,,1.0,,,,,,,,,,,,,,,,,,,,,,,,,,,,,,,,,,,,,,,,,,,,,,,,,,,,,,1.0,180059800.0,173938000,,,,,,,,
50,VRSK,MRT,2008-12-31,2008-12-31,2008-12-31,2021-08-03,-82434000.0,928877000.0,879459000.0,168927000.0,759950000.0,1.016,-5.522,-30652000.0,33185000.0,33185000.0,386897000.0,158228000.0,0.335,-1.178,669754000.0,219398000.0,450356000.0,669754000.0,0.0,64872000.0,0.0,,0.0,310215000.0,375087000.0,0.42,375087000.0,310215000.0,278899000.0,0.87,0.83,0.87,-1009823000.0,-1106585500.0,-1009823000.0,,,,217254000.0,1.188,1.0,506653000.0,0.567,560085000.0,31316000.0,500462000.0,454153500.0,0.0,5114000.0,5114000.0,0.0,1189161000.0,504899000.0,684262000.0,,9136000.0,-117993000.0,-362188000.0,228713000.0,0.0,-107376000.0,-130466000.0,18179000.0,247906000.0,-928000.0,158228000.0,158228000.0,158228000.0,0.0,0.0,0.177,196111000.0,310542000.0,83381000.0,0.0,,,,82587000.0,0.0,,,,83941000.0,-243495000.0,893550000.0,893550000.0,0.0,0.18,-0.143,0.683,0.347,5965000.0,131239000.0,1.0,180059800.0,182885700,190231700.0,4.886,368792000.0,125858000.0,120671000.0,0.0,2.017,-335972000.0
51,VRSK,MRT,2008-09-30,2008-09-30,2008-09-30,2021-08-03,,,,,,,,,,,,,,,,,,,,,,,0.0,,,,,,,,,,,,,,,,,,1.0,,,,,,,,,,,,,,,,,,,,,,,,,,,,,,,,,,,,,,,,,,,,,,,,,,,,,,1.0,,182267667,,,,,,,,
52,VRSK,MRT,2007-12-31,2007-12-31,2007-12-31,2021-08-03,-8699000.0,830041000.0,,182583000.0,647458000.0,,-5.991,-32941000.0,24049000.0,24049000.0,357191000.0,150374000.0,0.514,-0.717,438330000.0,35171000.0,403159000.0,438330000.0,0.0,65759000.0,0.0,,0.0,276486000.0,342245000.0,0.427,342245000.0,276486000.0,253558000.0,0.75,0.72,0.75,-1203348000.0,,-1203348000.0,,,,215580000.0,1.073,1.0,445004000.0,0.555,481051000.0,22928000.0,407845000.0,,0.0,28350000.0,28350000.0,0.0,862201000.0,355426000.0,506775000.0,,-75103000.0,-55185000.0,-204381000.0,-21008000.0,0.0,-212591000.0,-110831000.0,-22705000.0,248521000.0,-202000.0,150374000.0,150374000.0,150374000.0,4589000.0,0.0,0.187,173237000.0,271767000.0,78234000.0,0.0,,,,85436000.0,0.0,,,,86488000.0,-515756000.0,802195000.0,802195000.0,0.0,,,,0.345,19875000.0,107576000.0,1.0,,200846400,209257550.0,3.994,348990000.0,82894000.0,103184000.0,9178000.0,1.738,-172843000.0
53,VRSK,MRT,2006-12-31,2006-12-31,2006-12-31,2021-08-03,,,,,,,,-25742000.0,,,331804000.0,138980000.0,,,,,,,,54973000.0,,,0.0,247640000.0,302613000.0,0.414,302613000.0,247640000.0,230972000.0,0.673,0.646,0.673,,,,,,,197757000.0,0.957,1.0,398329000.0,0.546,,16668000.0,,,,,,,,,,,56330000.0,-215920000.0,-127701000.0,171644000.0,0.0,75907000.0,-243452000.0,-1790000.0,223499000.0,376000.0,138980000.0,138980000.0,138980000.0,1805000.0,0.0,0.19,154985000.0,243344000.0,,0.0,,,,,0.0,,,,,,730133000.0,730133000.0,0.0,,,,0.339,-5128000.0,100124000.0,1.0,,206548100,215143350.0,3.535,,,91992000.0,,,
