None,ticker,dimension,calendardate,datekey,reportperiod,lastupdated,accoci,assets,assetsavg,assetsc,assetsnc,assetturnover,bvps,capex,cashneq,cashnequsd,cor,consolinc,currentratio,de,debt,debtc,debtnc,debtusd,deferredrev,depamor,deposits,divyield,dps,ebit,ebitda,ebitdamargin,ebitdausd,ebitusd,ebt,eps,epsdil,epsusd,equity,equityavg,equityusd,ev,evebit,evebitda,fcf,fcfps,fxusd,gp,grossmargin,intangibles,intexp,invcap,invcapavg,inventory,investments,investmentsc,investmentsnc,liabilities,liabilitiesc,liabilitiesnc,marketcap,ncf,ncfbus,ncfcommon,ncfdebt,ncfdiv,ncff,ncfi,ncfinv,ncfo,ncfx,netinc,netinccmn,netinccmnusd,netincdis,netincnci,netmargin,opex,opinc,payables,payoutratio,pb,pe,pe1,ppnenet,prefdivis,price,ps,ps1,receivables,retearn,revenue,revenueusd,rnd,roa,roe,roic,ros,sbcomp,sgna,sharefactor,sharesbas,shareswa,shareswadil,sps,tangibles,taxassets,taxexp,taxliabilities,tbvps,workingcapital
0,MS,MRY,2020-12-31,2020-12-31,2020-12-31,2021-08-25,-1962000000.0,1115862000000.0,1075881500000.0,,,0.045,63.494,-1444000000.0,105654000000.0,105654000000.0,0.0,11179000000.0,,9.95,232942000000.0,,,232942000000.0,0.0,3769000000.0,310782000000.0,0.02,1.4,14235000000.0,18004000000.0,0.374,18004000000.0,14235000000.0,14235000000.0,6.55,6.46,6.55,101781000000.0,98434250000.0,101781000000.0,246513355935.0,17.0,13.692,-26675000000.0,-16.641,1.0,48198000000.0,1.0,16615000000.0,0.0,1226535000000.0,1187211500000.0,0.0,874114000000.0,,,1012713000000.0,,,123984355935.0,23483000000.0,3807000000.0,-1890000000.0,13036000000.0,-2739000000.0,83784000000.0,-37898000000.0,-39459000000.0,-25231000000.0,2828000000.0,10996000000.0,10500000000.0,10500000000.0,0.0,183000000.0,0.218,33780000000.0,14418000000.0,227437000000.0,0.214,1.218,11.808,10.463,0.0,496000000.0,68.53,2.572,2.279,97737000000.0,78694000000.0,48198000000.0,48198000000.0,0.0,0.01,0.107,0.012,0.295,1312000000.0,27517000000.0,1.0,1809198248.0,1603000000,1624000000.0,30.067,1099247000000.0,0.0,3239000000.0,0.0,685.744,
1,MS,MRY,2019-12-31,2019-12-31,2019-12-31,2021-08-25,-2788000000.0,895429000000.0,895429000000.0,,,0.046,50.432,-1826000000.0,82171000000.0,82171000000.0,0.0,9237000000.0,,9.966,207325000000.0,,,207325000000.0,0.0,2643000000.0,190356000000.0,0.025,1.3,11106000000.0,13749000000.0,0.332,13749000000.0,11106000000.0,11106000000.0,5.26,5.19,5.26,81549000000.0,81549000000.0,81549000000.0,206581724392.0,19.0,15.025,38947000000.0,24.086,1.0,41419000000.0,1.0,9250000000.0,0.0,1011333000000.0,1011333000000.0,0.0,728245000000.0,,,812732000000.0,,,82742724392.0,-5025000000.0,0.0,-5954000000.0,-6248000000.0,-2627000000.0,-11966000000.0,-33561000000.0,-30782000000.0,40773000000.0,-271000000.0,9042000000.0,8512000000.0,8512000000.0,0.0,195000000.0,0.206,30118000000.0,11301000000.0,197834000000.0,0.247,1.015,9.721,9.719,0.0,530000000.0,51.12,1.998,1.996,55646000000.0,70589000000.0,41419000000.0,41419000000.0,0.0,0.01,0.104,0.011,0.268,1153000000.0,25256000000.0,1.0,1618597895.0,1617000000,1640000000.0,25.615,886179000000.0,0.0,2064000000.0,0.0,548.039,
2,MS,MRY,2018-12-31,2018-12-31,2018-12-31,2021-08-25,-2292000000.0,853531000000.0,854772000000.0,,,0.047,46.982,-1865000000.0,87196000000.0,87196000000.0,0.0,8883000000.0,,9.622,199128000000.0,,,199128000000.0,0.0,1844000000.0,187820000000.0,0.028,1.1,11098000000.0,12942000000.0,0.323,12942000000.0,11098000000.0,11098000000.0,4.81,4.73,4.81,80246000000.0,79693000000.0,80246000000.0,176669136670.0,16.0,13.651,5440000000.0,3.185,1.0,40107000000.0,1.0,8851000000.0,0.0,956612000000.0,959273250000.0,0.0,688545000000.0,,,772125000000.0,,,68204136670.0,6801000000.0,0.0,-5566000000.0,4052000000.0,-2375000000.0,24205000000.0,-22881000000.0,-20718000000.0,7305000000.0,-1828000000.0,8748000000.0,8222000000.0,8222000000.0,4000000.0,135000000.0,0.205,28870000000.0,11237000000.0,179559000000.0,0.229,0.85,8.295,8.243,0.0,526000000.0,39.65,1.701,1.689,53298000000.0,64175000000.0,40107000000.0,40107000000.0,0.0,0.01,0.103,0.012,0.277,920000000.0,23995000000.0,1.0,1720154771.0,1708000000,1738000000.0,23.482,844680000000.0,0.0,2350000000.0,0.0,494.543,
3,MS,MRY,2017-12-31,2017-12-31,2017-12-31,2021-08-25,-3060000000.0,851733000000.0,844708250000.0,,,0.045,43.478,-1629000000.0,80395000000.0,80395000000.0,0.0,6216000000.0,,9.992,203853000000.0,,,203853000000.0,0.0,1753000000.0,159436000000.0,0.017,0.9,10279000000.0,12032000000.0,0.317,12032000000.0,10279000000.0,10279000000.0,3.14,3.07,3.14,77391000000.0,78279750000.0,77391000000.0,253677468978.0,25.0,21.084,-6134000000.0,-3.446,1.0,37945000000.0,1.0,9045000000.0,0.0,966146000000.0,981102750000.0,0.0,689478000000.0,,,773267000000.0,,,94860468978.0,3035000000.0,0.0,-4292000000.0,18018000000.0,-2085000000.0,16261000000.0,-12391000000.0,-10511000000.0,-4505000000.0,3670000000.0,6111000000.0,5588000000.0,5588000000.0,19000000.0,105000000.0,0.147,27542000000.0,10403000000.0,191510000000.0,0.287,1.226,16.976,16.71,0.0,523000000.0,52.47,2.5,2.461,56187000000.0,57577000000.0,37945000000.0,37945000000.0,0.0,0.007,0.071,0.01,0.271,1026000000.0,23064000000.0,1.0,1807899161.0,1780000000,1821000000.0,21.317,842688000000.0,0.0,4168000000.0,0.0,473.42,
4,MS,MRY,2016-12-31,2016-12-31,2016-12-31,2021-08-25,-2643000000.0,814949000000.0,816302500000.0,,,0.042,41.13,-1276000000.0,77360000000.0,77360000000.0,0.0,6123000000.0,,9.701,176834000000.0,,,176834000000.0,0.0,1736000000.0,155863000000.0,0.017,0.7,8705000000.0,10441000000.0,0.301,10441000000.0,8705000000.0,8705000000.0,2.98,2.92,2.98,76050000000.0,76581250000.0,76050000000.0,211227699460.0,24.0,20.231,4107000000.0,2.221,1.0,34631000000.0,1.0,9298000000.0,0.0,905125000000.0,924244500000.0,0.0,663685000000.0,,,737772000000.0,,,79126699460.0,-8192000000.0,0.0,-3933000000.0,13363000000.0,-1746000000.0,7363000000.0,-19508000000.0,-18432000000.0,5383000000.0,-1430000000.0,5979000000.0,5508000000.0,5508000000.0,-1000000.0,144000000.0,0.159,25783000000.0,8848000000.0,190513000000.0,0.235,1.04,14.366,14.178,0.0,471000000.0,42.25,2.285,2.256,46460000000.0,53679000000.0,34631000000.0,34631000000.0,0.0,0.007,0.072,0.009,0.251,1136000000.0,21688000000.0,1.0,1872821289.0,1849000000,1887000000.0,18.73,805651000000.0,0.0,2726000000.0,0.0,435.723,
5,MS,MRY,2015-12-31,2015-12-31,2015-12-31,2021-08-25,-1656000000.0,787465000000.0,819108000000.0,,,0.043,39.383,-1373000000.0,54083000000.0,54083000000.0,0.0,6279000000.0,,9.461,165405000000.0,,,165405000000.0,0.0,1433000000.0,156034000000.0,0.017,0.55,8327000000.0,9760000000.0,0.278,9760000000.0,8327000000.0,8327000000.0,2.97,2.9,2.97,75182000000.0,74917250000.0,75182000000.0,145017284136.0,17.0,14.858,-5836000000.0,-3.057,1.0,35155000000.0,1.0,9568000000.0,0.0,889219000000.0,903859000000.0,0.0,627320000000.0,,,711281000000.0,,,61591284136.0,-2039000000.0,998000000.0,-2773000000.0,4435000000.0,-1455000000.0,24154000000.0,-19995000000.0,-19518000000.0,-4463000000.0,-1735000000.0,6127000000.0,5671000000.0,5671000000.0,16000000.0,152000000.0,0.161,26660000000.0,8495000000.0,186626000000.0,0.185,0.819,10.861,10.71,0.0,456000000.0,31.81,1.752,1.727,45407000000.0,49204000000.0,35155000000.0,35155000000.0,0.0,0.007,0.076,0.009,0.237,1104000000.0,22144000000.0,1.0,1936223959.0,1909000000,1953000000.0,18.415,777897000000.0,0.0,2200000000.0,0.0,407.489,
6,MS,MRY,2014-12-31,2014-12-31,2014-12-31,2021-08-25,-1248000000.0,801510000000.0,818492500000.0,,,0.042,36.85,-992000000.0,87591000000.0,87591000000.0,0.0,3667000000.0,,10.288,167118000000.0,,,167118000000.0,0.0,1161000000.0,133544000000.0,0.009,0.35,3377000000.0,4538000000.0,0.132,4538000000.0,3377000000.0,3377000000.0,1.64,1.6,1.64,70900000000.0,70411000000.0,70900000000.0,141151244470.0,42.0,31.104,94000000.0,0.049,1.0,34275000000.0,1.0,9747000000.0,0.0,871290000000.0,882251000000.0,0.0,638361000000.0,,,729406000000.0,,,75947244470.0,-12899000000.0,989000000.0,-1458000000.0,1567000000.0,-904000000.0,23143000000.0,-35324000000.0,-35108000000.0,1086000000.0,-1804000000.0,3467000000.0,3152000000.0,3152000000.0,14000000.0,200000000.0,0.092,30684000000.0,3591000000.0,181069000000.0,0.213,1.071,24.095,23.659,6108000000.0,315000000.0,38.8,2.216,2.178,48961000000.0,44625000000.0,34275000000.0,34275000000.0,0.0,0.004,0.045,0.004,0.099,1260000000.0,23667000000.0,1.0,1957403208.0,1924000000,1971000000.0,17.814,791763000000.0,0.0,-90000000.0,0.0,411.519,
7,MS,MRY,2013-12-31,2013-12-31,2013-12-31,2021-08-25,-1093000000.0,832702000000.0,817249750000.0,,,0.04,34.589,-1316000000.0,99086000000.0,99086000000.0,0.0,3613000000.0,,11.585,169932000000.0,,,169932000000.0,0.0,1511000000.0,112379000000.0,0.006,0.2,3834000000.0,5345000000.0,0.164,5345000000.0,3834000000.0,3834000000.0,1.39,1.36,1.39,65921000000.0,64233500000.0,65921000000.0,140687035571.0,37.0,26.321,33693000000.0,17.679,1.0,32493000000.0,1.0,9881000000.0,0.0,893667000000.0,895773000000.0,0.0,650479000000.0,,,763672000000.0,,,61194035571.0,12979000000.0,1147000000.0,-691000000.0,-21525000000.0,-475000000.0,2633000000.0,-24461000000.0,-24432000000.0,35009000000.0,-202000000.0,2932000000.0,2655000000.0,2655000000.0,43000000.0,681000000.0,0.082,27935000000.0,4558000000.0,157125000000.0,0.144,0.928,23.049,22.561,6019000000.0,277000000.0,31.36,1.883,1.839,57104000000.0,42172000000.0,32493000000.0,32493000000.0,0.0,0.003,0.041,0.004,0.118,1180000000.0,22076000000.0,1.0,1951340420.0,1905823882,1956519738.0,17.049,822821000000.0,0.0,902000000.0,0.0,431.74,
8,MS,MRY,2012-12-31,2012-12-31,2012-12-31,2021-08-25,-516000000.0,780960000000.0,768873000000.0,,,0.034,32.936,-1312000000.0,77874000000.0,77874000000.0,0.0,716000000.0,,11.451,187436000000.0,,,187436000000.0,0.0,1581000000.0,83266000000.0,0.008,0.15,-93000000.0,1488000000.0,0.057,1488000000.0,-93000000.0,-93000000.0,-0.02,-0.02,-0.02,62109000000.0,62268250000.0,62109000000.0,250910000943.0,-2698.0,168.622,23447000000.0,12.434,1.0,26178000000.0,1.0,10433000000.0,0.0,880089000000.0,944889000000.0,0.0,611908000000.0,,,711223000000.0,,,37749000943.0,-408000000.0,1199000000.0,-227000000.0,-26779000000.0,-469000000.0,-11897000000.0,-12625000000.0,-12827000000.0,24759000000.0,-119000000.0,68000000.0,-30000000.0,-30000000.0,41000000.0,648000000.0,-0.001,25582000000.0,596000000.0,127722000000.0,-7.5,0.608,-1258.3,-956.0,5946000000.0,98000000.0,19.12,1.442,1.377,64288000000.0,39912000000.0,26178000000.0,26178000000.0,0.0,0.0,0.0,0.0,-0.004,891000000.0,21593000000.0,1.0,1974320133.0,1885774276,1918811270.0,13.882,770527000000.0,0.0,-161000000.0,0.0,408.6,
9,MS,MRY,2011-12-31,2011-12-31,2011-12-31,2021-08-25,-157000000.0,749898000000.0,802942250000.0,,,0.04,37.498,-1304000000.0,76766000000.0,76766000000.0,0.0,4645000000.0,,10.956,277490000000.0,,,277490000000.0,0.0,1404000000.0,65662000000.0,0.013,0.2,5524000000.0,6928000000.0,0.215,6928000000.0,5524000000.0,5524000000.0,1.25,1.23,1.25,62049000000.0,60442500000.0,62049000000.0,232420594257.0,42.0,33.548,14078000000.0,8.508,1.0,32227000000.0,1.0,10971000000.0,0.0,939651000000.0,1008345250000.0,0.0,594929000000.0,,,679820000000.0,,,29161594257.0,-303000000.0,382000000.0,-317000000.0,-5053000000.0,-834000000.0,-5148000000.0,-10734000000.0,-9811000000.0,15382000000.0,-314000000.0,4110000000.0,2067000000.0,2067000000.0,51000000.0,535000000.0,0.064,26117000000.0,6110000000.0,123615000000.0,0.16,0.47,14.108,12.104,6457000000.0,2043000000.0,15.13,0.905,0.777,48669000000.0,40341000000.0,32227000000.0,32227000000.0,0.0,0.003,0.034,0.005,0.171,1300000000.0,22064000000.0,1.0,1927402132.0,1654708640,1675271669.0,19.476,738927000000.0,0.0,1414000000.0,0.0,446.56,
10,MS,MRY,2010-12-31,2010-12-31,2010-12-31,2021-08-25,-467000000.0,807698000000.0,819561250000.0,,,0.038,42.015,-1201000000.0,66795000000.0,66795000000.0,0.0,5702000000.0,,12.975,287120000000.0,,,287120000000.0,0.0,1419000000.0,63812000000.0,0.007,0.2,5446000000.0,6865000000.0,0.22,6865000000.0,5446000000.0,5446000000.0,2.64,2.63,2.64,57211000000.0,53341000000.0,57211000000.0,453450393972.0,83.0,66.052,39413000000.0,28.945,1.0,31230000000.0,1.0,11406000000.0,0.0,1016617000000.0,1167427500000.0,0.0,655903000000.0,,,742291000000.0,,,41165393972.0,15624000000.0,1331000000.0,5264000000.0,-1130000000.0,-1156000000.0,4163000000.0,-29464000000.0,-29297000000.0,40614000000.0,14000000.0,4703000000.0,3594000000.0,3594000000.0,-247000000.0,999000000.0,0.115,25032000000.0,6198000000.0,129184000000.0,0.076,0.72,11.454,10.307,6154000000.0,1109000000.0,27.21,1.318,1.186,54150000000.0,38603000000.0,31230000000.0,31230000000.0,0.0,0.004,0.067,0.005,0.174,1260000000.0,21434000000.0,1.0,1512877397.0,1361670938,1411268971.0,22.935,796292000000.0,0.0,743000000.0,0.0,584.79,
11,MS,MRY,2009-12-31,2009-12-31,2009-12-31,2021-08-25,-560000000.0,771462000000.0,710986250000.0,,,0.033,39.385,-2877000000.0,55703000000.0,55703000000.0,0.0,1406000000.0,,15.393,432429000000.0,,,432429000000.0,0.0,1224000000.0,62215000000.0,0.015,0.437,1049000000.0,2273000000.0,0.098,2273000000.0,1049000000.0,1049000000.0,-0.77,-0.77,-0.77,46688000000.0,47036250000.0,46688000000.0,425915227722.0,406.0,187.38,-48828000000.0,-41.191,1.0,23280000000.0,1.0,12216000000.0,0.0,1135972000000.0,1027107500000.0,0.0,635154000000.0,,,718682000000.0,,,40239227722.0,-46679000000.0,-1595000000.0,6205000000.0,-1376000000.0,-1732000000.0,3024000000.0,-4472000000.0,0.0,-45951000000.0,720000000.0,1346000000.0,-907000000.0,-907000000.0,21000000.0,60000000.0,-0.039,22150000000.0,1130000000.0,125078000000.0,-0.568,0.862,-44.365,-38.442,7067000000.0,2253000000.0,29.6,1.728,1.507,44477000000.0,35056000000.0,23280000000.0,23280000000.0,0.0,-0.001,-0.019,0.001,0.045,1265000000.0,19311000000.0,1.0,1359433369.0,1185414871,1185414871.0,19.639,759246000000.0,0.0,-297000000.0,0.0,640.49,
12,MS,MRY,2008-12-31,2008-12-31,2008-12-31,2021-08-25,-420000000.0,676764000000.0,,,,,47.417,-1400000000.0,102709000000.0,102709000000.0,0.0,1778000000.0,,12.867,342902000000.0,,,342902000000.0,0.0,794000000.0,51355000000.0,0.067,1.08,1723000000.0,2517000000.0,0.114,2517000000.0,1723000000.0,1723000000.0,1.45,1.39,1.45,48753000000.0,,48753000000.0,378565209100.0,220.0,150.403,72017000000.0,70.043,1.0,22140000000.0,1.0,3162000000.0,0.0,913795000000.0,,0.0,506888000000.0,,,627308000000.0,,,17034209100.0,53056000000.0,569000000.0,-1431000000.0,-47468000000.0,-1227000000.0,-16984000000.0,-831000000.0,0.0,73417000000.0,-2546000000.0,1707000000.0,1495000000.0,1495000000.0,-540000000.0,71000000.0,0.068,20886000000.0,1254000000.0,128507000000.0,0.745,0.349,11.394,11.062,5095000000.0,212000000.0,16.04,0.769,0.745,42773000000.0,36154000000.0,22140000000.0,22140000000.0,0.0,,,,0.078,1838000000.0,16791000000.0,1.0,1061983111.0,1028180275,1073496349.0,21.533,673602000000.0,0.0,16000000.0,0.0,655.14,
13,MS,MRY,2007-12-31,2007-12-31,2007-12-31,2021-08-25,,,,,,,,-1469000000.0,,,0.0,3249000000.0,,,,,,,,475000000.0,,0.02,1.08,3785000000.0,4260000000.0,0.161,4260000000.0,3785000000.0,3785000000.0,2.97,2.9,2.97,,,,650029838996.0,172.0,152.589,-23718000000.0,-23.674,1.0,26478000000.0,1.0,,0.0,,,,,,,,,,56361838996.0,4992000000.0,-693000000.0,-3264000000.0,25463000000.0,-1219000000.0,38085000000.0,-11438000000.0,-9276000000.0,-22249000000.0,594000000.0,3209000000.0,2976000000.0,2976000000.0,-1049000000.0,40000000.0,0.112,23702000000.0,2776000000.0,,0.364,,18.939,17.882,,233000000.0,53.11,2.129,2.01,,,26478000000.0,26478000000.0,0.0,,,,0.143,1927000000.0,21180000000.0,1.0,1061228375.0,1001878651,1024836645.0,26.428,,,576000000.0,,,
14,MS,MRY,2006-12-31,2006-11-30,2006-11-30,2021-08-25,-35000000.0,1121192000000.0,1034180000000.0,,,0.029,35.005,993000000.0,50171000000.0,50171000000.0,0.0,7472000000.0,,30.704,670311000000.0,,,670311000000.0,0.0,876000000.0,28343000000.0,0.014,1.08,10182000000.0,11058000000.0,0.371,11058000000.0,10182000000.0,10182000000.0,7.38,7.07,7.38,35364000000.0,32978500000.0,35364000000.0,615322797767.0,60.0,55.645,-60252000000.0,-59.64,1.0,29799000000.0,1.0,3443000000.0,0.0,1737889000000.0,1583816250000.0,0.0,929924000000.0,,,1085828000000.0,,,80619797767.0,-8808000000.0,-2706000000.0,-3088000000.0,46806000000.0,-1167000000.0,53985000000.0,-2345000000.0,-632000000.0,-61245000000.0,797000000.0,7453000000.0,7453000000.0,7453000000.0,-1137000000.0,19000000.0,0.25,20735000000.0,9064000000.0,147288000000.0,0.146,2.28,10.817,10.32,4086000000.0,0.0,76.16,2.705,2.582,122408000000.0,41422000000.0,29799000000.0,29799000000.0,0.0,0.007,0.226,0.006,0.342,1923000000.0,18519000000.0,1.0,1058558269.0,1010254255,1054796062.0,29.497,1117749000000.0,0.0,2729000000.0,0.0,1106.404,
15,MS,MRY,2005-12-31,2005-11-30,2005-11-30,2021-08-25,-190000000.0,898523000000.0,839208750000.0,,,0.028,27.795,-540000000.0,69544000000.0,69544000000.0,0.0,4939000000.0,,29.79,549393000000.0,,,549393000000.0,0.0,815000000.0,18663000000.0,0.019,1.08,6412000000.0,7227000000.0,0.307,7227000000.0,6412000000.0,6412000000.0,4.7,4.57,4.7,29182000000.0,28558250000.0,29182000000.0,478950968091.0,75.0,66.272,-31892000000.0,-30.376,1.0,23525000000.0,1.0,2500000000.0,0.0,1375872000000.0,1257586750000.0,0.0,679186000000.0,,,869341000000.0,,,60395968091.0,-3397000000.0,-233000000.0,-3366000000.0,30337000000.0,-1180000000.0,32076000000.0,-4121000000.0,-3348000000.0,-31352000000.0,0.0,4939000000.0,4939000000.0,4939000000.0,-358000000.0,0.0,0.21,17209000000.0,6316000000.0,120373000000.0,0.23,2.07,12.228,11.921,5878000000.0,0.0,56.03,2.567,2.501,85062000000.0,35185000000.0,23525000000.0,23525000000.0,0.0,0.006,0.173,0.005,0.273,820000000.0,14960000000.0,1.0,1077921972.0,1049896047,1079936315.0,22.407,896023000000.0,0.0,1473000000.0,0.0,853.44,
16,MS,MRY,2004-12-31,2004-11-30,2004-11-30,2021-08-25,-56000000.0,747334000000.0,719691500000.0,,,0.033,26.114,-533000000.0,69553000000.0,69553000000.0,0.0,4486000000.0,,25.496,431549000000.0,,,431549000000.0,0.0,805000000.0,13777000000.0,0.02,1.0,6342000000.0,7147000000.0,0.301,7147000000.0,6342000000.0,6342000000.0,4.15,4.06,4.15,28206000000.0,27173000000.0,28206000000.0,408488597969.0,64.0,57.155,-27991000000.0,-25.915,1.0,23708000000.0,1.0,2199000000.0,0.0,1107131000000.0,1070098000000.0,0.0,535432000000.0,,,719128000000.0,,,55549597969.0,3119000000.0,-758000000.0,-810000000.0,32711000000.0,-1096000000.0,33638000000.0,-3061000000.0,-1770000000.0,-27458000000.0,0.0,4486000000.0,4486000000.0,4486000000.0,103000000.0,0.0,0.189,16890000000.0,6818000000.0,123271000000.0,0.241,1.969,12.383,12.229,6531000000.0,0.0,50.75,2.343,2.312,84295000000.0,31426000000.0,23708000000.0,23708000000.0,0.0,0.006,0.165,0.006,0.268,663000000.0,14673000000.0,1.0,1094573359.0,1080121708,1105185480.0,21.949,745135000000.0,0.0,1856000000.0,0.0,689.862,
17,MS,MRY,2003-12-31,2003-11-30,2003-11-30,2021-08-25,-156000000.0,602843000000.0,582448000000.0,,,0.036,23.094,-604000000.0,58218000000.0,58218000000.0,0.0,3787000000.0,,23.243,353052000000.0,,,353052000000.0,0.0,637000000.0,12839000000.0,0.017,0.92,5494000000.0,6131000000.0,0.295,6131000000.0,5494000000.0,5494000000.0,3.52,3.45,3.52,24867000000.0,23417500000.0,24867000000.0,346504633569.0,63.0,56.517,9923000000.0,9.216,1.0,20817000000.0,1.0,1523000000.0,0.0,896154000000.0,868515000000.0,0.0,433840000000.0,,,577976000000.0,,,59870633569.0,480000000.0,0.0,-128000000.0,-11870000000.0,-994000000.0,-11810000000.0,1763000000.0,2367000000.0,10527000000.0,0.0,3787000000.0,3787000000.0,3787000000.0,233000000.0,0.0,0.182,14657000000.0,6160000000.0,104638000000.0,0.261,2.408,15.81,15.705,6840000000.0,0.0,55.28,2.876,2.859,66615000000.0,28038000000.0,20817000000.0,20817000000.0,0.0,0.007,0.162,0.006,0.264,309000000.0,12691000000.0,1.0,1083043299.0,1076754740,1099117972.0,19.333,601320000000.0,0.0,1707000000.0,0.0,558.456,
18,MS,MRY,2002-12-31,2002-11-30,2002-11-30,2021-08-25,-251000000.0,529499000000.0,522961500000.0,,,0.037,20.203,-1124000000.0,67623000000.0,67623000000.0,0.0,2988000000.0,,23.195,328705000000.0,,,328705000000.0,0.0,766000000.0,13757000000.0,0.02,0.92,4563000000.0,5329000000.0,0.279,5329000000.0,4563000000.0,4563000000.0,2.76,2.69,2.76,21885000000.0,21367250000.0,21885000000.0,291193533806.0,64.0,54.643,-6137000000.0,-5.665,1.0,19127000000.0,1.0,1449000000.0,0.0,789132000000.0,771891000000.0,0.0,380702000000.0,,,507614000000.0,,,49113533806.0,2616000000.0,0.0,-811000000.0,13994000000.0,-1000000000.0,13325000000.0,-5696000000.0,-4670000000.0,-5013000000.0,0.0,2988000000.0,2988000000.0,2988000000.0,11000000.0,0.0,0.156,14389000000.0,4738000000.0,96202000000.0,0.333,2.244,16.437,16.391,7119000000.0,0.0,45.24,2.568,2.562,52418000000.0,25250000000.0,19127000000.0,19127000000.0,0.0,0.006,0.14,0.006,0.239,400000000.0,12339000000.0,1.0,1085621879.0,1083270783,1109637953.0,17.657,528050000000.0,0.0,1575000000.0,0.0,487.459,
19,MS,MRY,2001-12-31,2001-11-30,2001-11-30,2021-08-25,-262000000.0,482628000000.0,483972000000.0,,,0.046,19.073,-1289000000.0,72922000000.0,72922000000.0,0.0,3521000000.0,,22.297,284815000000.0,,,284815000000.0,0.0,729000000.0,12276000000.0,0.017,0.92,5545000000.0,6274000000.0,0.284,6274000000.0,5545000000.0,5545000000.0,3.21,3.11,3.21,20716000000.0,20118750000.0,20716000000.0,286668088538.0,52.0,45.691,-26464000000.0,-24.366,1.0,22105000000.0,1.0,1438000000.0,0.0,693083000000.0,696326750000.0,0.0,326224000000.0,,,461912000000.0,,,60868088538.0,7777000000.0,-183000000.0,-1386000000.0,34224000000.0,-1040000000.0,32755000000.0,197000000.0,1669000000.0,-25175000000.0,0.0,3521000000.0,3489000000.0,3489000000.0,0.0,0.0,0.158,16421000000.0,5684000000.0,100811000000.0,0.287,2.938,17.446,17.29,7332000000.0,32000000.0,55.5,2.754,2.727,54041000000.0,23270000000.0,22105000000.0,22105000000.0,0.0,0.007,0.173,0.008,0.251,653000000.0,14260000000.0,1.0,1096722316.0,1086121508,1121764086.0,20.352,481190000000.0,0.0,2024000000.0,0.0,443.035,
20,MS,MRY,2000-12-31,2000-11-30,2000-11-30,2021-08-25,-91000000.0,421279000000.0,412765000000.0,,,0.063,17.585,-896000000.0,67456000000.0,67456000000.0,0.0,5456000000.0,,20.861,241282000000.0,,,241282000000.0,0.0,727000000.0,11930000000.0,0.013,0.8,8526000000.0,9253000000.0,0.354,9253000000.0,8526000000.0,8526000000.0,4.95,4.73,4.95,19271000000.0,18471750000.0,19271000000.0,260737812060.0,31.0,28.179,-3279000000.0,-2.992,1.0,26148000000.0,1.0,0.0,0.0,595105000000.0,615364000000.0,0.0,281526000000.0,,,402008000000.0,,,71030812060.0,6494000000.0,-199000000.0,-3290000000.0,14715000000.0,-924000000.0,11563000000.0,-2686000000.0,-1591000000.0,-2383000000.0,0.0,5456000000.0,5420000000.0,5420000000.0,0.0,0.0,0.207,17629000000.0,8519000000.0,100384000000.0,0.162,3.686,13.105,12.804,6612000000.0,36000000.0,63.38,2.716,2.656,54460000000.0,20802000000.0,26148000000.0,26148000000.0,0.0,0.013,0.293,0.014,0.326,908000000.0,15828000000.0,1.0,1120713349.0,1095858438,1145011515.0,23.861,421279000000.0,0.0,3070000000.0,0.0,384.428,
21,MS,MRY,1999-12-31,1999-11-30,1999-11-30,2021-08-25,-27000000.0,366967000000.0,342990000000.0,,,0.063,15.513,-1669000000.0,22038000000.0,22038000000.0,0.0,4791000000.0,,20.569,233264000000.0,,,233264000000.0,0.0,541000000.0,10397000000.0,0.008,0.48,7728000000.0,8269000000.0,0.384,8269000000.0,7728000000.0,7728000000.0,4.33,4.1,4.33,17014000000.0,15661250000.0,17014000000.0,263742727009.0,34.0,31.895,-30614000000.0,-27.912,1.0,21546000000.0,1.0,0.0,0.0,578193000000.0,544170000000.0,0.0,267472000000.0,,,349953000000.0,,,67180727009.0,-4553000000.0,-223000000.0,-2151000000.0,32255000000.0,-575000000.0,31322000000.0,-6930000000.0,-5038000000.0,-28945000000.0,0.0,4791000000.0,4747000000.0,4747000000.0,0.0,0.0,0.22,13818000000.0,7728000000.0,50061000000.0,0.111,3.949,14.152,13.928,4088000000.0,44000000.0,60.31,3.118,3.07,66158000000.0,16285000000.0,21546000000.0,21546000000.0,0.0,0.014,0.303,0.014,0.359,735000000.0,12425000000.0,1.0,1113923512.0,1096789720,1159500670.0,19.645,366967000000.0,0.0,2937000000.0,0.0,334.583,
22,MS,MRY,1998-12-31,1998-11-30,1998-11-30,2021-08-25,-12000000.0,317590000000.0,351179500000.0,,,0.047,12.26,-358000000.0,27409000000.0,27409000000.0,0.0,3276000000.0,,21.494,209243000000.0,,,209243000000.0,0.0,575000000.0,8197000000.0,0.011,0.4,5268000000.0,5843000000.0,0.356,5843000000.0,5268000000.0,5268000000.0,2.8,2.67,2.8,14119000000.0,14027500000.0,14119000000.0,250203068559.0,47.0,42.821,15071000000.0,13.086,1.0,16405000000.0,1.0,0.0,0.0,499424000000.0,562452000000.0,0.0,234843000000.0,,,303471000000.0,,,40217068559.0,8623000000.0,1399000000.0,-2799000000.0,-6085000000.0,-519000000.0,-9999000000.0,3193000000.0,2152000000.0,15429000000.0,0.0,3276000000.0,3221000000.0,3221000000.0,0.0,0.0,0.196,11020000000.0,5385000000.0,46221000000.0,0.143,2.848,12.486,12.432,1834000000.0,55000000.0,34.81,2.452,2.444,46173000000.0,12080000000.0,16405000000.0,16405000000.0,0.0,0.009,0.23,0.009,0.321,408000000.0,10447000000.0,1.0,1155330898.0,1151645450,1212588130.0,14.245,317590000000.0,0.0,1992000000.0,0.0,275.771,
23,MS,MRY,1997-12-31,1997-11-30,1997-11-30,2021-08-25,-9000000.0,302287000000.0,270573500000.0,,,0.055,12.139,-301000000.0,15145000000.0,15145000000.0,0.0,2586000000.0,,20.66,213415000000.0,,,213415000000.0,0.0,338000000.0,8993000000.0,0.01,0.28,4274000000.0,4612000000.0,0.311,4612000000.0,4274000000.0,4274000000.0,2.19,2.08,2.19,13956000000.0,12829000000.0,13956000000.0,226302341659.0,53.0,49.068,-859000000.0,-0.747,1.0,14833000000.0,1.0,0.0,0.0,500557000000.0,450968500000.0,0.0,227799000000.0,,,288331000000.0,,,32174341659.0,1711000000.0,0.0,70000000.0,4399000000.0,-416000000.0,5955000000.0,-2528000000.0,-2222000000.0,-558000000.0,0.0,2586000000.0,2520000000.0,2520000000.0,0.0,0.0,0.17,10559000000.0,4274000000.0,42153000000.0,0.128,2.305,12.768,12.4,1705000000.0,66000000.0,27.155,2.169,2.105,50260000000.0,9330000000.0,14833000000.0,14833000000.0,0.0,0.009,0.196,0.009,0.288,374000000.0,9255000000.0,1.0,1184840422.0,1149636466,1212612950.0,12.902,302287000000.0,0.0,1688000000.0,0.0,262.941,
24,MS,MRY,1996-12-31,1996-11-30,1996-11-30,2021-08-25,-11000000.0,238860000000.0,,,,,10.205,-152000000.0,11753000000.0,11753000000.0,0.0,1980000000.0,,19.412,174273000000.0,,,174273000000.0,0.0,251000000.0,7213000000.0,0.013,0.22,3117000000.0,3368000000.0,0.28,3368000000.0,3117000000.0,3117000000.0,1.67,1.58,1.67,11702000000.0,,11702000000.0,23135347864.0,7.0,6.869,-15503000000.0,-13.52,1.0,12023000000.0,1.0,0.0,0.0,401380000000.0,,0.0,180228000000.0,,,227158000000.0,,,10992547864.0,2608000000.0,-1186000000.0,-977000000.0,21962000000.0,-313000000.0,22096000000.0,-4137000000.0,-2759000000.0,-15351000000.0,0.0,1980000000.0,1914000000.0,1914000000.0,0.0,0.0,0.159,8906000000.0,3117000000.0,25560000000.0,0.132,0.939,5.743,10.237,1681000000.0,66000000.0,17.095,0.914,1.63,39264000000.0,7477000000.0,12023000000.0,12023000000.0,0.0,,,,0.259,513000000.0,7921000000.0,1.0,643027076.0,1146713860,1213581508.0,10.485,238860000000.0,0.0,1137000000.0,0.0,208.3,
25,MS,MRY,1995-12-31,1995-11-30,1995-11-30,2021-08-25,,,,,,,,-403000000.0,,,0.0,1465000000.0,,,,,,,,201000000.0,,0.013,0.16,2292000000.0,2493000000.0,0.254,2493000000.0,2292000000.0,2292000000.0,1.15,1.125,1.15,,,,,,,-1779000000.0,-1.462,1.0,9820000000.0,1.0,,0.0,,,,,,,,,,,467000000.0,0.0,-145000000.0,7156000000.0,-235000000.0,8271000000.0,-6428000000.0,-5909000000.0,-1376000000.0,0.0,1465000000.0,1400000000.0,1400000000.0,0.0,0.0,0.143,7528000000.0,2292000000.0,,0.139,,,11.087,,65000000.0,12.75,,1.579,,,9820000000.0,9820000000.0,0.0,,,,0.233,353000000.0,6474000000.0,1.0,,1216492866,1244197736.0,8.072,,,827000000.0,,,
26,MS,MRY,1994-12-31,1994-12-31,1994-12-31,2021-08-25,,,,,,,,0.0,,,0.0,740900000.0,,,,,,,,58800000.0,,0.015,0.125,1214600000.0,1273400000.0,0.254,1273400000.0,1214600000.0,1214600000.0,1.07,1.07,1.07,,,,,,,2876400000.0,4.148,1.0,5005700000.0,1.0,,0.0,,,,,,,,,,,503800000.0,0.0,-64300000.0,1852900000.0,-81100000.0,2028100000.0,-4400700000.0,-4282000000.0,2876400000.0,0.0,740900000.0,740900000.0,740900000.0,0.0,0.0,0.148,3791100000.0,1214600000.0,,0.117,,,7.916,,0.0,8.47,,1.173,,,5005700000.0,5005700000.0,0.0,,,,0.243,37000000.0,3196200000.0,1.0,,693400000,693400000.0,7.219,,,473700000.0,,,
0,MS,MRQ,2021-06-30,2021-06-30,2021-06-30,2021-08-25,-2523000000.0,1161805000000.0,,,,,58.914,-514000000.0,126480000000.0,126480000000.0,0.0,3512000000.0,,9.859,235374000000.0,,,235374000000.0,0.0,1057000000.0,320358000000.0,0.015,0.35,4565000000.0,5622000000.0,0.381,5622000000.0,4565000000.0,4565000000.0,1.88,1.85,1.88,106870000000.0,,106870000000.0,277718397616.0,16.0,12.67,4101000000.0,2.261,1.0,14759000000.0,1.0,25528000000.0,0.0,1245171000000.0,,0.0,885179000000.0,,,1053643000000.0,,,170597397616.0,8362000000.0,0.0,-3018000000.0,7153000000.0,-746000000.0,485000000.0,3117000000.0,3818000000.0,4615000000.0,145000000.0,3511000000.0,3408000000.0,3408000000.0,0.0,1000000.0,0.231,10120000000.0,4639000000.0,233810000000.0,0.186,1.596,12.872,11.986,0.0,103000000.0,91.69,3.059,2.982,100921000000.0,84791000000.0,14759000000.0,14759000000.0,0.0,,,,,618000000.0,8494000000.0,1.0,1860588915.0,1814000000,1841000000.0,8.136,1136277000000.0,0.0,1054000000.0,0.0,626.393,
1,MS,MRQ,2021-03-31,2021-03-31,2021-03-31,2021-08-25,-2754000000.0,1158772000000.0,,,,,59.197,-525000000.0,118118000000.0,118118000000.0,0.0,4168000000.0,,9.893,225239000000.0,,,225239000000.0,0.0,887000000.0,323138000000.0,0.018,0.35,5296000000.0,6183000000.0,0.393,6183000000.0,5296000000.0,5296000000.0,2.22,2.19,2.22,106259000000.0,,106259000000.0,268128470065.0,15.0,12.589,26354000000.0,14.682,1.0,15719000000.0,1.0,25682000000.0,0.0,1240211000000.0,,0.0,878357000000.0,,,1051184000000.0,,,140840470065.0,12464000000.0,0.0,-2582000000.0,540000000.0,-755000000.0,9564000000.0,-22561000000.0,-19344000000.0,26879000000.0,-1418000000.0,4120000000.0,3982000000.0,3982000000.0,0.0,48000000.0,0.253,10473000000.0,5246000000.0,230121000000.0,0.158,1.325,10.925,10.021,0.0,138000000.0,77.66,2.576,2.55,115043000000.0,82034000000.0,15719000000.0,15719000000.0,0.0,,,,,518000000.0,8706000000.0,1.0,1813552280.0,1795000000,1818000000.0,8.757,1133090000000.0,0.0,1176000000.0,0.0,631.248,
2,MS,MRQ,2020-12-31,2020-12-31,2020-12-31,2021-08-25,-1962000000.0,1115862000000.0,,,,,57.374,-539000000.0,105654000000.0,105654000000.0,0.0,3412000000.0,,9.95,232942000000.0,,,232942000000.0,0.0,1406000000.0,310782000000.0,0.02,0.35,4403000000.0,5809000000.0,0.426,5809000000.0,4403000000.0,4403000000.0,1.87,1.84,1.87,101781000000.0,,101781000000.0,246513355935.0,17.0,13.692,-25929000000.0,-14.616,1.0,13640000000.0,1.0,16615000000.0,0.0,1226535000000.0,,0.0,874114000000.0,,,1012713000000.0,,,123984355935.0,10882000000.0,3807000000.0,-50000000.0,8789000000.0,-731000000.0,34859000000.0,-460000000.0,-3180000000.0,-25390000000.0,1873000000.0,3385000000.0,3266000000.0,3266000000.0,0.0,27000000.0,0.239,9210000000.0,4430000000.0,227437000000.0,0.187,1.218,11.808,10.463,0.0,119000000.0,68.53,2.572,2.279,97737000000.0,78694000000.0,13640000000.0,13640000000.0,0.0,,,,,510000000.0,7443000000.0,1.0,1809198248.0,1774000000,1801000000.0,7.689,1099247000000.0,0.0,1018000000.0,0.0,619.643,
3,MS,MRQ,2020-09-30,2020-09-30,2020-09-30,2021-08-25,-537000000.0,955940000000.0,,,,,57.324,-123000000.0,94772000000.0,94772000000.0,0.0,2751000000.0,,9.798,217301000000.0,,,217301000000.0,0.0,853000000.0,239253000000.0,0.029,0.35,3453000000.0,4306000000.0,0.369,4306000000.0,3453000000.0,3453000000.0,1.68,1.66,1.68,88394000000.0,,88394000000.0,189086392416.0,15.0,12.185,-6990000000.0,-4.533,1.0,11657000000.0,1.0,9228000000.0,0.0,1069241000000.0,,0.0,759996000000.0,,,866122000000.0,,,76236392416.0,-11504000000.0,0.0,-30000000.0,-4367000000.0,-680000000.0,-2674000000.0,-3820000000.0,-3581000000.0,-6867000000.0,1857000000.0,2717000000.0,2597000000.0,2597000000.0,0.0,34000000.0,0.223,8170000000.0,3487000000.0,192300000000.0,0.208,0.862,8.181,8.058,0.0,120000000.0,48.35,1.659,1.622,72537000000.0,76061000000.0,11657000000.0,11657000000.0,0.0,,,,,254000000.0,6695000000.0,1.0,1576760960.0,1542000000,1566000000.0,7.56,946712000000.0,0.0,736000000.0,0.0,613.951,
4,MS,MRQ,2020-06-30,2020-06-30,2020-06-30,2021-08-25,-1962000000.0,1115862000000.0,,,,,66.049,-428000000.0,105654000000.0,105654000000.0,0.0,3236000000.0,,9.95,232942000000.0,,,232942000000.0,0.0,686000000.0,310782000000.0,0.029,0.35,4315000000.0,5001000000.0,0.366,5001000000.0,4315000000.0,4315000000.0,1.98,1.96,1.98,101781000000.0,,101781000000.0,152509203154.0,13.0,10.495,-17238000000.0,-11.186,1.0,13660000000.0,1.0,16615000000.0,0.0,1226535000000.0,,0.0,874114000000.0,,,1012713000000.0,,,76104203154.0,-25233000000.0,0.0,-28000000.0,2721000000.0,-640000000.0,3645000000.0,-12510000000.0,-12037000000.0,-16810000000.0,442000000.0,3196000000.0,3047000000.0,3047000000.0,0.0,40000000.0,0.223,9066000000.0,4594000000.0,227437000000.0,0.177,0.748,8.666,8.625,0.0,149000000.0,48.3,1.717,1.679,97737000000.0,78694000000.0,13660000000.0,13660000000.0,0.0,,,,,394000000.0,7587000000.0,1.0,1575656380.0,1541000000,1557000000.0,8.864,1099247000000.0,0.0,1119000000.0,0.0,713.334,
5,MS,MRQ,2020-03-31,2020-03-31,2020-03-31,2021-08-25,-1962000000.0,1115862000000.0,,,,,65.454,-354000000.0,105654000000.0,105654000000.0,0.0,1780000000.0,,9.95,232942000000.0,,,232942000000.0,0.0,824000000.0,310782000000.0,0.04,0.35,2064000000.0,2888000000.0,0.295,2888000000.0,2064000000.0,2064000000.0,1.02,1.01,1.02,101781000000.0,,101781000000.0,179529401510.0,18.0,13.743,23482000000.0,15.101,1.0,9779000000.0,1.0,16615000000.0,0.0,1226535000000.0,,0.0,874114000000.0,,,1012713000000.0,,,54375401510.0,49338000000.0,0.0,-1782000000.0,5893000000.0,-688000000.0,47954000000.0,-21108000000.0,-20661000000.0,23836000000.0,-1344000000.0,1698000000.0,1590000000.0,1590000000.0,0.0,82000000.0,0.163,7226000000.0,2553000000.0,227437000000.0,0.343,0.534,7.002,6.996,0.0,108000000.0,34.0,1.329,1.292,97737000000.0,78694000000.0,9779000000.0,9779000000.0,0.0,,,,,154000000.0,5792000000.0,1.0,1599276515.0,1555000000,1573000000.0,6.289,1099247000000.0,0.0,366000000.0,0.0,706.911,
6,MS,MRQ,2019-12-31,2019-12-31,2019-12-31,2021-08-25,-2788000000.0,895429000000.0,,,,,51.876,-366000000.0,82171000000.0,82171000000.0,0.0,2305000000.0,,9.966,207325000000.0,,,207325000000.0,0.0,656000000.0,190356000000.0,0.025,0.35,2667000000.0,3323000000.0,0.306,3323000000.0,2667000000.0,2667000000.0,1.32,1.3,1.32,81549000000.0,,81549000000.0,206581724392.0,19.0,15.025,-502000000.0,-0.319,1.0,10857000000.0,1.0,9250000000.0,0.0,1011333000000.0,,0.0,728245000000.0,,,812732000000.0,,,82742724392.0,2515000000.0,0.0,-1507000000.0,1033000000.0,-545000000.0,9214000000.0,-7840000000.0,-7369000000.0,-136000000.0,1277000000.0,2239000000.0,2085000000.0,2085000000.0,0.0,66000000.0,0.192,8124000000.0,2733000000.0,197834000000.0,0.265,1.015,9.721,9.719,0.0,154000000.0,51.12,1.998,1.996,55646000000.0,70589000000.0,10857000000.0,10857000000.0,0.0,,,,,328000000.0,6925000000.0,1.0,1618597895.0,1572000000,1601000000.0,6.906,886179000000.0,0.0,428000000.0,0.0,563.727,
7,MS,MRQ,2019-09-30,2019-09-30,2019-09-30,2021-08-25,-2788000000.0,895429000000.0,,,,,50.841,-452000000.0,82171000000.0,82171000000.0,0.0,2218000000.0,,9.966,207325000000.0,,,207325000000.0,0.0,654000000.0,190356000000.0,0.029,0.35,2665000000.0,3319000000.0,0.331,3319000000.0,2665000000.0,2665000000.0,1.28,1.27,1.28,81549000000.0,,81549000000.0,200772607530.0,20.0,15.777,12885000000.0,8.033,1.0,10032000000.0,1.0,9250000000.0,0.0,1011333000000.0,,0.0,728245000000.0,,,812732000000.0,,,70523607530.0,76000000.0,0.0,-1538000000.0,-5674000000.0,-670000000.0,-3919000000.0,-7899000000.0,-7375000000.0,13337000000.0,-1443000000.0,2173000000.0,2060000000.0,2060000000.0,0.0,45000000.0,0.205,7322000000.0,2710000000.0,197834000000.0,0.273,0.865,9.055,8.983,0.0,113000000.0,42.67,1.803,1.75,55646000000.0,70589000000.0,10032000000.0,10032000000.0,0.0,,,,,233000000.0,6025000000.0,1.0,1652767929.0,1604000000,1627000000.0,6.254,886179000000.0,0.0,492000000.0,0.0,552.481,
8,MS,MRQ,2019-06-30,2019-06-30,2019-06-30,2021-08-25,-2788000000.0,895429000000.0,,,,,49.908,-479000000.0,82171000000.0,82171000000.0,0.0,2246000000.0,,9.966,207325000000.0,,,207325000000.0,0.0,675000000.0,190356000000.0,0.027,0.3,2858000000.0,3533000000.0,0.345,3533000000.0,2858000000.0,2858000000.0,1.24,1.23,1.24,81549000000.0,,81549000000.0,191750695855.0,18.0,15.119,10052000000.0,6.152,1.0,10244000000.0,1.0,9250000000.0,0.0,1011333000000.0,,0.0,728245000000.0,,,812732000000.0,,,73698695855.0,-1102000000.0,0.0,-1264000000.0,3804000000.0,-749000000.0,-1397000000.0,-10595000000.0,-9352000000.0,10531000000.0,359000000.0,2201000000.0,2031000000.0,2031000000.0,0.0,45000000.0,0.198,7341000000.0,2903000000.0,197834000000.0,0.242,0.904,9.513,9.401,0.0,170000000.0,43.81,1.892,1.838,55646000000.0,70589000000.0,10244000000.0,10244000000.0,0.0,,,,,299000000.0,6121000000.0,1.0,1682234555.0,1634000000,1655000000.0,6.269,886179000000.0,0.0,657000000.0,0.0,542.337,
9,MS,MRQ,2019-03-31,2019-03-31,2019-03-31,2021-08-25,-2788000000.0,895429000000.0,,,,,49.185,-529000000.0,82171000000.0,82171000000.0,0.0,2468000000.0,,9.966,207325000000.0,,,207325000000.0,0.0,658000000.0,190356000000.0,0.027,0.3,2916000000.0,3574000000.0,0.347,3574000000.0,2916000000.0,2916000000.0,1.41,1.39,1.41,81549000000.0,,81549000000.0,184042835327.0,17.0,14.442,16512000000.0,9.959,1.0,10286000000.0,1.0,9250000000.0,0.0,1011333000000.0,,0.0,728245000000.0,,,812732000000.0,,,72110835327.0,-6514000000.0,0.0,-1645000000.0,-5411000000.0,-663000000.0,-15864000000.0,-7227000000.0,-6686000000.0,17041000000.0,-464000000.0,2429000000.0,2336000000.0,2336000000.0,0.0,39000000.0,0.227,7331000000.0,2955000000.0,197834000000.0,0.213,0.884,9.033,8.903,0.0,93000000.0,42.2,1.834,1.78,55646000000.0,70589000000.0,10286000000.0,10286000000.0,0.0,,,,,293000000.0,6185000000.0,1.0,1708787567.0,1658000000,1677000000.0,6.204,886179000000.0,0.0,487000000.0,0.0,534.487,
10,MS,MRQ,2018-12-31,2018-12-31,2018-12-31,2021-08-25,-2292000000.0,853531000000.0,,,,,47.908,-504000000.0,87196000000.0,87196000000.0,0.0,1558000000.0,,9.622,199128000000.0,,,199128000000.0,0.0,469000000.0,187820000000.0,0.028,0.3,1831000000.0,2300000000.0,0.269,2300000000.0,1831000000.0,1831000000.0,0.82,0.81,0.82,80246000000.0,,80246000000.0,176669136670.0,16.0,13.651,-7683000000.0,-4.587,1.0,8548000000.0,1.0,8851000000.0,0.0,956612000000.0,,0.0,688545000000.0,,,772125000000.0,,,68204136670.0,-5285000000.0,0.0,-1186000000.0,-72000000.0,-587000000.0,10843000000.0,-8815000000.0,-8258000000.0,-7179000000.0,-134000000.0,1531000000.0,1361000000.0,1361000000.0,-1000000.0,27000000.0,0.159,6691000000.0,1857000000.0,179559000000.0,0.366,0.85,8.295,8.243,0.0,170000000.0,39.65,1.701,1.689,53298000000.0,64175000000.0,8548000000.0,8548000000.0,0.0,,,,,177000000.0,5499000000.0,1.0,1720154771.0,1675000000,1705000000.0,5.103,844680000000.0,0.0,300000000.0,0.0,504.287,
11,MS,MRQ,2018-09-30,2018-09-30,2018-09-30,2021-08-25,-2292000000.0,853531000000.0,,,,,47.287,-453000000.0,87196000000.0,87196000000.0,0.0,2154000000.0,,9.622,199128000000.0,,,199128000000.0,0.0,468000000.0,187820000000.0,0.023,0.3,2808000000.0,3276000000.0,0.332,3276000000.0,2808000000.0,2808000000.0,1.19,1.17,1.19,80246000000.0,,80246000000.0,201799856748.0,17.0,14.939,14112000000.0,8.316,1.0,9872000000.0,1.0,8851000000.0,0.0,956612000000.0,,0.0,688545000000.0,,,772125000000.0,,,81254856748.0,10892000000.0,0.0,-1207000000.0,1146000000.0,-673000000.0,1536000000.0,-4763000000.0,-4212000000.0,14565000000.0,-446000000.0,2112000000.0,2019000000.0,2019000000.0,1000000.0,42000000.0,0.205,7021000000.0,2851000000.0,179559000000.0,0.252,1.013,11.079,10.906,0.0,93000000.0,46.57,1.979,1.925,53298000000.0,64175000000.0,9872000000.0,9872000000.0,0.0,,,,,217000000.0,5896000000.0,1.0,1744789709.0,1697000000,1727000000.0,5.817,844680000000.0,0.0,696000000.0,0.0,497.749,
12,MS,MRQ,2018-06-30,2018-06-30,2018-06-30,2021-08-25,-2292000000.0,853531000000.0,,,,,46.655,-498000000.0,87196000000.0,87196000000.0,0.0,2467000000.0,,9.622,199128000000.0,,,199128000000.0,0.0,517000000.0,187820000000.0,0.021,0.25,3077000000.0,3594000000.0,0.339,3594000000.0,3077000000.0,3077000000.0,1.32,1.3,1.32,80246000000.0,,80246000000.0,201805344809.0,18.0,15.334,-13227000000.0,-7.69,1.0,10610000000.0,1.0,8851000000.0,0.0,956612000000.0,,0.0,688545000000.0,,,772125000000.0,,,83910344809.0,-5755000000.0,0.0,-1305000000.0,1086000000.0,-516000000.0,11463000000.0,-2381000000.0,-1900000000.0,-12729000000.0,-2108000000.0,2437000000.0,2267000000.0,2267000000.0,2000000.0,30000000.0,0.214,7501000000.0,3109000000.0,179559000000.0,0.189,1.046,11.982,11.762,0.0,170000000.0,47.4,2.078,2.019,53298000000.0,64175000000.0,10610000000.0,10610000000.0,0.0,,,,,205000000.0,6222000000.0,1.0,1770260439.0,1720000000,1748000000.0,6.169,844680000000.0,0.0,640000000.0,0.0,491.093,
13,MS,MRQ,2018-03-31,2018-03-31,2018-03-31,2021-08-25,-3406000000.0,858495000000.0,,,,,44.847,-410000000.0,87344000000.0,87344000000.0,0.0,2704000000.0,,9.983,205239000000.0,,,205239000000.0,0.0,390000000.0,160424000000.0,0.018,0.25,3382000000.0,3772000000.0,0.341,3772000000.0,3382000000.0,3382000000.0,1.48,1.45,1.48,78034000000.0,,78034000000.0,220146031096.0,20.0,17.437,12238000000.0,7.033,1.0,11077000000.0,1.0,9133000000.0,0.0,967257000000.0,,0.0,678901000000.0,,,779006000000.0,,,96688031096.0,6949000000.0,0.0,-1868000000.0,1892000000.0,-599000000.0,363000000.0,-6922000000.0,-6348000000.0,12648000000.0,860000000.0,2668000000.0,2575000000.0,2575000000.0,2000000.0,36000000.0,0.232,7657000000.0,3420000000.0,194924000000.0,0.169,1.239,15.291,14.989,0.0,93000000.0,53.96,2.462,2.39,66835000000.0,60009000000.0,11077000000.0,11077000000.0,0.0,,,,,321000000.0,6378000000.0,1.0,1791846388.0,1740000000,1771000000.0,6.366,849362000000.0,0.0,714000000.0,0.0,488.139,
14,MS,MRQ,2017-12-31,2017-12-31,2017-12-31,2021-08-25,-3060000000.0,851733000000.0,,,,,44.148,-452000000.0,80395000000.0,80395000000.0,0.0,663000000.0,,9.992,203853000000.0,,,203853000000.0,0.0,413000000.0,159436000000.0,0.017,0.25,2453000000.0,2866000000.0,0.302,2866000000.0,2453000000.0,2453000000.0,0.28,0.28,0.28,77391000000.0,,77391000000.0,253677468978.0,25.0,21.084,3592000000.0,2.049,1.0,9500000000.0,1.0,9045000000.0,0.0,966146000000.0,,0.0,689478000000.0,,,773267000000.0,,,94860468978.0,-527000000.0,0.0,-1284000000.0,-4406000000.0,-523000000.0,-1272000000.0,-3563000000.0,-2937000000.0,4044000000.0,264000000.0,643000000.0,473000000.0,473000000.0,-2000000.0,20000000.0,0.05,7029000000.0,2471000000.0,191510000000.0,0.893,1.226,16.976,16.71,0.0,170000000.0,52.47,2.5,2.461,56187000000.0,57577000000.0,9500000000.0,9500000000.0,0.0,,,,,251000000.0,5826000000.0,1.0,1807899161.0,1753000000,1794000000.0,5.419,842688000000.0,0.0,1810000000.0,0.0,480.712,
15,MS,MRQ,2017-09-30,2017-09-30,2017-09-30,2021-08-25,-2544000000.0,853693000000.0,,,,,44.47,-454000000.0,48191000000.0,48191000000.0,0.0,1791000000.0,,9.795,207008000000.0,,,207008000000.0,0.0,451000000.0,154639000000.0,0.018,0.25,2478000000.0,2929000000.0,0.318,2929000000.0,2478000000.0,2478000000.0,0.95,0.93,0.95,78978000000.0,,78978000000.0,245479091885.0,24.0,20.844,5156000000.0,2.903,1.0,9197000000.0,1.0,9081000000.0,0.0,1003429000000.0,,0.0,691603000000.0,,,773579000000.0,,,88468091885.0,6092000000.0,0.0,-1299000000.0,2451000000.0,-608000000.0,10168000000.0,-11523000000.0,-11031000000.0,5610000000.0,1837000000.0,1781000000.0,1688000000.0,1688000000.0,-6000000.0,10000000.0,0.184,6715000000.0,2482000000.0,198792000000.0,0.263,1.12,13.356,13.054,0.0,93000000.0,48.17,2.361,2.283,54388000000.0,57554000000.0,9197000000.0,9197000000.0,0.0,,,,,257000000.0,5620000000.0,1.0,1836580691.0,1776000000,1818000000.0,5.178,844612000000.0,0.0,697000000.0,0.0,475.57,
16,MS,MRQ,2017-06-30,2017-06-30,2017-06-30,2021-08-25,-2488000000.0,841016000000.0,,,,,44.012,-373000000.0,44659000000.0,44659000000.0,0.0,1791000000.0,,9.655,201670000000.0,,,201670000000.0,0.0,455000000.0,144913000000.0,0.018,0.2,2603000000.0,3058000000.0,0.322,3058000000.0,2603000000.0,2603000000.0,0.89,0.87,0.89,78826000000.0,,78826000000.0,225234291936.0,23.0,19.297,-14622000000.0,-8.164,1.0,9503000000.0,1.0,9158000000.0,0.0,988869000000.0,,0.0,684147000000.0,,,761049000000.0,,,82426291936.0,-4051000000.0,0.0,-548000000.0,12879000000.0,-443000000.0,4643000000.0,4863000000.0,5336000000.0,-14249000000.0,692000000.0,1757000000.0,1587000000.0,1587000000.0,5000000.0,34000000.0,0.167,6861000000.0,2642000000.0,197055000000.0,0.225,1.046,12.771,12.482,0.0,170000000.0,44.56,2.217,2.147,54917000000.0,56325000000.0,9503000000.0,9503000000.0,0.0,,,,,249000000.0,5734000000.0,1.0,1849782135.0,1791000000,1830000000.0,5.306,831858000000.0,0.0,846000000.0,0.0,464.466,
17,MS,MRQ,2017-03-31,2017-03-31,2017-03-31,2021-08-25,-2450000000.0,832391000000.0,,,,,43.267,-350000000.0,42854000000.0,42854000000.0,0.0,1971000000.0,,9.667,185662000000.0,,,185662000000.0,0.0,434000000.0,152109000000.0,0.018,0.2,2745000000.0,3179000000.0,0.326,3179000000.0,2745000000.0,2745000000.0,1.02,1.0,1.02,77924000000.0,,77924000000.0,213399504273.0,22.0,18.568,-260000000.0,-0.144,1.0,9745000000.0,1.0,9232000000.0,0.0,965967000000.0,,0.0,678059000000.0,,,753307000000.0,,,79946504273.0,1521000000.0,0.0,-1161000000.0,7094000000.0,-511000000.0,2722000000.0,-2168000000.0,-1879000000.0,90000000.0,877000000.0,1930000000.0,1840000000.0,1840000000.0,22000000.0,41000000.0,0.189,6937000000.0,2808000000.0,189544000000.0,0.196,1.026,12.706,12.453,0.0,90000000.0,42.84,2.185,2.109,48344000000.0,55109000000.0,9745000000.0,9745000000.0,0.0,,,,,269000000.0,5884000000.0,1.0,1866164899.0,1801000000,1842000000.0,5.411,823159000000.0,0.0,815000000.0,0.0,457.057,
18,MS,MRQ,2016-12-31,2016-12-31,2016-12-31,2021-08-25,-2643000000.0,814949000000.0,,,,,42.086,-335000000.0,77360000000.0,77360000000.0,0.0,1680000000.0,,9.701,176834000000.0,,,176834000000.0,0.0,379000000.0,155863000000.0,0.017,0.2,2232000000.0,2611000000.0,0.289,2611000000.0,2232000000.0,2232000000.0,0.83,0.81,0.83,76050000000.0,,76050000000.0,211227699460.0,24.0,20.231,-2817000000.0,-1.559,1.0,9021000000.0,1.0,9298000000.0,0.0,905125000000.0,,0.0,663685000000.0,,,737772000000.0,,,79126699460.0,3339000000.0,0.0,-1025000000.0,10248000000.0,-435000000.0,12825000000.0,-4520000000.0,-4409000000.0,-2482000000.0,-2484000000.0,1666000000.0,1509000000.0,1509000000.0,0.0,14000000.0,0.167,6775000000.0,2246000000.0,190513000000.0,0.241,1.04,14.366,14.178,0.0,157000000.0,42.25,2.285,2.256,46460000000.0,53679000000.0,9021000000.0,9021000000.0,0.0,,,,,342000000.0,5601000000.0,1.0,1872821289.0,1807000000,1854000000.0,4.992,805651000000.0,0.0,566000000.0,0.0,445.85,
19,MS,MRQ,2016-09-30,2016-09-30,2016-09-30,2021-08-25,-1070000000.0,813891000000.0,,,,,41.974,-296000000.0,42552000000.0,42552000000.0,0.0,1640000000.0,,9.533,174653000000.0,,,174653000000.0,0.0,478000000.0,151843000000.0,0.02,0.2,2346000000.0,2824000000.0,0.317,2824000000.0,2346000000.0,2346000000.0,0.83,0.81,0.83,77149000000.0,,77149000000.0,179432594456.0,23.0,18.606,-8739000000.0,-4.755,1.0,8909000000.0,1.0,9331000000.0,0.0,936661000000.0,,0.0,661474000000.0,,,735429000000.0,,,61292594456.0,-13581000000.0,0.0,-1279000000.0,-251000000.0,-520000000.0,-2904000000.0,-2574000000.0,-2380000000.0,-8443000000.0,340000000.0,1597000000.0,1518000000.0,1518000000.0,-8000000.0,43000000.0,0.17,6528000000.0,2381000000.0,194007000000.0,0.241,0.794,12.901,12.573,0.0,79000000.0,32.06,1.838,1.767,51411000000.0,52545000000.0,8909000000.0,8909000000.0,0.0,,,,,302000000.0,5511000000.0,1.0,1911808935.0,1838000000,1879000000.0,4.847,804560000000.0,0.0,749000000.0,0.0,437.737,
20,MS,MRQ,2016-06-30,2016-06-30,2016-06-30,2021-08-25,-905000000.0,828873000000.0,,,,,41.327,-330000000.0,56133000000.0,56133000000.0,0.0,1646000000.0,,9.732,174273000000.0,,,174273000000.0,0.0,464000000.0,152693000000.0,0.023,0.15,2415000000.0,2879000000.0,0.323,2879000000.0,2415000000.0,2415000000.0,0.76,0.75,0.76,77116000000.0,,77116000000.0,169914892847.0,24.0,19.689,11801000000.0,6.324,1.0,8909000000.0,1.0,9414000000.0,0.0,937599000000.0,,0.0,658973000000.0,,,750498000000.0,,,50323892847.0,2495000000.0,0.0,-653000000.0,-463000000.0,-355000000.0,-6407000000.0,-3298000000.0,-2978000000.0,12131000000.0,69000000.0,1582000000.0,1425000000.0,1425000000.0,4000000.0,64000000.0,0.16,6426000000.0,2483000000.0,201189000000.0,0.197,0.653,12.062,11.756,0.0,157000000.0,25.98,1.563,1.505,52827000000.0,51410000000.0,8909000000.0,8909000000.0,0.0,,,,,275000000.0,5474000000.0,1.0,1937024359.0,1866000000,1899000000.0,4.774,819459000000.0,0.0,833000000.0,0.0,439.153,
21,MS,MRQ,2016-03-31,2016-03-31,2016-03-31,2021-08-25,-1238000000.0,807497000000.0,,,,,40.366,-315000000.0,53638000000.0,53638000000.0,0.0,1157000000.0,,9.608,173229000000.0,,,173229000000.0,0.0,415000000.0,157591000000.0,0.024,0.15,1712000000.0,2127000000.0,0.273,2127000000.0,1712000000.0,1712000000.0,0.56,0.55,0.56,76010000000.0,,76010000000.0,128836806913.0,18.0,14.666,3862000000.0,2.051,1.0,7792000000.0,1.0,9495000000.0,0.0,917593000000.0,,0.0,648544000000.0,,,730322000000.0,,,48983806913.0,-445000000.0,0.0,-976000000.0,3829000000.0,-436000000.0,3849000000.0,-9116000000.0,-8665000000.0,4177000000.0,645000000.0,1134000000.0,1055000000.0,1055000000.0,3000000.0,23000000.0,0.135,6054000000.0,1738000000.0,194003000000.0,0.268,0.644,11.102,10.78,0.0,79000000.0,25.01,1.483,1.425,44762000000.0,50272000000.0,7792000000.0,7792000000.0,0.0,,,,,217000000.0,5102000000.0,1.0,1958568849.0,1883000000,1915000000.0,4.138,798002000000.0,0.0,578000000.0,0.0,423.793,
22,MS,MRQ,2015-12-31,2015-12-31,2015-12-31,2021-08-25,-1656000000.0,787465000000.0,,,,,39.821,-409000000.0,54083000000.0,54083000000.0,0.0,936000000.0,,9.461,165405000000.0,,,165405000000.0,0.0,410000000.0,156034000000.0,0.017,0.15,1404000000.0,1814000000.0,0.234,1814000000.0,1404000000.0,1404000000.0,0.4,0.39,0.4,75182000000.0,,75182000000.0,145017284136.0,17.0,14.858,3091000000.0,1.637,1.0,7738000000.0,1.0,9568000000.0,0.0,889219000000.0,,0.0,627320000000.0,,,711281000000.0,,,61591284136.0,-8573000000.0,998000000.0,-638000000.0,-6153000000.0,-359000000.0,1492000000.0,-12597000000.0,-13145000000.0,3500000000.0,-968000000.0,908000000.0,753000000.0,753000000.0,7000000.0,28000000.0,0.097,6299000000.0,1439000000.0,186626000000.0,0.375,0.819,10.861,10.71,0.0,155000000.0,31.81,1.752,1.727,45407000000.0,49204000000.0,7738000000.0,7738000000.0,0.0,,,,,268000000.0,5297000000.0,1.0,1936223959.0,1888000000,1938000000.0,4.099,777897000000.0,0.0,496000000.0,0.0,412.022,
23,MS,MRQ,2015-09-30,2015-09-30,2015-09-30,2021-08-25,-1419000000.0,834113000000.0,,,,,39.541,-344000000.0,89070000000.0,89070000000.0,0.0,1049000000.0,,10.064,172496000000.0,,,172496000000.0,0.0,369000000.0,147226000000.0,0.016,0.15,1441000000.0,1810000000.0,0.233,1810000000.0,1441000000.0,1441000000.0,0.49,0.48,0.49,75287000000.0,,75287000000.0,154419642935.0,39.0,28.724,146000000.0,0.077,1.0,7767000000.0,1.0,9656000000.0,0.0,907883000000.0,,0.0,669898000000.0,,,757693000000.0,,,61531642935.0,7159000000.0,0.0,-662000000.0,61000000.0,-423000000.0,6958000000.0,-64000000.0,244000000.0,490000000.0,-225000000.0,1018000000.0,939000000.0,939000000.0,2000000.0,31000000.0,0.121,6293000000.0,1474000000.0,193775000000.0,0.306,0.817,19.398,18.976,6259000000.0,79000000.0,31.5,1.749,1.705,50070000000.0,48746000000.0,7767000000.0,7767000000.0,0.0,,,,,225000000.0,4959000000.0,1.0,1953385490.0,1904000000,1949000000.0,4.079,824457000000.0,0.0,423000000.0,0.0,433.013,
24,MS,MRQ,2015-06-30,2015-06-30,2015-06-30,2021-08-25,-1447000000.0,825755000000.0,,,,,39.103,-300000000.0,80011000000.0,80011000000.0,0.0,1831000000.0,,9.991,172899000000.0,,,172899000000.0,0.0,333000000.0,139203000000.0,0.012,0.15,2701000000.0,3034000000.0,0.311,3034000000.0,2701000000.0,2701000000.0,0.87,0.85,0.87,75038000000.0,,75038000000.0,166415339688.0,36.0,28.408,4302000000.0,2.242,1.0,9743000000.0,1.0,9745000000.0,0.0,908898000000.0,,0.0,662697000000.0,,,749688000000.0,,,76417339688.0,6066000000.0,0.0,-634000000.0,3505000000.0,-363000000.0,5753000000.0,-4429000000.0,-3984000000.0,4602000000.0,140000000.0,1807000000.0,1665000000.0,1665000000.0,2000000.0,24000000.0,0.171,7016000000.0,2727000000.0,181494000000.0,0.172,1.018,19.787,19.203,6182000000.0,142000000.0,38.79,2.104,2.049,57115000000.0,48106000000.0,9743000000.0,9743000000.0,0.0,,,,,316000000.0,5971000000.0,1.0,1970026803.0,1919000000,1960000000.0,5.077,816010000000.0,0.0,894000000.0,0.0,425.227,
25,MS,MRQ,2015-03-31,2015-03-31,2015-03-31,2021-08-25,-1266000000.0,829099000000.0,,,,,38.543,-320000000.0,80633000000.0,80633000000.0,0.0,2463000000.0,,10.162,170631000000.0,,,170631000000.0,0.0,321000000.0,135815000000.0,0.011,0.1,2781000000.0,3102000000.0,0.313,3102000000.0,2781000000.0,2781000000.0,1.2,1.18,1.2,74162000000.0,,74162000000.0,150072314651.0,39.0,29.871,-13375000000.0,-6.951,1.0,9907000000.0,1.0,9661000000.0,0.0,909436000000.0,,0.0,665571000000.0,,,753633000000.0,,,70545314651.0,-6691000000.0,0.0,-839000000.0,7022000000.0,-310000000.0,9951000000.0,-2905000000.0,-2633000000.0,-13055000000.0,-682000000.0,2394000000.0,2314000000.0,2314000000.0,5000000.0,69000000.0,0.234,7052000000.0,2855000000.0,190175000000.0,0.083,0.951,17.562,17.077,6141000000.0,80000000.0,35.69,2.005,1.952,56733000000.0,46740000000.0,9907000000.0,9907000000.0,0.0,,,,,295000000.0,5917000000.0,1.0,1976612907.0,1924122199,1962996441.0,5.149,819438000000.0,0.0,387000000.0,0.0,425.876,
26,MS,MRQ,2014-12-31,2014-12-31,2014-12-31,2021-08-25,-1248000000.0,801510000000.0,,,,,36.918,-459000000.0,87591000000.0,87591000000.0,0.0,-1586000000.0,,10.288,167118000000.0,,,167118000000.0,0.0,413000000.0,133544000000.0,0.009,0.1,-2983000000.0,-2570000000.0,-0.331,-2570000000.0,-2983000000.0,-2983000000.0,-0.9,-0.89,-0.9,70900000000.0,,70900000000.0,141151244470.0,42.0,31.104,-7064000000.0,-3.678,1.0,7764000000.0,1.0,9747000000.0,0.0,871290000000.0,,0.0,638361000000.0,,,729406000000.0,,,75947244470.0,-8842000000.0,27000000.0,-286000000.0,1876000000.0,-252000000.0,10189000000.0,-11561000000.0,-11180000000.0,-6605000000.0,-865000000.0,-1630000000.0,-1746000000.0,-1746000000.0,8000000.0,44000000.0,-0.225,10695000000.0,-2931000000.0,181069000000.0,-0.111,1.071,24.095,23.659,6108000000.0,116000000.0,38.8,2.216,2.178,48961000000.0,44625000000.0,7764000000.0,7764000000.0,0.0,,,,,327000000.0,6669000000.0,1.0,1957403208.0,1920483676,1973726490.0,4.043,791763000000.0,0.0,-1353000000.0,0.0,412.273,
27,MS,MRQ,2014-09-30,2014-09-30,2014-09-30,2021-08-25,-1115000000.0,814511000000.0,,,,,37.919,-120000000.0,100932000000.0,100932000000.0,0.0,1752000000.0,,10.155,166136000000.0,,,166136000000.0,0.0,136000000.0,124382000000.0,0.009,0.1,2156000000.0,2292000000.0,0.257,2292000000.0,2156000000.0,2156000000.0,0.85,0.83,0.85,72918000000.0,,72918000000.0,147548160191.0,24.0,20.399,1744000000.0,0.907,1.0,8907000000.0,1.0,9643000000.0,0.0,870072000000.0,,0.0,634744000000.0,,,740500000000.0,,,67873160191.0,14941000000.0,795000000.0,-208000000.0,6373000000.0,-265000000.0,13797000000.0,346000000.0,-453000000.0,1864000000.0,-1066000000.0,1693000000.0,1629000000.0,1629000000.0,5000000.0,59000000.0,0.183,6687000000.0,2220000000.0,181899000000.0,0.118,0.931,13.756,13.504,5642000000.0,64000000.0,34.57,1.976,1.935,54839000000.0,46573000000.0,8907000000.0,8907000000.0,0.0,,,,,304000000.0,5642000000.0,1.0,1963354359.0,1922995835,1970922473.0,4.632,804868000000.0,0.0,463000000.0,0.0,418.549,
28,MS,MRQ,2014-06-30,2014-06-30,2014-06-30,2021-08-25,-733000000.0,826568000000.0,,,,,36.694,-415000000.0,85598000000.0,85598000000.0,0.0,1917000000.0,,10.662,165273000000.0,,,165273000000.0,0.0,286000000.0,117695000000.0,0.008,0.1,1914000000.0,2200000000.0,0.256,2200000000.0,1914000000.0,1914000000.0,0.94,0.92,0.94,70755000000.0,,70755000000.0,133297954547.0,26.0,20.264,631000000.0,0.327,1.0,8608000000.0,1.0,9737000000.0,0.0,896506000000.0,,0.0,661114000000.0,,,754367000000.0,,,63731954547.0,-14539000000.0,32000000.0,-292000000.0,-3522000000.0,-244000000.0,-1362000000.0,-14291000000.0,-13561000000.0,1046000000.0,68000000.0,1899000000.0,1820000000.0,1820000000.0,0.0,18000000.0,0.211,6676000000.0,1932000000.0,178883000000.0,0.106,0.901,15.229,14.899,5911000000.0,79000000.0,32.33,1.908,1.866,54557000000.0,45145000000.0,8608000000.0,8608000000.0,0.0,,,,,318000000.0,5665000000.0,1.0,1971294604.0,1928250328,1969698239.0,4.464,816831000000.0,0.0,15000000.0,0.0,423.613,
29,MS,MRQ,2014-03-31,2014-03-31,2014-03-31,2021-08-25,-968000000.0,831381000000.0,,,,,34.855,2000000.0,99075000000.0,99075000000.0,0.0,1584000000.0,,11.348,168641000000.0,,,168641000000.0,0.0,326000000.0,116648000000.0,0.006,0.05,2290000000.0,2616000000.0,0.291,2616000000.0,2290000000.0,2290000000.0,0.75,0.74,0.75,67071000000.0,,67071000000.0,132427741062.0,28.0,21.06,4783000000.0,2.486,1.0,8996000000.0,1.0,9811000000.0,0.0,891136000000.0,,0.0,646663000000.0,,,761113000000.0,,,61581741062.0,-4459000000.0,135000000.0,-672000000.0,-3160000000.0,-143000000.0,519000000.0,-9818000000.0,-9914000000.0,4781000000.0,59000000.0,1505000000.0,1449000000.0,1449000000.0,1000000.0,79000000.0,0.161,6626000000.0,2370000000.0,175998000000.0,0.067,0.918,19.439,18.891,5778000000.0,56000000.0,31.17,1.849,1.801,60506000000.0,43522000000.0,8996000000.0,8996000000.0,0.0,,,,,311000000.0,5691000000.0,1.0,1975673438.0,1924270160,1969652798.0,4.675,821570000000.0,0.0,785000000.0,0.0,426.951,
30,MS,MRQ,2013-12-31,2013-12-31,2013-12-31,2021-08-25,-1093000000.0,832702000000.0,,,,,34.604,-372000000.0,99086000000.0,99086000000.0,0.0,173000000.0,,11.585,169932000000.0,,,169932000000.0,0.0,427000000.0,112379000000.0,0.006,0.05,-302000000.0,125000000.0,0.016,125000000.0,-302000000.0,-302000000.0,0.02,0.02,0.02,65921000000.0,,65921000000.0,140687035571.0,37.0,26.321,17817000000.0,9.353,1.0,7845000000.0,1.0,9881000000.0,0.0,893667000000.0,,0.0,650479000000.0,,,763672000000.0,,,61194035571.0,2102000000.0,1043000000.0,-240000000.0,-14007000000.0,-117000000.0,-6176000000.0,-10472000000.0,-10701000000.0,18189000000.0,96000000.0,84000000.0,36000000.0,36000000.0,11000000.0,89000000.0,0.005,8047000000.0,-202000000.0,157125000000.0,2.5,0.928,23.049,22.561,6019000000.0,48000000.0,31.36,1.883,1.839,57104000000.0,42172000000.0,7845000000.0,7845000000.0,0.0,,,,,330000000.0,5547000000.0,1.0,1951340420.0,1905002836,1969639521.0,4.118,822821000000.0,0.0,-386000000.0,0.0,431.926,
31,MS,MRQ,2013-09-30,2013-09-30,2013-09-30,2021-08-25,-1014000000.0,832223000000.0,,,,,34.11,-361000000.0,95173000000.0,95173000000.0,0.0,1018000000.0,,11.73,174666000000.0,,,174666000000.0,0.0,368000000.0,104807000000.0,0.006,0.05,1269000000.0,1637000000.0,0.206,1637000000.0,1269000000.0,1269000000.0,0.46,0.45,0.46,65128000000.0,,65128000000.0,147355629931.0,31.0,23.596,-1943000000.0,-1.018,1.0,7956000000.0,1.0,10105000000.0,0.0,901611000000.0,,0.0,652540000000.0,,,763982000000.0,,,52782629931.0,10582000000.0,-46000000.0,-137000000.0,-4725000000.0,-119000000.0,19198000000.0,-7386000000.0,-6995000000.0,-1582000000.0,437000000.0,906000000.0,880000000.0,880000000.0,-16000000.0,112000000.0,0.111,6591000000.0,1365000000.0,152091000000.0,0.109,0.81,16.557,16.138,6008000000.0,26000000.0,26.95,1.668,1.626,57710000000.0,42237000000.0,7956000000.0,7956000000.0,0.0,,,,,291000000.0,5343000000.0,1.0,1958539144.0,1909350788,1964812610.0,4.167,822118000000.0,0.0,363000000.0,0.0,430.575,
32,MS,MRQ,2013-06-30,2013-06-30,2013-06-30,2021-08-25,-1169000000.0,802691000000.0,,,,,33.118,-320000000.0,82562000000.0,82562000000.0,0.0,1191000000.0,,11.658,177135000000.0,,,177135000000.0,0.0,356000000.0,81514000000.0,0.006,0.05,1554000000.0,1910000000.0,0.224,1910000000.0,1554000000.0,1554000000.0,0.42,0.41,0.42,63181000000.0,,63181000000.0,157581610549.0,80.0,45.217,13587000000.0,7.122,1.0,8515000000.0,1.0,10202000000.0,0.0,887062000000.0,,0.0,628693000000.0,,,736577000000.0,,,47885610549.0,4297000000.0,253000000.0,-8000000.0,-1659000000.0,-120000000.0,-6227000000.0,-3464000000.0,-3274000000.0,13907000000.0,-123000000.0,980000000.0,803000000.0,803000000.0,31000000.0,211000000.0,0.094,6719000000.0,1796000000.0,145555000000.0,0.119,0.758,37.974,37.015,5966000000.0,177000000.0,24.43,1.653,1.608,64473000000.0,41455000000.0,8515000000.0,8515000000.0,0.0,,,,,294000000.0,5568000000.0,1.0,1960115045.0,1907737175,1951362736.0,4.463,792489000000.0,0.0,574000000.0,0.0,415.408,
33,MS,MRQ,2013-03-31,2013-03-31,2013-03-31,2021-08-25,-694000000.0,801383000000.0,,,,,32.981,-263000000.0,74215000000.0,74215000000.0,0.0,1231000000.0,,11.727,183911000000.0,,,183911000000.0,0.0,360000000.0,80623000000.0,0.007,0.05,1295000000.0,1655000000.0,0.203,1655000000.0,1295000000.0,1295000000.0,0.49,0.48,0.49,62704000000.0,,62704000000.0,235834443455.0,190.0,83.987,4232000000.0,2.226,1.0,8150000000.0,1.0,10327000000.0,0.0,900752000000.0,,0.0,638358000000.0,,,735311000000.0,,,43108443455.0,-4002000000.0,-103000000.0,-306000000.0,-1134000000.0,-119000000.0,-4162000000.0,-3139000000.0,-3462000000.0,4495000000.0,-612000000.0,962000000.0,936000000.0,936000000.0,19000000.0,269000000.0,0.115,6567000000.0,1583000000.0,137127000000.0,0.102,0.687,42.18,40.704,5928000000.0,26000000.0,21.98,1.573,1.525,62271000000.0,40750000000.0,8150000000.0,8150000000.0,0.0,,,,,265000000.0,5613000000.0,1.0,1961257664.0,1901204729,1940264085.0,4.287,791056000000.0,0.0,333000000.0,0.0,416.081,
34,MS,MRQ,2012-12-31,2012-12-31,2012-12-31,2021-08-25,-516000000.0,780960000000.0,,,,,32.833,-447000000.0,77874000000.0,77874000000.0,0.0,788000000.0,,11.451,187436000000.0,,,187436000000.0,0.0,363000000.0,83266000000.0,0.008,0.0,680000000.0,1043000000.0,0.148,1043000000.0,680000000.0,680000000.0,0.3,0.3,0.3,62109000000.0,,62109000000.0,250910000943.0,-2698.0,168.622,1546000000.0,0.817,1.0,7032000000.0,1.0,10433000000.0,0.0,880089000000.0,,0.0,611908000000.0,,,711223000000.0,,,37749000943.0,10318000000.0,150000000.0,-5000000.0,-1578000000.0,-120000000.0,10712000000.0,-2271000000.0,-1796000000.0,1993000000.0,-77000000.0,594000000.0,569000000.0,569000000.0,66000000.0,194000000.0,0.081,6092000000.0,940000000.0,127722000000.0,0.0,0.608,-1258.3,-956.0,5946000000.0,25000000.0,19.12,1.442,1.377,64288000000.0,39912000000.0,7032000000.0,7032000000.0,0.0,,,,,-7000000.0,5209000000.0,1.0,1974320133.0,1891655455,2023803431.0,3.717,770527000000.0,0.0,86000000.0,0.0,407.329,
35,MS,MRQ,2012-09-30,2012-09-30,2012-09-30,2021-08-25,-146000000.0,764985000000.0,,,,,32.71,-429000000.0,65433000000.0,65433000000.0,0.0,-956000000.0,,11.324,278594000000.0,,,278594000000.0,0.0,425000000.0,70757000000.0,0.012,0.05,-1548000000.0,-1123000000.0,-0.213,-1123000000.0,-1548000000.0,-1548000000.0,-0.55,-0.55,-0.55,61799000000.0,,61799000000.0,237324991616.0,-180.0,2028.419,4871000000.0,2.578,1.0,5280000000.0,1.0,10527000000.0,0.0,967619000000.0,,0.0,608537000000.0,,,699815000000.0,,,33069991616.0,-5420000000.0,-40000000.0,-31000000.0,-2501000000.0,-119000000.0,-2070000000.0,-8875000000.0,-8382000000.0,5300000000.0,265000000.0,-1023000000.0,-1047000000.0,-1047000000.0,-2000000.0,67000000.0,-0.198,6763000000.0,-1483000000.0,127987000000.0,-0.091,0.535,-38.011,-31.585,6083000000.0,24000000.0,16.74,1.334,1.276,63578000000.0,39441000000.0,5280000000.0,5280000000.0,0.0,,,,,280000000.0,5421000000.0,1.0,1975507265.0,1889300631,1889300631.0,2.795,754458000000.0,0.0,-525000000.0,0.0,399.332,
36,MS,MRQ,2012-06-30,2012-06-30,2012-06-30,2021-08-25,-220000000.0,748517000000.0,,,,,33.334,-224000000.0,71424000000.0,71424000000.0,0.0,750000000.0,,10.771,275679000000.0,,,275679000000.0,0.0,418000000.0,68252000000.0,0.014,0.05,815000000.0,1233000000.0,0.178,1233000000.0,815000000.0,815000000.0,0.3,0.29,0.3,62841000000.0,,62841000000.0,248368750104.0,65.0,47.022,9242000000.0,4.902,1.0,6942000000.0,1.0,10597000000.0,0.0,942175000000.0,,0.0,592549000000.0,,,676880000000.0,,,28855750104.0,3281000000.0,1623000000.0,-8000000.0,-9477000000.0,-118000000.0,-7658000000.0,1786000000.0,404000000.0,9466000000.0,-400000000.0,591000000.0,564000000.0,564000000.0,-37000000.0,159000000.0,0.081,6005000000.0,937000000.0,126779000000.0,0.167,0.459,12.384,12.364,6343000000.0,27000000.0,14.59,0.984,0.938,56981000000.0,40586000000.0,6942000000.0,6942000000.0,0.0,,,,,246000000.0,5128000000.0,1.0,1977775881.0,1885179182,1911709377.0,3.682,737920000000.0,0.0,224000000.0,0.0,391.432,
37,MS,MRQ,2012-03-31,2012-03-31,2012-03-31,2021-08-25,-60000000.0,781030000000.0,,,,,33.205,-212000000.0,68877000000.0,68877000000.0,0.0,134000000.0,,11.399,288390000000.0,,,288390000000.0,0.0,375000000.0,66441000000.0,0.01,0.05,-40000000.0,335000000.0,0.048,335000000.0,-40000000.0,-40000000.0,-0.06,-0.06,-0.06,62324000000.0,,62324000000.0,239584390575.0,50.0,38.894,7788000000.0,4.149,1.0,6924000000.0,1.0,10870000000.0,0.0,989673000000.0,,0.0,628158000000.0,,,710438000000.0,,,38860390575.0,-8587000000.0,-534000000.0,-183000000.0,-13223000000.0,-112000000.0,-12881000000.0,-3265000000.0,-3053000000.0,8000000000.0,93000000.0,-94000000.0,-119000000.0,-119000000.0,14000000.0,228000000.0,-0.017,6722000000.0,202000000.0,133900000000.0,-0.833,0.624,32.169,39.28,6410000000.0,25000000.0,19.64,1.231,1.167,54943000000.0,40118000000.0,6924000000.0,6924000000.0,0.0,,,,,372000000.0,5835000000.0,1.0,1978634958.0,1876961836,1876961836.0,3.689,770160000000.0,0.0,54000000.0,0.0,410.323,
38,MS,MRQ,2011-12-31,2011-12-31,2011-12-31,2021-08-25,-157000000.0,749898000000.0,,,,,33.535,-216000000.0,76766000000.0,76766000000.0,0.0,-184000000.0,,10.956,277490000000.0,,,277490000000.0,0.0,217000000.0,65662000000.0,0.013,0.05,-545000000.0,-328000000.0,-0.058,-328000000.0,-545000000.0,-545000000.0,-0.22,-0.22,-0.22,62049000000.0,,62049000000.0,232420594257.0,42.0,33.548,4276000000.0,2.311,1.0,5636000000.0,1.0,10971000000.0,0.0,939651000000.0,,0.0,594929000000.0,,,679820000000.0,,,29161594257.0,-6595000000.0,20000000.0,-6000000.0,-4510000000.0,-120000000.0,-5547000000.0,-5235000000.0,-5400000000.0,4492000000.0,-454000000.0,-250000000.0,-268000000.0,-268000000.0,33000000.0,66000000.0,-0.048,6082000000.0,-446000000.0,123615000000.0,-0.227,0.47,14.108,12.104,6457000000.0,18000000.0,15.13,0.905,0.777,48669000000.0,40341000000.0,5636000000.0,5636000000.0,0.0,,,,,294000000.0,5259000000.0,1.0,1927402132.0,1850276126,1877198405.0,3.046,738927000000.0,0.0,-295000000.0,0.0,399.36,
39,MS,MRQ,2011-09-30,2011-09-30,2011-09-30,2021-08-25,-413000000.0,794939000000.0,,,,,33.452,-363000000.0,84771000000.0,84771000000.0,0.0,2293000000.0,,11.724,288030000000.0,,,288030000000.0,0.0,428000000.0,66184000000.0,0.015,0.05,3614000000.0,4042000000.0,0.412,4042000000.0,3614000000.0,3614000000.0,1.16,1.15,1.16,61828000000.0,,61828000000.0,258726148362.0,37.0,33.324,15701000000.0,8.495,1.0,9810000000.0,1.0,11079000000.0,0.0,987119000000.0,,0.0,624839000000.0,,,724845000000.0,,,26046148362.0,3160000000.0,108000000.0,-28000000.0,-2433000000.0,-120000000.0,-2349000000.0,-10387000000.0,-10024000000.0,16064000000.0,-276000000.0,2199000000.0,2153000000.0,2153000000.0,-23000000.0,94000000.0,0.219,6125000000.0,3685000000.0,152396000000.0,0.043,0.421,8.817,7.901,6511000000.0,46000000.0,13.51,0.766,0.734,54630000000.0,40710000000.0,9810000000.0,9810000000.0,0.0,,,,,278000000.0,5059000000.0,1.0,1927916237.0,1848246471,1868743943.0,5.308,783860000000.0,0.0,1415000000.0,0.0,424.11,
40,MS,MRQ,2011-06-30,2011-06-30,2011-06-30,2021-08-25,-320000000.0,830747000000.0,,,,,40.775,-316000000.0,76251000000.0,76251000000.0,0.0,1406000000.0,,12.772,308931000000.0,,,308931000000.0,0.0,380000000.0,65525000000.0,0.009,0.05,1731000000.0,2111000000.0,0.229,2111000000.0,1731000000.0,1731000000.0,-0.38,-0.38,-0.38,59707000000.0,,59707000000.0,265083583433.0,76.0,59.223,-4168000000.0,-2.846,1.0,9207000000.0,1.0,11218000000.0,0.0,1052209000000.0,,0.0,665355000000.0,,,762604000000.0,,,35542583433.0,-1861000000.0,-56000000.0,-10000000.0,-1707000000.0,-292000000.0,-68000000.0,2343000000.0,2659000000.0,-3852000000.0,-228000000.0,1193000000.0,-558000000.0,-558000000.0,26000000.0,213000000.0,-0.061,7237000000.0,1970000000.0,141616000000.0,-0.132,0.595,50.06,47.938,6399000000.0,1751000000.0,23.01,1.147,1.088,58492000000.0,38637000000.0,9207000000.0,9207000000.0,0.0,,,,,388000000.0,6079000000.0,1.0,1544658124.0,1464295984,1464295984.0,6.288,819529000000.0,0.0,538000000.0,0.0,559.674,
41,MS,MRQ,2011-03-31,2011-03-31,2011-03-31,2021-08-25,-426000000.0,836185000000.0,,,,,39.962,-409000000.0,74540000000.0,74540000000.0,0.0,1130000000.0,,13.228,304081000000.0,,,304081000000.0,0.0,379000000.0,63495000000.0,0.007,0.05,724000000.0,1103000000.0,0.146,1103000000.0,724000000.0,724000000.0,0.51,0.5,0.51,58186000000.0,,58186000000.0,410149660257.0,104.0,73.215,-1731000000.0,-1.189,1.0,7574000000.0,1.0,11324000000.0,0.0,1054402000000.0,,0.0,671467000000.0,,,769677000000.0,,,42226660257.0,4993000000.0,310000000.0,-273000000.0,3597000000.0,-302000000.0,2816000000.0,2545000000.0,2954000000.0,-1322000000.0,644000000.0,968000000.0,736000000.0,736000000.0,15000000.0,162000000.0,0.097,6673000000.0,901000000.0,132511000000.0,0.098,0.726,14.837,13.262,6366000000.0,232000000.0,27.32,1.42,1.338,58930000000.0,39269000000.0,7574000000.0,7574000000.0,0.0,,,,,340000000.0,5667000000.0,1.0,1545631781.0,1456015979,1472307592.0,5.202,824861000000.0,0.0,-244000000.0,0.0,566.519,
42,MS,MRQ,2010-12-31,2010-12-31,2010-12-31,2021-08-25,-467000000.0,807698000000.0,,,,,39.808,-401000000.0,66795000000.0,66795000000.0,0.0,1066000000.0,,12.975,287120000000.0,,,287120000000.0,0.0,-418000000.0,63812000000.0,0.007,0.05,926000000.0,508000000.0,0.069,508000000.0,926000000.0,926000000.0,0.42,0.48,0.42,57211000000.0,,57211000000.0,453450393972.0,83.0,66.052,20961000000.0,14.585,1.0,7415000000.0,1.0,11406000000.0,0.0,1016617000000.0,,0.0,655903000000.0,,,742291000000.0,,,41165393972.0,14500000000.0,1067000000.0,-19000000.0,-3399000000.0,-289000000.0,-1417000000.0,-5340000000.0,-5954000000.0,21362000000.0,-157000000.0,836000000.0,623000000.0,623000000.0,23000000.0,230000000.0,0.084,6236000000.0,1179000000.0,129184000000.0,0.119,0.72,11.454,10.307,6154000000.0,213000000.0,27.21,1.318,1.186,54150000000.0,38603000000.0,7415000000.0,7415000000.0,0.0,,,,,283000000.0,5262000000.0,1.0,1512877397.0,1437158885,1411268971.0,5.159,796292000000.0,0.0,90000000.0,0.0,554.074,
43,MS,MRQ,2010-09-30,2010-09-30,2010-09-30,2021-08-25,-116000000.0,841372000000.0,,,,,41.297,-364000000.0,53388000000.0,53388000000.0,0.0,641000000.0,,13.64,465673000000.0,,,465673000000.0,0.0,646000000.0,61202000000.0,0.008,0.05,108000000.0,754000000.0,0.111,754000000.0,108000000.0,108000000.0,-0.07,-0.07,-0.07,56876000000.0,,56876000000.0,433255183913.0,83.0,58.108,-10505000000.0,-7.628,1.0,6780000000.0,1.0,11574000000.0,0.0,1242083000000.0,,0.0,704701000000.0,,,775790000000.0,,,34477183913.0,-3232000000.0,209000000.0,5556000000.0,4992000000.0,-285000000.0,10080000000.0,-4510000000.0,-4110000000.0,-10141000000.0,1094000000.0,131000000.0,-91000000.0,-91000000.0,183000000.0,510000000.0,-0.013,5979000000.0,801000000.0,130445000000.0,-0.714,0.606,10.473,9.641,6032000000.0,222000000.0,24.68,1.13,1.114,52965000000.0,38056000000.0,6780000000.0,6780000000.0,0.0,,,,,306000000.0,5090000000.0,1.0,1396968554.0,1377230354,1443100524.0,4.923,829798000000.0,0.0,-23000000.0,0.0,602.512,
44,MS,MRQ,2010-06-30,2010-06-30,2010-06-30,2021-08-25,-354000000.0,809456000000.0,,,,,38.714,-298000000.0,58277000000.0,58277000000.0,0.0,1984000000.0,,14.708,457055000000.0,,,457055000000.0,0.0,1037000000.0,61368000000.0,0.009,0.05,2200000000.0,3237000000.0,0.407,3237000000.0,2200000000.0,2200000000.0,1.2,1.09,1.2,51013000000.0,,51013000000.0,439340383423.0,69.0,52.018,7994000000.0,6.067,1.0,7963000000.0,1.0,11673000000.0,0.0,1196561000000.0,,0.0,673864000000.0,,,750297000000.0,,,32443383423.0,869000000.0,55000000.0,-12000000.0,-3188000000.0,-289000000.0,-6078000000.0,-802000000.0,-559000000.0,8292000000.0,-543000000.0,1960000000.0,1578000000.0,1578000000.0,-521000000.0,24000000.0,0.198,6260000000.0,1703000000.0,127319000000.0,0.042,0.636,8.36,7.685,6100000000.0,382000000.0,23.21,1.008,0.95,46483000000.0,38210000000.0,7963000000.0,7963000000.0,0.0,,,,,301000000.0,5352000000.0,1.0,1397819191.0,1317686493,1748208948.0,6.043,797783000000.0,0.0,240000000.0,0.0,605.442,
45,MS,MRQ,2010-03-31,2010-03-31,2010-03-31,2021-08-25,-559000000.0,819719000000.0,,,,,36.714,-138000000.0,57845000000.0,57845000000.0,0.0,2011000000.0,,15.841,464742000000.0,,,464742000000.0,0.0,154000000.0,63926000000.0,0.007,0.05,2212000000.0,2366000000.0,0.261,2366000000.0,2212000000.0,2212000000.0,1.07,0.99,1.07,48264000000.0,,48264000000.0,417675969519.0,104.0,79.603,20963000000.0,15.946,1.0,9072000000.0,1.0,12167000000.0,0.0,1214449000000.0,,0.0,687285000000.0,,,764540000000.0,,,40949969519.0,3487000000.0,0.0,-261000000.0,465000000.0,-293000000.0,1578000000.0,-18812000000.0,-18674000000.0,21101000000.0,-380000000.0,1776000000.0,1411000000.0,1411000000.0,68000000.0,235000000.0,0.156,6557000000.0,2515000000.0,133146000000.0,0.047,0.848,39.112,40.681,6047000000.0,365000000.0,29.29,1.392,1.309,42292000000.0,36539000000.0,9072000000.0,9072000000.0,0.0,,,,,370000000.0,5730000000.0,1.0,1398087044.0,1314608020,1626207327.0,6.901,807552000000.0,0.0,436000000.0,0.0,614.291,
46,MS,MRQ,2009-12-31,2009-12-31,2009-12-31,2021-08-25,-560000000.0,771462000000.0,,,,,35.992,-570000000.0,55703000000.0,55703000000.0,0.0,770000000.0,,15.393,432429000000.0,,,432429000000.0,0.0,395000000.0,62215000000.0,0.015,0.05,704000000.0,1099000000.0,0.164,1099000000.0,704000000.0,704000000.0,0.36,0.36,0.36,46688000000.0,,46688000000.0,425915227722.0,406.0,187.38,3667000000.0,2.827,1.0,6684000000.0,1.0,12216000000.0,0.0,1135972000000.0,,0.0,635154000000.0,,,718682000000.0,,,40239227722.0,3381000000.0,0.0,-11000000.0,278000000.0,-287000000.0,-137000000.0,-570000000.0,0.0,4237000000.0,-149000000.0,617000000.0,394000000.0,394000000.0,-48000000.0,153000000.0,0.059,5875000000.0,809000000.0,125078000000.0,0.139,0.862,-44.365,-38.442,7067000000.0,223000000.0,29.6,1.728,1.507,44477000000.0,35056000000.0,6684000000.0,6684000000.0,0.0,,,,,244000000.0,5145000000.0,1.0,1359433369.0,1297175554,1297175554.0,5.153,759246000000.0,0.0,87000000.0,0.0,585.307,
47,MS,MRQ,2009-09-30,2009-09-30,2009-09-30,2021-08-25,-299000000.0,769503000000.0,,,,,35.81,-428000000.0,50363000000.0,50363000000.0,0.0,793000000.0,,15.476,436039000000.0,,,436039000000.0,0.0,466000000.0,62415000000.0,0.021,0.05,1278000000.0,1744000000.0,0.206,1744000000.0,1278000000.0,1278000000.0,0.39,0.38,0.39,46349000000.0,,46349000000.0,344353071896.0,-28.0,-30.431,-9147000000.0,-7.067,1.0,8468000000.0,1.0,12656000000.0,0.0,1142523000000.0,,0.0,641273000000.0,,,717279000000.0,,,41971071896.0,-6396000000.0,-300000000.0,-6000000.0,3679000000.0,-367000000.0,2383000000.0,-728000000.0,0.0,-8719000000.0,668000000.0,757000000.0,498000000.0,498000000.0,179000000.0,36000000.0,0.059,6975000000.0,1493000000.0,118289000000.0,0.128,0.906,-4.252,-3.254,6765000000.0,259000000.0,30.88,6.207,5.911,42121000000.0,34726000000.0,8468000000.0,8468000000.0,0.0,,,,,394000000.0,6170000000.0,1.0,1359166836.0,1294298229,1300070107.0,6.543,756847000000.0,0.0,521000000.0,0.0,584.755,
48,MS,MRQ,2009-06-30,2009-06-30,2009-06-30,2021-08-25,-342000000.0,676957000000.0,,,,,40.921,-752000000.0,56649000000.0,56649000000.0,0.0,33000000.0,,13.427,359031000000.0,,,359031000000.0,0.0,208000000.0,62382000000.0,0.031,0.067,-170000000.0,38000000.0,0.007,38000000.0,-170000000.0,-170000000.0,-1.1,-1.1,-1.1,46586000000.0,,46586000000.0,270880325741.0,-106.0,-165.07,-9700000000.0,-8.52,1.0,5197000000.0,1.0,12389000000.0,0.0,966950000000.0,,0.0,540543000000.0,,,625494000000.0,,,30843325741.0,-13535000000.0,-1287000000.0,6217000000.0,-1637000000.0,-433000000.0,-3410000000.0,-2039000000.0,0.0,-8948000000.0,862000000.0,149000000.0,-1256000000.0,-1256000000.0,-298000000.0,-116000000.0,-0.242,5781000000.0,-584000000.0,113812000000.0,-0.061,0.662,-11.487,-11.404,6548000000.0,1405000000.0,28.51,1.892,1.991,44856000000.0,34245000000.0,5197000000.0,5197000000.0,0.0,,,,,423000000.0,4993000000.0,1.0,1081842362.0,1138444490,1138444490.0,4.565,664568000000.0,0.0,-319000000.0,0.0,583.751,
49,MS,MRQ,2009-03-31,2009-03-31,2009-03-31,2021-08-25,-471000000.0,626023000000.0,,,,,47.959,-1127000000.0,71635000000.0,71635000000.0,0.0,-190000000.0,,11.888,311672000000.0,,,311672000000.0,0.0,155000000.0,59922000000.0,0.047,0.27,-772000000.0,-617000000.0,-0.213,-617000000.0,-772000000.0,-772000000.0,-0.57,-0.57,-0.57,48522000000.0,,48522000000.0,220996309555.0,-209.0,-1181.798,-33648000000.0,-33.258,1.0,2897000000.0,1.0,3075000000.0,0.0,862985000000.0,,0.0,489689000000.0,,,576816000000.0,,,24466309555.0,-30129000000.0,-8000000.0,5000000.0,-3696000000.0,-645000000.0,4188000000.0,-1135000000.0,0.0,-32521000000.0,-661000000.0,-177000000.0,-578000000.0,-578000000.0,155000000.0,-13000000.0,-0.2,3527000000.0,-630000000.0,112954000000.0,-0.474,0.504,-66.666,-59.921,6018000000.0,401000000.0,22.77,1.421,1.338,39074000000.0,35577000000.0,2897000000.0,2897000000.0,0.0,,,,,204000000.0,3010000000.0,1.0,1074497565.0,1011741210,1011741210.0,2.863,622948000000.0,0.0,-595000000.0,0.0,615.719,
50,MS,MRQ,2008-12-31,2008-12-31,2008-12-31,2021-08-25,-420000000.0,676764000000.0,,,,,48.933,-32000000.0,102709000000.0,102709000000.0,0.0,-8984000000.0,,12.867,342902000000.0,,,342902000000.0,0.0,262000000.0,51355000000.0,0.067,0.27,-12743000000.0,-12481000000.0,1.274,-12481000000.0,-12743000000.0,-12743000000.0,-8.21,-8.24,-8.21,48753000000.0,,48753000000.0,378565209100.0,220.0,150.403,10395000000.0,10.433,1.0,-9800000000.0,1.0,3162000000.0,0.0,913795000000.0,,0.0,506888000000.0,,,627308000000.0,,,17034209100.0,24149000000.0,0.0,-136000000.0,-12635000000.0,-292000000.0,15719000000.0,-32000000.0,0.0,10427000000.0,-1965000000.0,-9000000000.0,-8535000000.0,-8535000000.0,411000000.0,16000000.0,0.871,2516000000.0,-12316000000.0,128507000000.0,-0.033,0.349,11.394,11.062,5095000000.0,-465000000.0,16.04,0.769,0.745,42773000000.0,36154000000.0,-9800000000.0,-9800000000.0,0.0,,,,,201000000.0,1178000000.0,1.0,1061983111.0,996311944,1168560586.0,-9.836,673602000000.0,0.0,-3743000000.0,0.0,676.095,
51,MS,MRQ,2008-09-30,2008-09-30,2008-09-30,2021-08-25,,,,,,,,-395000000.0,,,0.0,8171000000.0,,,,,,,,294000000.0,,0.047,0.27,11125000000.0,11419000000.0,0.634,11419000000.0,11125000000.0,11125000000.0,7.38,7.38,7.38,,,,511496317768.0,,,27374000000.0,26.299,1.0,18011000000.0,1.0,,0.0,,,,,,,,,,25507317768.0,-9197000000.0,-780000000.0,-1495000000.0,-33058000000.0,-309000000.0,-34105000000.0,-1175000000.0,0.0,27769000000.0,-1686000000.0,8151000000.0,7684000000.0,7684000000.0,-464000000.0,20000000.0,0.427,7330000000.0,10681000000.0,,0.037,,,,,467000000.0,23.0,,,,,18011000000.0,18011000000.0,0.0,,,,,358000000.0,6240000000.0,1.0,1109013816.0,1040887906,1041677018.0,17.303,,,2974000000.0,,,
52,MS,MRQ,2008-06-30,2008-06-30,2008-06-30,2021-08-25,,,,,,,,-453000000.0,,,0.0,1159000000.0,,,,,,,,157000000.0,,0.03,0.27,1335000000.0,1492000000.0,0.244,1492000000.0,1335000000.0,1335000000.0,1.02,1.02,1.02,,,,556630189168.0,,,34851000000.0,33.473,1.0,6111000000.0,1.0,,0.0,,,,,,,,,,39935189168.0,28487000000.0,605000000.0,48000000.0,-8136000000.0,-312000000.0,-7389000000.0,152000000.0,0.0,35304000000.0,420000000.0,1143000000.0,1062000000.0,1062000000.0,-465000000.0,16000000.0,0.174,5225000000.0,886000000.0,,0.265,,,,,81000000.0,36.07,,,,,6111000000.0,6111000000.0,0.0,,,,,622000000.0,4416000000.0,1.0,1107158003.0,1041178821,1044720912.0,5.869,,,192000000.0,,,
53,MS,MRQ,2008-03-31,2008-03-31,2008-03-31,2021-08-25,,,,,,,,-520000000.0,,,0.0,1432000000.0,,,,,,,,81000000.0,,0.024,0.27,2019000000.0,2100000000.0,0.265,2100000000.0,2019000000.0,2019000000.0,1.27,1.26,1.27,,,,513345656199.0,,,-603000000.0,-0.583,1.0,7917000000.0,1.0,,0.0,,,,,,,,,,50479656199.0,9617000000.0,744000000.0,152000000.0,6361000000.0,-314000000.0,8791000000.0,224000000.0,0.0,-83000000.0,685000000.0,1413000000.0,1311000000.0,1311000000.0,0.0,19000000.0,0.166,5879000000.0,2038000000.0,,0.213,,,,,102000000.0,45.7,,,,,7917000000.0,7917000000.0,0.0,,,,,657000000.0,5012000000.0,1.0,1104587663.0,1034342428,1039026879.0,7.654,,,606000000.0,,,
54,MS,MRQ,2007-12-31,2007-11-30,2007-11-30,2021-08-25,-199000000.0,1045409000000.0,,,,,31.286,-241000000.0,87206000000.0,87206000000.0,0.0,-3588000000.0,,32.433,478468000000.0,,,478468000000.0,0.0,-3000000.0,31179000000.0,0.02,0.27,-5854000000.0,-5857000000.0,11.785,-5857000000.0,-5854000000.0,-5854000000.0,-3.6,-3.42,-3.6,31269000000.0,,31269000000.0,649615959930.0,164.0,146.08,-19691000000.0,-19.702,1.0,-497000000.0,1.0,4071000000.0,0.0,1432600000000.0,,0.0,840226000000.0,,,1014140000000.0,,,55947959930.0,-10990000000.0,0.0,-529000000.0,3046000000.0,-306000000.0,9269000000.0,-1064000000.0,-823000000.0,-19450000000.0,255000000.0,-3656000000.0,-3606000000.0,-3606000000.0,0.0,68000000.0,7.256,5354000000.0,-5851000000.0,215631000000.0,-0.075,1.789,17.818,16.897,4372000000.0,-50000000.0,52.72,2.0,1.883,100683000000.0,38045000000.0,-497000000.0,-497000000.0,0.0,,,,,-191000000.0,4774000000.0,1.0,1061228375.0,999452668,1055909168.0,-0.497,1041338000000.0,0.0,-2198000000.0,0.0,1041.908,
55,MS,MRQ,2007-09-30,2007-08-31,2007-08-31,2021-08-25,-95000000.0,1185131000000.0,,,,,35.168,-621000000.0,79817000000.0,79817000000.0,0.0,1543000000.0,,32.621,673485000000.0,,,673485000000.0,0.0,224000000.0,23268000000.0,0.017,0.27,2315000000.0,2539000000.0,0.319,2539000000.0,2315000000.0,2315000000.0,1.52,1.44,1.52,35250000000.0,,35250000000.0,655141319155.0,52.0,48.778,11285000000.0,11.259,1.0,7958000000.0,1.0,3451000000.0,0.0,1775348000000.0,,0.0,878876000000.0,,,1149881000000.0,,,65647319155.0,4802000000.0,-2000000.0,-512000000.0,288000000.0,-305000000.0,-5722000000.0,-1705000000.0,-1082000000.0,11906000000.0,323000000.0,1543000000.0,1526000000.0,1526000000.0,-69000000.0,0.0,0.192,5693000000.0,2265000000.0,187305000000.0,0.178,1.862,7.349,7.0,4193000000.0,17000000.0,62.37,1.809,1.723,119298000000.0,42043000000.0,7958000000.0,7958000000.0,0.0,,,,,866000000.0,4874000000.0,1.0,1052546403.0,1002330181,1057495875.0,7.939,1181680000000.0,0.0,772000000.0,0.0,1178.933,
56,MS,MRQ,2007-06-30,2007-05-31,2007-05-31,2021-08-25,-119000000.0,1199993000000.0,,,,,39.648,-312000000.0,78900000000.0,78900000000.0,0.0,2582000000.0,,29.371,668394000000.0,,,668394000000.0,0.0,50000000.0,43577000000.0,0.013,0.27,3723000000.0,3773000000.0,0.359,3773000000.0,3723000000.0,3723000000.0,2.57,2.45,2.57,39511000000.0,,39511000000.0,728986255163.0,57.0,53.633,15104000000.0,15.156,1.0,10524000000.0,1.0,4132000000.0,0.0,1785355000000.0,,0.0,825017000000.0,,,1160482000000.0,,,89626255163.0,15150000000.0,476000000.0,-1345000000.0,2660000000.0,-303000000.0,7836000000.0,-8162000000.0,-8326000000.0,15416000000.0,60000000.0,2582000000.0,2565000000.0,2565000000.0,-219000000.0,0.0,0.244,7000000000.0,3524000000.0,162277000000.0,0.105,2.268,9.681,9.223,4501000000.0,17000000.0,85.04,2.532,2.395,164783000000.0,46256000000.0,10524000000.0,10524000000.0,0.0,,,,,659000000.0,6268000000.0,1.0,1053930564.0,996544761,1045643087.0,10.56,1195861000000.0,0.0,1141000000.0,0.0,1200.007,
57,MS,MRQ,2007-03-31,2007-02-28,2007-02-28,2021-08-25,-127000000.0,1182061000000.0,,,,,37.608,-295000000.0,52375000000.0,52375000000.0,0.0,2672000000.0,,30.145,691735000000.0,,,691735000000.0,0.0,204000000.0,37313000000.0,0.014,0.27,3788000000.0,3992000000.0,0.399,3992000000.0,3788000000.0,3788000000.0,2.63,2.51,2.63,37954000000.0,,37954000000.0,700036072222.0,58.0,54.25,-30416000000.0,-30.139,1.0,9994000000.0,1.0,4262000000.0,0.0,1817159000000.0,,0.0,876885000000.0,,,1144107000000.0,,,79896072222.0,-3970000000.0,-1167000000.0,-878000000.0,19469000000.0,-305000000.0,26702000000.0,-507000000.0,955000000.0,-30121000000.0,-44000000.0,2672000000.0,2655000000.0,2655000000.0,-358000000.0,0.0,0.266,6538000000.0,3456000000.0,146473000000.0,0.103,2.105,9.362,8.845,4313000000.0,17000000.0,74.92,2.38,2.252,138262000000.0,43975000000.0,9994000000.0,9994000000.0,0.0,,,,,607000000.0,5884000000.0,1.0,1066418476.0,1009186993,1057912545.0,9.903,1177799000000.0,0.0,1116000000.0,0.0,1167.077,
58,MS,MRQ,2006-12-31,2006-11-30,2006-11-30,2021-08-25,-35000000.0,1121192000000.0,,,,,35.489,-334000000.0,50171000000.0,50171000000.0,0.0,2206000000.0,,30.704,670311000000.0,,,670311000000.0,0.0,338000000.0,28343000000.0,0.014,0.27,2789000000.0,3127000000.0,0.4,3127000000.0,2789000000.0,2789000000.0,2.19,2.08,2.19,35364000000.0,,35364000000.0,615322797767.0,60.0,55.645,-17030000000.0,-17.09,1.0,7809000000.0,1.0,3443000000.0,0.0,1737889000000.0,,0.0,929924000000.0,,,1085828000000.0,,,80619797767.0,2060000000.0,-1030000000.0,-1097000000.0,19145000000.0,-303000000.0,20508000000.0,-2549000000.0,-1185000000.0,-16696000000.0,797000000.0,2187000000.0,2187000000.0,2187000000.0,-224000000.0,19000000.0,0.28,5200000000.0,2609000000.0,147288000000.0,0.123,2.28,10.817,10.32,4086000000.0,0.0,76.16,2.705,2.582,122408000000.0,41422000000.0,7809000000.0,7809000000.0,0.0,,,,,181000000.0,4671000000.0,1.0,1058558269.0,996476608,1051749115.0,7.837,1117749000000.0,0.0,602000000.0,0.0,1121.701,
59,MS,MRQ,2006-09-30,2006-08-31,2006-08-31,2021-08-25,32000000.0,1028872000000.0,,,,,33.818,-663000000.0,62532000000.0,62532000000.0,0.0,1851000000.0,,29.109,597235000000.0,,,597235000000.0,0.0,173000000.0,25175000000.0,0.016,0.27,2527000000.0,2700000000.0,0.382,2700000000.0,2527000000.0,2527000000.0,1.83,1.75,1.83,34172000000.0,,34172000000.0,617002198071.0,61.0,56.867,-3303000000.0,-3.269,1.0,7064000000.0,1.0,2943000000.0,0.0,1560632000000.0,,0.0,790243000000.0,,,994700000000.0,,,70524198071.0,3753000000.0,0.0,-908000000.0,4791000000.0,-283000000.0,8491000000.0,-2098000000.0,-1435000000.0,-2640000000.0,0.0,1851000000.0,1851000000.0,1851000000.0,-263000000.0,0.0,0.262,4820000000.0,2244000000.0,154314000000.0,0.148,2.064,9.122,8.714,3409000000.0,0.0,65.79,2.516,2.372,96138000000.0,39519000000.0,7064000000.0,7064000000.0,0.0,,,,,527000000.0,4198000000.0,1.0,1071959235.0,1010468365,1055664392.0,6.991,1025929000000.0,0.0,676000000.0,0.0,1015.3,
60,MS,MRQ,2006-06-30,2006-05-31,2006-05-31,2021-08-25,20000000.0,1027043000000.0,,,,,31.833,2119000000.0,61405000000.0,61405000000.0,0.0,1841000000.0,,30.841,607883000000.0,,,607883000000.0,0.0,186000000.0,22560000000.0,0.018,0.27,2899000000.0,3085000000.0,0.354,3085000000.0,2899000000.0,2899000000.0,1.82,1.75,1.82,32255000000.0,,32255000000.0,573273621299.0,69.0,63.86,-18800000000.0,-18.554,1.0,8704000000.0,1.0,2932000000.0,0.0,1570589000000.0,,0.0,775041000000.0,,,994788000000.0,,,63858621299.0,-10616000000.0,0.0,17000000.0,10960000000.0,-291000000.0,9952000000.0,351000000.0,-1768000000.0,-20919000000.0,0.0,1841000000.0,1841000000.0,1841000000.0,-13000000.0,0.0,0.212,5841000000.0,2863000000.0,143419000000.0,0.148,1.98,10.601,10.174,2809000000.0,0.0,59.62,2.288,2.164,105956000000.0,38125000000.0,8704000000.0,8704000000.0,0.0,,,,,452000000.0,5236000000.0,1.0,1071093950.0,1013241715,1054733745.0,8.59,1024111000000.0,0.0,1058000000.0,0.0,1010.727,
61,MS,MRQ,2006-03-31,2006-02-28,2006-02-28,2021-08-25,-130000000.0,959613000000.0,,,,,29.531,-129000000.0,63709000000.0,63709000000.0,0.0,1574000000.0,,30.856,573124000000.0,,,573124000000.0,0.0,179000000.0,23331000000.0,0.018,0.27,2363000000.0,2542000000.0,0.297,2542000000.0,2363000000.0,2363000000.0,1.54,1.48,1.54,30123000000.0,,30123000000.0,542700457946.0,81.0,72.719,-21119000000.0,-20.704,1.0,8552000000.0,1.0,2873000000.0,0.0,1466155000000.0,,0.0,712985000000.0,,,929490000000.0,,,62851457946.0,-4005000000.0,-1676000000.0,-1100000000.0,11910000000.0,-290000000.0,15034000000.0,1951000000.0,3756000000.0,-20990000000.0,0.0,1574000000.0,1574000000.0,1574000000.0,28000000.0,0.0,0.184,6092000000.0,2460000000.0,125074000000.0,0.175,2.086,12.297,12.126,5754000000.0,0.0,59.66,2.49,2.411,106414000000.0,36456000000.0,8552000000.0,8552000000.0,0.0,,,,,763000000.0,5489000000.0,1.0,1053494099.0,1020041181,1061764798.0,8.384,956740000000.0,0.0,789000000.0,0.0,937.943,
62,MS,MRQ,2005-12-31,2005-11-30,2005-11-30,2021-08-25,-190000000.0,898523000000.0,,,,,28.306,-124000000.0,69544000000.0,69544000000.0,0.0,2465000000.0,,29.79,549393000000.0,,,549393000000.0,0.0,125000000.0,18663000000.0,0.019,0.27,2398000000.0,2523000000.0,0.68,2523000000.0,2398000000.0,2398000000.0,2.36,2.28,2.36,29182000000.0,,29182000000.0,478950968091.0,75.0,66.272,-662000000.0,-0.642,1.0,3709000000.0,1.0,2500000000.0,0.0,1375872000000.0,,0.0,679186000000.0,,,869341000000.0,,,60395968091.0,1733000000.0,0.0,-1161000000.0,7161000000.0,-291000000.0,4579000000.0,-2308000000.0,-2184000000.0,-538000000.0,0.0,2465000000.0,2465000000.0,2465000000.0,-1379000000.0,0.0,0.665,2624000000.0,1085000000.0,120373000000.0,0.114,2.07,12.228,11.921,5878000000.0,0.0,56.03,2.567,2.501,85062000000.0,35185000000.0,3709000000.0,3709000000.0,0.0,,,,,182000000.0,2323000000.0,1.0,1077921972.0,1030950936,1078907432.0,3.598,896023000000.0,0.0,-67000000.0,0.0,869.123,
63,MS,MRQ,2005-09-30,2005-08-31,2005-08-31,2021-08-25,-125000000.0,837391000000.0,,,,,26.988,-146000000.0,71534000000.0,71534000000.0,0.0,144000000.0,,28.667,490089000000.0,,,490089000000.0,0.0,212000000.0,19822000000.0,0.021,0.27,615000000.0,827000000.0,0.119,827000000.0,615000000.0,615000000.0,0.14,0.13,0.14,28226000000.0,,28226000000.0,450522700521.0,80.0,67.666,-173000000.0,-0.165,1.0,6947000000.0,1.0,2531000000.0,0.0,1253415000000.0,,0.0,616528000000.0,,,809165000000.0,,,55250700521.0,2595000000.0,-44000000.0,-182000000.0,1127000000.0,-293000000.0,4337000000.0,-1715000000.0,-1525000000.0,-27000000.0,0.0,144000000.0,144000000.0,144000000.0,1022000000.0,0.0,0.021,5205000000.0,1742000000.0,122675000000.0,1.929,1.957,15.038,14.788,4727000000.0,0.0,50.87,2.189,2.108,86179000000.0,33011000000.0,6947000000.0,6947000000.0,0.0,,,,,230000000.0,4534000000.0,1.0,1086115599.0,1045874085,1072033275.0,6.642,834860000000.0,0.0,471000000.0,0.0,798.241,
64,MS,MRQ,2005-06-30,2005-05-31,2005-05-31,2021-08-25,-151000000.0,818711000000.0,,,,,26.883,-184000000.0,74464000000.0,74464000000.0,0.0,928000000.0,,27.899,469736000000.0,,,469736000000.0,0.0,247000000.0,16253000000.0,0.021,0.27,1324000000.0,1571000000.0,0.26,1571000000.0,1324000000.0,1324000000.0,0.88,0.86,0.88,28330000000.0,,28330000000.0,443598479010.0,72.0,61.817,-16640000000.0,-15.79,1.0,6031000000.0,1.0,2528000000.0,0.0,1211455000000.0,,0.0,609445000000.0,,,790381000000.0,,,53640479010.0,-8982000000.0,0.0,-863000000.0,6962000000.0,-295000000.0,8663000000.0,-1189000000.0,-1005000000.0,-16456000000.0,0.0,928000000.0,928000000.0,928000000.0,3000000.0,0.0,0.154,4637000000.0,1394000000.0,134280000000.0,0.307,1.893,12.283,12.0,6395000000.0,0.0,48.96,2.264,2.178,75216000000.0,33160000000.0,6031000000.0,6031000000.0,0.0,,,,,206000000.0,3939000000.0,1.0,1095598019.0,1053812487,1079811172.0,5.723,816183000000.0,0.0,396000000.0,0.0,774.505,
65,MS,MRQ,2005-03-31,2005-02-28,2005-02-28,2021-08-25,-54000000.0,802210000000.0,,,,,26.653,-86000000.0,71644000000.0,71644000000.0,0.0,1402000000.0,,27.153,461602000000.0,,,461602000000.0,0.0,231000000.0,13950000000.0,0.018,0.27,2075000000.0,2306000000.0,0.337,2306000000.0,2075000000.0,2075000000.0,1.31,1.29,1.31,28495000000.0,,28495000000.0,435685203665.0,66.0,58.458,-14417000000.0,-13.485,1.0,6838000000.0,1.0,2563000000.0,0.0,1189605000000.0,,0.0,581655000000.0,,,773715000000.0,,,61409203665.0,1257000000.0,-189000000.0,-1160000000.0,15087000000.0,-301000000.0,14497000000.0,1091000000.0,1366000000.0,-14331000000.0,0.0,1402000000.0,1402000000.0,1402000000.0,-4000000.0,0.0,0.205,4743000000.0,2095000000.0,124951000000.0,0.206,2.155,13.172,13.042,6418000000.0,0.0,56.47,2.526,2.483,92092000000.0,32527000000.0,6838000000.0,6838000000.0,0.0,,,,,202000000.0,4164000000.0,1.0,1087465976.0,1069097162,1090166326.0,6.396,799647000000.0,0.0,673000000.0,0.0,747.965,
66,MS,MRQ,2004-12-31,2004-11-30,2004-11-30,2021-08-25,-56000000.0,747334000000.0,,,,,26.189,-262000000.0,69553000000.0,69553000000.0,0.0,1200000000.0,,25.496,431549000000.0,,,431549000000.0,0.0,342000000.0,13777000000.0,0.02,0.25,1612000000.0,1954000000.0,0.36,1954000000.0,1612000000.0,1612000000.0,1.11,1.09,1.11,28206000000.0,,28206000000.0,408488597969.0,64.0,57.155,9160000000.0,8.505,1.0,5424000000.0,1.0,2199000000.0,0.0,1107131000000.0,,0.0,535432000000.0,,,719128000000.0,,,55549597969.0,-13432000000.0,0.0,-606000000.0,-23280000000.0,-274000000.0,-20880000000.0,-1974000000.0,-1712000000.0,9422000000.0,0.0,1200000000.0,1200000000.0,1200000000.0,1000000.0,0.0,0.221,3734000000.0,1690000000.0,123271000000.0,0.225,1.969,12.383,12.229,6531000000.0,0.0,50.75,2.343,2.312,84295000000.0,31426000000.0,5424000000.0,5424000000.0,0.0,,,,,462000000.0,3255000000.0,1.0,1094573359.0,1077006076,1098257259.0,5.036,745135000000.0,0.0,412000000.0,0.0,691.858,
67,MS,MRQ,2004-09-30,2004-08-31,2004-08-31,2021-08-25,-140000000.0,745033000000.0,,,,,25.355,-85000000.0,91838000000.0,91838000000.0,0.0,837000000.0,,26.171,444777000000.0,,,444777000000.0,0.0,169000000.0,12392000000.0,0.019,0.25,1176000000.0,1345000000.0,0.249,1345000000.0,1176000000.0,1176000000.0,0.78,0.76,0.78,27420000000.0,,27420000000.0,417431206884.0,67.0,61.732,6492000000.0,6.003,1.0,5398000000.0,1.0,2191000000.0,0.0,1095781000000.0,,0.0,531999000000.0,,,717613000000.0,,,55723206884.0,14173000000.0,-758000000.0,-212000000.0,9316000000.0,-274000000.0,9928000000.0,-2332000000.0,-1489000000.0,6577000000.0,0.0,837000000.0,837000000.0,837000000.0,20000000.0,0.0,0.155,4125000000.0,1273000000.0,129277000000.0,0.321,2.032,12.959,12.682,6558000000.0,0.0,50.73,2.388,2.351,70267000000.0,30500000000.0,5398000000.0,5398000000.0,0.0,,,,,90000000.0,3568000000.0,1.0,1098427102.0,1081448663,1105546130.0,4.991,742842000000.0,0.0,339000000.0,0.0,686.895,
68,MS,MRQ,2004-06-30,2004-05-31,2004-05-31,2021-08-25,-82000000.0,729501000000.0,,,,,24.951,-125000000.0,73852000000.0,73852000000.0,0.0,1223000000.0,,26.017,435560000000.0,,,435560000000.0,0.0,127000000.0,11294000000.0,0.018,0.25,1721000000.0,1848000000.0,0.278,1848000000.0,1721000000.0,1721000000.0,1.13,1.1,1.13,27002000000.0,,27002000000.0,391261805278.0,61.0,55.942,-24843000000.0,-22.956,1.0,6650000000.0,1.0,1531000000.0,0.0,1089678000000.0,,0.0,525405000000.0,,,702499000000.0,,,58818805278.0,-1490000000.0,0.0,-99000000.0,26451000000.0,-275000000.0,25191000000.0,-1963000000.0,-1838000000.0,-24718000000.0,0.0,1223000000.0,1223000000.0,1223000000.0,1000000.0,0.0,0.184,4847000000.0,1803000000.0,127625000000.0,0.221,2.178,13.077,12.801,6610000000.0,0.0,53.51,2.537,2.497,80013000000.0,29938000000.0,6650000000.0,6650000000.0,0.0,,,,,46000000.0,4066000000.0,1.0,1099211461.0,1082211511,1110357415.0,6.145,727970000000.0,0.0,498000000.0,0.0,672.669,
69,MS,MRQ,2004-03-31,2004-02-29,2004-02-29,2021-08-25,-99000000.0,656898000000.0,,,,,24.162,-61000000.0,59728000000.0,59728000000.0,0.0,1226000000.0,,24.203,392171000000.0,,,392171000000.0,0.0,167000000.0,12118000000.0,0.016,0.25,1777000000.0,1944000000.0,0.311,1944000000.0,1777000000.0,1777000000.0,1.14,1.11,1.14,26064000000.0,,26064000000.0,359683815374.0,63.0,56.777,-18800000000.0,-17.428,1.0,6241000000.0,1.0,1539000000.0,0.0,987802000000.0,,0.0,471557000000.0,,,630834000000.0,,,64849815374.0,3868000000.0,0.0,107000000.0,20224000000.0,-273000000.0,19399000000.0,3208000000.0,3269000000.0,-18739000000.0,0.0,1226000000.0,1226000000.0,1226000000.0,-2000000.0,0.0,0.196,4328000000.0,1913000000.0,106737000000.0,0.219,2.488,16.282,16.108,6752000000.0,0.0,59.76,3.005,2.987,75924000000.0,28990000000.0,6241000000.0,6241000000.0,0.0,,,,,65000000.0,3804000000.0,1.0,1085170940.0,1078718046,1106000596.0,5.786,655359000000.0,0.0,551000000.0,0.0,607.535,
70,MS,MRQ,2003-12-31,2003-11-30,2003-11-30,2021-08-25,-156000000.0,602843000000.0,,,,,23.119,-80000000.0,58218000000.0,58218000000.0,0.0,1014000000.0,,23.243,353052000000.0,,,353052000000.0,0.0,79000000.0,12839000000.0,0.017,0.23,1546000000.0,1625000000.0,0.322,1625000000.0,1546000000.0,1546000000.0,0.95,0.93,0.95,24867000000.0,,24867000000.0,346504633569.0,63.0,56.517,12516000000.0,11.636,1.0,5047000000.0,1.0,1523000000.0,0.0,896154000000.0,,0.0,433840000000.0,,,577976000000.0,,,59870633569.0,5420000000.0,0.0,50000000.0,-5682000000.0,-247000000.0,-5852000000.0,-1324000000.0,-1244000000.0,12596000000.0,0.0,1014000000.0,1014000000.0,1014000000.0,211000000.0,0.0,0.201,3141000000.0,1906000000.0,104638000000.0,0.242,2.408,15.81,15.705,6840000000.0,0.0,55.28,2.876,2.859,66615000000.0,28038000000.0,5047000000.0,5047000000.0,0.0,,,,,358000000.0,2923000000.0,1.0,1083043299.0,1075598072,1101767206.0,4.692,601320000000.0,0.0,532000000.0,0.0,559.056,
71,MS,MRQ,2003-09-30,2003-08-31,2003-08-31,2021-08-25,-239000000.0,580632000000.0,,,,,21.998,-142000000.0,57387000000.0,57387000000.0,0.0,1035000000.0,,23.492,344021000000.0,,,344021000000.0,0.0,200000000.0,13312000000.0,0.019,0.23,1377000000.0,1577000000.0,0.3,1577000000.0,1377000000.0,1377000000.0,0.96,0.94,0.96,23707000000.0,,23707000000.0,350867293080.0,70.0,55.499,1611000000.0,1.495,1.0,5249000000.0,1.0,1466000000.0,0.0,865800000000.0,,0.0,420960000000.0,,,556925000000.0,,,53068293080.0,-3786000000.0,0.0,39000000.0,-4699000000.0,-249000000.0,-5258000000.0,-281000000.0,-139000000.0,1753000000.0,0.0,1035000000.0,1035000000.0,1035000000.0,-1000000.0,0.0,0.197,3721000000.0,1528000000.0,103265000000.0,0.24,2.239,15.141,15.012,6826000000.0,0.0,48.79,2.65,2.626,63103000000.0,27270000000.0,5249000000.0,5249000000.0,0.0,,,,,-10000000.0,3273000000.0,1.0,1087687909.0,1077680996,1100593303.0,4.871,579166000000.0,0.0,342000000.0,0.0,537.419,
72,MS,MRQ,2003-06-30,2003-05-31,2003-05-31,2021-08-25,-271000000.0,586881000000.0,,,,,21.005,-175000000.0,63157000000.0,63157000000.0,0.0,708000000.0,,24.933,360956000000.0,,,360956000000.0,0.0,188000000.0,13761000000.0,0.02,0.23,1001000000.0,1189000000.0,0.236,1189000000.0,1001000000.0,1001000000.0,0.66,0.65,0.66,22631000000.0,,22631000000.0,320669576655.0,70.0,56.327,11887000000.0,11.033,1.0,5045000000.0,1.0,1476000000.0,0.0,883204000000.0,,0.0,426466000000.0,,,564250000000.0,,,49743576655.0,-1251000000.0,0.0,-144000000.0,-15301000000.0,-249000000.0,-15360000000.0,2047000000.0,2222000000.0,12062000000.0,0.0,708000000.0,708000000.0,708000000.0,0.0,0.0,0.14,3968000000.0,1077000000.0,100506000000.0,0.348,2.198,16.145,15.997,6874000000.0,0.0,45.75,2.562,2.539,61484000000.0,26251000000.0,5045000000.0,5045000000.0,0.0,,,,,-31000000.0,3132000000.0,1.0,1087291293.0,1077386468,1097478351.0,4.683,585405000000.0,0.0,293000000.0,0.0,543.357,
73,MS,MRQ,2003-03-31,2003-02-28,2003-02-28,2021-08-25,-270000000.0,559436000000.0,,,,,20.819,-207000000.0,70016000000.0,70016000000.0,0.0,1030000000.0,,23.903,340942000000.0,,,340942000000.0,0.0,170000000.0,14127000000.0,0.025,0.23,1555000000.0,1725000000.0,0.315,1725000000.0,1555000000.0,1555000000.0,0.95,0.94,0.95,22465000000.0,,22465000000.0,301234402406.0,63.0,52.581,-16091000000.0,-14.912,1.0,5474000000.0,1.0,1460000000.0,0.0,828902000000.0,,0.0,397224000000.0,,,536971000000.0,,,40152402406.0,97000000.0,0.0,-73000000.0,13812000000.0,-249000000.0,14660000000.0,1321000000.0,1528000000.0,-15884000000.0,0.0,1030000000.0,1030000000.0,1030000000.0,0.0,0.0,0.188,3863000000.0,1611000000.0,99045000000.0,0.242,1.787,12.666,12.577,7132000000.0,0.0,36.85,2.076,2.056,61832000000.0,25901000000.0,5474000000.0,5474000000.0,0.0,,,,,-8000000.0,3363000000.0,1.0,1089617433.0,1079052442,1099724140.0,5.073,557976000000.0,0.0,525000000.0,0.0,517.098,
74,MS,MRQ,2002-12-31,2002-11-30,2002-11-30,2021-08-25,-251000000.0,529499000000.0,,,,,20.247,-267000000.0,67623000000.0,67623000000.0,0.0,732000000.0,,23.195,328705000000.0,,,328705000000.0,0.0,766000000.0,13757000000.0,0.02,0.23,1065000000.0,1831000000.0,0.43,1831000000.0,1065000000.0,1065000000.0,0.68,0.66,0.68,21885000000.0,,21885000000.0,291193533806.0,64.0,54.643,-8176000000.0,-7.564,1.0,4258000000.0,1.0,1449000000.0,0.0,789132000000.0,,0.0,380702000000.0,,,507614000000.0,,,49113533806.0,1247000000.0,0.0,-285000000.0,11732000000.0,-248000000.0,11245000000.0,-2089000000.0,-1822000000.0,-7909000000.0,0.0,732000000.0,732000000.0,732000000.0,11000000.0,0.0,0.172,3083000000.0,1175000000.0,96202000000.0,0.338,2.244,16.437,16.391,7119000000.0,0.0,45.24,2.568,2.562,52418000000.0,25250000000.0,4258000000.0,4258000000.0,0.0,,,,,400000000.0,2412000000.0,1.0,1085621879.0,1080904641,1102610528.0,3.939,528050000000.0,0.0,333000000.0,0.0,488.526,
75,MS,MRQ,2002-09-30,2002-08-31,2002-08-31,2021-08-25,-225000000.0,516772000000.0,,,,,19.798,-223000000.0,68267000000.0,68267000000.0,0.0,611000000.0,,23.13,310347000000.0,,,310347000000.0,0.0,0.0,13711000000.0,0.022,0.23,948000000.0,948000000.0,0.204,948000000.0,948000000.0,948000000.0,0.57,0.55,0.57,21416000000.0,,21416000000.0,323266425104.0,67.0,58.299,21800000000.0,20.153,1.0,4639000000.0,1.0,1447000000.0,0.0,757405000000.0,,0.0,370772000000.0,,,495356000000.0,,,46817425104.0,5753000000.0,0.0,-178000000.0,-14281000000.0,-250000000.0,-14335000000.0,-1935000000.0,-1810000000.0,22023000000.0,0.0,611000000.0,611000000.0,611000000.0,0.0,0.0,0.132,3670000000.0,969000000.0,100954000000.0,0.404,2.186,15.001,14.833,7083000000.0,0.0,42.72,2.397,2.366,51641000000.0,24768000000.0,4639000000.0,4639000000.0,0.0,,,,,0.0,3161000000.0,1.0,1095913509.0,1081708833,1105494894.0,4.289,515325000000.0,0.0,337000000.0,0.0,476.399,
76,MS,MRQ,2002-06-30,2002-05-31,2002-05-31,2021-08-25,-212000000.0,553924000000.0,,,,,19.609,-276000000.0,68339000000.0,68339000000.0,0.0,797000000.0,,25.035,344788000000.0,,,344788000000.0,0.0,0.0,13337000000.0,0.02,0.23,1225000000.0,1225000000.0,0.246,1225000000.0,1225000000.0,1225000000.0,0.73,0.72,0.73,21276000000.0,,21276000000.0,271881440813.0,54.0,47.49,-12179000000.0,-11.225,1.0,4972000000.0,1.0,1441000000.0,0.0,828932000000.0,,0.0,405574000000.0,,,532648000000.0,,,50004440813.0,-3263000000.0,0.0,-235000000.0,8635000000.0,-251000000.0,8952000000.0,-312000000.0,-36000000.0,-11903000000.0,0.0,797000000.0,797000000.0,797000000.0,0.0,0.0,0.16,3725000000.0,1247000000.0,109724000000.0,0.315,2.35,15.597,15.41,7581000000.0,0.0,45.46,2.491,2.457,51275000000.0,24408000000.0,4972000000.0,4972000000.0,0.0,,,,,0.0,3290000000.0,1.0,1099965702.0,1084993202,1113949482.0,4.583,552483000000.0,0.0,428000000.0,0.0,509.204,
77,MS,MRQ,2002-03-31,2002-02-28,2002-02-28,2021-08-25,-263000000.0,491651000000.0,,,,,19.302,-358000000.0,74298000000.0,74298000000.0,0.0,848000000.0,,22.533,296175000000.0,,,296175000000.0,0.0,0.0,12540000000.0,0.019,0.23,1325000000.0,1325000000.0,0.252,1325000000.0,1325000000.0,1325000000.0,0.78,0.76,0.78,20892000000.0,,20892000000.0,266004458919.0,51.0,44.594,-7582000000.0,-7.005,1.0,5265000000.0,1.0,1433000000.0,0.0,712095000000.0,,0.0,340718000000.0,,,470759000000.0,,,54111458919.0,-1121000000.0,0.0,-113000000.0,7908000000.0,-251000000.0,7463000000.0,-1360000000.0,-1002000000.0,-7224000000.0,0.0,848000000.0,848000000.0,848000000.0,0.0,0.0,0.161,3918000000.0,1347000000.0,102483000000.0,0.295,2.59,16.25,16.0,7498000000.0,0.0,49.12,2.568,2.523,47885000000.0,23865000000.0,5265000000.0,5265000000.0,0.0,,,,,0.0,3488000000.0,1.0,1101617649.0,1082380245,1112959092.0,4.864,490218000000.0,0.0,477000000.0,0.0,452.907,
78,MS,MRQ,2001-12-31,2001-11-30,2001-11-30,2021-08-25,-262000000.0,482628000000.0,,,,,19.227,58000000.0,72922000000.0,72922000000.0,0.0,870000000.0,,22.297,284815000000.0,,,284815000000.0,0.0,729000000.0,12276000000.0,0.017,0.23,1318000000.0,2047000000.0,0.44,2047000000.0,1318000000.0,1318000000.0,0.8,0.78,0.8,20716000000.0,,20716000000.0,286668088538.0,52.0,45.691,18556000000.0,17.222,1.0,4655000000.0,1.0,1438000000.0,0.0,693083000000.0,,0.0,326224000000.0,,,461912000000.0,,,60868088538.0,2430000000.0,0.0,-318000000.0,-15778000000.0,-253000000.0,-16969000000.0,901000000.0,843000000.0,18498000000.0,0.0,870000000.0,865000000.0,865000000.0,0.0,0.0,0.186,3315000000.0,1340000000.0,100811000000.0,0.287,2.938,17.446,17.29,7332000000.0,5000000.0,55.5,2.754,2.727,54041000000.0,23270000000.0,4655000000.0,4655000000.0,0.0,,,,,653000000.0,2614000000.0,1.0,1096722316.0,1077432188,1107435024.0,4.32,481190000000.0,0.0,448000000.0,0.0,446.608,
79,MS,MRQ,2001-09-30,2001-08-31,2001-08-31,2021-08-25,-228000000.0,505782000000.0,,,,,18.415,-528000000.0,71230000000.0,71230000000.0,0.0,705000000.0,,24.303,297030000000.0,,,297030000000.0,0.0,0.0,12896000000.0,0.017,0.23,1128000000.0,1128000000.0,0.218,1128000000.0,1128000000.0,1128000000.0,0.64,0.62,0.64,19989000000.0,,19989000000.0,282100372637.0,33.0,30.487,-1735000000.0,-1.598,1.0,5186000000.0,1.0,0.0,0.0,731582000000.0,,0.0,354418000000.0,,,485793000000.0,,,59150372637.0,-2930000000.0,0.0,-213000000.0,-2211000000.0,-264000000.0,-1692000000.0,-31000000.0,497000000.0,-1207000000.0,0.0,705000000.0,696000000.0,696000000.0,0.0,0.0,0.134,4014000000.0,1172000000.0,105077000000.0,0.359,2.959,10.913,10.756,7457000000.0,9000000.0,53.35,2.284,2.236,50065000000.0,22657000000.0,5186000000.0,5186000000.0,0.0,,,,,0.0,3527000000.0,1.0,1108723011.0,1085447127,1119301107.0,4.778,505782000000.0,0.0,423000000.0,0.0,465.967,
80,MS,MRQ,2001-06-30,2001-05-31,2001-05-31,2021-08-25,-202000000.0,497381000000.0,,,,,18.445,-295000000.0,72766000000.0,72766000000.0,0.0,930000000.0,,23.845,295716000000.0,,,295716000000.0,0.0,0.0,12506000000.0,0.013,0.23,1465000000.0,1465000000.0,0.245,1465000000.0,1465000000.0,1465000000.0,0.85,0.82,0.85,20019000000.0,,20019000000.0,262556545770.0,38.0,34.434,-35370000000.0,-32.59,1.0,5968000000.0,1.0,0.0,0.0,720331000000.0,,0.0,335501000000.0,,,477362000000.0,,,72342545770.0,5418000000.0,-183000000.0,-414000000.0,41320000000.0,-260000000.0,40623000000.0,-130000000.0,348000000.0,-35075000000.0,0.0,930000000.0,921000000.0,921000000.0,0.0,0.0,0.154,4496000000.0,1472000000.0,96150000000.0,0.271,3.614,16.577,16.212,7091000000.0,9000000.0,65.01,3.027,2.953,54461000000.0,22217000000.0,5968000000.0,5968000000.0,0.0,,,,,0.0,3997000000.0,1.0,1112791044.0,1085305558,1120687197.0,5.499,497381000000.0,0.0,535000000.0,0.0,458.287,
81,MS,MRQ,2001-03-31,2001-02-28,2001-02-28,2021-08-25,-182000000.0,450097000000.0,,,,,18.132,-524000000.0,65462000000.0,65462000000.0,0.0,1016000000.0,,21.789,255676000000.0,,,255676000000.0,0.0,0.0,12529000000.0,0.013,0.23,1634000000.0,1634000000.0,0.26,1634000000.0,1634000000.0,1634000000.0,0.93,0.89,0.93,19751000000.0,,19751000000.0,243731838202.0,32.0,28.827,-7915000000.0,-7.266,1.0,6296000000.0,1.0,0.0,0.0,640311000000.0,,0.0,310466000000.0,,,430346000000.0,,,72743838202.0,2859000000.0,0.0,-441000000.0,10893000000.0,-263000000.0,10793000000.0,-543000000.0,-19000000.0,-7391000000.0,0.0,1016000000.0,1007000000.0,1007000000.0,0.0,0.0,0.16,4596000000.0,1700000000.0,99343000000.0,0.247,3.683,14.87,14.538,6970000000.0,9000000.0,65.13,2.908,2.836,59106000000.0,21552000000.0,6296000000.0,6296000000.0,0.0,,,,,0.0,4109000000.0,1.0,1116902168.0,1089270364,1134150225.0,5.78,450097000000.0,0.0,618000000.0,0.0,413.21,
82,MS,MRQ,2000-12-31,2000-11-30,2000-11-30,2021-08-25,-91000000.0,421279000000.0,,,,,17.353,-544000000.0,67456000000.0,67456000000.0,0.0,2805000000.0,,20.861,241282000000.0,,,241282000000.0,0.0,727000000.0,11930000000.0,0.013,0.2,4299000000.0,5026000000.0,0.595,5026000000.0,4299000000.0,4299000000.0,2.54,2.4,2.54,19271000000.0,,19271000000.0,260737812060.0,31.0,28.179,-5865000000.0,-5.281,1.0,8444000000.0,1.0,0.0,0.0,595105000000.0,,0.0,281526000000.0,,,402008000000.0,,,71030812060.0,1564000000.0,0.0,-1131000000.0,10860000000.0,-230000000.0,9621000000.0,-2736000000.0,-2192000000.0,-5321000000.0,0.0,2805000000.0,2796000000.0,2796000000.0,0.0,0.0,0.331,4241000000.0,4203000000.0,100384000000.0,0.079,3.686,13.105,12.804,6612000000.0,9000000.0,63.38,2.716,2.656,54460000000.0,20802000000.0,8444000000.0,8444000000.0,0.0,,,,,908000000.0,3766000000.0,1.0,1120713349.0,1110529929,1156228854.0,7.604,421279000000.0,0.0,1494000000.0,0.0,379.35,
83,MS,MRQ,2000-09-30,2000-08-31,2000-08-31,2021-08-25,-107000000.0,404123000000.0,,,,,17.142,-231000000.0,43011000000.0,43011000000.0,0.0,-351000000.0,,20.619,232718000000.0,,,232718000000.0,0.0,0.0,11454000000.0,0.007,0.2,-500000000.0,-500000000.0,-0.157,-500000000.0,-500000000.0,-500000000.0,-0.31,-0.27,-0.31,18654000000.0,,18654000000.0,344823046171.0,50.0,46.579,-6170000000.0,-5.67,1.0,3188000000.0,1.0,0.0,0.0,593830000000.0,,0.0,285188000000.0,,,384630000000.0,,,121043046171.0,1299000000.0,0.0,-499000000.0,5302000000.0,-230000000.0,4947000000.0,2291000000.0,2522000000.0,-5939000000.0,0.0,-351000000.0,-360000000.0,-360000000.0,0.0,0.0,-0.113,3599000000.0,-411000000.0,78803000000.0,-0.645,6.489,28.508,27.444,6245000000.0,9000000.0,107.58,5.277,5.104,61496000000.0,19826000000.0,3188000000.0,3188000000.0,0.0,,,,,0.0,3108000000.0,1.0,1125144508.0,1088218669,1137304026.0,2.93,404123000000.0,0.0,-149000000.0,0.0,371.362,
84,MS,MRQ,2000-06-30,2000-05-31,2000-05-31,2021-08-25,-90000000.0,417586000000.0,,,,,16.49,-9000000.0,15956000000.0,15956000000.0,0.0,1458000000.0,,22.058,239736000000.0,,,239736000000.0,0.0,0.0,11089000000.0,0.009,0.2,2295000000.0,2295000000.0,0.324,2295000000.0,2295000000.0,2295000000.0,1.32,1.26,1.32,18110000000.0,,18110000000.0,304008283153.0,34.0,32.116,12065000000.0,10.986,1.0,7088000000.0,1.0,0.0,0.0,641366000000.0,,0.0,297205000000.0,,,399476000000.0,,,80925283153.0,627000000.0,-199000000.0,-1039000000.0,-11264000000.0,-231000000.0,-12288000000.0,841000000.0,1049000000.0,12074000000.0,0.0,1458000000.0,1449000000.0,1449000000.0,0.0,0.0,0.204,4793000000.0,2295000000.0,79513000000.0,0.152,4.469,14.542,14.02,6153000000.0,9000000.0,71.5,3.227,3.131,64705000000.0,18813000000.0,7088000000.0,7088000000.0,0.0,,,,,0.0,4370000000.0,1.0,1131822142.0,1098245490,1145401309.0,6.454,417586000000.0,0.0,837000000.0,0.0,380.23,
85,MS,MRQ,2000-03-31,2000-02-29,2000-02-29,2021-08-25,-39000000.0,408072000000.0,,,,,16.32,-112000000.0,31374000000.0,31374000000.0,0.0,1544000000.0,,21.859,254457000000.0,,,254457000000.0,0.0,0.0,10845000000.0,0.008,0.2,2432000000.0,2432000000.0,0.327,2432000000.0,2432000000.0,2432000000.0,1.4,1.34,1.4,17852000000.0,,17852000000.0,291483903673.0,34.0,32.283,-3309000000.0,-3.025,1.0,7428000000.0,1.0,0.0,0.0,631155000000.0,,0.0,297596000000.0,,,390220000000.0,,,80257903673.0,3004000000.0,0.0,-621000000.0,9817000000.0,-233000000.0,9283000000.0,-3082000000.0,-2970000000.0,-3197000000.0,0.0,1544000000.0,1535000000.0,1535000000.0,0.0,0.0,0.207,4996000000.0,2432000000.0,62982000000.0,0.143,4.496,15.267,14.644,4133000000.0,9000000.0,70.44,3.396,3.26,67458000000.0,17592000000.0,7428000000.0,7428000000.0,0.0,,,,,0.0,4584000000.0,1.0,1139379666.0,1093904751,1146854036.0,6.79,408072000000.0,0.0,888000000.0,0.0,373.042,
86,MS,MRQ,1999-12-31,1999-11-30,1999-11-30,2021-08-25,-27000000.0,366967000000.0,,,,,15.946,-1109000000.0,22038000000.0,22038000000.0,0.0,1633000000.0,,20.569,233264000000.0,,,233264000000.0,0.0,541000000.0,10397000000.0,0.008,0.12,2635000000.0,3176000000.0,0.607,3176000000.0,2635000000.0,2635000000.0,1.51,1.42,1.51,17014000000.0,,17014000000.0,263742727009.0,34.0,31.895,-23333000000.0,-21.868,1.0,5233000000.0,1.0,0.0,0.0,578193000000.0,,0.0,267472000000.0,,,349953000000.0,,,67180727009.0,-1057000000.0,0.0,-664000000.0,25850000000.0,-142000000.0,26157000000.0,-4990000000.0,-3881000000.0,-22224000000.0,0.0,1633000000.0,1622000000.0,1622000000.0,0.0,0.0,0.31,2598000000.0,2635000000.0,50061000000.0,0.079,3.949,14.152,13.928,4088000000.0,11000000.0,60.31,3.118,3.07,66158000000.0,16285000000.0,5233000000.0,5233000000.0,0.0,,,,,735000000.0,2182000000.0,1.0,1113923512.0,1066981084,1129698244.0,4.904,366967000000.0,0.0,1002000000.0,0.0,343.93,
87,MS,MRQ,1999-09-30,1999-08-31,1999-08-31,2021-08-25,-28000000.0,340870000000.0,,,,,14.039,-106000000.0,23800000000.0,23800000000.0,0.0,970000000.0,,21.07,220362000000.0,,,220362000000.0,0.0,0.0,9286000000.0,0.011,0.12,1563000000.0,1563000000.0,0.293,1563000000.0,1563000000.0,1563000000.0,0.87,0.83,0.87,15445000000.0,,15445000000.0,251595403334.0,36.0,33.044,789000000.0,0.717,1.0,5329000000.0,1.0,0.0,0.0,537432000000.0,,0.0,251892000000.0,,,325425000000.0,,,48515403334.0,2771000000.0,0.0,-742000000.0,4595000000.0,-143000000.0,4130000000.0,-2254000000.0,-2148000000.0,895000000.0,0.0,970000000.0,959000000.0,959000000.0,0.0,0.0,0.18,3766000000.0,1563000000.0,50751000000.0,0.138,3.141,11.184,10.987,2145000000.0,11000000.0,42.905,2.397,2.332,53891000000.0,14796000000.0,5329000000.0,5329000000.0,0.0,,,,,0.0,3415000000.0,1.0,1130763392.0,1100113462,1161401646.0,4.844,340870000000.0,0.0,593000000.0,0.0,309.85,
88,MS,MRQ,1999-06-30,1999-05-31,1999-05-31,2021-08-25,-36000000.0,342345000000.0,,,,,13.849,-97000000.0,19791000000.0,19791000000.0,0.0,1151000000.0,,21.304,222871000000.0,,,222871000000.0,0.0,0.0,8809000000.0,0.009,0.12,1858000000.0,1858000000.0,0.329,1858000000.0,1858000000.0,1858000000.0,1.03,0.97,1.03,15349000000.0,,15349000000.0,248912393412.0,39.0,35.758,15695000000.0,14.161,1.0,5645000000.0,1.0,0.0,0.0,545425000000.0,,0.0,252811000000.0,,,326996000000.0,,,55060393412.0,4386000000.0,-223000000.0,-537000000.0,-11204000000.0,-144000000.0,-11850000000.0,444000000.0,764000000.0,15792000000.0,0.0,1151000000.0,1141000000.0,1141000000.0,0.0,0.0,0.202,3787000000.0,1858000000.0,47796000000.0,0.117,3.587,13.796,13.515,2121000000.0,10000000.0,48.25,2.936,2.851,59322000000.0,13973000000.0,5645000000.0,5645000000.0,0.0,,,,,0.0,3453000000.0,1.0,1141148050.0,1108293164,1173311370.0,5.093,342345000000.0,0.0,707000000.0,0.0,308.894,
89,MS,MRQ,1999-03-31,1999-02-28,1999-02-28,2021-08-25,-31000000.0,321778000000.0,,,,,13.392,-357000000.0,20720000000.0,20720000000.0,0.0,1037000000.0,,20.688,214572000000.0,,,214572000000.0,0.0,0.0,8422000000.0,0.009,0.12,1672000000.0,1672000000.0,0.313,1672000000.0,1672000000.0,1672000000.0,0.93,0.88,0.93,14837000000.0,,14837000000.0,233519727405.0,39.0,35.926,-23765000000.0,-21.451,1.0,5339000000.0,1.0,0.0,0.0,515630000000.0,,0.0,240729000000.0,,,306941000000.0,,,51685727405.0,-10653000000.0,0.0,-208000000.0,13014000000.0,-146000000.0,12885000000.0,-130000000.0,227000000.0,-23408000000.0,0.0,1037000000.0,1026000000.0,1026000000.0,0.0,0.0,0.192,3667000000.0,1672000000.0,44435000000.0,0.129,3.484,14.015,13.88,2121000000.0,11000000.0,45.25,2.919,2.831,50462000000.0,12968000000.0,5339000000.0,5339000000.0,0.0,,,,,0.0,3375000000.0,1.0,1142226020.0,1107871156,1169186312.0,4.819,321778000000.0,0.0,635000000.0,0.0,290.447,
90,MS,MRQ,1998-12-31,1998-11-30,1998-11-30,2021-08-25,-12000000.0,317590000000.0,,,,,12.675,-75000000.0,27409000000.0,27409000000.0,0.0,1224000000.0,,21.494,209243000000.0,,,209243000000.0,0.0,575000000.0,8197000000.0,0.011,0.1,1946000000.0,2521000000.0,0.641,2521000000.0,1946000000.0,1946000000.0,1.075,1.03,1.075,14119000000.0,,14119000000.0,250203068559.0,47.0,42.821,18766000000.0,16.846,1.0,3930000000.0,1.0,0.0,0.0,499424000000.0,,0.0,234843000000.0,,,303471000000.0,,,40217068559.0,7058000000.0,1399000000.0,-925000000.0,-11403000000.0,-124000000.0,-12973000000.0,1190000000.0,-134000000.0,18841000000.0,0.0,1224000000.0,1212000000.0,1212000000.0,0.0,0.0,0.308,1984000000.0,1946000000.0,46221000000.0,0.093,2.848,12.486,12.432,1834000000.0,12000000.0,34.81,2.452,2.444,46173000000.0,12080000000.0,3930000000.0,3930000000.0,0.0,,,,,408000000.0,2375000000.0,1.0,1155330898.0,1113947270,1170761278.0,3.528,317590000000.0,0.0,722000000.0,0.0,285.103,
91,MS,MRQ,1998-09-30,1998-08-31,1998-08-31,2021-08-25,-10000000.0,360929000000.0,,,,,11.9,-90000000.0,20012000000.0,20012000000.0,0.0,626000000.0,,25.457,229998000000.0,,,229998000000.0,0.0,0.0,8718000000.0,0.013,0.1,910000000.0,910000000.0,0.237,910000000.0,910000000.0,910000000.0,0.535,0.505,0.535,13642000000.0,,13642000000.0,266098471615.0,57.0,53.039,-238000000.0,-0.208,1.0,3841000000.0,1.0,0.0,0.0,570915000000.0,,0.0,270153000000.0,,,347287000000.0,,,34005471615.0,549000000.0,0.0,-523000000.0,2078000000.0,-130000000.0,810000000.0,-113000000.0,-23000000.0,-148000000.0,0.0,626000000.0,612000000.0,612000000.0,0.0,0.0,0.159,2931000000.0,910000000.0,58833000000.0,0.187,2.493,12.123,11.996,1779000000.0,14000000.0,29.03,2.098,2.053,61444000000.0,11120000000.0,3841000000.0,3841000000.0,0.0,,,,,0.0,2578000000.0,1.0,1171390686.0,1146341014,1209559188.0,3.351,360929000000.0,0.0,284000000.0,0.0,314.853,
92,MS,MRQ,1998-06-30,1998-05-31,1998-05-31,2021-08-25,-16000000.0,380665000000.0,,,,,11.891,-108000000.0,17078000000.0,17078000000.0,0.0,852000000.0,,26.535,249171000000.0,,,249171000000.0,0.0,0.0,9133000000.0,0.009,0.1,1397000000.0,1397000000.0,0.304,1397000000.0,1397000000.0,1397000000.0,0.72,0.685,0.72,13825000000.0,,13825000000.0,268079947769.0,55.0,51.425,10859000000.0,9.34,1.0,4599000000.0,1.0,0.0,0.0,612758000000.0,,0.0,285122000000.0,,,366840000000.0,,,46902947769.0,3073000000.0,0.0,-1388000000.0,-9235000000.0,-131000000.0,-10420000000.0,2526000000.0,2634000000.0,10967000000.0,0.0,852000000.0,838000000.0,838000000.0,0.0,0.0,0.182,3202000000.0,1397000000.0,57099000000.0,0.139,3.393,16.423,15.866,1760000000.0,14000000.0,39.03,2.847,2.755,69220000000.0,10607000000.0,4599000000.0,4599000000.0,0.0,,,,,0.0,2877000000.0,1.0,1201715290.0,1162653236,1225250708.0,3.956,380665000000.0,0.0,545000000.0,0.0,327.411,
93,MS,MRQ,1998-03-31,1998-02-28,1998-02-28,2021-08-25,-3000000.0,345534000000.0,,,,,12.377,-85000000.0,11249000000.0,11249000000.0,0.0,574000000.0,,22.791,232426000000.0,,,232426000000.0,0.0,0.0,9199000000.0,0.009,0.1,1015000000.0,1015000000.0,0.252,1015000000.0,1015000000.0,1015000000.0,0.475,0.455,0.475,14524000000.0,,14524000000.0,240532600586.0,55.0,51.188,-14316000000.0,-12.199,1.0,4035000000.0,1.0,0.0,0.0,566711000000.0,,0.0,254011000000.0,,,331010000000.0,,,42262600586.0,-2057000000.0,0.0,37000000.0,12475000000.0,-134000000.0,12584000000.0,-410000000.0,-325000000.0,-14231000000.0,0.0,574000000.0,559000000.0,559000000.0,0.0,0.0,0.139,2903000000.0,1132000000.0,43617000000.0,0.211,2.91,16.724,16.011,1718000000.0,15000000.0,34.905,2.745,2.661,70725000000.0,9887000000.0,4035000000.0,4035000000.0,0.0,,,,,0.0,2617000000.0,1.0,1210789302.0,1173502680,1232755124.0,3.438,345534000000.0,0.0,441000000.0,0.0,294.447,
94,MS,MRQ,1997-12-31,1997-11-30,1997-11-30,2021-08-25,-9000000.0,302287000000.0,,,,,12.091,-209000000.0,15145000000.0,15145000000.0,0.0,810000000.0,,20.66,213415000000.0,,,213415000000.0,0.0,338000000.0,8993000000.0,0.01,0.07,1357000000.0,1695000000.0,0.454,1695000000.0,1357000000.0,1357000000.0,0.69,0.655,0.69,13956000000.0,,13956000000.0,226302341659.0,53.0,49.068,-4786000000.0,-4.146,1.0,3732000000.0,1.0,0.0,0.0,500557000000.0,,0.0,227799000000.0,,,288331000000.0,,,32174341659.0,-1131000000.0,0.0,86000000.0,2854000000.0,-97000000.0,3325000000.0,121000000.0,239000000.0,-4577000000.0,0.0,810000000.0,796000000.0,796000000.0,0.0,0.0,0.213,2375000000.0,1357000000.0,42153000000.0,0.101,2.305,12.768,12.4,1705000000.0,14000000.0,27.155,2.169,2.105,50260000000.0,9330000000.0,3732000000.0,3732000000.0,0.0,,,,,374000000.0,2062000000.0,1.0,1184840422.0,1154256748,1217060684.0,3.233,302287000000.0,0.0,547000000.0,0.0,261.889,
95,MS,MRQ,1997-09-30,1997-08-31,1997-08-31,2021-08-25,-7000000.0,282480000000.0,,,,,11.06,-40000000.0,12868000000.0,12868000000.0,0.0,678000000.0,,21.091,206996000000.0,,,206996000000.0,0.0,0.0,8511000000.0,0.011,0.07,1106000000.0,1106000000.0,0.269,1106000000.0,1106000000.0,1106000000.0,0.575,0.545,0.575,12787000000.0,,12787000000.0,209884631536.0,58.0,53.83,4312000000.0,3.73,1.0,4107000000.0,1.0,0.0,0.0,476608000000.0,,0.0,221109000000.0,,,269693000000.0,,,28245631536.0,5055000000.0,0.0,46000000.0,656000000.0,-140000000.0,1498000000.0,-795000000.0,-688000000.0,4352000000.0,0.0,678000000.0,663000000.0,663000000.0,0.0,0.0,0.161,3001000000.0,1106000000.0,28907000000.0,0.122,2.209,12.986,12.402,1680000000.0,15000000.0,24.06,1.986,1.956,39964000000.0,8618000000.0,4107000000.0,4107000000.0,0.0,,,,,0.0,2652000000.0,1.0,1173966398.0,1156165612,1220038244.0,3.552,282480000000.0,0.0,428000000.0,0.0,244.325,
96,MS,MRQ,1997-06-30,1997-05-31,1997-05-31,2021-08-25,-9000000.0,269984000000.0,,,,,10.159,-15000000.0,10509000000.0,10509000000.0,0.0,527000000.0,,21.21,192148000000.0,,,192148000000.0,0.0,0.0,7575000000.0,0.012,0.07,883000000.0,883000000.0,0.251,883000000.0,883000000.0,883000000.0,0.44,0.42,0.44,12156000000.0,,12156000000.0,26610718897.0,8.0,7.627,5400000000.0,4.513,1.0,3520000000.0,1.0,0.0,0.0,451623000000.0,,0.0,208520000000.0,,,257828000000.0,,,13492318897.0,-2313000000.0,0.0,27000000.0,-6246000000.0,-91000000.0,-5873000000.0,-697000000.0,-653000000.0,5415000000.0,0.0,527000000.0,509000000.0,509000000.0,0.0,0.0,0.145,2637000000.0,883000000.0,33901000000.0,0.159,1.11,6.93,11.96,1655000000.0,18000000.0,20.75,1.044,1.922,42591000000.0,8039000000.0,3520000000.0,3520000000.0,0.0,,,,,0.0,2272000000.0,1.0,650232236.0,1196565070,1223449180.0,2.942,269984000000.0,0.0,356000000.0,0.0,225.633,
97,MS,MRQ,1997-03-31,1997-02-28,1997-02-28,2021-08-25,,,,,,,,-37000000.0,,,0.0,571000000.0,,,,,,,,0.0,,0.012,0.07,928000000.0,928000000.0,0.267,928000000.0,928000000.0,928000000.0,0.48,0.455,0.48,,,,24482489588.0,8.0,,-5785000000.0,-5.044,1.0,3474000000.0,1.0,,0.0,,,,,,,,,,12339689588.0,100000000.0,0.0,-89000000.0,7135000000.0,-88000000.0,7005000000.0,-1157000000.0,-1120000000.0,-5748000000.0,0.0,571000000.0,552000000.0,552000000.0,0.0,0.0,0.159,2546000000.0,928000000.0,,0.146,,6.204,10.934,,19000000.0,19.19,0.985,1.757,,,3474000000.0,3474000000.0,0.0,,,,,0.0,2269000000.0,1.0,643027076.0,1146821316,1211382132.0,3.029,,,357000000.0,,,
98,MS,MRQ,1996-12-31,1996-11-30,1996-11-30,2021-08-25,-11000000.0,238860000000.0,,,,,11.579,-38000000.0,11753000000.0,11753000000.0,0.0,469000000.0,,19.412,174273000000.0,,,174273000000.0,0.0,251000000.0,7213000000.0,0.013,0.055,731000000.0,982000000.0,0.315,982000000.0,731000000.0,731000000.0,0.445,0.375,0.445,11702000000.0,,11702000000.0,23135347864.0,7.0,6.869,-13693000000.0,-13.55,1.0,3118000000.0,1.0,0.0,0.0,401380000000.0,,0.0,180228000000.0,,,227158000000.0,,,10992547864.0,2178000000.0,-986000000.0,-100000000.0,16685000000.0,-87000000.0,17865000000.0,-2574000000.0,-1580000000.0,-13655000000.0,0.0,469000000.0,451000000.0,451000000.0,0.0,0.0,0.145,2387000000.0,731000000.0,25560000000.0,0.124,0.939,5.743,10.237,1681000000.0,18000000.0,17.095,0.914,1.63,39264000000.0,7477000000.0,3118000000.0,3118000000.0,0.0,,,,,513000000.0,2146000000.0,1.0,643027076.0,1010583508,1203805414.0,3.085,238860000000.0,0.0,262000000.0,0.0,236.358,
99,MS,MRQ,1996-09-30,1996-08-31,1996-08-31,2021-08-25,-11000000.0,238860000000.0,,,,,9.933,-38000000.0,11753000000.0,11753000000.0,0.0,450000000.0,,19.412,174273000000.0,,,174273000000.0,0.0,0.0,7213000000.0,0.016,0.055,696000000.0,696000000.0,0.248,696000000.0,696000000.0,696000000.0,0.37,0.36,0.37,11702000000.0,,11702000000.0,20017014150.0,,,976000000.0,0.828,1.0,2807000000.0,1.0,0.0,0.0,401380000000.0,,0.0,180228000000.0,,,227158000000.0,,,8214314150.0,-195000000.0,0.0,-152000000.0,-8000000.0,-78000000.0,-181000000.0,-1028000000.0,-962000000.0,1014000000.0,0.0,450000000.0,435000000.0,435000000.0,0.0,0.0,0.155,2111000000.0,696000000.0,25560000000.0,0.149,0.702,,,1681000000.0,15000000.0,12.5,,,39264000000.0,7477000000.0,2807000000.0,2807000000.0,0.0,,,,,0.0,1870000000.0,1.0,657145132.0,1178049572,1202620906.0,2.383,238860000000.0,0.0,246000000.0,0.0,202.759,
100,MS,MRQ,1996-06-30,1996-05-31,1996-05-31,2021-08-25,-11000000.0,238860000000.0,,,,,9.785,,11753000000.0,11753000000.0,0.0,568000000.0,,19.412,174273000000.0,,,174273000000.0,0.0,,7213000000.0,0.013,0.055,890000000.0,,,,890000000.0,890000000.0,0.46,0.45,0.46,11702000000.0,,11702000000.0,21151923745.0,,,,,1.0,3129000000.0,1.0,0.0,0.0,401380000000.0,,0.0,180228000000.0,,,227158000000.0,,,9882823745.0,,,,,,,,,,,568000000.0,551000000.0,551000000.0,0.0,0.0,0.176,2239000000.0,890000000.0,25560000000.0,0.12,0.845,,,1681000000.0,17000000.0,14.812,,,39264000000.0,7477000000.0,3129000000.0,3129000000.0,0.0,,,,,,1994000000.0,1.0,667194852.0,1195899896,1221789574.0,2.616,238860000000.0,0.0,322000000.0,0.0,199.732,
101,MS,MRQ,1996-03-31,1996-03-31,1996-03-31,2021-08-25,0.0,35342100000.0,,,,,7.052,0.0,2934600000.0,2934600000.0,0.0,245800000.0,,6.194,14203700000.0,,,14203700000.0,0.0,19600000.0,6003900000.0,0.012,0.055,400400000.0,420000000.0,0.271,420000000.0,400400000.0,400400000.0,0.355,0.35,0.355,4912700000.0,,4912700000.0,,,,91500000.0,0.131,1.0,1547500000.0,1.0,160200000.0,0.0,46451000000.0,,0.0,5181500000.0,,,30429400000.0,,,9549226319.0,-533200000.0,0.0,-134900000.0,-2727600000.0,-26900000.0,-3076600000.0,2451900000.0,2489200000.0,91500000.0,0.0,245800000.0,245800000.0,245800000.0,0.0,0.0,0.159,1147100000.0,400400000.0,6010900000.0,0.155,1.944,10.85,11.404,354500000.0,0.0,14.312,1.631,1.703,23774400000.0,2374600000.0,1547500000.0,1547500000.0,0.0,,,,,0.0,1005500000.0,1.0,667194852.0,696600000,699200000.0,2.222,35181900000.0,742800000.0,154600000.0,249700000.0,50.505,
102,MS,MRQ,1995-12-31,1995-12-31,1995-12-31,2021-08-25,0.0,38208200000.0,,,,,6.874,0.0,3390900000.0,3390900000.0,0.0,178100000.0,,6.905,17356800000.0,,,17356800000.0,0.0,19200000.0,6191100000.0,0.014,0.04,292600000.0,311800000.0,0.218,311800000.0,292600000.0,292600000.0,0.252,0.262,0.252,4833700000.0,,4833700000.0,,,,689400000.0,0.98,1.0,1432200000.0,1.0,0.0,0.0,52174100000.0,,0.0,7778900000.0,,,33374500000.0,,,,531500000.0,0.0,-99200000.0,3807100000.0,-27100000.0,4173200000.0,-4331100000.0,-4273000000.0,689400000.0,0.0,178100000.0,178100000.0,178100000.0,0.0,0.0,0.124,1139600000.0,292600000.0,3183000000.0,0.159,,,9.631,341000000.0,0.0,11.75,,1.456,23423400000.0,2165700000.0,1432200000.0,1432200000.0,0.0,,,,,57200000.0,974300000.0,1.0,,703200000,684400000.0,2.037,38208200000.0,736900000.0,114500000.0,99300000.0,54.335,
103,MS,MRQ,1995-09-30,1995-09-30,1995-09-30,2021-08-25,,,,,,,,0.0,,,0.0,218700000.0,,,,,,,,19200000.0,,0.011,0.04,355700000.0,374900000.0,0.258,374900000.0,355700000.0,355700000.0,0.31,0.307,0.31,,,,,,,-659700000.0,-0.934,1.0,1451200000.0,1.0,,0.0,,,,,,,,,,,135300000.0,0.0,11600000.0,1567800000.0,-26800000.0,1668600000.0,-873600000.0,-841100000.0,-659700000.0,0.0,218700000.0,218700000.0,218700000.0,0.0,0.0,0.151,1095500000.0,355700000.0,,0.129,,,,,0.0,14.062,,,,,1451200000.0,1451200000.0,0.0,,,,,0.0,946600000.0,1.0,,706000000,709200000.0,2.056,,,137000000.0,,,
104,MS,MRQ,1995-06-30,1995-06-30,1995-06-30,2021-08-25,,,,,,,,0.0,,,0.0,237500000.0,,,,,,,,16300000.0,,0.012,0.04,385300000.0,401600000.0,0.282,401600000.0,385300000.0,385300000.0,0.338,0.338,0.338,,,,,,,1603100000.0,2.285,1.0,1424900000.0,1.0,,0.0,,,,,,,,,,,36800000.0,0.0,18200000.0,-725200000.0,-27200000.0,-532700000.0,-1033600000.0,-1005100000.0,1603100000.0,0.0,237500000.0,237500000.0,237500000.0,0.0,0.0,0.167,1039600000.0,385300000.0,,0.118,,,,,0.0,11.75,,,,,1424900000.0,1424900000.0,0.0,,,,,0.0,878600000.0,1.0,,701600000,702000000.0,2.031,,,147800000.0,,,
105,MS,MRQ,1995-03-31,1995-03-31,1995-03-31,2021-08-25,,,,,,,,0.0,,,0.0,222100000.0,,,,,,,,15300000.0,,0.013,0.04,362300000.0,377600000.0,0.276,377600000.0,362300000.0,362300000.0,0.32,0.32,0.32,,,,,,,-156000000.0,-0.225,1.0,1367600000.0,1.0,,0.0,,,,,,,,,,,-573200000.0,0.0,-11200000.0,-770600000.0,-21200000.0,-630500000.0,213300000.0,210400000.0,-156000000.0,0.0,222100000.0,222100000.0,222100000.0,0.0,0.0,0.162,1005300000.0,362300000.0,,0.125,,,,,0.0,10.188,,,,,1367600000.0,1367600000.0,0.0,,,,,0.0,840200000.0,1.0,,694000000,695600000.0,1.971,,,140200000.0,,,
0,MS,MRT,2021-06-30,2021-06-30,2021-06-30,2021-08-25,-2523000000.0,1161805000000.0,1098094750000.0,,,0.051,58.914,-1701000000.0,126480000000.0,126480000000.0,0.0,13843000000.0,,9.859,235374000000.0,,,235374000000.0,0.0,4203000000.0,320358000000.0,0.015,1.4,17717000000.0,21920000000.0,0.393,21920000000.0,17717000000.0,17717000000.0,7.65,7.54,7.65,106870000000.0,100826000000.0,106870000000.0,277718397616.0,16.0,12.67,-2464000000.0,-1.358,1.0,55775000000.0,1.0,25528000000.0,0.0,1245171000000.0,1195289500000.0,0.0,885179000000.0,,,1053643000000.0,,,170597397616.0,20204000000.0,3807000000.0,-5680000000.0,12115000000.0,-2912000000.0,42234000000.0,-23724000000.0,-22287000000.0,-763000000.0,2457000000.0,13733000000.0,13253000000.0,13253000000.0,0.0,110000000.0,0.238,37973000000.0,17802000000.0,233810000000.0,0.183,1.596,12.872,11.986,0.0,480000000.0,91.69,3.059,2.982,100921000000.0,84791000000.0,55775000000.0,55775000000.0,0.0,0.012,0.131,0.015,0.318,1900000000.0,31338000000.0,1.0,1860588915.0,1814000000,1841000000.0,30.747,1136277000000.0,0.0,3984000000.0,0.0,626.393,
1,MS,MRT,2021-03-31,2021-03-31,2021-03-31,2021-08-25,-2754000000.0,1158772000000.0,1086609000000.0,,,0.05,59.197,-1615000000.0,118118000000.0,118118000000.0,0.0,13567000000.0,,9.893,225239000000.0,,,225239000000.0,0.0,3832000000.0,323138000000.0,0.018,1.4,17467000000.0,21299000000.0,0.39,21299000000.0,17467000000.0,17467000000.0,7.75,7.65,7.75,106259000000.0,99553750000.0,106259000000.0,268128470065.0,15.0,12.589,-23803000000.0,-13.261,1.0,54676000000.0,1.0,25682000000.0,0.0,1240211000000.0,1190630500000.0,0.0,878357000000.0,,,1051184000000.0,,,140840470065.0,-13391000000.0,3807000000.0,-2690000000.0,7683000000.0,-2806000000.0,45394000000.0,-39351000000.0,-38142000000.0,-22188000000.0,2754000000.0,13418000000.0,12892000000.0,12892000000.0,0.0,149000000.0,0.236,36919000000.0,17757000000.0,230121000000.0,0.181,1.325,10.925,10.021,0.0,526000000.0,77.66,2.576,2.55,115043000000.0,82034000000.0,54676000000.0,54676000000.0,0.0,0.012,0.129,0.015,0.319,1676000000.0,30431000000.0,1.0,1813552280.0,1795000000,1818000000.0,30.46,1133090000000.0,0.0,4049000000.0,0.0,631.248,
2,MS,MRT,2020-12-31,2020-12-31,2020-12-31,2021-08-25,-1962000000.0,1115862000000.0,1075881500000.0,,,0.045,63.494,-1444000000.0,105654000000.0,105654000000.0,0.0,11179000000.0,,9.95,232942000000.0,,,232942000000.0,0.0,3769000000.0,310782000000.0,0.02,1.4,14235000000.0,18004000000.0,0.374,18004000000.0,14235000000.0,14235000000.0,6.55,6.46,6.55,101781000000.0,98434250000.0,101781000000.0,246513355935.0,17.0,13.692,-26675000000.0,-16.641,1.0,48198000000.0,1.0,16615000000.0,0.0,1226535000000.0,1187211500000.0,0.0,874114000000.0,,,1012713000000.0,,,123984355935.0,23483000000.0,3807000000.0,-1890000000.0,13036000000.0,-2739000000.0,83784000000.0,-37898000000.0,-39459000000.0,-25231000000.0,2828000000.0,10996000000.0,10500000000.0,10500000000.0,0.0,183000000.0,0.218,33780000000.0,14418000000.0,227437000000.0,0.214,1.218,11.808,10.463,0.0,496000000.0,68.53,2.572,2.279,97737000000.0,78694000000.0,48198000000.0,48198000000.0,0.0,0.01,0.107,0.012,0.295,1312000000.0,27517000000.0,1.0,1809198248.0,1603000000,1624000000.0,30.067,1099247000000.0,0.0,3239000000.0,0.0,685.744,
3,MS,MRT,2020-09-30,2020-09-30,2020-09-30,2021-08-25,-537000000.0,955940000000.0,1020773250000.0,,,0.045,57.324,-1271000000.0,94772000000.0,94772000000.0,0.0,10072000000.0,,9.798,217301000000.0,,,217301000000.0,0.0,3019000000.0,239253000000.0,0.029,1.4,12499000000.0,15518000000.0,0.338,15518000000.0,12499000000.0,12499000000.0,6.0,5.93,6.0,88394000000.0,93376250000.0,88394000000.0,189086392416.0,15.0,12.185,-1248000000.0,-0.809,1.0,45953000000.0,1.0,9228000000.0,0.0,1069241000000.0,1133411000000.0,0.0,759996000000.0,,,866122000000.0,,,76236392416.0,15116000000.0,0.0,-3347000000.0,5280000000.0,-2553000000.0,58139000000.0,-45278000000.0,-43648000000.0,23000000.0,2232000000.0,9850000000.0,9319000000.0,9319000000.0,0.0,222000000.0,0.203,32586000000.0,13367000000.0,192300000000.0,0.233,0.862,8.181,8.058,0.0,531000000.0,48.35,1.659,1.622,72537000000.0,76061000000.0,45953000000.0,45953000000.0,0.0,0.009,0.1,0.011,0.272,1130000000.0,26999000000.0,1.0,1576760960.0,1542000000,1566000000.0,29.801,946712000000.0,0.0,2649000000.0,0.0,613.951,
4,MS,MRT,2020-06-30,2020-06-30,2020-06-30,2021-08-25,-1962000000.0,1115862000000.0,1005645500000.0,,,0.044,66.049,-1600000000.0,105654000000.0,105654000000.0,0.0,9539000000.0,,9.95,232942000000.0,,,232942000000.0,0.0,2820000000.0,310782000000.0,0.029,1.4,11711000000.0,14531000000.0,0.328,14531000000.0,11711000000.0,11711000000.0,5.6,5.54,5.6,101781000000.0,91665000000.0,101781000000.0,152509203154.0,13.0,10.495,18627000000.0,12.088,1.0,44328000000.0,1.0,16615000000.0,0.0,1226535000000.0,1118934000000.0,0.0,874114000000.0,,,1012713000000.0,,,76104203154.0,26696000000.0,0.0,-4855000000.0,3973000000.0,-2543000000.0,56894000000.0,-49357000000.0,-47442000000.0,20227000000.0,-1068000000.0,9306000000.0,8782000000.0,8782000000.0,0.0,233000000.0,0.198,31738000000.0,12590000000.0,227437000000.0,0.25,0.748,8.666,8.625,0.0,524000000.0,48.3,1.717,1.679,97737000000.0,78694000000.0,44328000000.0,44328000000.0,0.0,0.009,0.096,0.01,0.264,1109000000.0,26329000000.0,1.0,1575656380.0,1541000000,1557000000.0,28.766,1099247000000.0,0.0,2405000000.0,0.0,713.334,
5,MS,MRT,2020-03-31,2020-03-31,2020-03-31,2021-08-25,-1962000000.0,1115862000000.0,950537250000.0,,,0.043,65.454,-1651000000.0,105654000000.0,105654000000.0,0.0,8549000000.0,,9.95,232942000000.0,,,232942000000.0,0.0,2809000000.0,310782000000.0,0.04,1.35,10254000000.0,13063000000.0,0.319,13063000000.0,10254000000.0,10254000000.0,4.86,4.81,4.86,101781000000.0,86607000000.0,101781000000.0,179529401510.0,18.0,13.743,45917000000.0,29.529,1.0,40912000000.0,1.0,16615000000.0,0.0,1226535000000.0,1065133500000.0,0.0,874114000000.0,,,1012713000000.0,,,54375401510.0,50827000000.0,0.0,-6091000000.0,5056000000.0,-2652000000.0,51852000000.0,-47442000000.0,-44757000000.0,47568000000.0,-1151000000.0,8311000000.0,7766000000.0,7766000000.0,0.0,238000000.0,0.19,30013000000.0,10899000000.0,227437000000.0,0.278,0.534,7.002,6.996,0.0,545000000.0,34.0,1.329,1.292,97737000000.0,78694000000.0,40912000000.0,40912000000.0,0.0,0.008,0.09,0.01,0.251,1014000000.0,24863000000.0,1.0,1599276515.0,1555000000,1573000000.0,26.31,1099247000000.0,0.0,1943000000.0,0.0,706.911,
6,MS,MRT,2019-12-31,2019-12-31,2019-12-31,2021-08-25,-2788000000.0,895429000000.0,895429000000.0,,,0.046,50.432,-1826000000.0,82171000000.0,82171000000.0,0.0,9237000000.0,,9.966,207325000000.0,,,207325000000.0,0.0,2643000000.0,190356000000.0,0.025,1.3,11106000000.0,13749000000.0,0.332,13749000000.0,11106000000.0,11106000000.0,5.26,5.19,5.26,81549000000.0,81549000000.0,81549000000.0,206581724392.0,19.0,15.025,38947000000.0,24.086,1.0,41419000000.0,1.0,9250000000.0,0.0,1011333000000.0,1011333000000.0,0.0,728245000000.0,,,812732000000.0,,,82742724392.0,-5025000000.0,0.0,-5954000000.0,-6248000000.0,-2627000000.0,-11966000000.0,-33561000000.0,-30782000000.0,40773000000.0,-271000000.0,9042000000.0,8512000000.0,8512000000.0,0.0,195000000.0,0.206,30118000000.0,11301000000.0,197834000000.0,0.247,1.015,9.721,9.719,0.0,530000000.0,51.12,1.998,1.996,55646000000.0,70589000000.0,41419000000.0,41419000000.0,0.0,0.01,0.104,0.011,0.268,1153000000.0,25256000000.0,1.0,1618597895.0,1617000000,1640000000.0,25.615,886179000000.0,0.0,2064000000.0,0.0,548.039,
7,MS,MRT,2019-09-30,2019-09-30,2019-09-30,2021-08-25,-2788000000.0,895429000000.0,884954500000.0,,,0.044,50.841,-1964000000.0,82171000000.0,82171000000.0,0.0,8490000000.0,,9.966,207325000000.0,,,207325000000.0,0.0,2456000000.0,190356000000.0,0.029,1.25,10270000000.0,12726000000.0,0.325,12726000000.0,10270000000.0,10270000000.0,4.75,4.7,4.75,81549000000.0,81223250000.0,81549000000.0,200772607530.0,20.0,15.777,31766000000.0,19.804,1.0,39110000000.0,1.0,9250000000.0,0.0,1011333000000.0,997652750000.0,0.0,728245000000.0,,,812732000000.0,,,70523607530.0,-12825000000.0,0.0,-5633000000.0,-7353000000.0,-2669000000.0,-10337000000.0,-34536000000.0,-31671000000.0,33730000000.0,-1682000000.0,8334000000.0,7788000000.0,7788000000.0,-1000000.0,156000000.0,0.199,28685000000.0,10425000000.0,197834000000.0,0.263,0.865,9.055,8.983,0.0,546000000.0,42.67,1.803,1.75,55646000000.0,70589000000.0,39110000000.0,39110000000.0,0.0,0.009,0.096,0.01,0.263,1002000000.0,23830000000.0,1.0,1652767929.0,1604000000,1627000000.0,24.383,886179000000.0,0.0,1936000000.0,0.0,552.481,
8,MS,MRT,2019-06-30,2019-06-30,2019-06-30,2021-08-25,-2788000000.0,895429000000.0,874480000000.0,,,0.045,49.908,-1965000000.0,82171000000.0,82171000000.0,0.0,8426000000.0,,9.966,207325000000.0,,,207325000000.0,0.0,2270000000.0,190356000000.0,0.027,1.2,10413000000.0,12683000000.0,0.326,12683000000.0,10413000000.0,10413000000.0,4.66,4.6,4.66,81549000000.0,80897500000.0,81549000000.0,191750695855.0,18.0,15.119,32993000000.0,20.192,1.0,38950000000.0,1.0,9250000000.0,0.0,1011333000000.0,983972500000.0,0.0,728245000000.0,,,812732000000.0,,,73698695855.0,-2009000000.0,0.0,-5302000000.0,-533000000.0,-2672000000.0,-4882000000.0,-31400000000.0,-28508000000.0,34958000000.0,-685000000.0,8273000000.0,7747000000.0,7747000000.0,0.0,153000000.0,0.199,28384000000.0,10566000000.0,197834000000.0,0.258,0.904,9.513,9.401,0.0,526000000.0,43.81,1.892,1.838,55646000000.0,70589000000.0,38950000000.0,38950000000.0,0.0,0.009,0.096,0.011,0.267,986000000.0,23701000000.0,1.0,1682234555.0,1634000000,1655000000.0,23.837,886179000000.0,0.0,2140000000.0,0.0,542.337,
9,MS,MRT,2019-03-31,2019-03-31,2019-03-31,2021-08-25,-2788000000.0,895429000000.0,864005500000.0,,,0.046,49.185,-1984000000.0,82171000000.0,82171000000.0,0.0,8647000000.0,,9.966,207325000000.0,,,207325000000.0,0.0,2112000000.0,190356000000.0,0.027,1.15,10632000000.0,12744000000.0,0.324,12744000000.0,10632000000.0,10632000000.0,4.74,4.67,4.74,81549000000.0,80571750000.0,81549000000.0,184042835327.0,17.0,14.442,9714000000.0,5.859,1.0,39316000000.0,1.0,9250000000.0,0.0,1011333000000.0,970292250000.0,0.0,728245000000.0,,,812732000000.0,,,72110835327.0,-6662000000.0,0.0,-5343000000.0,-3251000000.0,-2439000000.0,7978000000.0,-23186000000.0,-21056000000.0,11698000000.0,-3152000000.0,8509000000.0,7983000000.0,7983000000.0,2000000.0,138000000.0,0.203,28544000000.0,10772000000.0,197834000000.0,0.243,0.884,9.033,8.903,0.0,526000000.0,42.2,1.834,1.78,55646000000.0,70589000000.0,39316000000.0,39316000000.0,0.0,0.009,0.099,0.011,0.27,892000000.0,23802000000.0,1.0,1708787567.0,1658000000,1677000000.0,23.713,886179000000.0,0.0,2123000000.0,0.0,534.487,
10,MS,MRT,2018-12-31,2018-12-31,2018-12-31,2021-08-25,-2292000000.0,853531000000.0,854772000000.0,,,0.047,46.982,-1865000000.0,87196000000.0,87196000000.0,0.0,8883000000.0,,9.622,199128000000.0,,,199128000000.0,0.0,1844000000.0,187820000000.0,0.028,1.1,11098000000.0,12942000000.0,0.323,12942000000.0,11098000000.0,11098000000.0,4.81,4.73,4.81,80246000000.0,79693000000.0,80246000000.0,176669136670.0,16.0,13.651,5440000000.0,3.185,1.0,40107000000.0,1.0,8851000000.0,0.0,956612000000.0,959273250000.0,0.0,688545000000.0,,,772125000000.0,,,68204136670.0,6801000000.0,0.0,-5566000000.0,4052000000.0,-2375000000.0,24205000000.0,-22881000000.0,-20718000000.0,7305000000.0,-1828000000.0,8748000000.0,8222000000.0,8222000000.0,4000000.0,135000000.0,0.205,28870000000.0,11237000000.0,179559000000.0,0.229,0.85,8.295,8.243,0.0,526000000.0,39.65,1.701,1.689,53298000000.0,64175000000.0,40107000000.0,40107000000.0,0.0,0.01,0.103,0.012,0.277,920000000.0,23995000000.0,1.0,1720154771.0,1708000000,1738000000.0,23.482,844680000000.0,0.0,2350000000.0,0.0,494.543,
11,MS,MRT,2018-09-30,2018-09-30,2018-09-30,2021-08-25,-2292000000.0,853531000000.0,854322500000.0,,,0.048,47.287,-1813000000.0,87196000000.0,87196000000.0,0.0,7988000000.0,,9.622,199128000000.0,,,199128000000.0,0.0,1788000000.0,187820000000.0,0.023,1.05,11720000000.0,13508000000.0,0.329,13508000000.0,11720000000.0,11720000000.0,4.27,4.2,4.27,80246000000.0,78979250000.0,80246000000.0,201799856748.0,17.0,14.939,16715000000.0,9.85,1.0,41059000000.0,1.0,8851000000.0,0.0,956612000000.0,961656750000.0,0.0,688545000000.0,,,772125000000.0,,,81254856748.0,11559000000.0,0.0,-5664000000.0,-282000000.0,-2311000000.0,12090000000.0,-17629000000.0,-15397000000.0,18528000000.0,-1430000000.0,7860000000.0,7334000000.0,7334000000.0,3000000.0,128000000.0,0.179,29208000000.0,11851000000.0,179559000000.0,0.246,1.013,11.079,10.906,0.0,526000000.0,46.57,1.979,1.925,53298000000.0,64175000000.0,41059000000.0,41059000000.0,0.0,0.009,0.093,0.012,0.285,994000000.0,24322000000.0,1.0,1744789709.0,1697000000,1727000000.0,24.195,844680000000.0,0.0,3860000000.0,0.0,497.749,
12,MS,MRT,2018-06-30,2018-06-30,2018-06-30,2021-08-25,-2292000000.0,853531000000.0,854363000000.0,,,0.047,46.655,-1814000000.0,87196000000.0,87196000000.0,0.0,7625000000.0,,9.622,199128000000.0,,,199128000000.0,0.0,1771000000.0,187820000000.0,0.021,1.0,11390000000.0,13161000000.0,0.326,13161000000.0,11390000000.0,11390000000.0,4.03,3.96,4.03,80246000000.0,78662250000.0,80246000000.0,201805344809.0,18.0,15.334,7759000000.0,4.511,1.0,40384000000.0,1.0,8851000000.0,0.0,956612000000.0,973361000000.0,0.0,688545000000.0,,,772125000000.0,,,83910344809.0,6759000000.0,0.0,-5756000000.0,1023000000.0,-2246000000.0,20722000000.0,-24389000000.0,-22216000000.0,9573000000.0,853000000.0,7529000000.0,7003000000.0,7003000000.0,-4000000.0,96000000.0,0.173,28902000000.0,11482000000.0,179559000000.0,0.248,1.046,11.982,11.762,0.0,526000000.0,47.4,2.078,2.019,53298000000.0,64175000000.0,40384000000.0,40384000000.0,0.0,0.008,0.089,0.012,0.282,1034000000.0,24046000000.0,1.0,1770260439.0,1720000000,1748000000.0,23.479,844680000000.0,0.0,3861000000.0,0.0,491.093,
13,MS,MRT,2018-03-31,2018-03-31,2018-03-31,2021-08-25,-3406000000.0,858495000000.0,851234250000.0,,,0.046,44.847,-1689000000.0,87344000000.0,87344000000.0,0.0,6949000000.0,,9.983,205239000000.0,,,205239000000.0,0.0,1709000000.0,160424000000.0,0.018,0.95,10916000000.0,12625000000.0,0.321,12625000000.0,10916000000.0,10916000000.0,3.6,3.53,3.6,78034000000.0,78307250000.0,78034000000.0,220146031096.0,20.0,17.437,6364000000.0,3.657,1.0,39277000000.0,1.0,9133000000.0,0.0,967257000000.0,981425250000.0,0.0,678901000000.0,,,779006000000.0,,,96688031096.0,8463000000.0,0.0,-4999000000.0,12816000000.0,-2173000000.0,13902000000.0,-17145000000.0,-14980000000.0,8053000000.0,3653000000.0,6849000000.0,6323000000.0,6323000000.0,-1000000.0,100000000.0,0.161,28262000000.0,11015000000.0,194924000000.0,0.264,1.239,15.291,14.989,0.0,526000000.0,53.96,2.462,2.39,66835000000.0,60009000000.0,39277000000.0,39277000000.0,0.0,0.007,0.081,0.011,0.278,1078000000.0,23558000000.0,1.0,1791846388.0,1740000000,1771000000.0,22.573,849362000000.0,0.0,4067000000.0,0.0,488.139,
14,MS,MRT,2017-12-31,2017-12-31,2017-12-31,2021-08-25,-3060000000.0,851733000000.0,844708250000.0,,,0.045,43.478,-1629000000.0,80395000000.0,80395000000.0,0.0,6216000000.0,,9.992,203853000000.0,,,203853000000.0,0.0,1753000000.0,159436000000.0,0.017,0.9,10279000000.0,12032000000.0,0.317,12032000000.0,10279000000.0,10279000000.0,3.14,3.07,3.14,77391000000.0,78279750000.0,77391000000.0,253677468978.0,25.0,21.084,-6134000000.0,-3.446,1.0,37945000000.0,1.0,9045000000.0,0.0,966146000000.0,981102750000.0,0.0,689478000000.0,,,773267000000.0,,,94860468978.0,3035000000.0,0.0,-4292000000.0,18018000000.0,-2085000000.0,16261000000.0,-12391000000.0,-10511000000.0,-4505000000.0,3670000000.0,6111000000.0,5588000000.0,5588000000.0,19000000.0,105000000.0,0.147,27542000000.0,10403000000.0,191510000000.0,0.287,1.226,16.976,16.71,0.0,523000000.0,52.47,2.5,2.461,56187000000.0,57577000000.0,37945000000.0,37945000000.0,0.0,0.007,0.071,0.01,0.271,1026000000.0,23064000000.0,1.0,1807899161.0,1780000000,1821000000.0,21.317,842688000000.0,0.0,4168000000.0,0.0,473.42,
15,MS,MRT,2017-09-30,2017-09-30,2017-09-30,2021-08-25,-2544000000.0,853693000000.0,835512250000.0,,,0.045,44.47,-1512000000.0,48191000000.0,48191000000.0,0.0,7233000000.0,,9.795,207008000000.0,,,207008000000.0,0.0,1719000000.0,154639000000.0,0.018,0.85,10058000000.0,11777000000.0,0.314,11777000000.0,10058000000.0,10058000000.0,3.69,3.61,3.69,78978000000.0,77944500000.0,78978000000.0,245479091885.0,24.0,20.844,-12543000000.0,-7.062,1.0,37466000000.0,1.0,9081000000.0,0.0,1003429000000.0,965847500000.0,0.0,691603000000.0,,,773579000000.0,,,88468091885.0,6901000000.0,0.0,-4033000000.0,32672000000.0,-1997000000.0,30358000000.0,-13348000000.0,-11983000000.0,-11031000000.0,922000000.0,7134000000.0,6624000000.0,6624000000.0,21000000.0,99000000.0,0.177,27288000000.0,10178000000.0,198792000000.0,0.23,1.12,13.356,13.054,0.0,510000000.0,48.17,2.361,2.283,54388000000.0,57554000000.0,37466000000.0,37466000000.0,0.0,0.008,0.085,0.01,0.268,1117000000.0,22839000000.0,1.0,1836580691.0,1776000000,1818000000.0,21.096,844612000000.0,0.0,2924000000.0,0.0,475.57,
16,MS,MRT,2017-06-30,2017-06-30,2017-06-30,2021-08-25,-2488000000.0,841016000000.0,825561750000.0,,,0.045,44.012,-1354000000.0,44659000000.0,44659000000.0,0.0,7082000000.0,,9.655,201670000000.0,,,201670000000.0,0.0,1746000000.0,144913000000.0,0.018,0.8,9926000000.0,11672000000.0,0.314,11672000000.0,9926000000.0,9926000000.0,3.57,3.49,3.57,78826000000.0,77487250000.0,78826000000.0,225234291936.0,23.0,19.297,-26438000000.0,-14.762,1.0,37178000000.0,1.0,9158000000.0,0.0,988869000000.0,949155500000.0,0.0,684147000000.0,,,761049000000.0,,,82426291936.0,-12772000000.0,0.0,-4013000000.0,29970000000.0,-1909000000.0,17286000000.0,-4399000000.0,-3332000000.0,-25084000000.0,-575000000.0,6950000000.0,6454000000.0,6454000000.0,19000000.0,132000000.0,0.174,27101000000.0,10077000000.0,197055000000.0,0.224,1.046,12.771,12.482,0.0,496000000.0,44.56,2.217,2.147,54917000000.0,56325000000.0,37178000000.0,37178000000.0,0.0,0.008,0.083,0.01,0.267,1162000000.0,22730000000.0,1.0,1849782135.0,1791000000,1830000000.0,20.758,831858000000.0,0.0,2976000000.0,0.0,464.466,
17,MS,MRT,2017-03-31,2017-03-31,2017-03-31,2021-08-25,-2450000000.0,832391000000.0,822526000000.0,,,0.044,43.267,-1311000000.0,42854000000.0,42854000000.0,0.0,6937000000.0,,9.667,185662000000.0,,,185662000000.0,0.0,1755000000.0,152109000000.0,0.018,0.75,9738000000.0,11493000000.0,0.314,11493000000.0,9738000000.0,9738000000.0,3.44,3.37,3.44,77924000000.0,77059750000.0,77924000000.0,213399504273.0,22.0,18.568,-15000000.0,-0.008,1.0,36584000000.0,1.0,9232000000.0,0.0,965967000000.0,936338000000.0,0.0,678059000000.0,,,753307000000.0,,,79946504273.0,-6226000000.0,0.0,-4118000000.0,16628000000.0,-1821000000.0,6236000000.0,-12560000000.0,-11646000000.0,1296000000.0,-1198000000.0,6775000000.0,6292000000.0,6292000000.0,18000000.0,162000000.0,0.172,26666000000.0,9918000000.0,189544000000.0,0.218,1.026,12.706,12.453,0.0,483000000.0,42.84,2.185,2.109,48344000000.0,55109000000.0,36584000000.0,36584000000.0,0.0,0.008,0.082,0.01,0.266,1188000000.0,22470000000.0,1.0,1866164899.0,1801000000,1842000000.0,20.313,823159000000.0,0.0,2963000000.0,0.0,457.057,
18,MS,MRT,2016-12-31,2016-12-31,2016-12-31,2021-08-25,-2643000000.0,814949000000.0,816302500000.0,,,0.042,41.13,-1276000000.0,77360000000.0,77360000000.0,0.0,6123000000.0,,9.701,176834000000.0,,,176834000000.0,0.0,1736000000.0,155863000000.0,0.017,0.7,8705000000.0,10441000000.0,0.301,10441000000.0,8705000000.0,8705000000.0,2.98,2.92,2.98,76050000000.0,76581250000.0,76050000000.0,211227699460.0,24.0,20.231,4107000000.0,2.221,1.0,34631000000.0,1.0,9298000000.0,0.0,905125000000.0,924244500000.0,0.0,663685000000.0,,,737772000000.0,,,79126699460.0,-8192000000.0,0.0,-3933000000.0,13363000000.0,-1746000000.0,7363000000.0,-19508000000.0,-18432000000.0,5383000000.0,-1430000000.0,5979000000.0,5508000000.0,5508000000.0,-1000000.0,144000000.0,0.159,25783000000.0,8848000000.0,190513000000.0,0.235,1.04,14.366,14.178,0.0,471000000.0,42.25,2.285,2.256,46460000000.0,53679000000.0,34631000000.0,34631000000.0,0.0,0.007,0.072,0.009,0.251,1136000000.0,21688000000.0,1.0,1872821289.0,1849000000,1887000000.0,18.73,805651000000.0,0.0,2726000000.0,0.0,435.723,
19,MS,MRT,2016-09-30,2016-09-30,2016-09-30,2021-08-25,-1070000000.0,813891000000.0,809431500000.0,,,0.041,41.974,-1350000000.0,42552000000.0,42552000000.0,0.0,5379000000.0,,9.533,174653000000.0,,,174653000000.0,0.0,1767000000.0,151843000000.0,0.02,0.65,7877000000.0,9644000000.0,0.289,9644000000.0,7877000000.0,7877000000.0,2.55,2.5,2.55,77149000000.0,76364250000.0,77149000000.0,179432594456.0,23.0,18.606,10015000000.0,5.449,1.0,33348000000.0,1.0,9331000000.0,0.0,936661000000.0,920268000000.0,0.0,661474000000.0,,,735429000000.0,,,61292594456.0,-20104000000.0,998000000.0,-3546000000.0,-3038000000.0,-1670000000.0,-3970000000.0,-27585000000.0,-27168000000.0,11365000000.0,86000000.0,5221000000.0,4751000000.0,4751000000.0,6000000.0,158000000.0,0.142,25307000000.0,8041000000.0,194007000000.0,0.255,0.794,12.901,12.573,0.0,470000000.0,32.06,1.838,1.767,51411000000.0,52545000000.0,33348000000.0,33348000000.0,0.0,0.006,0.062,0.009,0.236,1062000000.0,21384000000.0,1.0,1911808935.0,1838000000,1879000000.0,18.144,804560000000.0,0.0,2656000000.0,0.0,437.737,
20,MS,MRT,2016-06-30,2016-06-30,2016-06-30,2021-08-25,-905000000.0,828873000000.0,814487000000.0,,,0.04,41.327,-1398000000.0,56133000000.0,56133000000.0,0.0,4788000000.0,,9.732,174273000000.0,,,174273000000.0,0.0,1658000000.0,152693000000.0,0.023,0.6,6972000000.0,8630000000.0,0.268,8630000000.0,6972000000.0,6972000000.0,2.21,2.17,2.21,77116000000.0,75898750000.0,77116000000.0,169914892847.0,24.0,19.689,18900000000.0,10.129,1.0,32206000000.0,1.0,9414000000.0,0.0,937599000000.0,913073500000.0,0.0,658973000000.0,,,750498000000.0,,,50323892847.0,636000000.0,998000000.0,-2929000000.0,-2726000000.0,-1573000000.0,5892000000.0,-25075000000.0,-24544000000.0,20298000000.0,-479000000.0,4642000000.0,4172000000.0,4172000000.0,16000000.0,146000000.0,0.13,25072000000.0,7134000000.0,201189000000.0,0.271,0.653,12.062,11.756,0.0,470000000.0,25.98,1.563,1.505,52827000000.0,51410000000.0,32206000000.0,32206000000.0,0.0,0.005,0.055,0.008,0.216,985000000.0,20832000000.0,1.0,1937024359.0,1866000000,1899000000.0,17.259,819459000000.0,0.0,2330000000.0,0.0,439.153,
21,MS,MRT,2016-03-31,2016-03-31,2016-03-31,2021-08-25,-1238000000.0,807497000000.0,813707500000.0,,,0.041,40.366,-1368000000.0,53638000000.0,53638000000.0,0.0,4973000000.0,,9.608,173229000000.0,,,173229000000.0,0.0,1527000000.0,157591000000.0,0.024,0.6,7258000000.0,8785000000.0,0.266,8785000000.0,7258000000.0,7258000000.0,2.32,2.27,2.32,76010000000.0,75379250000.0,76010000000.0,128836806913.0,18.0,14.666,11401000000.0,6.055,1.0,33040000000.0,1.0,9495000000.0,0.0,917593000000.0,905898250000.0,0.0,648544000000.0,,,730322000000.0,,,48983806913.0,4207000000.0,998000000.0,-2910000000.0,1242000000.0,-1581000000.0,18052000000.0,-26206000000.0,-25550000000.0,12769000000.0,-408000000.0,4867000000.0,4412000000.0,4412000000.0,14000000.0,106000000.0,0.134,25662000000.0,7378000000.0,194003000000.0,0.259,0.644,11.102,10.78,0.0,455000000.0,25.01,1.483,1.425,44762000000.0,50272000000.0,33040000000.0,33040000000.0,0.0,0.005,0.059,0.008,0.22,1026000000.0,21329000000.0,1.0,1958568849.0,1883000000,1915000000.0,17.546,798002000000.0,0.0,2391000000.0,0.0,423.793,
22,MS,MRT,2015-12-31,2015-12-31,2015-12-31,2021-08-25,-1656000000.0,787465000000.0,819108000000.0,,,0.043,39.383,-1373000000.0,54083000000.0,54083000000.0,0.0,6279000000.0,,9.461,165405000000.0,,,165405000000.0,0.0,1433000000.0,156034000000.0,0.017,0.55,8327000000.0,9760000000.0,0.278,9760000000.0,8327000000.0,8327000000.0,2.97,2.9,2.97,75182000000.0,74917250000.0,75182000000.0,145017284136.0,17.0,14.858,-5836000000.0,-3.057,1.0,35155000000.0,1.0,9568000000.0,0.0,889219000000.0,903859000000.0,0.0,627320000000.0,,,711281000000.0,,,61591284136.0,-2039000000.0,998000000.0,-2773000000.0,4435000000.0,-1455000000.0,24154000000.0,-19995000000.0,-19518000000.0,-4463000000.0,-1735000000.0,6127000000.0,5671000000.0,5671000000.0,16000000.0,152000000.0,0.161,26660000000.0,8495000000.0,186626000000.0,0.185,0.819,10.861,10.71,0.0,456000000.0,31.81,1.752,1.727,45407000000.0,49204000000.0,35155000000.0,35155000000.0,0.0,0.007,0.076,0.009,0.237,1104000000.0,22144000000.0,1.0,1936223959.0,1909000000,1953000000.0,18.415,777897000000.0,0.0,2200000000.0,0.0,407.489,
23,MS,MRT,2015-09-30,2015-09-30,2015-09-30,2021-08-25,-1419000000.0,834113000000.0,822619250000.0,,,0.043,39.541,-1423000000.0,89070000000.0,89070000000.0,0.0,3757000000.0,,10.064,172496000000.0,,,172496000000.0,0.0,1436000000.0,147226000000.0,0.016,0.5,3940000000.0,5376000000.0,0.153,5376000000.0,3940000000.0,3940000000.0,1.66,1.62,1.66,75287000000.0,73846750000.0,75287000000.0,154419642935.0,39.0,28.724,-15991000000.0,-8.399,1.0,35181000000.0,1.0,9656000000.0,0.0,907883000000.0,899376750000.0,0.0,669898000000.0,,,757693000000.0,,,61531642935.0,-2308000000.0,27000000.0,-2421000000.0,12464000000.0,-1348000000.0,32851000000.0,-18959000000.0,-17553000000.0,-14568000000.0,-1632000000.0,3589000000.0,3172000000.0,3172000000.0,17000000.0,168000000.0,0.09,31056000000.0,4125000000.0,193775000000.0,0.301,0.817,19.398,18.976,6259000000.0,417000000.0,31.5,1.749,1.705,50070000000.0,48746000000.0,35181000000.0,35181000000.0,0.0,0.004,0.043,0.004,0.112,1163000000.0,23516000000.0,1.0,1953385490.0,1904000000,1949000000.0,18.477,824457000000.0,0.0,351000000.0,0.0,433.013,
24,MS,MRT,2015-06-30,2015-06-30,2015-06-30,2021-08-25,-1447000000.0,825755000000.0,817718750000.0,,,0.044,39.103,-1199000000.0,80011000000.0,80011000000.0,0.0,4460000000.0,,9.991,172899000000.0,,,172899000000.0,0.0,1203000000.0,139203000000.0,0.012,0.45,4655000000.0,5858000000.0,0.161,5858000000.0,4655000000.0,4655000000.0,2.02,1.97,2.02,75038000000.0,73254500000.0,75038000000.0,166415339688.0,36.0,28.408,-14393000000.0,-7.5,1.0,36321000000.0,1.0,9745000000.0,0.0,908898000000.0,889924000000.0,0.0,662697000000.0,,,749688000000.0,,,76417339688.0,5474000000.0,822000000.0,-1967000000.0,18776000000.0,-1190000000.0,39690000000.0,-18549000000.0,-18250000000.0,-13194000000.0,-2473000000.0,4264000000.0,3862000000.0,3862000000.0,20000000.0,196000000.0,0.106,31450000000.0,4871000000.0,181494000000.0,0.223,1.018,19.787,19.203,6182000000.0,402000000.0,38.79,2.104,2.049,57115000000.0,48106000000.0,36321000000.0,36321000000.0,0.0,0.005,0.053,0.005,0.128,1242000000.0,24199000000.0,1.0,1970026803.0,1919000000,1960000000.0,18.927,816010000000.0,0.0,391000000.0,0.0,425.227,
25,MS,MRT,2015-03-31,2015-03-31,2015-03-31,2021-08-25,-1266000000.0,829099000000.0,817922000000.0,,,0.043,38.543,-1314000000.0,80633000000.0,80633000000.0,0.0,4546000000.0,,10.162,170631000000.0,,,170631000000.0,0.0,1156000000.0,135815000000.0,0.011,0.4,3868000000.0,5024000000.0,0.143,5024000000.0,3868000000.0,3868000000.0,2.09,2.04,2.09,74162000000.0,72183750000.0,74162000000.0,150072314651.0,39.0,29.871,-18064000000.0,-9.388,1.0,35186000000.0,1.0,9661000000.0,0.0,909436000000.0,886826000000.0,0.0,665571000000.0,,,753633000000.0,,,70545314651.0,-15131000000.0,854000000.0,-1625000000.0,11749000000.0,-1071000000.0,32575000000.0,-28411000000.0,-27827000000.0,-16750000000.0,-2545000000.0,4356000000.0,4017000000.0,4017000000.0,18000000.0,190000000.0,0.114,31110000000.0,4076000000.0,190175000000.0,0.191,0.951,17.562,17.077,6141000000.0,339000000.0,35.69,2.005,1.952,56733000000.0,46740000000.0,35186000000.0,35186000000.0,0.0,0.005,0.056,0.004,0.11,1244000000.0,23893000000.0,1.0,1976612907.0,1924122199,1962996441.0,18.287,819438000000.0,0.0,-488000000.0,0.0,425.876,
26,MS,MRT,2014-12-31,2014-12-31,2014-12-31,2021-08-25,-1248000000.0,801510000000.0,818492500000.0,,,0.042,36.85,-992000000.0,87591000000.0,87591000000.0,0.0,3667000000.0,,10.288,167118000000.0,,,167118000000.0,0.0,1161000000.0,133544000000.0,0.009,0.35,3377000000.0,4538000000.0,0.132,4538000000.0,3377000000.0,3377000000.0,1.64,1.6,1.64,70900000000.0,70411000000.0,70900000000.0,141151244470.0,42.0,31.104,94000000.0,0.049,1.0,34275000000.0,1.0,9747000000.0,0.0,871290000000.0,882251000000.0,0.0,638361000000.0,,,729406000000.0,,,75947244470.0,-12899000000.0,989000000.0,-1458000000.0,1567000000.0,-904000000.0,23143000000.0,-35324000000.0,-35108000000.0,1086000000.0,-1804000000.0,3467000000.0,3152000000.0,3152000000.0,14000000.0,200000000.0,0.092,30684000000.0,3591000000.0,181069000000.0,0.213,1.071,24.095,23.659,6108000000.0,315000000.0,38.8,2.216,2.178,48961000000.0,44625000000.0,34275000000.0,34275000000.0,0.0,0.004,0.045,0.004,0.099,1260000000.0,23667000000.0,1.0,1957403208.0,1924000000,1971000000.0,17.814,791763000000.0,0.0,-90000000.0,0.0,411.519,
27,MS,MRT,2014-09-30,2014-09-30,2014-09-30,2021-08-25,-1115000000.0,814511000000.0,826290500000.0,,,0.042,37.919,-905000000.0,100932000000.0,100932000000.0,0.0,5426000000.0,,10.155,166136000000.0,,,166136000000.0,0.0,1175000000.0,124382000000.0,0.009,0.3,6058000000.0,7233000000.0,0.211,7233000000.0,6058000000.0,6058000000.0,2.56,2.51,2.56,72918000000.0,69166250000.0,72918000000.0,147548160191.0,24.0,20.399,24975000000.0,12.988,1.0,34356000000.0,1.0,9643000000.0,0.0,870072000000.0,887845250000.0,0.0,634744000000.0,,,740500000000.0,,,67873160191.0,-1955000000.0,2005000000.0,-1412000000.0,-14316000000.0,-769000000.0,6778000000.0,-34235000000.0,-34629000000.0,25880000000.0,-843000000.0,5181000000.0,4934000000.0,4934000000.0,17000000.0,245000000.0,0.144,28036000000.0,6320000000.0,181899000000.0,0.117,0.931,13.756,13.504,5642000000.0,247000000.0,34.57,1.976,1.935,54839000000.0,46573000000.0,34356000000.0,34356000000.0,0.0,0.006,0.071,0.007,0.176,1263000000.0,22545000000.0,1.0,1963354359.0,1922995835,1970922473.0,17.866,804868000000.0,0.0,877000000.0,0.0,418.549,
28,MS,MRT,2014-06-30,2014-06-30,2014-06-30,2021-08-25,-733000000.0,826568000000.0,830718500000.0,,,0.04,36.694,-1146000000.0,85598000000.0,85598000000.0,0.0,4692000000.0,,10.662,165273000000.0,,,165273000000.0,0.0,1407000000.0,117695000000.0,0.008,0.25,5171000000.0,6578000000.0,0.197,6578000000.0,5171000000.0,5171000000.0,2.17,2.13,2.17,70755000000.0,67218750000.0,70755000000.0,133297954547.0,26.0,20.264,21288000000.0,11.04,1.0,33405000000.0,1.0,9737000000.0,0.0,896506000000.0,895730000000.0,0.0,661114000000.0,,,754367000000.0,,,63731954547.0,-6314000000.0,1164000000.0,-1341000000.0,-25414000000.0,-623000000.0,12179000000.0,-41967000000.0,-41171000000.0,22434000000.0,660000000.0,4394000000.0,4185000000.0,4185000000.0,-4000000.0,298000000.0,0.125,27940000000.0,5465000000.0,178883000000.0,0.115,0.901,15.229,14.899,5911000000.0,209000000.0,32.33,1.908,1.866,54557000000.0,45145000000.0,33405000000.0,33405000000.0,0.0,0.005,0.062,0.006,0.155,1250000000.0,22246000000.0,1.0,1971294604.0,1928250328,1969698239.0,17.324,816831000000.0,0.0,777000000.0,0.0,423.613,
29,MS,MRT,2014-03-31,2014-03-31,2014-03-31,2021-08-25,-968000000.0,831381000000.0,824749250000.0,,,0.04,34.855,-1051000000.0,99075000000.0,99075000000.0,0.0,3966000000.0,,11.348,168641000000.0,,,168641000000.0,0.0,1477000000.0,116648000000.0,0.006,0.2,4811000000.0,6288000000.0,0.189,6288000000.0,4811000000.0,4811000000.0,1.65,1.62,1.65,67071000000.0,65325250000.0,67071000000.0,132427741062.0,28.0,21.06,34244000000.0,17.796,1.0,33312000000.0,1.0,9811000000.0,0.0,891136000000.0,893369000000.0,0.0,646663000000.0,,,761113000000.0,,,61581741062.0,12522000000.0,1385000000.0,-1057000000.0,-23551000000.0,-499000000.0,7314000000.0,-31140000000.0,-30884000000.0,35295000000.0,469000000.0,3475000000.0,3168000000.0,3168000000.0,27000000.0,491000000.0,0.095,27983000000.0,5329000000.0,175998000000.0,0.121,0.918,19.439,18.891,5778000000.0,307000000.0,31.17,1.849,1.801,60506000000.0,43522000000.0,33312000000.0,33312000000.0,0.0,0.004,0.048,0.005,0.144,1226000000.0,22149000000.0,1.0,1975673438.0,1924270160,1969652798.0,17.311,821570000000.0,0.0,1336000000.0,0.0,426.951,
30,MS,MRT,2013-12-31,2013-12-31,2013-12-31,2021-08-25,-1093000000.0,832702000000.0,817249750000.0,,,0.04,34.589,-1316000000.0,99086000000.0,99086000000.0,0.0,3613000000.0,,11.585,169932000000.0,,,169932000000.0,0.0,1511000000.0,112379000000.0,0.006,0.2,3834000000.0,5345000000.0,0.164,5345000000.0,3834000000.0,3834000000.0,1.39,1.36,1.39,65921000000.0,64233500000.0,65921000000.0,140687035571.0,37.0,26.321,33693000000.0,17.679,1.0,32493000000.0,1.0,9881000000.0,0.0,893667000000.0,895773000000.0,0.0,650479000000.0,,,763672000000.0,,,61194035571.0,12979000000.0,1147000000.0,-691000000.0,-21525000000.0,-475000000.0,2633000000.0,-24461000000.0,-24432000000.0,35009000000.0,-202000000.0,2932000000.0,2655000000.0,2655000000.0,43000000.0,681000000.0,0.082,27935000000.0,4558000000.0,157125000000.0,0.144,0.928,23.049,22.561,6019000000.0,277000000.0,31.36,1.883,1.839,57104000000.0,42172000000.0,32493000000.0,32493000000.0,0.0,0.003,0.041,0.004,0.118,1180000000.0,22076000000.0,1.0,1951340420.0,1905823882,1956519738.0,17.049,822821000000.0,0.0,902000000.0,0.0,431.74,
31,MS,MRT,2013-09-30,2013-09-30,2013-09-30,2021-08-25,-1014000000.0,832223000000.0,804314250000.0,,,0.039,34.11,-1391000000.0,95173000000.0,95173000000.0,0.0,4228000000.0,,11.73,174666000000.0,,,174666000000.0,0.0,1447000000.0,104807000000.0,0.006,0.15,4798000000.0,6245000000.0,0.197,6245000000.0,4798000000.0,4798000000.0,1.67,1.64,1.67,65128000000.0,63280500000.0,65128000000.0,147355629931.0,31.0,23.596,17422000000.0,9.125,1.0,31653000000.0,1.0,10105000000.0,0.0,901611000000.0,892378500000.0,0.0,652540000000.0,,,763982000000.0,,,52782629931.0,21195000000.0,254000000.0,-456000000.0,-9096000000.0,-478000000.0,19521000000.0,-16260000000.0,-15527000000.0,18813000000.0,-375000000.0,3442000000.0,3188000000.0,3188000000.0,100000000.0,786000000.0,0.101,25969000000.0,5684000000.0,152091000000.0,0.09,0.81,16.557,16.138,6008000000.0,254000000.0,26.95,1.668,1.626,57710000000.0,42237000000.0,31653000000.0,31653000000.0,0.0,0.004,0.05,0.005,0.152,843000000.0,21733000000.0,1.0,1958539144.0,1909350788,1964812610.0,16.578,822118000000.0,0.0,1356000000.0,0.0,430.575,
32,MS,MRT,2013-06-30,2013-06-30,2013-06-30,2021-08-25,-1169000000.0,802691000000.0,787504750000.0,,,0.037,33.118,-1459000000.0,82562000000.0,82562000000.0,0.0,2254000000.0,,11.658,177135000000.0,,,177135000000.0,0.0,1504000000.0,81514000000.0,0.006,0.15,1981000000.0,3485000000.0,0.12,3485000000.0,1981000000.0,1981000000.0,0.66,0.64,0.66,63181000000.0,62448250000.0,63181000000.0,157581610549.0,80.0,45.217,24236000000.0,12.704,1.0,28977000000.0,1.0,10202000000.0,0.0,887062000000.0,908880500000.0,0.0,628693000000.0,,,736577000000.0,,,47885610549.0,5193000000.0,260000000.0,-350000000.0,-6872000000.0,-478000000.0,-1747000000.0,-17749000000.0,-16914000000.0,25695000000.0,-547000000.0,1513000000.0,1261000000.0,1261000000.0,114000000.0,741000000.0,0.044,26141000000.0,2836000000.0,145555000000.0,0.227,0.758,37.974,37.015,5966000000.0,252000000.0,24.43,1.653,1.608,64473000000.0,41455000000.0,28977000000.0,28977000000.0,0.0,0.002,0.02,0.002,0.068,832000000.0,21811000000.0,1.0,1960115045.0,1907737175,1951362736.0,15.189,792489000000.0,0.0,468000000.0,0.0,415.408,
33,MS,MRT,2013-03-31,2013-03-31,2013-03-31,2021-08-25,-694000000.0,801383000000.0,773961250000.0,,,0.035,32.981,-1363000000.0,74215000000.0,74215000000.0,0.0,1813000000.0,,11.727,183911000000.0,,,183911000000.0,0.0,1566000000.0,80623000000.0,0.007,0.15,1242000000.0,2808000000.0,0.102,2808000000.0,1242000000.0,1242000000.0,0.54,0.52,0.54,62704000000.0,62363250000.0,62704000000.0,235834443455.0,190.0,83.987,19891000000.0,10.462,1.0,27404000000.0,1.0,10327000000.0,0.0,900752000000.0,922658750000.0,0.0,638358000000.0,,,735311000000.0,,,43108443455.0,4177000000.0,1630000000.0,-350000000.0,-14690000000.0,-476000000.0,-3178000000.0,-12499000000.0,-13236000000.0,21254000000.0,-824000000.0,1124000000.0,1022000000.0,1022000000.0,46000000.0,689000000.0,0.037,25427000000.0,1977000000.0,137127000000.0,0.278,0.687,42.18,40.704,5928000000.0,102000000.0,21.98,1.573,1.525,62271000000.0,40750000000.0,27404000000.0,27404000000.0,0.0,0.001,0.016,0.001,0.045,784000000.0,21371000000.0,1.0,1961257664.0,1901204729,1940264085.0,14.414,791056000000.0,0.0,118000000.0,0.0,416.081,
34,MS,MRT,2012-12-31,2012-12-31,2012-12-31,2021-08-25,-516000000.0,780960000000.0,768873000000.0,,,0.034,32.936,-1312000000.0,77874000000.0,77874000000.0,0.0,716000000.0,,11.451,187436000000.0,,,187436000000.0,0.0,1581000000.0,83266000000.0,0.008,0.15,-93000000.0,1488000000.0,0.057,1488000000.0,-93000000.0,-93000000.0,-0.02,-0.02,-0.02,62109000000.0,62268250000.0,62109000000.0,250910000943.0,-2698.0,168.622,23447000000.0,12.434,1.0,26178000000.0,1.0,10433000000.0,0.0,880089000000.0,944889000000.0,0.0,611908000000.0,,,711223000000.0,,,37749000943.0,-408000000.0,1199000000.0,-227000000.0,-26779000000.0,-469000000.0,-11897000000.0,-12625000000.0,-12827000000.0,24759000000.0,-119000000.0,68000000.0,-30000000.0,-30000000.0,41000000.0,648000000.0,-0.001,25582000000.0,596000000.0,127722000000.0,-7.5,0.608,-1258.3,-956.0,5946000000.0,98000000.0,19.12,1.442,1.377,64288000000.0,39912000000.0,26178000000.0,26178000000.0,0.0,0.0,0.0,0.0,-0.004,891000000.0,21593000000.0,1.0,1974320133.0,1885774276,1918811270.0,13.882,770527000000.0,0.0,-161000000.0,0.0,408.6,
35,MS,MRT,2012-09-30,2012-09-30,2012-09-30,2021-08-25,-146000000.0,764985000000.0,761107500000.0,,,0.033,32.71,-1081000000.0,65433000000.0,65433000000.0,0.0,-256000000.0,,11.324,278594000000.0,,,278594000000.0,0.0,1435000000.0,70757000000.0,0.012,0.2,-1318000000.0,117000000.0,0.005,117000000.0,-1318000000.0,-1318000000.0,-0.53,-0.54,-0.53,61799000000.0,62253250000.0,61799000000.0,237324991616.0,-180.0,2028.419,26177000000.0,13.855,1.0,24782000000.0,1.0,10527000000.0,0.0,967619000000.0,959779500000.0,0.0,608537000000.0,,,699815000000.0,,,33069991616.0,-17321000000.0,1069000000.0,-228000000.0,-29711000000.0,-469000000.0,-28156000000.0,-15589000000.0,-16431000000.0,27258000000.0,-496000000.0,-776000000.0,-870000000.0,-870000000.0,8000000.0,520000000.0,-0.035,25572000000.0,-790000000.0,127987000000.0,-0.377,0.535,-38.011,-31.585,6083000000.0,94000000.0,16.74,1.334,1.276,63578000000.0,39441000000.0,24782000000.0,24782000000.0,0.0,-0.001,-0.014,-0.001,-0.053,1192000000.0,21643000000.0,1.0,1975507265.0,1889300631,1889300631.0,13.117,754458000000.0,0.0,-542000000.0,0.0,399.332,
36,MS,MRT,2012-06-30,2012-06-30,2012-06-30,2021-08-25,-220000000.0,748517000000.0,768596000000.0,,,0.038,33.334,-1015000000.0,71424000000.0,71424000000.0,0.0,2993000000.0,,10.771,275679000000.0,,,275679000000.0,0.0,1438000000.0,68252000000.0,0.014,0.2,3844000000.0,5282000000.0,0.18,5282000000.0,3844000000.0,3844000000.0,1.18,1.16,1.18,62841000000.0,62260500000.0,62841000000.0,248368750104.0,65.0,47.022,37007000000.0,19.63,1.0,29312000000.0,1.0,10597000000.0,0.0,942175000000.0,964654500000.0,0.0,592549000000.0,,,676880000000.0,,,28855750104.0,-8741000000.0,1217000000.0,-225000000.0,-29643000000.0,-470000000.0,-28435000000.0,-17101000000.0,-18073000000.0,38022000000.0,-1037000000.0,2446000000.0,2330000000.0,2330000000.0,-13000000.0,547000000.0,0.079,24934000000.0,4378000000.0,126779000000.0,0.169,0.459,12.384,12.364,6343000000.0,116000000.0,14.59,0.984,0.938,56981000000.0,40586000000.0,29312000000.0,29312000000.0,0.0,0.003,0.037,0.004,0.131,1190000000.0,21281000000.0,1.0,1977775881.0,1885179182,1911709377.0,15.549,737920000000.0,0.0,1398000000.0,0.0,391.432,
37,MS,MRT,2012-03-31,2012-03-31,2012-03-31,2021-08-25,-60000000.0,781030000000.0,789153500000.0,,,0.04,33.205,-1107000000.0,68877000000.0,68877000000.0,0.0,3649000000.0,,11.399,288390000000.0,,,288390000000.0,0.0,1400000000.0,66441000000.0,0.01,0.2,4760000000.0,6160000000.0,0.195,6160000000.0,4760000000.0,4760000000.0,0.5,0.49,0.5,62324000000.0,61477000000.0,62324000000.0,239584390575.0,50.0,38.894,23597000000.0,12.572,1.0,31577000000.0,1.0,10870000000.0,0.0,989673000000.0,992163000000.0,0.0,628158000000.0,,,710438000000.0,,,38860390575.0,-13883000000.0,-462000000.0,-227000000.0,-21873000000.0,-644000000.0,-20845000000.0,-16544000000.0,-15818000000.0,24704000000.0,-865000000.0,3048000000.0,1208000000.0,1208000000.0,50000000.0,601000000.0,0.038,26166000000.0,5411000000.0,133900000000.0,0.4,0.624,32.169,39.28,6410000000.0,1840000000.0,19.64,1.231,1.167,54943000000.0,40118000000.0,31577000000.0,31577000000.0,0.0,0.002,0.02,0.005,0.151,1332000000.0,22232000000.0,1.0,1978634958.0,1876961836,1876961836.0,16.823,770160000000.0,0.0,1712000000.0,0.0,410.323,
38,MS,MRT,2011-12-31,2011-12-31,2011-12-31,2021-08-25,-157000000.0,749898000000.0,802942250000.0,,,0.04,37.498,-1304000000.0,76766000000.0,76766000000.0,0.0,4645000000.0,,10.956,277490000000.0,,,277490000000.0,0.0,1404000000.0,65662000000.0,0.013,0.2,5524000000.0,6928000000.0,0.215,6928000000.0,5524000000.0,5524000000.0,1.25,1.23,1.25,62049000000.0,60442500000.0,62049000000.0,232420594257.0,42.0,33.548,14078000000.0,8.508,1.0,32227000000.0,1.0,10971000000.0,0.0,939651000000.0,1008345250000.0,0.0,594929000000.0,,,679820000000.0,,,29161594257.0,-303000000.0,382000000.0,-317000000.0,-5053000000.0,-834000000.0,-5148000000.0,-10734000000.0,-9811000000.0,15382000000.0,-314000000.0,4110000000.0,2067000000.0,2067000000.0,51000000.0,535000000.0,0.064,26117000000.0,6110000000.0,123615000000.0,0.16,0.47,14.108,12.104,6457000000.0,2043000000.0,15.13,0.905,0.777,48669000000.0,40341000000.0,32227000000.0,32227000000.0,0.0,0.003,0.034,0.005,0.171,1300000000.0,22064000000.0,1.0,1927402132.0,1654708640,1675271669.0,19.476,738927000000.0,0.0,1414000000.0,0.0,446.56,
39,MS,MRT,2011-09-30,2011-09-30,2011-09-30,2021-08-25,-413000000.0,794939000000.0,817392250000.0,,,0.042,33.452,-1489000000.0,84771000000.0,84771000000.0,0.0,5895000000.0,,11.724,288030000000.0,,,288030000000.0,0.0,769000000.0,66184000000.0,0.015,0.2,6995000000.0,7764000000.0,0.228,7764000000.0,6995000000.0,6995000000.0,1.71,1.75,1.71,61828000000.0,59233000000.0,61828000000.0,258726148362.0,37.0,33.324,30763000000.0,16.644,1.0,34006000000.0,1.0,11079000000.0,0.0,987119000000.0,1027586750000.0,0.0,624839000000.0,,,724845000000.0,,,26046148362.0,20792000000.0,1429000000.0,-330000000.0,-3942000000.0,-1003000000.0,-1018000000.0,-10839000000.0,-10365000000.0,32252000000.0,-17000000.0,5196000000.0,2954000000.0,2954000000.0,41000000.0,699000000.0,0.087,26271000000.0,7735000000.0,152396000000.0,0.117,0.421,8.817,7.901,6511000000.0,2242000000.0,13.51,0.766,0.734,54630000000.0,40710000000.0,34006000000.0,34006000000.0,0.0,0.004,0.05,0.007,0.206,1289000000.0,22067000000.0,1.0,1927916237.0,1848246471,1868743943.0,18.399,783860000000.0,0.0,1799000000.0,0.0,424.11,
40,MS,MRT,2011-06-30,2011-06-30,2011-06-30,2021-08-25,-320000000.0,830747000000.0,829000500000.0,,,0.037,40.775,-1490000000.0,76251000000.0,76251000000.0,0.0,4243000000.0,,12.772,308931000000.0,,,308931000000.0,0.0,987000000.0,65525000000.0,0.009,0.2,3489000000.0,4476000000.0,0.144,4476000000.0,3489000000.0,3489000000.0,0.48,0.53,0.48,59707000000.0,57995000000.0,59707000000.0,265083583433.0,76.0,59.223,4557000000.0,3.112,1.0,30976000000.0,1.0,11218000000.0,0.0,1052209000000.0,1091327750000.0,0.0,665355000000.0,,,762604000000.0,,,35542583433.0,14400000000.0,1530000000.0,5254000000.0,3483000000.0,-1168000000.0,11411000000.0,-4962000000.0,-4451000000.0,6047000000.0,1353000000.0,3128000000.0,710000000.0,710000000.0,247000000.0,1115000000.0,0.023,26125000000.0,4851000000.0,141616000000.0,0.417,0.595,50.06,47.938,6399000000.0,2418000000.0,23.01,1.147,1.088,58492000000.0,38637000000.0,30976000000.0,30976000000.0,0.0,0.001,0.012,0.003,0.113,1317000000.0,22098000000.0,1.0,1544658124.0,1464295984,1464295984.0,21.154,819529000000.0,0.0,361000000.0,0.0,559.674,
41,MS,MRT,2011-03-31,2011-03-31,2011-03-31,2021-08-25,-426000000.0,836185000000.0,823677750000.0,,,0.036,39.962,-1472000000.0,74540000000.0,74540000000.0,0.0,4821000000.0,,13.228,304081000000.0,,,304081000000.0,0.0,1644000000.0,63495000000.0,0.007,0.2,3958000000.0,5602000000.0,0.188,5602000000.0,3958000000.0,3958000000.0,2.06,2.0,2.06,58186000000.0,55821500000.0,58186000000.0,410149660257.0,104.0,73.215,16719000000.0,11.483,1.0,29732000000.0,1.0,11324000000.0,0.0,1054402000000.0,1127415750000.0,0.0,671467000000.0,,,769677000000.0,,,42226660257.0,17130000000.0,1641000000.0,5252000000.0,2002000000.0,-1165000000.0,5401000000.0,-8107000000.0,-7669000000.0,18191000000.0,1038000000.0,3895000000.0,2846000000.0,2846000000.0,-300000000.0,926000000.0,0.096,25148000000.0,4584000000.0,132511000000.0,0.097,0.726,14.837,13.262,6366000000.0,1049000000.0,27.32,1.42,1.338,58930000000.0,39269000000.0,29732000000.0,29732000000.0,0.0,0.003,0.051,0.004,0.133,1230000000.0,21371000000.0,1.0,1545631781.0,1456015979,1472307592.0,20.42,824861000000.0,0.0,63000000.0,0.0,566.519,
42,MS,MRT,2010-12-31,2010-12-31,2010-12-31,2021-08-25,-467000000.0,807698000000.0,819561250000.0,,,0.038,42.015,-1201000000.0,66795000000.0,66795000000.0,0.0,5702000000.0,,12.975,287120000000.0,,,287120000000.0,0.0,1419000000.0,63812000000.0,0.007,0.2,5446000000.0,6865000000.0,0.22,6865000000.0,5446000000.0,5446000000.0,2.64,2.63,2.64,57211000000.0,53341000000.0,57211000000.0,453450393972.0,83.0,66.052,39413000000.0,28.945,1.0,31230000000.0,1.0,11406000000.0,0.0,1016617000000.0,1167427500000.0,0.0,655903000000.0,,,742291000000.0,,,41165393972.0,15624000000.0,1331000000.0,5264000000.0,-1130000000.0,-1156000000.0,4163000000.0,-29464000000.0,-29297000000.0,40614000000.0,14000000.0,4703000000.0,3594000000.0,3594000000.0,-247000000.0,999000000.0,0.115,25032000000.0,6198000000.0,129184000000.0,0.076,0.72,11.454,10.307,6154000000.0,1109000000.0,27.21,1.318,1.186,54150000000.0,38603000000.0,31230000000.0,31230000000.0,0.0,0.004,0.067,0.005,0.174,1260000000.0,21434000000.0,1.0,1512877397.0,1361670938,1411268971.0,22.935,796292000000.0,0.0,743000000.0,0.0,584.79,
43,MS,MRT,2010-09-30,2010-09-30,2010-09-30,2021-08-25,-116000000.0,841372000000.0,810502250000.0,,,0.038,41.297,-1370000000.0,53388000000.0,53388000000.0,0.0,5406000000.0,,13.64,465673000000.0,,,465673000000.0,0.0,2232000000.0,61202000000.0,0.008,0.2,5224000000.0,7456000000.0,0.244,7456000000.0,5224000000.0,5224000000.0,2.56,2.37,2.56,56876000000.0,50710250000.0,56876000000.0,433255183913.0,83.0,58.108,22119000000.0,16.06,1.0,30499000000.0,1.0,11574000000.0,0.0,1242083000000.0,1197266250000.0,0.0,704701000000.0,,,775790000000.0,,,34477183913.0,4505000000.0,264000000.0,5272000000.0,2547000000.0,-1154000000.0,5443000000.0,-24694000000.0,-23343000000.0,23489000000.0,22000000.0,4484000000.0,3292000000.0,3292000000.0,-318000000.0,922000000.0,0.108,24671000000.0,5828000000.0,130445000000.0,0.078,0.606,10.473,9.641,6032000000.0,1192000000.0,24.68,1.13,1.114,52965000000.0,38056000000.0,30499000000.0,30499000000.0,0.0,0.004,0.065,0.004,0.171,1221000000.0,21317000000.0,1.0,1396968554.0,1377230354,1443100524.0,22.145,829798000000.0,0.0,740000000.0,0.0,602.512,
44,MS,MRT,2010-06-30,2010-06-30,2010-06-30,2021-08-25,-354000000.0,809456000000.0,792535000000.0,,,0.041,38.714,-1434000000.0,58277000000.0,58277000000.0,0.0,5558000000.0,,14.708,457055000000.0,,,457055000000.0,0.0,2052000000.0,61368000000.0,0.009,0.2,6394000000.0,8446000000.0,0.262,8446000000.0,6394000000.0,6394000000.0,3.02,2.82,3.02,51013000000.0,48078500000.0,51013000000.0,439340383423.0,69.0,52.018,23477000000.0,17.817,1.0,32187000000.0,1.0,11673000000.0,0.0,1196561000000.0,1172376250000.0,0.0,673864000000.0,,,750297000000.0,,,32443383423.0,1341000000.0,-245000000.0,-290000000.0,1234000000.0,-1236000000.0,-2254000000.0,-20912000000.0,-19233000000.0,24911000000.0,-404000000.0,5110000000.0,3881000000.0,3881000000.0,-322000000.0,448000000.0,0.121,25667000000.0,6520000000.0,127319000000.0,0.066,0.636,8.36,7.685,6100000000.0,1229000000.0,23.21,1.008,0.95,46483000000.0,38210000000.0,32187000000.0,32187000000.0,0.0,0.005,0.081,0.005,0.199,1309000000.0,22397000000.0,1.0,1397819191.0,1317686493,1748208948.0,24.427,797783000000.0,0.0,1284000000.0,0.0,605.442,
45,MS,MRT,2010-03-31,2010-03-31,2010-03-31,2021-08-25,-559000000.0,819719000000.0,759410250000.0,,,0.039,36.714,-1888000000.0,57845000000.0,57845000000.0,0.0,3607000000.0,,15.841,464742000000.0,,,464742000000.0,0.0,1223000000.0,63926000000.0,0.007,0.217,4024000000.0,5247000000.0,0.178,5247000000.0,4024000000.0,4024000000.0,0.72,0.63,0.72,48264000000.0,46971750000.0,48264000000.0,417675969519.0,104.0,79.603,5783000000.0,4.399,1.0,29421000000.0,1.0,12167000000.0,0.0,1214449000000.0,1114973500000.0,0.0,687285000000.0,,,764540000000.0,,,40949969519.0,-13063000000.0,-1587000000.0,5939000000.0,2785000000.0,-1380000000.0,414000000.0,-22149000000.0,-18674000000.0,7671000000.0,1001000000.0,3299000000.0,1047000000.0,1047000000.0,-99000000.0,308000000.0,0.036,25188000000.0,4233000000.0,133146000000.0,0.301,0.848,39.112,40.681,6047000000.0,2252000000.0,29.29,1.392,1.309,42292000000.0,36539000000.0,29421000000.0,29421000000.0,0.0,0.001,0.022,0.004,0.137,1431000000.0,22038000000.0,1.0,1398087044.0,1314608020,1626207327.0,22.38,807552000000.0,0.0,725000000.0,0.0,614.291,
46,MS,MRT,2009-12-31,2009-12-31,2009-12-31,2021-08-25,-560000000.0,771462000000.0,710986250000.0,,,0.033,39.385,-2877000000.0,55703000000.0,55703000000.0,0.0,1406000000.0,,15.393,432429000000.0,,,432429000000.0,0.0,1224000000.0,62215000000.0,0.015,0.437,1049000000.0,2273000000.0,0.098,2273000000.0,1049000000.0,1049000000.0,-0.77,-0.77,-0.77,46688000000.0,47036250000.0,46688000000.0,425915227722.0,406.0,187.38,-48828000000.0,-41.191,1.0,23280000000.0,1.0,12216000000.0,0.0,1135972000000.0,1027107500000.0,0.0,635154000000.0,,,718682000000.0,,,40239227722.0,-46679000000.0,-1595000000.0,6205000000.0,-1376000000.0,-1732000000.0,3024000000.0,-4472000000.0,0.0,-45951000000.0,720000000.0,1346000000.0,-907000000.0,-907000000.0,21000000.0,60000000.0,-0.039,22150000000.0,1130000000.0,125078000000.0,-0.568,0.862,-44.365,-38.442,7067000000.0,2253000000.0,29.6,1.728,1.507,44477000000.0,35056000000.0,23280000000.0,23280000000.0,0.0,-0.001,-0.019,0.001,0.045,1265000000.0,19311000000.0,1.0,1359433369.0,1185414871,1185414871.0,19.639,759246000000.0,0.0,-297000000.0,0.0,640.49,
47,MS,MRT,2009-09-30,2009-09-30,2009-09-30,2021-08-25,-299000000.0,769503000000.0,687311750000.0,,,0.01,35.81,-2339000000.0,50363000000.0,50363000000.0,0.0,-8348000000.0,,15.476,436039000000.0,,,436039000000.0,0.0,1091000000.0,62415000000.0,0.021,0.657,-12407000000.0,-11316000000.0,-1.673,-11316000000.0,-12407000000.0,-12407000000.0,-9.49,-9.53,-9.49,46349000000.0,47552500000.0,46349000000.0,344353071896.0,-28.0,-30.431,-42100000000.0,-32.527,1.0,6762000000.0,1.0,12656000000.0,0.0,1142523000000.0,971563250000.0,0.0,641273000000.0,,,717279000000.0,,,41971071896.0,-25911000000.0,-1595000000.0,6080000000.0,-14289000000.0,-1737000000.0,18880000000.0,-3934000000.0,0.0,-39761000000.0,-1096000000.0,-8271000000.0,-9871000000.0,-9871000000.0,447000000.0,-77000000.0,-1.46,18799000000.0,-12037000000.0,118289000000.0,-0.069,0.906,-4.252,-3.254,6765000000.0,1600000000.0,30.88,6.207,5.911,42121000000.0,34726000000.0,6762000000.0,6762000000.0,0.0,-0.014,-0.208,-0.013,-1.835,1222000000.0,15351000000.0,1.0,1359166836.0,1294298229,1300070107.0,5.224,756847000000.0,0.0,-4136000000.0,0.0,584.755,
48,MS,MRT,2009-06-30,2009-06-30,2009-06-30,2021-08-25,-342000000.0,676957000000.0,,,,,40.921,-2306000000.0,56649000000.0,56649000000.0,0.0,-970000000.0,,13.427,359031000000.0,,,359031000000.0,0.0,919000000.0,62382000000.0,0.031,0.877,-2560000000.0,-1641000000.0,-0.101,-1641000000.0,-2560000000.0,-2560000000.0,-2.5,-2.53,-2.5,46586000000.0,,46586000000.0,270880325741.0,-106.0,-165.07,-5579000000.0,-4.901,1.0,16305000000.0,1.0,12389000000.0,0.0,966950000000.0,,0.0,540543000000.0,,,625494000000.0,,,30843325741.0,-28712000000.0,-2075000000.0,4591000000.0,-51026000000.0,-1679000000.0,-17608000000.0,-4381000000.0,0.0,-3273000000.0,-3450000000.0,-877000000.0,-2685000000.0,-2685000000.0,-196000000.0,-93000000.0,-0.165,19154000000.0,-2849000000.0,113812000000.0,-0.351,0.662,-11.487,-11.404,6548000000.0,1808000000.0,28.51,1.892,1.991,44856000000.0,34245000000.0,16305000000.0,16305000000.0,0.0,,,,-0.157,1186000000.0,15421000000.0,1.0,1081842362.0,1138444490,1138444490.0,14.322,664568000000.0,0.0,-1683000000.0,0.0,583.751,
49,MS,MRT,2009-03-31,2009-03-31,2009-03-31,2021-08-25,-471000000.0,626023000000.0,,,,,47.959,-2007000000.0,71635000000.0,71635000000.0,0.0,156000000.0,,11.888,311672000000.0,,,311672000000.0,0.0,868000000.0,59922000000.0,0.047,1.08,-1055000000.0,-187000000.0,-0.011,-187000000.0,-1055000000.0,-1055000000.0,-0.38,-0.41,-0.38,48522000000.0,,48522000000.0,220996309555.0,-209.0,-1181.798,38972000000.0,38.52,1.0,17219000000.0,1.0,3075000000.0,0.0,862985000000.0,,0.0,489689000000.0,,,576816000000.0,,,24466309555.0,13310000000.0,-183000000.0,-1578000000.0,-57525000000.0,-1558000000.0,-21587000000.0,-2190000000.0,0.0,40979000000.0,-3892000000.0,117000000.0,-367000000.0,-367000000.0,-363000000.0,39000000.0,-0.021,18598000000.0,-1379000000.0,112954000000.0,-2.842,0.504,-66.666,-59.921,6018000000.0,484000000.0,22.77,1.421,1.338,39074000000.0,35577000000.0,17219000000.0,17219000000.0,0.0,,,,-0.061,1385000000.0,14844000000.0,1.0,1074497565.0,1011741210,1011741210.0,17.019,622948000000.0,0.0,-1172000000.0,0.0,615.719,
50,MS,MRT,2008-12-31,2008-12-31,2008-12-31,2021-08-25,-420000000.0,676764000000.0,,,,,47.417,-1400000000.0,102709000000.0,102709000000.0,0.0,1778000000.0,,12.867,342902000000.0,,,342902000000.0,0.0,794000000.0,51355000000.0,0.067,1.08,1723000000.0,2517000000.0,0.114,2517000000.0,1723000000.0,1723000000.0,1.45,1.39,1.45,48753000000.0,,48753000000.0,378565209100.0,220.0,150.403,72017000000.0,70.043,1.0,22140000000.0,1.0,3162000000.0,0.0,913795000000.0,,0.0,506888000000.0,,,627308000000.0,,,17034209100.0,53056000000.0,569000000.0,-1431000000.0,-47468000000.0,-1227000000.0,-16984000000.0,-831000000.0,0.0,73417000000.0,-2546000000.0,1707000000.0,1495000000.0,1495000000.0,-540000000.0,71000000.0,0.068,20886000000.0,1254000000.0,128507000000.0,0.745,0.349,11.394,11.062,5095000000.0,212000000.0,16.04,0.769,0.745,42773000000.0,36154000000.0,22140000000.0,22140000000.0,0.0,,,,0.078,1838000000.0,16791000000.0,1.0,1061983111.0,1028180275,1073496349.0,21.533,673602000000.0,0.0,16000000.0,0.0,655.14,
51,MS,MRT,2008-09-30,2008-09-30,2008-09-30,2021-08-25,,,,,,,,,,,,,,,,,,,,,,0.047,1.08,,,,,,,,,,,,,511496317768.0,,,,,1.0,,,,,,,,,,,,,,25507317768.0,,,,,,,,,,,,,,,,,,,,,,,,,,23.0,,,,,,,,,,,,,,1.0,1109013816.0,1040887906,,,,,,,,
52,MS,MRT,2008-06-30,2008-06-30,2008-06-30,2021-08-25,,,,,,,,,,,,,,,,,,,,,,0.03,1.08,,,,,,,,,,,,,556630189168.0,,,,,1.0,,,,,,,,,,,,,,39935189168.0,,,,,,,,,,,,,,,,,,,,,,,,,,36.07,,,,,,,,,,,,,,1.0,1107158003.0,1041178821,,,,,,,,
53,MS,MRT,2008-03-31,2008-03-31,2008-03-31,2021-08-25,,,,,,,,,,,,,,,,,,,,,,0.024,1.08,,,,,,,,,,,,,513345656199.0,,,,,1.0,,,,,,,,,,,,,,50479656199.0,,,,,,,,,,,,,,,,,,,,,,,,,,45.7,,,,,,,,,,,,,,1.0,1104587663.0,1034342428,,,,,,,,
54,MS,MRT,2007-12-31,2007-12-31,2007-12-31,2021-08-25,,,,,,,,-1469000000.0,,,0.0,3249000000.0,,,,,,,,475000000.0,,0.02,1.08,3785000000.0,4260000000.0,0.161,4260000000.0,3785000000.0,3785000000.0,2.97,2.9,2.97,,,,650029838996.0,172.0,152.589,-23718000000.0,-23.674,1.0,26478000000.0,1.0,,0.0,,,,,,,,,,56361838996.0,4992000000.0,-693000000.0,-3264000000.0,25463000000.0,-1219000000.0,38085000000.0,-11438000000.0,-9276000000.0,-22249000000.0,594000000.0,3209000000.0,2976000000.0,2976000000.0,-1049000000.0,40000000.0,0.112,23702000000.0,2776000000.0,,0.364,,18.939,17.882,,233000000.0,53.11,2.129,2.01,,,26478000000.0,26478000000.0,0.0,,,,0.143,1927000000.0,21180000000.0,1.0,1061228375.0,1001878651,1024836645.0,26.428,,,576000000.0,,,
55,MS,MRT,2007-12-31,2007-11-30,2007-11-30,2021-08-25,-199000000.0,1045409000000.0,1153148500000.0,,,0.024,31.286,-1469000000.0,87206000000.0,87206000000.0,0.0,3209000000.0,,32.433,478468000000.0,,,478468000000.0,0.0,475000000.0,31179000000.0,0.02,1.08,3972000000.0,4447000000.0,0.159,4447000000.0,3972000000.0,3972000000.0,3.12,2.98,3.12,31269000000.0,35996000000.0,31269000000.0,649615959930.0,164.0,146.08,-23718000000.0,-23.731,1.0,27979000000.0,1.0,4071000000.0,0.0,1432600000000.0,1702615500000.0,0.0,840226000000.0,,,1014140000000.0,,,55947959930.0,4992000000.0,-693000000.0,-3264000000.0,25463000000.0,-1219000000.0,38085000000.0,-11438000000.0,-9276000000.0,-22249000000.0,594000000.0,3141000000.0,3140000000.0,3140000000.0,-646000000.0,68000000.0,0.112,24585000000.0,3394000000.0,215631000000.0,0.346,1.789,17.818,16.897,4372000000.0,1000000.0,52.72,2.0,1.883,100683000000.0,38045000000.0,27979000000.0,27979000000.0,0.0,0.003,0.087,0.002,0.142,1941000000.0,21800000000.0,1.0,1061228375.0,999452668,1055909168.0,27.994,1041338000000.0,0.0,831000000.0,0.0,1041.908,
56,MS,MRT,2007-09-30,2007-08-31,2007-08-31,2021-08-25,-95000000.0,1185131000000.0,1172094250000.0,,,0.031,35.168,-1562000000.0,79817000000.0,79817000000.0,0.0,9003000000.0,,32.621,673485000000.0,,,673485000000.0,0.0,816000000.0,23268000000.0,0.017,1.08,12615000000.0,13431000000.0,0.37,13431000000.0,12615000000.0,12615000000.0,8.91,8.48,8.91,35250000000.0,37019750000.0,35250000000.0,655141319155.0,52.0,48.778,-21057000000.0,-21.008,1.0,36285000000.0,1.0,3451000000.0,0.0,1775348000000.0,1778937750000.0,0.0,878876000000.0,,,1149881000000.0,,,65647319155.0,18042000000.0,-1723000000.0,-3832000000.0,41562000000.0,-1216000000.0,49324000000.0,-12923000000.0,-9638000000.0,-19495000000.0,1136000000.0,8984000000.0,8933000000.0,8933000000.0,-870000000.0,19000000.0,0.246,24431000000.0,11854000000.0,187305000000.0,0.121,1.862,7.349,7.0,4193000000.0,51000000.0,62.37,1.809,1.723,119298000000.0,42043000000.0,36285000000.0,36285000000.0,0.0,0.008,0.241,0.007,0.348,2313000000.0,21697000000.0,1.0,1052546403.0,1002330181,1057495875.0,36.201,1181680000000.0,0.0,3631000000.0,0.0,1178.933,
57,MS,MRT,2007-06-30,2007-05-31,2007-05-31,2021-08-25,-119000000.0,1199993000000.0,1133029500000.0,,,0.031,39.648,-1604000000.0,78900000000.0,78900000000.0,0.0,9311000000.0,,29.371,668394000000.0,,,668394000000.0,0.0,765000000.0,43577000000.0,0.013,1.08,12827000000.0,13592000000.0,0.384,13592000000.0,12827000000.0,12827000000.0,9.22,8.79,9.22,39511000000.0,36750250000.0,39511000000.0,728986255163.0,57.0,53.633,-35645000000.0,-35.769,1.0,35391000000.0,1.0,4132000000.0,0.0,1785355000000.0,1725258750000.0,0.0,825017000000.0,,,1160482000000.0,,,89626255163.0,16993000000.0,-1721000000.0,-4228000000.0,46065000000.0,-1194000000.0,63537000000.0,-13316000000.0,-9991000000.0,-34041000000.0,813000000.0,9292000000.0,9258000000.0,9258000000.0,-1064000000.0,19000000.0,0.262,23558000000.0,11833000000.0,162277000000.0,0.117,2.268,9.681,9.223,4501000000.0,34000000.0,85.04,2.532,2.395,164783000000.0,46256000000.0,35391000000.0,35391000000.0,0.0,0.008,0.252,0.007,0.362,1974000000.0,21021000000.0,1.0,1053930564.0,996544761,1045643087.0,35.514,1195861000000.0,0.0,3535000000.0,0.0,1200.007,
58,MS,MRT,2007-03-31,2007-02-28,2007-02-28,2021-08-25,-127000000.0,1182061000000.0,1089792000000.0,,,0.031,37.608,827000000.0,52375000000.0,52375000000.0,0.0,8570000000.0,,30.145,691735000000.0,,,691735000000.0,0.0,901000000.0,37313000000.0,0.014,1.08,12003000000.0,12904000000.0,0.384,12904000000.0,12003000000.0,12003000000.0,8.47,8.09,8.47,37954000000.0,34936250000.0,37954000000.0,700036072222.0,58.0,54.25,-69549000000.0,-68.916,1.0,33571000000.0,1.0,4262000000.0,0.0,1817159000000.0,1671567250000.0,0.0,876885000000.0,,,1144107000000.0,,,79896072222.0,-8773000000.0,-2197000000.0,-2866000000.0,54365000000.0,-1182000000.0,65653000000.0,-4803000000.0,-3433000000.0,-70376000000.0,753000000.0,8551000000.0,8534000000.0,8534000000.0,-858000000.0,19000000.0,0.254,22399000000.0,11172000000.0,146473000000.0,0.128,2.105,9.362,8.845,4313000000.0,17000000.0,74.92,2.38,2.252,138262000000.0,43975000000.0,33571000000.0,33571000000.0,0.0,0.008,0.244,0.007,0.358,1767000000.0,19989000000.0,1.0,1066418476.0,1009186993,1057912545.0,33.265,1177799000000.0,0.0,3452000000.0,0.0,1167.077,
59,MS,MRT,2006-12-31,2006-11-30,2006-11-30,2021-08-25,-35000000.0,1121192000000.0,1034180000000.0,,,0.029,35.005,993000000.0,50171000000.0,50171000000.0,0.0,7472000000.0,,30.704,670311000000.0,,,670311000000.0,0.0,876000000.0,28343000000.0,0.014,1.08,10182000000.0,11058000000.0,0.371,11058000000.0,10182000000.0,10182000000.0,7.38,7.07,7.38,35364000000.0,32978500000.0,35364000000.0,615322797767.0,60.0,55.645,-60252000000.0,-59.64,1.0,29799000000.0,1.0,3443000000.0,0.0,1737889000000.0,1583816250000.0,0.0,929924000000.0,,,1085828000000.0,,,80619797767.0,-8808000000.0,-2706000000.0,-3088000000.0,46806000000.0,-1167000000.0,53985000000.0,-2345000000.0,-632000000.0,-61245000000.0,797000000.0,7453000000.0,7453000000.0,7453000000.0,-1137000000.0,19000000.0,0.25,20735000000.0,9064000000.0,147288000000.0,0.146,2.28,10.817,10.32,4086000000.0,0.0,76.16,2.705,2.582,122408000000.0,41422000000.0,29799000000.0,29799000000.0,0.0,0.007,0.226,0.006,0.342,1923000000.0,18519000000.0,1.0,1058558269.0,1010254255,1054796062.0,29.497,1117749000000.0,0.0,2729000000.0,0.0,1106.404,
60,MS,MRT,2006-09-30,2006-08-31,2006-08-31,2021-08-25,32000000.0,1028872000000.0,978512750000.0,,,0.029,33.818,1203000000.0,62532000000.0,62532000000.0,0.0,7731000000.0,,29.109,597235000000.0,,,597235000000.0,0.0,663000000.0,25175000000.0,0.016,1.08,10187000000.0,10850000000.0,0.387,10850000000.0,10187000000.0,10187000000.0,7.55,7.26,7.55,34172000000.0,31433000000.0,34172000000.0,617002198071.0,61.0,56.867,-43884000000.0,-43.429,1.0,28029000000.0,1.0,2943000000.0,0.0,1560632000000.0,1493312000000.0,0.0,790243000000.0,,,994700000000.0,,,70524198071.0,-9135000000.0,-1676000000.0,-3152000000.0,34822000000.0,-1155000000.0,38056000000.0,-2104000000.0,-1631000000.0,-45087000000.0,0.0,7731000000.0,7731000000.0,7731000000.0,-1627000000.0,0.0,0.276,19377000000.0,8652000000.0,154314000000.0,0.143,2.064,9.122,8.714,3409000000.0,0.0,65.79,2.516,2.372,96138000000.0,39519000000.0,28029000000.0,28029000000.0,0.0,0.008,0.246,0.007,0.363,1924000000.0,17246000000.0,1.0,1071959235.0,1010468365,1055664392.0,27.739,1025929000000.0,0.0,2456000000.0,0.0,1015.3,
61,MS,MRT,2006-06-30,2006-05-31,2006-05-31,2021-08-25,20000000.0,1027043000000.0,930642500000.0,,,0.03,31.833,1720000000.0,61405000000.0,61405000000.0,0.0,6024000000.0,,30.841,607883000000.0,,,607883000000.0,0.0,702000000.0,22560000000.0,0.018,1.08,8275000000.0,8977000000.0,0.322,8977000000.0,8275000000.0,8275000000.0,5.86,5.64,5.86,32255000000.0,29946500000.0,32255000000.0,573273621299.0,69.0,63.86,-40754000000.0,-40.221,1.0,27912000000.0,1.0,2932000000.0,0.0,1570589000000.0,1416507750000.0,0.0,775041000000.0,,,994788000000.0,,,63858621299.0,-10293000000.0,-1720000000.0,-2426000000.0,31158000000.0,-1165000000.0,33902000000.0,-1721000000.0,-1721000000.0,-42474000000.0,0.0,6024000000.0,6024000000.0,6024000000.0,-342000000.0,0.0,0.216,19762000000.0,8150000000.0,143419000000.0,0.184,1.98,10.601,10.174,2809000000.0,0.0,59.62,2.288,2.164,105956000000.0,38125000000.0,27912000000.0,27912000000.0,0.0,0.006,0.201,0.006,0.296,1627000000.0,17582000000.0,1.0,1071093950.0,1013241715,1054733745.0,27.547,1024111000000.0,0.0,2251000000.0,0.0,1010.727,
62,MS,MRT,2006-03-31,2006-02-28,2006-02-28,2021-08-25,-130000000.0,959613000000.0,878559500000.0,,,0.029,29.531,-583000000.0,63709000000.0,63709000000.0,0.0,5111000000.0,,30.856,573124000000.0,,,573124000000.0,0.0,763000000.0,23331000000.0,0.018,1.08,6700000000.0,7463000000.0,0.296,7463000000.0,6700000000.0,6700000000.0,4.92,4.75,4.92,30123000000.0,28965250000.0,30123000000.0,542700457946.0,81.0,72.719,-38594000000.0,-37.836,1.0,25239000000.0,1.0,2873000000.0,0.0,1466155000000.0,1326724250000.0,0.0,712985000000.0,,,929490000000.0,,,62851457946.0,-8659000000.0,-1720000000.0,-3306000000.0,27160000000.0,-1169000000.0,32613000000.0,-3261000000.0,-958000000.0,-38011000000.0,0.0,5111000000.0,5111000000.0,5111000000.0,-326000000.0,0.0,0.203,18558000000.0,6681000000.0,125074000000.0,0.22,2.086,12.297,12.126,5754000000.0,0.0,59.66,2.49,2.411,106414000000.0,36456000000.0,25239000000.0,25239000000.0,0.0,0.006,0.176,0.005,0.265,1381000000.0,16285000000.0,1.0,1053494099.0,1020041181,1061764798.0,24.743,956740000000.0,0.0,1589000000.0,0.0,937.943,
63,MS,MRT,2005-12-31,2005-11-30,2005-11-30,2021-08-25,-190000000.0,898523000000.0,839208750000.0,,,0.028,27.795,-540000000.0,69544000000.0,69544000000.0,0.0,4939000000.0,,29.79,549393000000.0,,,549393000000.0,0.0,815000000.0,18663000000.0,0.019,1.08,6412000000.0,7227000000.0,0.307,7227000000.0,6412000000.0,6412000000.0,4.7,4.57,4.7,29182000000.0,28558250000.0,29182000000.0,478950968091.0,75.0,66.272,-31892000000.0,-30.376,1.0,23525000000.0,1.0,2500000000.0,0.0,1375872000000.0,1257586750000.0,0.0,679186000000.0,,,869341000000.0,,,60395968091.0,-3397000000.0,-233000000.0,-3366000000.0,30337000000.0,-1180000000.0,32076000000.0,-4121000000.0,-3348000000.0,-31352000000.0,0.0,4939000000.0,4939000000.0,4939000000.0,-358000000.0,0.0,0.21,17209000000.0,6316000000.0,120373000000.0,0.23,2.07,12.228,11.921,5878000000.0,0.0,56.03,2.567,2.501,85062000000.0,35185000000.0,23525000000.0,23525000000.0,0.0,0.006,0.173,0.005,0.273,820000000.0,14960000000.0,1.0,1077921972.0,1049896047,1079936315.0,22.407,896023000000.0,0.0,1473000000.0,0.0,853.44,
64,MS,MRT,2005-09-30,2005-08-31,2005-08-31,2021-08-25,-125000000.0,837391000000.0,801411500000.0,,,0.031,26.988,-678000000.0,71534000000.0,71534000000.0,0.0,3674000000.0,,28.667,490089000000.0,,,490089000000.0,0.0,1032000000.0,19822000000.0,0.021,1.06,5626000000.0,6658000000.0,0.264,6658000000.0,5626000000.0,5626000000.0,3.44,3.37,3.44,28226000000.0,28314250000.0,28226000000.0,450522700521.0,80.0,67.666,-22070000000.0,-21.102,1.0,25240000000.0,1.0,2531000000.0,0.0,1253415000000.0,1190401500000.0,0.0,616528000000.0,,,809165000000.0,,,55250700521.0,-18562000000.0,-233000000.0,-2811000000.0,-104000000.0,-1163000000.0,6617000000.0,-3787000000.0,-2876000000.0,-21392000000.0,0.0,3674000000.0,3674000000.0,3674000000.0,1022000000.0,0.0,0.146,18319000000.0,6921000000.0,122675000000.0,0.308,1.957,15.038,14.788,4727000000.0,0.0,50.87,2.189,2.108,86179000000.0,33011000000.0,25240000000.0,25240000000.0,0.0,0.005,0.13,0.005,0.223,1100000000.0,15892000000.0,1.0,1086115599.0,1045874085,1072033275.0,24.133,834860000000.0,0.0,1952000000.0,0.0,798.241,
65,MS,MRT,2005-06-30,2005-05-31,2005-05-31,2021-08-25,-151000000.0,818711000000.0,778322000000.0,,,0.03,26.883,-617000000.0,74464000000.0,74464000000.0,0.0,4367000000.0,,27.899,469736000000.0,,,469736000000.0,0.0,989000000.0,16253000000.0,0.021,1.04,6187000000.0,7176000000.0,0.303,7176000000.0,6187000000.0,6187000000.0,4.08,4.0,4.08,28330000000.0,28112750000.0,28330000000.0,443598479010.0,72.0,61.817,-15405000000.0,-14.618,1.0,23691000000.0,1.0,2528000000.0,0.0,1211455000000.0,1150993000000.0,0.0,609445000000.0,,,790381000000.0,,,53640479010.0,-6984000000.0,-947000000.0,-2841000000.0,8085000000.0,-1144000000.0,12208000000.0,-4404000000.0,-2840000000.0,-14788000000.0,0.0,4367000000.0,4367000000.0,4367000000.0,20000000.0,0.0,0.184,17239000000.0,6452000000.0,134280000000.0,0.255,1.893,12.283,12.0,6395000000.0,0.0,48.96,2.264,2.178,75216000000.0,33160000000.0,23691000000.0,23691000000.0,0.0,0.006,0.155,0.005,0.261,960000000.0,14926000000.0,1.0,1095598019.0,1053812487,1079811172.0,22.481,816183000000.0,0.0,1820000000.0,0.0,774.505,
66,MS,MRT,2005-03-31,2005-02-28,2005-02-28,2021-08-25,-54000000.0,802210000000.0,756019500000.0,,,0.032,26.653,-558000000.0,71644000000.0,71644000000.0,0.0,4662000000.0,,27.153,461602000000.0,,,461602000000.0,0.0,869000000.0,13950000000.0,0.018,1.02,6584000000.0,7453000000.0,0.307,7453000000.0,6584000000.0,6584000000.0,4.33,4.24,4.33,28495000000.0,27780750000.0,28495000000.0,435685203665.0,66.0,58.458,-23608000000.0,-22.082,1.0,24310000000.0,1.0,2563000000.0,0.0,1189605000000.0,1120548750000.0,0.0,581655000000.0,,,773715000000.0,,,61409203665.0,508000000.0,-947000000.0,-2077000000.0,27574000000.0,-1124000000.0,28736000000.0,-5178000000.0,-3673000000.0,-23050000000.0,0.0,4662000000.0,4662000000.0,4662000000.0,18000000.0,0.0,0.192,17449000000.0,6861000000.0,124951000000.0,0.236,2.155,13.172,13.042,6418000000.0,0.0,56.47,2.526,2.483,92092000000.0,32527000000.0,24310000000.0,24310000000.0,0.0,0.006,0.168,0.006,0.271,800000000.0,15053000000.0,1.0,1087465976.0,1069097162,1090166326.0,22.739,799647000000.0,0.0,1922000000.0,0.0,747.965,
67,MS,MRT,2004-12-31,2004-11-30,2004-11-30,2021-08-25,-56000000.0,747334000000.0,719691500000.0,,,0.033,26.114,-533000000.0,69553000000.0,69553000000.0,0.0,4486000000.0,,25.496,431549000000.0,,,431549000000.0,0.0,805000000.0,13777000000.0,0.02,1.0,6342000000.0,7147000000.0,0.301,7147000000.0,6342000000.0,6342000000.0,4.15,4.06,4.15,28206000000.0,27173000000.0,28206000000.0,408488597969.0,64.0,57.155,-27991000000.0,-25.915,1.0,23708000000.0,1.0,2199000000.0,0.0,1107131000000.0,1070098000000.0,0.0,535432000000.0,,,719128000000.0,,,55549597969.0,3119000000.0,-758000000.0,-810000000.0,32711000000.0,-1096000000.0,33638000000.0,-3061000000.0,-1770000000.0,-27458000000.0,0.0,4486000000.0,4486000000.0,4486000000.0,103000000.0,0.0,0.189,16890000000.0,6818000000.0,123271000000.0,0.241,1.969,12.383,12.229,6531000000.0,0.0,50.75,2.343,2.312,84295000000.0,31426000000.0,23708000000.0,23708000000.0,0.0,0.006,0.165,0.006,0.268,663000000.0,14673000000.0,1.0,1094573359.0,1080121708,1105185480.0,21.949,745135000000.0,0.0,1856000000.0,0.0,689.862,
68,MS,MRT,2004-09-30,2004-08-31,2004-08-31,2021-08-25,-140000000.0,745033000000.0,683568750000.0,,,0.034,25.355,-351000000.0,91838000000.0,91838000000.0,0.0,4300000000.0,,26.171,444777000000.0,,,444777000000.0,0.0,542000000.0,12392000000.0,0.019,0.98,6220000000.0,6762000000.0,0.29,6762000000.0,6220000000.0,6220000000.0,4.0,3.9,4.0,27420000000.0,26338250000.0,27420000000.0,417431206884.0,67.0,61.732,-24635000000.0,-22.78,1.0,23336000000.0,1.0,2191000000.0,0.0,1095781000000.0,1017353750000.0,0.0,531999000000.0,,,717613000000.0,,,55723206884.0,21971000000.0,-758000000.0,-154000000.0,50309000000.0,-1069000000.0,48666000000.0,-2411000000.0,-1302000000.0,-24284000000.0,0.0,4300000000.0,4300000000.0,4300000000.0,230000000.0,0.0,0.184,16441000000.0,6895000000.0,129277000000.0,0.245,2.032,12.959,12.682,6558000000.0,0.0,50.73,2.388,2.351,70267000000.0,30500000000.0,23336000000.0,23336000000.0,0.0,0.006,0.163,0.006,0.267,559000000.0,14361000000.0,1.0,1098427102.0,1081448663,1105546130.0,21.578,742842000000.0,0.0,1920000000.0,0.0,686.895,
69,MS,MRT,2004-06-30,2004-05-31,2004-05-31,2021-08-25,-82000000.0,729501000000.0,642468500000.0,,,0.036,24.951,-408000000.0,73852000000.0,73852000000.0,0.0,4498000000.0,,26.017,435560000000.0,,,435560000000.0,0.0,573000000.0,11294000000.0,0.018,0.96,6421000000.0,6994000000.0,0.302,6994000000.0,6421000000.0,6421000000.0,4.18,4.08,4.18,27002000000.0,25410000000.0,27002000000.0,391261805278.0,61.0,55.942,-29516000000.0,-27.274,1.0,23187000000.0,1.0,1531000000.0,0.0,1089678000000.0,959858500000.0,0.0,525405000000.0,,,702499000000.0,,,58818805278.0,4012000000.0,0.0,97000000.0,36294000000.0,-1044000000.0,33480000000.0,-360000000.0,48000000.0,-29108000000.0,0.0,4498000000.0,4498000000.0,4498000000.0,209000000.0,0.0,0.194,16037000000.0,7150000000.0,127625000000.0,0.23,2.178,13.077,12.801,6610000000.0,0.0,53.51,2.537,2.497,80013000000.0,29938000000.0,23187000000.0,23187000000.0,0.0,0.007,0.177,0.007,0.277,459000000.0,14066000000.0,1.0,1099211461.0,1082211511,1110357415.0,21.426,727970000000.0,0.0,1923000000.0,0.0,672.669,
70,MS,MRT,2004-03-31,2004-02-29,2004-02-29,2021-08-25,-99000000.0,656898000000.0,606813500000.0,,,0.036,24.162,-458000000.0,59728000000.0,59728000000.0,0.0,3983000000.0,,24.203,392171000000.0,,,392171000000.0,0.0,634000000.0,12118000000.0,0.016,0.94,5701000000.0,6335000000.0,0.294,6335000000.0,5701000000.0,5701000000.0,3.71,3.63,3.71,26064000000.0,24317250000.0,26064000000.0,359683815374.0,63.0,56.777,7214000000.0,6.688,1.0,21582000000.0,1.0,1539000000.0,0.0,987802000000.0,908240000000.0,0.0,471557000000.0,,,630834000000.0,,,64849815374.0,4251000000.0,0.0,52000000.0,-5458000000.0,-1018000000.0,-7071000000.0,3650000000.0,4108000000.0,7672000000.0,0.0,3983000000.0,3983000000.0,3983000000.0,208000000.0,0.0,0.185,15158000000.0,6424000000.0,106737000000.0,0.253,2.488,16.282,16.108,6752000000.0,0.0,59.76,3.005,2.987,75924000000.0,28990000000.0,21582000000.0,21582000000.0,0.0,0.007,0.164,0.006,0.264,382000000.0,13132000000.0,1.0,1085170940.0,1078718046,1106000596.0,20.007,655359000000.0,0.0,1718000000.0,0.0,607.535,
71,MS,MRT,2003-12-31,2003-11-30,2003-11-30,2021-08-25,-156000000.0,602843000000.0,582448000000.0,,,0.036,23.094,-604000000.0,58218000000.0,58218000000.0,0.0,3787000000.0,,23.243,353052000000.0,,,353052000000.0,0.0,637000000.0,12839000000.0,0.017,0.92,5494000000.0,6131000000.0,0.295,6131000000.0,5494000000.0,5494000000.0,3.52,3.45,3.52,24867000000.0,23417500000.0,24867000000.0,346504633569.0,63.0,56.517,9923000000.0,9.216,1.0,20817000000.0,1.0,1523000000.0,0.0,896154000000.0,868515000000.0,0.0,433840000000.0,,,577976000000.0,,,59870633569.0,480000000.0,0.0,-128000000.0,-11870000000.0,-994000000.0,-11810000000.0,1763000000.0,2367000000.0,10527000000.0,0.0,3787000000.0,3787000000.0,3787000000.0,233000000.0,0.0,0.182,14657000000.0,6160000000.0,104638000000.0,0.261,2.408,15.81,15.705,6840000000.0,0.0,55.28,2.876,2.859,66615000000.0,28038000000.0,20817000000.0,20817000000.0,0.0,0.007,0.162,0.006,0.264,309000000.0,12691000000.0,1.0,1083043299.0,1076754740,1099117972.0,19.333,601320000000.0,0.0,1707000000.0,0.0,558.456,
72,MS,MRT,2003-09-30,2003-08-31,2003-08-31,2021-08-25,-239000000.0,580632000000.0,564112000000.0,,,0.036,21.998,-791000000.0,57387000000.0,57387000000.0,0.0,3505000000.0,,23.492,344021000000.0,,,344021000000.0,0.0,1324000000.0,13312000000.0,0.019,0.92,4998000000.0,6322000000.0,0.316,6322000000.0,4998000000.0,4998000000.0,3.25,3.19,3.25,23707000000.0,22672000000.0,23707000000.0,350867293080.0,70.0,55.499,-10769000000.0,-9.993,1.0,20026000000.0,1.0,1466000000.0,0.0,865800000000.0,841759500000.0,0.0,420960000000.0,,,556925000000.0,,,53068293080.0,-3693000000.0,0.0,-463000000.0,5544000000.0,-995000000.0,5287000000.0,998000000.0,1789000000.0,-9978000000.0,0.0,3505000000.0,3505000000.0,3505000000.0,10000000.0,0.0,0.175,14635000000.0,5391000000.0,103265000000.0,0.283,2.239,15.141,15.012,6826000000.0,0.0,48.79,2.65,2.626,63103000000.0,27270000000.0,20026000000.0,20026000000.0,0.0,0.006,0.155,0.006,0.25,351000000.0,12180000000.0,1.0,1087687909.0,1077680996,1100593303.0,18.582,579166000000.0,0.0,1493000000.0,0.0,537.419,
73,MS,MRT,2003-06-30,2003-05-31,2003-05-31,2021-08-25,-271000000.0,586881000000.0,548147000000.0,,,0.035,21.005,-872000000.0,63157000000.0,63157000000.0,0.0,3081000000.0,,24.933,360956000000.0,,,360956000000.0,0.0,1124000000.0,13761000000.0,0.02,0.92,4569000000.0,5693000000.0,0.293,5693000000.0,4569000000.0,4569000000.0,2.86,2.8,2.86,22631000000.0,22099250000.0,22631000000.0,320669576655.0,70.0,56.327,9420000000.0,8.743,1.0,19416000000.0,1.0,1476000000.0,0.0,883204000000.0,814660750000.0,0.0,426466000000.0,,,564250000000.0,,,49743576655.0,5846000000.0,0.0,-680000000.0,-4038000000.0,-996000000.0,-3790000000.0,-656000000.0,118000000.0,10292000000.0,0.0,3081000000.0,3081000000.0,3081000000.0,11000000.0,0.0,0.159,14584000000.0,4832000000.0,100506000000.0,0.322,2.198,16.145,15.997,6874000000.0,0.0,45.75,2.562,2.539,61484000000.0,26251000000.0,19416000000.0,19416000000.0,0.0,0.006,0.139,0.006,0.235,361000000.0,12068000000.0,1.0,1087291293.0,1077386468,1097478351.0,18.021,585405000000.0,0.0,1488000000.0,0.0,543.357,
74,MS,MRT,2003-03-31,2003-02-28,2003-02-28,2021-08-25,-270000000.0,559436000000.0,539907750000.0,,,0.036,20.819,-973000000.0,70016000000.0,70016000000.0,0.0,3170000000.0,,23.903,340942000000.0,,,340942000000.0,0.0,936000000.0,14127000000.0,0.025,0.92,4793000000.0,5729000000.0,0.296,5729000000.0,4793000000.0,4793000000.0,2.93,2.87,2.93,22465000000.0,21760500000.0,22465000000.0,301234402406.0,63.0,52.581,-14646000000.0,-13.573,1.0,19343000000.0,1.0,1460000000.0,0.0,828902000000.0,801092750000.0,0.0,397224000000.0,,,536971000000.0,,,40152402406.0,3834000000.0,0.0,-771000000.0,19898000000.0,-998000000.0,20522000000.0,-3015000000.0,-2140000000.0,-13673000000.0,0.0,3170000000.0,3170000000.0,3170000000.0,11000000.0,0.0,0.164,14341000000.0,5002000000.0,99045000000.0,0.314,1.787,12.666,12.577,7132000000.0,0.0,36.85,2.076,2.056,61832000000.0,25901000000.0,19343000000.0,19343000000.0,0.0,0.006,0.146,0.006,0.248,392000000.0,12226000000.0,1.0,1089617433.0,1079052442,1099724140.0,17.926,557976000000.0,0.0,1623000000.0,0.0,517.098,
75,MS,MRT,2002-12-31,2002-11-30,2002-11-30,2021-08-25,-251000000.0,529499000000.0,522961500000.0,,,0.037,20.203,-1124000000.0,67623000000.0,67623000000.0,0.0,2988000000.0,,23.195,328705000000.0,,,328705000000.0,0.0,766000000.0,13757000000.0,0.02,0.92,4563000000.0,5329000000.0,0.279,5329000000.0,4563000000.0,4563000000.0,2.76,2.69,2.76,21885000000.0,21367250000.0,21885000000.0,291193533806.0,64.0,54.643,-6137000000.0,-5.665,1.0,19127000000.0,1.0,1449000000.0,0.0,789132000000.0,771891000000.0,0.0,380702000000.0,,,507614000000.0,,,49113533806.0,2616000000.0,0.0,-811000000.0,13994000000.0,-1000000000.0,13325000000.0,-5696000000.0,-4670000000.0,-5013000000.0,0.0,2988000000.0,2988000000.0,2988000000.0,11000000.0,0.0,0.156,14389000000.0,4738000000.0,96202000000.0,0.333,2.244,16.437,16.391,7119000000.0,0.0,45.24,2.568,2.562,52418000000.0,25250000000.0,19127000000.0,19127000000.0,0.0,0.006,0.14,0.006,0.239,400000000.0,12339000000.0,1.0,1085621879.0,1083270783,1109637953.0,17.657,528050000000.0,0.0,1575000000.0,0.0,487.459,
76,MS,MRT,2002-09-30,2002-08-31,2002-08-31,2021-08-25,-225000000.0,516772000000.0,511243750000.0,,,0.038,19.798,-799000000.0,68267000000.0,68267000000.0,0.0,3126000000.0,,23.13,310347000000.0,,,310347000000.0,0.0,729000000.0,13711000000.0,0.022,0.92,4816000000.0,5545000000.0,0.284,5545000000.0,4816000000.0,4816000000.0,2.88,2.81,2.88,21416000000.0,21075000000.0,21416000000.0,323266425104.0,67.0,58.299,20595000000.0,19.039,1.0,19531000000.0,1.0,1447000000.0,0.0,757405000000.0,747878750000.0,0.0,370772000000.0,,,495356000000.0,,,46817425104.0,3799000000.0,0.0,-844000000.0,-13516000000.0,-1005000000.0,-14889000000.0,-2706000000.0,-2005000000.0,21394000000.0,0.0,3126000000.0,3121000000.0,3121000000.0,0.0,0.0,0.16,14628000000.0,4903000000.0,100954000000.0,0.319,2.186,15.001,14.833,7083000000.0,5000000.0,42.72,2.397,2.366,51641000000.0,24768000000.0,19531000000.0,19531000000.0,0.0,0.006,0.148,0.006,0.247,653000000.0,12553000000.0,1.0,1095913509.0,1081708833,1105494894.0,18.056,515325000000.0,0.0,1690000000.0,0.0,476.399,
77,MS,MRT,2002-06-30,2002-05-31,2002-05-31,2021-08-25,-212000000.0,553924000000.0,508496250000.0,,,0.039,19.609,-1104000000.0,68339000000.0,68339000000.0,0.0,3220000000.0,,25.035,344788000000.0,,,344788000000.0,0.0,729000000.0,13337000000.0,0.02,0.92,4996000000.0,5725000000.0,0.285,5725000000.0,4996000000.0,4996000000.0,2.95,2.88,2.95,21276000000.0,20718250000.0,21276000000.0,271881440813.0,54.0,47.49,-2940000000.0,-2.71,1.0,20078000000.0,1.0,1441000000.0,0.0,828932000000.0,741423000000.0,0.0,405574000000.0,,,532648000000.0,,,50004440813.0,-4884000000.0,0.0,-879000000.0,-1446000000.0,-1019000000.0,-2246000000.0,-802000000.0,302000000.0,-1836000000.0,0.0,3220000000.0,3206000000.0,3206000000.0,0.0,0.0,0.16,14972000000.0,5106000000.0,109724000000.0,0.312,2.35,15.597,15.41,7581000000.0,14000000.0,45.46,2.491,2.457,51275000000.0,24408000000.0,20078000000.0,20078000000.0,0.0,0.006,0.155,0.007,0.249,653000000.0,12919000000.0,1.0,1099965702.0,1084993202,1113949482.0,18.505,552483000000.0,0.0,1776000000.0,0.0,509.204,
78,MS,MRT,2002-03-31,2002-02-28,2002-02-28,2021-08-25,-263000000.0,491651000000.0,494360500000.0,,,0.043,19.302,-1123000000.0,74298000000.0,74298000000.0,0.0,3353000000.0,,22.533,296175000000.0,,,296175000000.0,0.0,729000000.0,12540000000.0,0.019,0.92,5236000000.0,5965000000.0,0.283,5965000000.0,5236000000.0,5236000000.0,3.07,2.98,3.07,20892000000.0,20404000000.0,20892000000.0,266004458919.0,51.0,44.594,-26131000000.0,-24.142,1.0,21074000000.0,1.0,1433000000.0,0.0,712095000000.0,714272750000.0,0.0,340718000000.0,,,470759000000.0,,,54111458919.0,3797000000.0,-183000000.0,-1058000000.0,31239000000.0,-1028000000.0,29425000000.0,-620000000.0,686000000.0,-25008000000.0,0.0,3353000000.0,3330000000.0,3330000000.0,0.0,0.0,0.158,15743000000.0,5331000000.0,102483000000.0,0.3,2.59,16.25,16.0,7498000000.0,23000000.0,49.12,2.568,2.523,47885000000.0,23865000000.0,21074000000.0,21074000000.0,0.0,0.007,0.163,0.007,0.248,653000000.0,13626000000.0,1.0,1101617649.0,1082380245,1112959092.0,19.47,490218000000.0,0.0,1883000000.0,0.0,452.907,
79,MS,MRT,2001-12-31,2001-11-30,2001-11-30,2021-08-25,-262000000.0,482628000000.0,483972000000.0,,,0.046,19.073,-1289000000.0,72922000000.0,72922000000.0,0.0,3521000000.0,,22.297,284815000000.0,,,284815000000.0,0.0,729000000.0,12276000000.0,0.017,0.92,5545000000.0,6274000000.0,0.284,6274000000.0,5545000000.0,5545000000.0,3.21,3.11,3.21,20716000000.0,20118750000.0,20716000000.0,286668088538.0,52.0,45.691,-26464000000.0,-24.366,1.0,22105000000.0,1.0,1438000000.0,0.0,693083000000.0,696326750000.0,0.0,326224000000.0,,,461912000000.0,,,60868088538.0,7777000000.0,-183000000.0,-1386000000.0,34224000000.0,-1040000000.0,32755000000.0,197000000.0,1669000000.0,-25175000000.0,0.0,3521000000.0,3489000000.0,3489000000.0,0.0,0.0,0.158,16421000000.0,5684000000.0,100811000000.0,0.287,2.938,17.446,17.29,7332000000.0,32000000.0,55.5,2.754,2.727,54041000000.0,23270000000.0,22105000000.0,22105000000.0,0.0,0.007,0.173,0.008,0.251,653000000.0,14260000000.0,1.0,1096722316.0,1086121508,1121764086.0,20.352,481190000000.0,0.0,2024000000.0,0.0,443.035,
80,MS,MRT,2001-09-30,2001-08-31,2001-08-31,2021-08-25,-228000000.0,505782000000.0,468634750000.0,,,0.055,18.415,-1891000000.0,71230000000.0,71230000000.0,0.0,5456000000.0,,24.303,297030000000.0,,,297030000000.0,0.0,727000000.0,12896000000.0,0.017,0.89,8526000000.0,9253000000.0,0.357,9253000000.0,8526000000.0,8526000000.0,4.96,4.73,4.96,19989000000.0,19757500000.0,19989000000.0,282100372637.0,33.0,30.487,-50885000000.0,-46.879,1.0,25894000000.0,1.0,0.0,0.0,731582000000.0,671832250000.0,0.0,354418000000.0,,,485793000000.0,,,59150372637.0,6911000000.0,-183000000.0,-2199000000.0,60862000000.0,-1017000000.0,59345000000.0,-3440000000.0,-1366000000.0,-48994000000.0,0.0,5456000000.0,5420000000.0,5420000000.0,0.0,0.0,0.209,17347000000.0,8547000000.0,105077000000.0,0.179,2.959,10.913,10.756,7457000000.0,36000000.0,53.35,2.284,2.236,50065000000.0,22657000000.0,25894000000.0,25894000000.0,0.0,0.012,0.274,0.013,0.329,908000000.0,15399000000.0,1.0,1108723011.0,1085447127,1119301107.0,23.856,505782000000.0,0.0,3070000000.0,0.0,465.967,
81,MS,MRT,2001-06-30,2001-05-31,2001-05-31,2021-08-25,-202000000.0,497381000000.0,443220000000.0,,,0.054,18.445,-1594000000.0,72766000000.0,72766000000.0,0.0,4400000000.0,,23.845,295716000000.0,,,295716000000.0,0.0,727000000.0,12506000000.0,0.013,0.86,6898000000.0,7625000000.0,0.319,7625000000.0,6898000000.0,6898000000.0,4.01,3.84,4.01,20019000000.0,19423750000.0,20019000000.0,262556545770.0,38.0,34.434,-55320000000.0,-50.972,1.0,23896000000.0,1.0,0.0,0.0,720331000000.0,637394250000.0,0.0,335501000000.0,,,477362000000.0,,,72342545770.0,11140000000.0,-183000000.0,-2485000000.0,68375000000.0,-983000000.0,65984000000.0,-1118000000.0,659000000.0,-53726000000.0,0.0,4400000000.0,4364000000.0,4364000000.0,0.0,0.0,0.183,16932000000.0,6964000000.0,96150000000.0,0.214,3.614,16.577,16.212,7091000000.0,36000000.0,65.01,3.027,2.953,54461000000.0,22217000000.0,23896000000.0,23896000000.0,0.0,0.01,0.225,0.011,0.289,908000000.0,14980000000.0,1.0,1112791044.0,1085305558,1120687197.0,22.018,497381000000.0,0.0,2498000000.0,0.0,458.287,
82,MS,MRT,2001-03-31,2001-02-28,2001-02-28,2021-08-25,-182000000.0,450097000000.0,423271250000.0,,,0.059,18.132,-1308000000.0,65462000000.0,65462000000.0,0.0,4928000000.0,,21.789,255676000000.0,,,255676000000.0,0.0,727000000.0,12529000000.0,0.013,0.83,7728000000.0,8455000000.0,0.338,8455000000.0,7728000000.0,7728000000.0,4.48,4.28,4.48,19751000000.0,18946500000.0,19751000000.0,243731838202.0,32.0,28.827,-7885000000.0,-7.239,1.0,25016000000.0,1.0,0.0,0.0,640311000000.0,617653000000.0,0.0,310466000000.0,,,430346000000.0,,,72743838202.0,6349000000.0,-199000000.0,-3110000000.0,15791000000.0,-954000000.0,13073000000.0,-147000000.0,1360000000.0,-6577000000.0,0.0,4928000000.0,4892000000.0,4892000000.0,0.0,0.0,0.196,17229000000.0,7787000000.0,99343000000.0,0.185,3.683,14.87,14.538,6970000000.0,36000000.0,65.13,2.908,2.836,59106000000.0,21552000000.0,25016000000.0,25016000000.0,0.0,0.012,0.258,0.013,0.309,908000000.0,15353000000.0,1.0,1116902168.0,1089270364,1134150225.0,22.966,450097000000.0,0.0,2800000000.0,0.0,413.21,
83,MS,MRT,2000-12-31,2000-11-30,2000-11-30,2021-08-25,-91000000.0,421279000000.0,412765000000.0,,,0.063,17.585,-896000000.0,67456000000.0,67456000000.0,0.0,5456000000.0,,20.861,241282000000.0,,,241282000000.0,0.0,727000000.0,11930000000.0,0.013,0.8,8526000000.0,9253000000.0,0.354,9253000000.0,8526000000.0,8526000000.0,4.95,4.73,4.95,19271000000.0,18471750000.0,19271000000.0,260737812060.0,31.0,28.179,-3279000000.0,-2.992,1.0,26148000000.0,1.0,0.0,0.0,595105000000.0,615364000000.0,0.0,281526000000.0,,,402008000000.0,,,71030812060.0,6494000000.0,-199000000.0,-3290000000.0,14715000000.0,-924000000.0,11563000000.0,-2686000000.0,-1591000000.0,-2383000000.0,0.0,5456000000.0,5420000000.0,5420000000.0,0.0,0.0,0.207,17629000000.0,8519000000.0,100384000000.0,0.162,3.686,13.105,12.804,6612000000.0,36000000.0,63.38,2.716,2.656,54460000000.0,20802000000.0,26148000000.0,26148000000.0,0.0,0.013,0.293,0.014,0.326,908000000.0,15828000000.0,1.0,1120713349.0,1095858438,1145011515.0,23.861,421279000000.0,0.0,3070000000.0,0.0,384.428,
84,MS,MRT,2000-09-30,2000-08-31,2000-08-31,2021-08-25,-107000000.0,404123000000.0,399187000000.0,,,0.057,17.142,-1461000000.0,43011000000.0,43011000000.0,0.0,4284000000.0,,20.619,232718000000.0,,,232718000000.0,0.0,541000000.0,11454000000.0,0.007,0.72,6862000000.0,7403000000.0,0.323,7403000000.0,6862000000.0,6862000000.0,3.92,3.75,3.92,18654000000.0,17907500000.0,18654000000.0,344823046171.0,50.0,46.579,-20747000000.0,-19.065,1.0,22937000000.0,1.0,0.0,0.0,593830000000.0,611136000000.0,0.0,285188000000.0,,,384630000000.0,,,121043046171.0,3873000000.0,-199000000.0,-2823000000.0,29705000000.0,-836000000.0,28099000000.0,-4940000000.0,-3280000000.0,-19286000000.0,0.0,4284000000.0,4246000000.0,4246000000.0,0.0,0.0,0.185,15986000000.0,6951000000.0,78803000000.0,0.184,6.489,28.508,27.444,6245000000.0,38000000.0,107.58,5.277,5.104,61496000000.0,19826000000.0,22937000000.0,22937000000.0,0.0,0.011,0.237,0.011,0.299,735000000.0,14244000000.0,1.0,1125144508.0,1088218669,1137304026.0,21.078,404123000000.0,0.0,2578000000.0,0.0,371.362,
85,MS,MRT,2000-06-30,2000-05-31,2000-05-31,2021-08-25,-90000000.0,417586000000.0,383373750000.0,,,0.065,16.49,-1336000000.0,15956000000.0,15956000000.0,0.0,5605000000.0,,22.058,239736000000.0,,,239736000000.0,0.0,541000000.0,11089000000.0,0.009,0.64,8925000000.0,9466000000.0,0.377,9466000000.0,8925000000.0,8925000000.0,5.1,4.85,5.1,18110000000.0,17105250000.0,18110000000.0,304008283153.0,34.0,32.116,-13788000000.0,-12.555,1.0,25078000000.0,1.0,0.0,0.0,641366000000.0,597036500000.0,0.0,297205000000.0,,,399476000000.0,,,80925283153.0,5345000000.0,-199000000.0,-3066000000.0,28998000000.0,-749000000.0,27282000000.0,-9485000000.0,-7950000000.0,-12452000000.0,0.0,5605000000.0,5565000000.0,5565000000.0,0.0,0.0,0.222,16153000000.0,8925000000.0,79513000000.0,0.125,4.469,14.542,14.02,6153000000.0,40000000.0,71.5,3.227,3.131,64705000000.0,18813000000.0,25078000000.0,25078000000.0,0.0,0.015,0.325,0.015,0.356,735000000.0,14551000000.0,1.0,1131822142.0,1098245490,1145401309.0,22.835,417586000000.0,0.0,3320000000.0,0.0,380.23,
86,MS,MRT,2000-03-31,2000-02-29,2000-02-29,2021-08-25,-39000000.0,408072000000.0,364563500000.0,,,0.065,16.32,-1424000000.0,31374000000.0,31374000000.0,0.0,5298000000.0,,21.859,254457000000.0,,,254457000000.0,0.0,541000000.0,10845000000.0,0.008,0.56,8488000000.0,9029000000.0,0.382,9029000000.0,8488000000.0,8488000000.0,4.81,4.56,4.81,17852000000.0,16415000000.0,17852000000.0,291483903673.0,34.0,32.283,-10158000000.0,-9.286,1.0,23635000000.0,1.0,0.0,0.0,631155000000.0,573051250000.0,0.0,297596000000.0,,,390220000000.0,,,80257903673.0,9104000000.0,-223000000.0,-2564000000.0,29058000000.0,-662000000.0,27720000000.0,-9882000000.0,-8235000000.0,-8734000000.0,0.0,5298000000.0,5257000000.0,5257000000.0,0.0,0.0,0.222,15147000000.0,8488000000.0,62982000000.0,0.116,4.496,15.267,14.644,4133000000.0,41000000.0,70.44,3.396,3.26,67458000000.0,17592000000.0,23635000000.0,23635000000.0,0.0,0.014,0.32,0.015,0.359,735000000.0,13634000000.0,1.0,1139379666.0,1093904751,1146854036.0,21.606,408072000000.0,0.0,3190000000.0,0.0,373.042,
87,MS,MRT,1999-12-31,1999-11-30,1999-11-30,2021-08-25,-27000000.0,366967000000.0,342990000000.0,,,0.063,15.513,-1669000000.0,22038000000.0,22038000000.0,0.0,4791000000.0,,20.569,233264000000.0,,,233264000000.0,0.0,541000000.0,10397000000.0,0.008,0.48,7728000000.0,8269000000.0,0.384,8269000000.0,7728000000.0,7728000000.0,4.33,4.1,4.33,17014000000.0,15661250000.0,17014000000.0,263742727009.0,34.0,31.895,-30614000000.0,-27.912,1.0,21546000000.0,1.0,0.0,0.0,578193000000.0,544170000000.0,0.0,267472000000.0,,,349953000000.0,,,67180727009.0,-4553000000.0,-223000000.0,-2151000000.0,32255000000.0,-575000000.0,31322000000.0,-6930000000.0,-5038000000.0,-28945000000.0,0.0,4791000000.0,4747000000.0,4747000000.0,0.0,0.0,0.22,13818000000.0,7728000000.0,50061000000.0,0.111,3.949,14.152,13.928,4088000000.0,44000000.0,60.31,3.118,3.07,66158000000.0,16285000000.0,21546000000.0,21546000000.0,0.0,0.014,0.303,0.014,0.359,735000000.0,12425000000.0,1.0,1113923512.0,1096789720,1159500670.0,19.645,366967000000.0,0.0,2937000000.0,0.0,334.583,
88,MS,MRT,1999-09-30,1999-08-31,1999-08-31,2021-08-25,-28000000.0,340870000000.0,330645750000.0,,,0.061,14.039,-635000000.0,23800000000.0,23800000000.0,0.0,4382000000.0,,21.07,220362000000.0,,,220362000000.0,0.0,575000000.0,9286000000.0,0.011,0.46,7039000000.0,7614000000.0,0.376,7614000000.0,7039000000.0,7039000000.0,3.905,3.71,3.905,15445000000.0,14937500000.0,15445000000.0,251595403334.0,36.0,33.044,11485000000.0,10.44,1.0,20243000000.0,1.0,0.0,0.0,537432000000.0,524477750000.0,0.0,251892000000.0,,,325425000000.0,,,48515403334.0,3562000000.0,1176000000.0,-2412000000.0,-4998000000.0,-557000000.0,-7808000000.0,-750000000.0,-1291000000.0,12120000000.0,0.0,4382000000.0,4338000000.0,4338000000.0,0.0,0.0,0.214,13204000000.0,7039000000.0,50751000000.0,0.118,3.141,11.184,10.987,2145000000.0,44000000.0,42.905,2.397,2.332,53891000000.0,14796000000.0,20243000000.0,20243000000.0,0.0,0.013,0.29,0.013,0.348,408000000.0,12618000000.0,1.0,1130763392.0,1100113462,1161401646.0,18.401,340870000000.0,0.0,2657000000.0,0.0,309.85,
89,MS,MRT,1999-06-30,1999-05-31,1999-05-31,2021-08-25,-36000000.0,342345000000.0,335660500000.0,,,0.056,13.849,-619000000.0,19791000000.0,19791000000.0,0.0,4038000000.0,,21.304,222871000000.0,,,222871000000.0,0.0,575000000.0,8809000000.0,0.009,0.44,6386000000.0,6961000000.0,0.371,6961000000.0,6386000000.0,6386000000.0,3.57,3.385,3.57,15349000000.0,14486750000.0,15349000000.0,248912393412.0,39.0,35.758,10458000000.0,9.436,1.0,18755000000.0,1.0,0.0,0.0,545425000000.0,532848500000.0,0.0,252811000000.0,,,326996000000.0,,,55060393412.0,1340000000.0,1176000000.0,-2193000000.0,-7515000000.0,-544000000.0,-11128000000.0,1391000000.0,834000000.0,11077000000.0,0.0,4038000000.0,3991000000.0,3991000000.0,0.0,0.0,0.213,12369000000.0,6386000000.0,47796000000.0,0.123,3.587,13.796,13.515,2121000000.0,47000000.0,48.25,2.936,2.851,59322000000.0,13973000000.0,18755000000.0,18755000000.0,0.0,0.012,0.275,0.012,0.34,408000000.0,11781000000.0,1.0,1141148050.0,1108293164,1173311370.0,16.922,342345000000.0,0.0,2348000000.0,0.0,308.894,
90,MS,MRT,1999-03-31,1999-02-28,1999-02-28,2021-08-25,-31000000.0,321778000000.0,345240500000.0,,,0.051,13.392,-630000000.0,20720000000.0,20720000000.0,0.0,3739000000.0,,20.688,214572000000.0,,,214572000000.0,0.0,575000000.0,8422000000.0,0.009,0.42,5925000000.0,6500000000.0,0.367,6500000000.0,5925000000.0,5925000000.0,3.26,3.1,3.26,14837000000.0,14105750000.0,14837000000.0,233519727405.0,39.0,35.926,5622000000.0,5.075,1.0,17709000000.0,1.0,0.0,0.0,515630000000.0,549681750000.0,0.0,240729000000.0,,,306941000000.0,,,51685727405.0,27000000.0,1399000000.0,-3044000000.0,-5546000000.0,-531000000.0,-9698000000.0,3473000000.0,2704000000.0,6252000000.0,0.0,3739000000.0,3688000000.0,3688000000.0,0.0,0.0,0.208,11784000000.0,5925000000.0,44435000000.0,0.129,3.484,14.015,13.88,2121000000.0,51000000.0,45.25,2.919,2.831,50462000000.0,12968000000.0,17709000000.0,17709000000.0,0.0,0.011,0.261,0.011,0.335,408000000.0,11205000000.0,1.0,1142226020.0,1107871156,1169186312.0,15.985,321778000000.0,0.0,2186000000.0,0.0,290.447,
91,MS,MRT,1998-12-31,1998-11-30,1998-11-30,2021-08-25,-12000000.0,317590000000.0,351179500000.0,,,0.047,12.26,-358000000.0,27409000000.0,27409000000.0,0.0,3276000000.0,,21.494,209243000000.0,,,209243000000.0,0.0,575000000.0,8197000000.0,0.011,0.4,5268000000.0,5843000000.0,0.356,5843000000.0,5268000000.0,5268000000.0,2.8,2.67,2.8,14119000000.0,14027500000.0,14119000000.0,250203068559.0,47.0,42.821,15071000000.0,13.086,1.0,16405000000.0,1.0,0.0,0.0,499424000000.0,562452000000.0,0.0,234843000000.0,,,303471000000.0,,,40217068559.0,8623000000.0,1399000000.0,-2799000000.0,-6085000000.0,-519000000.0,-9999000000.0,3193000000.0,2152000000.0,15429000000.0,0.0,3276000000.0,3221000000.0,3221000000.0,0.0,0.0,0.196,11020000000.0,5385000000.0,46221000000.0,0.143,2.848,12.486,12.432,1834000000.0,55000000.0,34.81,2.452,2.444,46173000000.0,12080000000.0,16405000000.0,16405000000.0,0.0,0.009,0.23,0.009,0.321,408000000.0,10447000000.0,1.0,1155330898.0,1151645450,1212588130.0,14.245,317590000000.0,0.0,1992000000.0,0.0,275.771,
92,MS,MRT,1998-09-30,1998-08-31,1998-08-31,2021-08-25,-10000000.0,360929000000.0,347353750000.0,,,0.047,11.9,-492000000.0,20012000000.0,20012000000.0,0.0,2862000000.0,,25.457,229998000000.0,,,229998000000.0,0.0,338000000.0,8718000000.0,0.013,0.37,4679000000.0,5017000000.0,0.31,5017000000.0,4679000000.0,4679000000.0,2.42,2.3,2.42,13642000000.0,13986750000.0,13642000000.0,266098471615.0,57.0,53.039,-8481000000.0,-7.398,1.0,16207000000.0,1.0,0.0,0.0,570915000000.0,562735250000.0,0.0,270153000000.0,,,347287000000.0,,,34005471615.0,434000000.0,0.0,-1788000000.0,8172000000.0,-492000000.0,6299000000.0,2124000000.0,2525000000.0,-7989000000.0,0.0,2862000000.0,2805000000.0,2805000000.0,0.0,0.0,0.173,11411000000.0,4796000000.0,58833000000.0,0.153,2.493,12.123,11.996,1779000000.0,57000000.0,29.03,2.098,2.053,61444000000.0,11120000000.0,16207000000.0,16207000000.0,0.0,0.008,0.201,0.008,0.289,374000000.0,10134000000.0,1.0,1171390686.0,1146341014,1209559188.0,14.138,360929000000.0,0.0,1817000000.0,0.0,314.853,
93,MS,MRT,1998-06-30,1998-05-31,1998-05-31,2021-08-25,-16000000.0,380665000000.0,327741500000.0,,,0.05,11.891,-442000000.0,17078000000.0,17078000000.0,0.0,2914000000.0,,26.535,249171000000.0,,,249171000000.0,0.0,338000000.0,9133000000.0,0.009,0.34,4875000000.0,5213000000.0,0.316,5213000000.0,4875000000.0,4875000000.0,2.46,2.34,2.46,13825000000.0,13773000000.0,13825000000.0,268079947769.0,55.0,51.425,-3931000000.0,-3.381,1.0,16473000000.0,1.0,0.0,0.0,612758000000.0,539158500000.0,0.0,285122000000.0,,,366840000000.0,,,46902947769.0,4940000000.0,0.0,-1219000000.0,6750000000.0,-502000000.0,6987000000.0,1442000000.0,1860000000.0,-3489000000.0,0.0,2914000000.0,2856000000.0,2856000000.0,0.0,0.0,0.173,11481000000.0,4992000000.0,57099000000.0,0.138,3.393,16.423,15.866,1760000000.0,58000000.0,39.03,2.847,2.755,69220000000.0,10607000000.0,16473000000.0,16473000000.0,0.0,0.009,0.207,0.009,0.296,374000000.0,10208000000.0,1.0,1201715290.0,1162653236,1225250708.0,14.168,380665000000.0,0.0,1961000000.0,0.0,327.411,
94,MS,MRT,1998-03-31,1998-02-28,1998-02-28,2021-08-25,-3000000.0,345534000000.0,300071250000.0,,,0.051,12.377,-349000000.0,11249000000.0,11249000000.0,0.0,2589000000.0,,22.791,232426000000.0,,,232426000000.0,0.0,338000000.0,9199000000.0,0.009,0.31,4361000000.0,4699000000.0,0.305,4699000000.0,4361000000.0,4361000000.0,2.18,2.075,2.18,14524000000.0,13355750000.0,14524000000.0,240532600586.0,55.0,51.188,-9390000000.0,-8.002,1.0,15394000000.0,1.0,0.0,0.0,566711000000.0,498874750000.0,0.0,254011000000.0,,,331010000000.0,,,42262600586.0,-446000000.0,0.0,196000000.0,9739000000.0,-462000000.0,11534000000.0,-1781000000.0,-1427000000.0,-9041000000.0,0.0,2589000000.0,2527000000.0,2527000000.0,0.0,0.0,0.164,10916000000.0,4478000000.0,43617000000.0,0.142,2.91,16.724,16.011,1718000000.0,62000000.0,34.905,2.745,2.661,70725000000.0,9887000000.0,15394000000.0,15394000000.0,0.0,0.008,0.189,0.009,0.283,374000000.0,9603000000.0,1.0,1210789302.0,1173502680,1232755124.0,13.118,345534000000.0,0.0,1772000000.0,0.0,294.447,
95,MS,MRT,1997-12-31,1997-11-30,1997-11-30,2021-08-25,-9000000.0,302287000000.0,270573500000.0,,,0.055,12.139,-301000000.0,15145000000.0,15145000000.0,0.0,2586000000.0,,20.66,213415000000.0,,,213415000000.0,0.0,338000000.0,8993000000.0,0.01,0.28,4274000000.0,4612000000.0,0.311,4612000000.0,4274000000.0,4274000000.0,2.19,2.08,2.19,13956000000.0,12829000000.0,13956000000.0,226302341659.0,53.0,49.068,-859000000.0,-0.747,1.0,14833000000.0,1.0,0.0,0.0,500557000000.0,450968500000.0,0.0,227799000000.0,,,288331000000.0,,,32174341659.0,1711000000.0,0.0,70000000.0,4399000000.0,-416000000.0,5955000000.0,-2528000000.0,-2222000000.0,-558000000.0,0.0,2586000000.0,2520000000.0,2520000000.0,0.0,0.0,0.17,10559000000.0,4274000000.0,42153000000.0,0.128,2.305,12.768,12.4,1705000000.0,66000000.0,27.155,2.169,2.105,50260000000.0,9330000000.0,14833000000.0,14833000000.0,0.0,0.009,0.196,0.009,0.288,374000000.0,9255000000.0,1.0,1184840422.0,1149636466,1212612950.0,12.902,302287000000.0,0.0,1688000000.0,0.0,262.941,
96,MS,MRT,1997-09-30,1997-08-31,1997-08-31,2021-08-25,-7000000.0,282480000000.0,260670000000.0,,,0.055,11.06,-130000000.0,12868000000.0,12868000000.0,0.0,2245000000.0,,21.091,206996000000.0,,,206996000000.0,0.0,251000000.0,8511000000.0,0.011,0.265,3648000000.0,3899000000.0,0.274,3899000000.0,3648000000.0,3648000000.0,1.94,1.795,1.94,12787000000.0,12244500000.0,12787000000.0,209884631536.0,58.0,53.83,-9766000000.0,-8.447,1.0,14219000000.0,1.0,0.0,0.0,476608000000.0,438994000000.0,0.0,221109000000.0,,,269693000000.0,,,28245631536.0,5020000000.0,-986000000.0,-116000000.0,18230000000.0,-406000000.0,20495000000.0,-5223000000.0,-4041000000.0,-9636000000.0,0.0,2245000000.0,2175000000.0,2175000000.0,0.0,0.0,0.153,10571000000.0,3648000000.0,28907000000.0,0.137,2.209,12.986,12.402,1680000000.0,70000000.0,24.06,1.986,1.956,39964000000.0,8618000000.0,14219000000.0,14219000000.0,0.0,0.008,0.178,0.008,0.257,513000000.0,9339000000.0,1.0,1173966398.0,1156165612,1220038244.0,12.298,282480000000.0,0.0,1403000000.0,0.0,244.325,
97,MS,MRT,1997-06-30,1997-05-31,1997-05-31,2021-08-25,-9000000.0,269984000000.0,254422000000.0,,,0.051,10.159,-128000000.0,10509000000.0,10509000000.0,0.0,2017000000.0,,21.21,192148000000.0,,,192148000000.0,0.0,251000000.0,7575000000.0,0.012,0.25,3238000000.0,3489000000.0,0.27,3489000000.0,3238000000.0,3238000000.0,1.735,1.61,1.735,12156000000.0,11929000000.0,12156000000.0,26610718897.0,8.0,7.627,-13102000000.0,-10.95,1.0,12919000000.0,1.0,0.0,0.0,451623000000.0,426501500000.0,0.0,208520000000.0,,,257828000000.0,,,13492318897.0,-230000000.0,-986000000.0,-314000000.0,17566000000.0,-344000000.0,18816000000.0,-5456000000.0,-4315000000.0,-12974000000.0,0.0,2017000000.0,1947000000.0,1947000000.0,0.0,0.0,0.151,9681000000.0,3238000000.0,33901000000.0,0.144,1.11,6.93,11.96,1655000000.0,70000000.0,20.75,1.044,1.922,42591000000.0,8039000000.0,12919000000.0,12919000000.0,0.0,0.008,0.163,0.008,0.251,513000000.0,8557000000.0,1.0,650232236.0,1196565070,1223449180.0,10.797,269984000000.0,0.0,1221000000.0,0.0,225.633,
98,MS,MRT,1997-03-31,1997-02-28,1997-02-28,2021-08-25,,,,,,,,,,,0.0,2058000000.0,,,,,,,,,,0.012,0.235,3245000000.0,,,,3245000000.0,3245000000.0,1.755,1.64,1.755,,,,24482489588.0,8.0,,,,1.0,12528000000.0,1.0,,0.0,,,,,,,,,,12339689588.0,,,,,,,,,,,2058000000.0,1989000000.0,1989000000.0,0.0,0.0,0.159,9283000000.0,3245000000.0,,0.134,,6.204,10.934,,69000000.0,19.19,0.985,1.757,,,12528000000.0,12528000000.0,0.0,,,,0.259,,8279000000.0,1.0,643027076.0,1146821316,1211382132.0,10.924,,,1187000000.0,,,
99,MS,MRT,1996-12-31,1996-11-30,1996-11-30,2021-08-25,-11000000.0,238860000000.0,,,,,10.205,-152000000.0,11753000000.0,11753000000.0,0.0,1980000000.0,,19.412,174273000000.0,,,174273000000.0,0.0,251000000.0,7213000000.0,0.013,0.22,3117000000.0,3368000000.0,0.28,3368000000.0,3117000000.0,3117000000.0,1.67,1.58,1.67,11702000000.0,,11702000000.0,23135347864.0,7.0,6.869,-15503000000.0,-13.52,1.0,12023000000.0,1.0,0.0,0.0,401380000000.0,,0.0,180228000000.0,,,227158000000.0,,,10992547864.0,2608000000.0,-1186000000.0,-977000000.0,21962000000.0,-313000000.0,22096000000.0,-4137000000.0,-2759000000.0,-15351000000.0,0.0,1980000000.0,1914000000.0,1914000000.0,0.0,0.0,0.159,8906000000.0,3117000000.0,25560000000.0,0.132,0.939,5.743,10.237,1681000000.0,66000000.0,17.095,0.914,1.63,39264000000.0,7477000000.0,12023000000.0,12023000000.0,0.0,,,,0.259,513000000.0,7921000000.0,1.0,643027076.0,1146713860,1213581508.0,10.485,238860000000.0,0.0,1137000000.0,0.0,208.3,
100,MS,MRT,1996-09-30,1996-08-31,1996-08-31,2021-08-25,-11000000.0,238860000000.0,,,,,9.933,,11753000000.0,11753000000.0,,,,19.412,174273000000.0,,,174273000000.0,0.0,,7213000000.0,0.016,0.205,,,,,,,,,,11702000000.0,,11702000000.0,20017014150.0,,,,,1.0,,,0.0,,401380000000.0,,0.0,180228000000.0,,,227158000000.0,,,8214314150.0,,,,,,,,,,,,,,,,,,,25560000000.0,,0.702,,,1681000000.0,,12.5,,,39264000000.0,7477000000.0,,,,,,,,,,1.0,657145132.0,1178049572,,,238860000000.0,0.0,,0.0,202.759,
101,MS,MRT,1996-06-30,1996-05-31,1996-05-31,2021-08-25,-11000000.0,238860000000.0,,,,,9.785,,11753000000.0,11753000000.0,,,,19.412,174273000000.0,,,174273000000.0,0.0,,7213000000.0,0.013,0.19,,,,,,,,,,11702000000.0,,11702000000.0,21151923745.0,,,,,1.0,,,0.0,,401380000000.0,,0.0,180228000000.0,,,227158000000.0,,,9882823745.0,,,,,,,,,,,,,,,,,,,25560000000.0,,0.845,,,1681000000.0,,14.812,,,39264000000.0,7477000000.0,,,,,,,,,,1.0,667194852.0,1195899896,,,238860000000.0,0.0,,0.0,199.732,
102,MS,MRT,1996-03-31,1996-03-31,1996-03-31,2021-08-25,0.0,35342100000.0,,,,,7.052,0.0,2934600000.0,2934600000.0,0.0,880100000.0,,6.194,14203700000.0,,,14203700000.0,0.0,74300000.0,6003900000.0,0.012,0.175,1434000000.0,1508300000.0,0.258,1508300000.0,1434000000.0,1434000000.0,1.255,1.257,1.255,4912700000.0,,4912700000.0,,,,1724300000.0,2.475,1.0,5855800000.0,1.0,160200000.0,0.0,46451000000.0,,0.0,5181500000.0,,,30429400000.0,,,9549226319.0,170400000.0,0.0,-204300000.0,1922100000.0,-108000000.0,2232500000.0,-3786400000.0,-3630000000.0,1724300000.0,0.0,880100000.0,880100000.0,880100000.0,0.0,0.0,0.15,4421800000.0,1434000000.0,6010900000.0,0.139,1.944,10.85,11.404,354500000.0,0.0,14.312,1.631,1.703,23774400000.0,2374600000.0,5855800000.0,5855800000.0,0.0,,,,0.245,57200000.0,3805000000.0,1.0,667194852.0,696600000,699200000.0,8.406,35181900000.0,742800000.0,553900000.0,249700000.0,50.505,
103,MS,MRT,1995-12-31,1995-12-31,1995-12-31,2021-08-25,0.0,38208200000.0,,,,,6.874,0.0,3390900000.0,3390900000.0,0.0,856400000.0,,6.905,17356800000.0,,,17356800000.0,0.0,70000000.0,6191100000.0,0.014,0.16,1395900000.0,1465900000.0,0.258,1465900000.0,1395900000.0,1395900000.0,1.22,1.228,1.22,4833700000.0,,4833700000.0,,,,1476800000.0,2.1,1.0,5675900000.0,1.0,0.0,0.0,52174100000.0,,0.0,7778900000.0,,,33374500000.0,,,,130400000.0,0.0,-80600000.0,3879100000.0,-102300000.0,4678600000.0,-6025000000.0,-5908800000.0,1476800000.0,0.0,856400000.0,856400000.0,856400000.0,0.0,0.0,0.151,4280000000.0,1395900000.0,3183000000.0,0.131,,,9.631,341000000.0,0.0,11.75,,1.456,23423400000.0,2165700000.0,5675900000.0,5675900000.0,0.0,,,,0.246,57200000.0,3639700000.0,1.0,,703200000,684400000.0,8.072,38208200000.0,736900000.0,539500000.0,99300000.0,54.335,
104,MS,MRT,1995-12-31,1995-11-30,1995-11-30,2021-08-25,,,,,,,,-403000000.0,,,0.0,1465000000.0,,,,,,,,201000000.0,,0.013,0.16,2292000000.0,2493000000.0,0.254,2493000000.0,2292000000.0,2292000000.0,1.15,1.125,1.15,,,,,,,-1779000000.0,-1.462,1.0,9820000000.0,1.0,,0.0,,,,,,,,,,,467000000.0,0.0,-145000000.0,7156000000.0,-235000000.0,8271000000.0,-6428000000.0,-5909000000.0,-1376000000.0,0.0,1465000000.0,1400000000.0,1400000000.0,0.0,0.0,0.143,7528000000.0,2292000000.0,,0.139,,,11.087,,65000000.0,12.75,,1.579,,,9820000000.0,9820000000.0,0.0,,,,0.233,353000000.0,6474000000.0,1.0,,1216492866,1244197736.0,8.072,,,827000000.0,,,
105,MS,MRT,1995-09-30,1995-09-30,1995-09-30,2021-08-25,,,,,,,,,,,,,,,,,,,,,,0.011,0.151,,,,,,,,,,,,,,,,,,1.0,,,,,,,,,,,,,,,,,,,,,,,,,,,,,,,,,,,,,,,,14.062,,,,,,,,,,,,,,1.0,,706000000,,,,,,,,
106,MS,MRT,1995-06-30,1995-06-30,1995-06-30,2021-08-25,,,,,,,,,,,,,,,,,,,,,,0.012,0.143,,,,,,,,,,,,,,,,,,1.0,,,,,,,,,,,,,,,,,,,,,,,,,,,,,,,,,,,,,,,,11.75,,,,,,,,,,,,,,1.0,,701600000,,,,,,,,
107,MS,MRT,1995-03-31,1995-03-31,1995-03-31,2021-08-25,,,,,,,,,,,,,,,,,,,,,,0.013,0.134,,,,,,,,,,,,,,,,,,1.0,,,,,,,,,,,,,,,,,,,,,,,,,,,,,,,,,,,,,,,,10.188,,,,,,,,,,,,,,1.0,,694000000,,,,,,,,
108,MS,MRT,1994-12-31,1994-12-31,1994-12-31,2021-08-25,,,,,,,,0.0,,,0.0,740900000.0,,,,,,,,58800000.0,,0.015,0.125,1214600000.0,1273400000.0,0.254,1273400000.0,1214600000.0,1214600000.0,1.07,1.07,1.07,,,,,,,2876400000.0,4.148,1.0,5005700000.0,1.0,,0.0,,,,,,,,,,,503800000.0,0.0,-64300000.0,1852900000.0,-81100000.0,2028100000.0,-4400700000.0,-4282000000.0,2876400000.0,0.0,740900000.0,740900000.0,740900000.0,0.0,0.0,0.148,3791100000.0,1214600000.0,,0.117,,,7.916,,0.0,8.47,,1.173,,,5005700000.0,5005700000.0,0.0,,,,0.243,37000000.0,3196200000.0,1.0,,693400000,693400000.0,7.219,,,473700000.0,,,
