None,ticker,dimension,calendardate,datekey,reportperiod,lastupdated,accoci,assets,assetsavg,assetsc,assetsnc,assetturnover,bvps,capex,cashneq,cashnequsd,cor,consolinc,currentratio,de,debt,debtc,debtnc,debtusd,deferredrev,depamor,deposits,divyield,dps,ebit,ebitda,ebitdamargin,ebitdausd,ebitusd,ebt,eps,epsdil,epsusd,equity,equityavg,equityusd,ev,evebit,evebitda,fcf,fcfps,fxusd,gp,grossmargin,intangibles,intexp,invcap,invcapavg,inventory,investments,investmentsc,investmentsnc,liabilities,liabilitiesc,liabilitiesnc,marketcap,ncf,ncfbus,ncfcommon,ncfdebt,ncfdiv,ncff,ncfi,ncfinv,ncfo,ncfx,netinc,netinccmn,netinccmnusd,netincdis,netincnci,netmargin,opex,opinc,payables,payoutratio,pb,pe,pe1,ppnenet,prefdivis,price,ps,ps1,receivables,retearn,revenue,revenueusd,rnd,roa,roe,roic,ros,sbcomp,sgna,sharefactor,sharesbas,shareswa,shareswadil,sps,tangibles,taxassets,taxexp,taxliabilities,tbvps,workingcapital
0,BBY,MRY,2020-12-31,2021-01-30,2021-01-30,2021-08-31,328000000.0,19067000000.0,18321500000.0,12540000000.0,6527000000.0,2.58,17.669,-713000000.0,5494000000.0,5494000000.0,36689000000.0,1798000000.0,1.192,3.157,4082000000.0,817000000.0,3265000000.0,4082000000.0,711000000.0,839000000.0,0.0,0.02,2.2,2429000000.0,3268000000.0,0.069,3268000000.0,2429000000.0,2377000000.0,6.93,6.84,6.93,4587000000.0,3965250000.0,4587000000.0,27770378795.0,11.0,8.498,4214000000.0,16.233,1.0,10573000000.0,0.224,986000000.0,52000000.0,6148000000.0,6361000000.0,5612000000.0,0.0,0.0,0.0,14480000000.0,10521000000.0,3959000000.0,28178378795.0,3270000000.0,0.0,-284000000.0,-24000000.0,-568000000.0,-876000000.0,-788000000.0,-74000000.0,4927000000.0,7000000.0,1798000000.0,1798000000.0,1798000000.0,0.0,0.0,0.038,8182000000.0,2391000000.0,6979000000.0,0.317,6.143,15.672,15.703,4872000000.0,0.0,108.82,0.596,0.598,1061000000.0,4233000000.0,47262000000.0,47262000000.0,0.0,0.098,0.453,0.382,0.051,135000000.0,7928000000.0,1.0,258944852.0,259600000,263000000.0,182.057,18081000000.0,0.0,579000000.0,0.0,69.649,2019000000.0
1,BBY,MRY,2019-12-31,2020-02-01,2020-02-01,2021-08-31,295000000.0,15591000000.0,15511250000.0,8857000000.0,6734000000.0,2.813,13.133,-743000000.0,2229000000.0,2229000000.0,33590000000.0,1541000000.0,1.099,3.481,4069000000.0,674000000.0,3395000000.0,4069000000.0,501000000.0,812000000.0,0.0,0.024,2.0,2057000000.0,2869000000.0,0.066,2869000000.0,2057000000.0,1993000000.0,5.82,5.75,5.82,3479000000.0,3310750000.0,3479000000.0,24807861986.0,12.0,8.647,1822000000.0,6.878,1.0,10048000000.0,0.23,984000000.0,64000000.0,8387000000.0,8925250000.0,5174000000.0,0.0,0.0,0.0,12112000000.0,8060000000.0,4052000000.0,21915861986.0,171000000.0,-145000000.0,-955000000.0,-15000000.0,-527000000.0,-1498000000.0,-895000000.0,-8000000.0,2565000000.0,-1000000.0,1541000000.0,1541000000.0,1541000000.0,0.0,0.0,0.035,8039000000.0,2009000000.0,5288000000.0,0.344,6.299,14.222,14.552,5037000000.0,0.0,84.69,0.502,0.514,1149000000.0,3158000000.0,43638000000.0,43638000000.0,0.0,0.099,0.465,0.23,0.047,143000000.0,7998000000.0,1.0,258777447.0,264900000,268100000.0,164.734,14607000000.0,0.0,452000000.0,0.0,55.142,797000000.0
2,BBY,MRY,2018-12-31,2019-02-02,2019-02-02,2021-08-31,294000000.0,12901000000.0,12994000000.0,8870000000.0,4031000000.0,3.3,11.961,-819000000.0,1980000000.0,1980000000.0,32918000000.0,1464000000.0,1.181,2.902,1388000000.0,56000000.0,1332000000.0,1388000000.0,446000000.0,770000000.0,0.0,0.031,1.8,1961000000.0,2731000000.0,0.064,2731000000.0,1961000000.0,1888000000.0,5.3,5.2,5.3,3306000000.0,3231000000.0,3306000000.0,15832368739.0,8.0,5.797,1589000000.0,5.749,1.0,9961000000.0,0.232,915000000.0,73000000.0,3881000000.0,3885750000.0,5409000000.0,0.0,0.0,0.0,9595000000.0,7513000000.0,2082000000.0,15734368739.0,884000000.0,-787000000.0,-1467000000.0,-48000000.0,-497000000.0,-2018000000.0,508000000.0,2098000000.0,2408000000.0,-14000000.0,1464000000.0,1464000000.0,1464000000.0,0.0,0.0,0.034,8061000000.0,1900000000.0,5257000000.0,0.34,4.759,10.748,11.032,2510000000.0,0.0,58.47,0.367,0.377,1015000000.0,2985000000.0,42879000000.0,42879000000.0,0.0,0.113,0.453,0.505,0.046,123000000.0,8015000000.0,1.0,269101569.0,276400000,281400000.0,155.134,11986000000.0,0.0,424000000.0,0.0,43.365,1357000000.0
3,BBY,MRY,2017-12-31,2018-02-03,2018-02-03,2021-08-31,314000000.0,13049000000.0,13558250000.0,9829000000.0,3220000000.0,3.109,12.024,-688000000.0,1101000000.0,1101000000.0,32275000000.0,1000000000.0,1.257,2.613,1355000000.0,544000000.0,811000000.0,1355000000.0,453000000.0,683000000.0,0.0,0.019,1.36,1893000000.0,2576000000.0,0.061,2576000000.0,1893000000.0,1818000000.0,3.33,3.26,3.33,3612000000.0,4152500000.0,3612000000.0,21051339646.0,11.0,8.172,1453000000.0,4.837,1.0,9876000000.0,0.234,425000000.0,75000000.0,5061000000.0,5538500000.0,5209000000.0,2032000000.0,2032000000.0,0.0,9437000000.0,7817000000.0,1620000000.0,20825339646.0,-1133000000.0,0.0,-1841000000.0,-46000000.0,-409000000.0,-2297000000.0,-1002000000.0,-307000000.0,2141000000.0,25000000.0,1000000000.0,1000000000.0,1000000000.0,-1000000.0,0.0,0.024,8033000000.0,1843000000.0,4873000000.0,0.408,5.766,20.825,21.393,2421000000.0,0.0,71.24,0.494,0.508,1049000000.0,3270000000.0,42151000000.0,42151000000.0,0.0,0.074,0.241,0.342,0.045,129000000.0,8023000000.0,1.0,292326497.0,300400000,307100000.0,140.316,12624000000.0,0.0,818000000.0,0.0,42.024,2012000000.0
4,BBY,MRY,2016-12-31,2017-01-28,2017-01-28,2021-08-31,279000000.0,13856000000.0,13638250000.0,10516000000.0,3340000000.0,2.889,14.785,-580000000.0,2240000000.0,2240000000.0,29963000000.0,1228000000.0,1.477,1.942,1365000000.0,44000000.0,1321000000.0,1365000000.0,418000000.0,654000000.0,0.0,0.036,1.57,1909000000.0,2563000000.0,0.065,2563000000.0,1909000000.0,1837000000.0,3.86,3.81,3.86,4709000000.0,4428750000.0,4709000000.0,13668024784.0,7.0,5.333,1977000000.0,6.207,1.0,9440000000.0,0.24,425000000.0,72000000.0,5434000000.0,5659500000.0,4864000000.0,1681000000.0,1681000000.0,0.0,9147000000.0,7122000000.0,2025000000.0,13642024784.0,272000000.0,0.0,-527000000.0,-394000000.0,-505000000.0,-1418000000.0,-877000000.0,-356000000.0,2557000000.0,10000000.0,1228000000.0,1228000000.0,1228000000.0,-21000000.0,0.0,0.031,7586000000.0,1854000000.0,4984000000.0,0.407,2.897,11.109,11.262,2293000000.0,0.0,43.47,0.346,0.351,1347000000.0,4399000000.0,39403000000.0,39403000000.0,0.0,0.09,0.277,0.337,0.048,108000000.0,7547000000.0,1.0,313826197.0,318500000,322600000.0,123.714,13431000000.0,0.0,609000000.0,26000000.0,42.17,3394000000.0
5,BBY,MRY,2015-12-31,2016-01-30,2016-01-30,2021-08-31,271000000.0,13519000000.0,13989750000.0,9886000000.0,3633000000.0,2.825,12.635,-649000000.0,1976000000.0,1976000000.0,30337000000.0,897000000.0,1.428,2.088,1734000000.0,395000000.0,1339000000.0,1734000000.0,357000000.0,657000000.0,0.0,0.033,0.92,1480000000.0,2137000000.0,0.054,2137000000.0,1480000000.0,1400000000.0,2.59,2.56,2.59,4378000000.0,4629500000.0,4378000000.0,9514162003.0,6.0,4.452,694000000.0,2.003,1.0,9191000000.0,0.233,425000000.0,80000000.0,5927000000.0,6062250000.0,5051000000.0,1305000000.0,1305000000.0,0.0,9141000000.0,6925000000.0,2216000000.0,9572162003.0,-757000000.0,-51000000.0,-1008000000.0,-28000000.0,-499000000.0,-1536000000.0,-526000000.0,146000000.0,1343000000.0,-38000000.0,897000000.0,897000000.0,897000000.0,-90000000.0,0.0,0.023,7816000000.0,1375000000.0,4450000000.0,0.355,2.186,10.671,10.784,2346000000.0,0.0,27.93,0.242,0.245,1162000000.0,4130000000.0,39528000000.0,39528000000.0,0.0,0.064,0.194,0.244,0.037,104000000.0,7618000000.0,1.0,342719728.0,346500000,350700000.0,114.078,13094000000.0,0.0,503000000.0,128000000.0,37.789,2961000000.0
6,BBY,MRY,2014-12-31,2015-01-31,2015-01-31,2021-08-31,382000000.0,15245000000.0,14816750000.0,11472000000.0,3773000000.0,2.723,14.292,-561000000.0,2432000000.0,2432000000.0,31292000000.0,1235000000.0,1.475,2.051,1613000000.0,41000000.0,1572000000.0,1613000000.0,326000000.0,656000000.0,0.0,0.02,0.72,1464000000.0,2120000000.0,0.053,2120000000.0,1464000000.0,1374000000.0,3.53,3.49,3.53,4995000000.0,4627750000.0,4995000000.0,12052751965.0,8.0,5.685,1374000000.0,3.931,1.0,9047000000.0,0.224,482000000.0,90000000.0,6167000000.0,6034250000.0,5174000000.0,1456000000.0,1456000000.0,0.0,10245000000.0,7777000000.0,2468000000.0,12346751965.0,-52000000.0,39000000.0,50000000.0,-24000000.0,-251000000.0,-223000000.0,-1712000000.0,-1224000000.0,1935000000.0,-52000000.0,1233000000.0,1233000000.0,1233000000.0,11000000.0,2000000.0,0.031,7597000000.0,1450000000.0,5030000000.0,0.204,2.472,10.014,9.972,2295000000.0,0.0,35.2,0.306,0.305,1280000000.0,4141000000.0,40339000000.0,40339000000.0,0.0,0.083,0.266,0.243,0.036,87000000.0,7592000000.0,1.0,350759999.0,349500000,353600000.0,115.419,14763000000.0,0.0,141000000.0,230000000.0,42.24,3695000000.0
7,BBY,MRY,2013-12-31,2014-02-01,2014-02-01,2021-08-31,492000000.0,14013000000.0,14174000000.0,10485000000.0,3528000000.0,2.865,11.652,-547000000.0,2678000000.0,2678000000.0,31212000000.0,523000000.0,1.41,2.515,1657000000.0,45000000.0,1612000000.0,1657000000.0,399000000.0,701000000.0,0.0,0.029,0.68,1020000000.0,1721000000.0,0.042,1721000000.0,1020000000.0,920000000.0,1.56,1.53,1.56,3986000000.0,3561500000.0,3986000000.0,7644019963.0,7.0,4.442,547000000.0,1.599,1.0,9399000000.0,0.231,526000000.0,100000000.0,5030000000.0,5347000000.0,5376000000.0,223000000.0,223000000.0,0.0,10024000000.0,7436000000.0,2588000000.0,8145019963.0,852000000.0,206000000.0,171000000.0,381000000.0,-233000000.0,319000000.0,-517000000.0,-180000000.0,1094000000.0,-44000000.0,532000000.0,532000000.0,532000000.0,172000000.0,-9000000.0,0.013,8255000000.0,1144000000.0,5122000000.0,0.436,2.043,15.31,15.09,2598000000.0,0.0,23.54,0.201,0.198,1308000000.0,3159000000.0,40611000000.0,40611000000.0,0.0,0.038,0.149,0.191,0.025,90000000.0,8106000000.0,1.0,346007645.0,342100000,347600000.0,118.711,13487000000.0,0.0,388000000.0,147000000.0,39.424,3049000000.0
8,BBY,MRY,2012-12-31,2013-02-02,2013-02-02,2021-08-31,112000000.0,16787000000.0,,12047000000.0,4740000000.0,,9.04,-705000000.0,1826000000.0,1826000000.0,29229000000.0,-420000000.0,1.114,4.27,2296000000.0,1143000000.0,1153000000.0,2296000000.0,451000000.0,794000000.0,0.0,0.041,0.66,-79000000.0,715000000.0,0.019,715000000.0,-79000000.0,-178000000.0,-1.3,-1.3,-1.3,3061000000.0,,3061000000.0,7149595280.0,-91.0,9.999,749000000.0,2.212,1.0,9023000000.0,0.236,862000000.0,99000000.0,5585000000.0,,6571000000.0,0.0,0.0,0.0,13072000000.0,10810000000.0,2262000000.0,5446595280.0,701000000.0,-6000000.0,-97000000.0,127000000.0,-224000000.0,-211000000.0,-538000000.0,56000000.0,1454000000.0,-4000000.0,-441000000.0,-441000000.0,-441000000.0,161000000.0,21000000.0,-0.012,8933000000.0,90000000.0,6951000000.0,-0.508,1.779,-12.351,-12.392,3270000000.0,0.0,16.11,0.142,0.143,2704000000.0,2861000000.0,38252000000.0,38252000000.0,0.0,,,,-0.002,107000000.0,7905000000.0,1.0,338087851.0,338600000,338600000.0,112.971,15925000000.0,0.0,263000000.0,129000000.0,47.032,1237000000.0
9,BBY,MRY,2011-12-31,2012-01-28,2012-01-28,2021-08-31,,,,,,,,-709000000.0,,,31403000000.0,-177000000.0,,,,,,,,811000000.0,,0.024,0.62,-666000000.0,145000000.0,0.004,145000000.0,-666000000.0,-767000000.0,-3.83,-3.72,-3.83,,,,8797054635.0,-13.0,60.669,2388000000.0,6.411,1.0,9908000000.0,0.24,,101000000.0,,,,,,,,,,8912054635.0,303000000.0,-173000000.0,-1302000000.0,719000000.0,-228000000.0,-2141000000.0,-647000000.0,179000000.0,3097000000.0,-6000000.0,-1425000000.0,-1425000000.0,-1425000000.0,1394000000.0,1248000000.0,-0.034,8010000000.0,1898000000.0,,-0.162,,-6.254,-6.642,,0.0,25.44,0.216,0.229,,,41311000000.0,41311000000.0,0.0,,,,-0.016,110000000.0,7986000000.0,1.0,350316613.0,372500000,382000000.0,110.902,,,658000000.0,,,
10,BBY,MRY,2010-12-31,2010-02-27,2010-02-27,2021-08-31,40000000.0,18302000000.0,18201750000.0,10566000000.0,7736000000.0,2.705,15.163,-615000000.0,1826000000.0,1826000000.0,37201000000.0,1394000000.0,1.177,1.794,1802000000.0,698000000.0,1104000000.0,1802000000.0,0.0,838000000.0,0.0,0.015,0.56,2244000000.0,3082000000.0,0.063,3082000000.0,2244000000.0,2152000000.0,3.16,3.1,3.16,6320000000.0,5536250000.0,6320000000.0,16575168000.0,7.0,5.378,1591000000.0,3.817,1.0,12042000000.0,0.245,2890000000.0,92000000.0,6410000000.0,6724500000.0,5486000000.0,414000000.0,90000000.0,324000000.0,11338000000.0,8978000000.0,2360000000.0,15258168000.0,1328000000.0,-7000000.0,138000000.0,-210000000.0,-234000000.0,-348000000.0,-540000000.0,80000000.0,2206000000.0,10000000.0,1317000000.0,1317000000.0,1317000000.0,101000000.0,77000000.0,0.027,9674000000.0,2368000000.0,5276000000.0,0.177,2.414,11.586,11.551,4070000000.0,0.0,36.5,0.31,0.309,2020000000.0,5797000000.0,49243000000.0,49243000000.0,0.0,0.072,0.238,0.334,0.046,111000000.0,9622000000.0,1.0,418032000.0,416800000,427500000.0,118.145,15412000000.0,0.0,835000000.0,316000000.0,36.977,1588000000.0
11,BBY,MRY,2009-12-31,2009-02-28,2009-02-28,2021-08-31,-317000000.0,15826000000.0,16806500000.0,8192000000.0,7634000000.0,2.678,11.256,-1303000000.0,498000000.0,498000000.0,34017000000.0,1033000000.0,0.971,2.298,1963000000.0,837000000.0,1126000000.0,1963000000.0,0.0,730000000.0,0.0,0.019,0.54,1771000000.0,2501000000.0,0.056,2501000000.0,1771000000.0,1677000000.0,2.43,2.39,2.43,4643000000.0,4647250000.0,4643000000.0,14672023780.0,8.0,5.866,574000000.0,1.392,1.0,10998000000.0,0.244,2698000000.0,94000000.0,6158000000.0,6132000000.0,4753000000.0,406000000.0,11000000.0,395000000.0,10670000000.0,8435000000.0,2235000000.0,11915023780.0,-940000000.0,-2170000000.0,83000000.0,894000000.0,-223000000.0,591000000.0,-3427000000.0,165000000.0,1877000000.0,19000000.0,1003000000.0,1003000000.0,1003000000.0,0.0,30000000.0,0.022,9128000000.0,1870000000.0,4997000000.0,0.222,2.566,11.879,11.86,4174000000.0,0.0,28.82,0.265,0.264,1868000000.0,4714000000.0,45015000000.0,45015000000.0,0.0,0.06,0.216,0.289,0.039,104000000.0,8984000000.0,1.0,413429000.0,412500000,422900000.0,109.127,13128000000.0,0.0,674000000.0,281000000.0,31.825,-243000000.0
12,BBY,MRY,2008-12-31,2008-03-01,2008-03-01,2021-08-31,502000000.0,12758000000.0,13402750000.0,7342000000.0,5416000000.0,2.986,10.193,-797000000.0,1438000000.0,1438000000.0,30477000000.0,1410000000.0,1.085,1.845,816000000.0,189000000.0,627000000.0,816000000.0,0.0,580000000.0,0.0,0.011,0.46,2284000000.0,2864000000.0,0.072,2864000000.0,2284000000.0,2222000000.0,3.2,3.12,3.2,4484000000.0,4445250000.0,4484000000.0,17711006840.0,8.0,6.184,1228000000.0,2.792,1.0,9546000000.0,0.239,1190000000.0,62000000.0,4177000000.0,4431500000.0,4708000000.0,669000000.0,64000000.0,605000000.0,8274000000.0,6769000000.0,1505000000.0,18042006840.0,233000000.0,-89000000.0,-3315000000.0,133000000.0,-204000000.0,-3378000000.0,1464000000.0,2434000000.0,2025000000.0,122000000.0,1407000000.0,1407000000.0,1407000000.0,0.0,3000000.0,0.035,7385000000.0,2161000000.0,4297000000.0,0.144,4.024,12.823,13.441,3306000000.0,0.0,43.01,0.451,0.473,549000000.0,3933000000.0,40023000000.0,40023000000.0,0.0,0.105,0.317,0.515,0.057,81000000.0,7385000000.0,1.0,419484000.0,439900000,452900000.0,90.982,11568000000.0,0.0,815000000.0,404000000.0,26.297,573000000.0
13,BBY,MRY,2007-12-31,2007-03-03,2007-03-03,2021-08-31,216000000.0,13570000000.0,13232500000.0,9081000000.0,4489000000.0,2.716,12.862,-733000000.0,1205000000.0,1205000000.0,27165000000.0,1377000000.0,1.441,1.188,650000000.0,60000000.0,590000000.0,650000000.0,0.0,509000000.0,0.0,0.008,0.36,2160000000.0,2669000000.0,0.074,2669000000.0,2160000000.0,2129000000.0,2.86,2.79,2.86,6201000000.0,5661500000.0,6201000000.0,21785316450.0,10.0,8.162,1029000000.0,2.134,1.0,8769000000.0,0.244,1000000000.0,31000000.0,5714000000.0,4904500000.0,4028000000.0,2926000000.0,2588000000.0,338000000.0,7369000000.0,6301000000.0,1068000000.0,22337316450.0,457000000.0,-421000000.0,-382000000.0,12000000.0,-174000000.0,-513000000.0,-780000000.0,306000000.0,1762000000.0,-12000000.0,1377000000.0,1377000000.0,1377000000.0,0.0,0.0,0.038,6770000000.0,1999000000.0,3934000000.0,0.126,3.602,16.222,16.206,2938000000.0,0.0,46.35,0.622,0.622,548000000.0,5507000000.0,35934000000.0,35934000000.0,0.0,0.104,0.243,0.44,0.06,71000000.0,6770000000.0,1.0,481927000.0,482100000,496200000.0,74.536,12570000000.0,0.0,752000000.0,489000000.0,26.073,2780000000.0
14,BBY,MRY,2006-12-31,2006-02-25,2006-02-25,2021-08-31,261000000.0,11864000000.0,11316000000.0,7985000000.0,3879000000.0,2.726,10.722,-648000000.0,748000000.0,748000000.0,23122000000.0,1140000000.0,1.319,1.257,596000000.0,418000000.0,178000000.0,596000000.0,0.0,456000000.0,0.0,0.006,0.307,1751000000.0,2207000000.0,0.072,2207000000.0,1751000000.0,1721000000.0,2.33,2.27,2.33,5257000000.0,4841750000.0,5257000000.0,26234601040.0,15.0,11.887,1092000000.0,2.227,1.0,7726000000.0,0.25,601000000.0,30000000.0,5055000000.0,4998000000.0,3338000000.0,3259000000.0,3041000000.0,218000000.0,6607000000.0,6056000000.0,551000000.0,26475601040.0,394000000.0,0.0,-480000000.0,-33000000.0,-151000000.0,-619000000.0,-754000000.0,-199000000.0,1740000000.0,27000000.0,1140000000.0,1140000000.0,1140000000.0,0.0,0.0,0.037,6082000000.0,1644000000.0,3234000000.0,0.132,5.036,23.224,23.193,2712000000.0,0.0,54.04,0.858,0.859,449000000.0,4304000000.0,30848000000.0,30848000000.0,0.0,0.101,0.235,0.35,0.057,77000000.0,6082000000.0,1.0,489926000.0,490300000,504800000.0,62.917,11263000000.0,0.0,581000000.0,703000000.0,22.972,1929000000.0
15,BBY,MRY,2005-12-31,2005-02-26,2005-02-26,2021-08-31,149000000.0,10294000000.0,9777500000.0,6903000000.0,3391000000.0,2.806,9.1,-502000000.0,354000000.0,354000000.0,20938000000.0,984000000.0,1.392,1.314,600000000.0,72000000.0,528000000.0,600000000.0,0.0,459000000.0,0.0,0.008,0.28,1492000000.0,1951000000.0,0.071,1951000000.0,1492000000.0,1493000000.0,2.01,1.96,2.01,4449000000.0,3873500000.0,4449000000.0,15009196750.0,10.0,7.693,1479000000.0,3.025,1.0,6495000000.0,0.237,553000000.0,-1000000.0,5028000000.0,4279250000.0,2851000000.0,3142000000.0,2994000000.0,148000000.0,5845000000.0,4959000000.0,886000000.0,16958196750.0,109000000.0,0.0,56000000.0,-371000000.0,-137000000.0,-459000000.0,-1422000000.0,-787000000.0,1981000000.0,9000000.0,984000000.0,984000000.0,984000000.0,-50000000.0,0.0,0.036,5053000000.0,1442000000.0,2824000000.0,0.139,3.812,17.234,17.144,2464000000.0,0.0,34.46,0.618,0.614,375000000.0,3315000000.0,27433000000.0,27433000000.0,0.0,0.101,0.254,0.349,0.054,-1000000.0,5053000000.0,1.0,492112500.0,488900000,505000000.0,56.112,9741000000.0,0.0,509000000.0,575000000.0,19.924,1944000000.0
16,BBY,MRY,2004-12-31,2004-02-28,2004-02-28,2021-08-31,86000000.0,8652000000.0,8404250000.0,5724000000.0,2928000000.0,2.921,7.056,-545000000.0,245000000.0,245000000.0,18677000000.0,705000000.0,1.272,1.528,850000000.0,368000000.0,482000000.0,850000000.0,0.0,385000000.0,0.0,0.008,0.267,1209000000.0,1594000000.0,0.065,1594000000.0,1209000000.0,1201000000.0,1.45,1.42,1.45,3422000000.0,3034000000.0,3422000000.0,16311730750.0,13.0,10.233,790000000.0,1.629,1.0,5871000000.0,0.239,514000000.0,8000000.0,4242000000.0,3072500000.0,2607000000.0,2355000000.0,2355000000.0,0.0,5230000000.0,4501000000.0,729000000.0,17288730750.0,-128000000.0,0.0,14000000.0,-17000000.0,-130000000.0,-87000000.0,-1377000000.0,-814000000.0,1335000000.0,1000000.0,705000000.0,705000000.0,705000000.0,95000000.0,0.0,0.029,4567000000.0,1304000000.0,2460000000.0,0.184,5.052,24.523,24.483,2244000000.0,0.0,35.5,0.704,0.701,343000000.0,2468000000.0,24548000000.0,24548000000.0,0.0,0.084,0.232,0.393,0.049,8000000.0,4567000000.0,1.0,487006500.0,485000000,500800000.0,50.614,8138000000.0,0.0,496000000.0,380000000.0,16.779,1223000000.0
17,BBY,MRY,2003-12-31,2003-03-01,2003-03-01,2021-08-31,27000000.0,7694000000.0,7505000000.0,4898000000.0,2796000000.0,2.791,5.668,-725000000.0,1914000000.0,1914000000.0,15998000000.0,99000000.0,1.281,1.818,829000000.0,1000000.0,828000000.0,829000000.0,0.0,310000000.0,0.0,0.0,0.0,487000000.0,797000000.0,0.038,797000000.0,487000000.0,491000000.0,0.207,0.207,0.207,2730000000.0,2429000000.0,2730000000.0,9025545750.0,19.0,11.324,53000000.0,0.11,1.0,4945000000.0,0.236,462000000.0,-4000000.0,2323000000.0,2598500000.0,2077000000.0,0.0,0.0,0.0,4964000000.0,3824000000.0,1140000000.0,9352545750.0,-181000000.0,0.0,40000000.0,5000000.0,0.0,30000000.0,-910000000.0,-234000000.0,778000000.0,0.0,99000000.0,99000000.0,99000000.0,441000000.0,0.0,0.005,3935000000.0,1010000000.0,2195000000.0,0.0,3.426,94.47,93.623,2062000000.0,0.0,19.38,0.447,0.446,312000000.0,1893000000.0,20943000000.0,20943000000.0,0.0,0.013,0.041,0.187,0.023,0.0,3935000000.0,1.0,482587500.0,481650000,496050000.0,43.482,7232000000.0,0.0,392000000.0,374000000.0,15.015,1074000000.0
18,BBY,MRY,2002-12-31,2002-03-02,2002-03-02,2021-08-31,-6000000.0,7367000000.0,6291750000.0,4600000000.0,2767000000.0,2.815,5.319,-556000000.0,1861000000.0,1861000000.0,13941000000.0,570000000.0,1.242,1.922,815000000.0,7000000.0,808000000.0,815000000.0,0.0,245000000.0,0.0,0.0,0.0,908000000.0,1153000000.0,0.065,1153000000.0,908000000.0,926000000.0,1.2,1.18,1.2,2521000000.0,2157500000.0,2521000000.0,13934910100.0,15.0,12.086,987000000.0,2.082,1.0,3770000000.0,0.213,465000000.0,-18000000.0,2151000000.0,1772500000.0,1875000000.0,0.0,0.0,0.0,4846000000.0,3705000000.0,1141000000.0,14399910100.0,1118000000.0,-368000000.0,48000000.0,721000000.0,0.0,769000000.0,-924000000.0,0.0,1543000000.0,0.0,570000000.0,570000000.0,570000000.0,0.0,0.0,0.032,2862000000.0,908000000.0,2202000000.0,0.0,5.712,25.263,25.196,1661000000.0,0.0,30.236,0.813,0.809,221000000.0,1794000000.0,17711000000.0,17711000000.0,0.0,0.091,0.264,0.512,0.051,0.0,2862000000.0,1.0,476257500.0,474000000,483750000.0,37.365,6902000000.0,0.0,356000000.0,291000000.0,14.561,895000000.0
19,BBY,MRY,2001-12-31,2001-03-03,2001-03-03,2021-08-31,0.0,4840000000.0,4131750000.0,2929000000.0,1911000000.0,3.676,3.918,-688000000.0,747000000.0,747000000.0,12177000000.0,396000000.0,1.079,1.656,296000000.0,115000000.0,181000000.0,296000000.0,0.0,165000000.0,0.0,0.0,0.0,606000000.0,771000000.0,0.051,771000000.0,606000000.0,644000000.0,0.853,0.827,0.853,1822000000.0,1617250000.0,1822000000.0,7629096900.0,13.0,9.895,173000000.0,0.372,1.0,3012000000.0,0.198,385000000.0,-38000000.0,1289000000.0,1035000000.0,1767000000.0,0.0,0.0,0.0,3018000000.0,2715000000.0,303000000.0,8331135900.0,-8000000.0,-326000000.0,235000000.0,-17000000.0,0.0,218000000.0,-1029000000.0,0.0,861000000.0,0.0,396000000.0,396000000.0,396000000.0,5000000.0,0.0,0.026,2401000000.0,611000000.0,1773000000.0,0.0,4.573,21.038,20.894,1444000000.0,0.0,17.822,0.548,0.546,209000000.0,1224000000.0,15189000000.0,15189000000.0,0.0,0.096,0.245,0.586,0.04,0.0,2401000000.0,1.0,467457750.0,465000000,478500000.0,32.665,4455000000.0,0.0,248000000.0,127000000.0,9.581,214000000.0
20,BBY,MRY,2000-12-31,2000-02-26,2000-02-26,2021-08-31,0.0,2995342000.0,2939709750.0,2238460000.0,756882000.0,4.25,2.385,-382000000.0,750723000.0,750723000.0,10101000000.0,347000000.0,1.254,1.733,30650000.0,15790000.0,14860000.0,30650000.0,0.0,104000000.0,0.0,0.0,0.0,539000000.0,643000000.0,0.051,643000000.0,539000000.0,563000000.0,0.753,0.727,0.753,1095985000.0,1111835250.0,1095985000.0,9329656000.0,17.0,14.51,394000000.0,0.858,1.0,2393000000.0,0.192,0.0,-24000000.0,490220000.0,688939000.0,1183681000.0,0.0,0.0,0.0,1899357000.0,1785049000.0,114308000.0,9811728000.0,-35000000.0,0.0,-365000000.0,-30000000.0,0.0,-395000000.0,-416000000.0,0.0,776000000.0,0.0,347000000.0,347000000.0,347000000.0,0.0,0.0,0.028,1854000000.0,539000000.0,1313940000.0,0.0,8.952,28.276,28.331,698084000.0,0.0,21.333,0.785,0.785,189301000.0,828457000.0,12494000000.0,12494000000.0,0.0,0.118,0.312,0.782,0.043,0.0,1854000000.0,1.0,459924750.0,459450000,478350000.0,27.193,2995342000.0,0.0,216000000.0,65366000.0,6.519,453411000.0
21,BBY,MRY,1999-12-31,1999-02-27,1999-02-27,2021-08-31,0.0,2531623000.0,2404290500.0,2071827000.0,459796000.0,4.186,2.307,-165698000.0,785777000.0,785777000.0,8250123000.0,216282000.0,1.47,1.449,60597000.0,30088000.0,30509000.0,60597000.0,0.0,73627000.0,0.0,0.0,0.0,351242000.0,424869000.0,0.042,424869000.0,351242000.0,351677000.0,0.484,0.458,0.484,1033945000.0,887411000.0,1033945000.0,9062576500.0,26.0,21.33,488240000.0,1.089,1.0,1814523000.0,0.18,0.0,-435000.0,396727000.0,639398750.0,1046366000.0,0.0,0.0,0.0,1497678000.0,1409716000.0,87962000.0,9356805500.0,265650000.0,0.0,18182000.0,-165396000.0,0.0,-147214000.0,-241074000.0,0.0,653938000.0,0.0,216282000.0,216282000.0,216282000.0,0.0,0.0,0.021,1463281000.0,351242000.0,1011746000.0,0.0,9.05,43.262,42.585,423640000.0,0.0,20.611,0.93,0.918,132401000.0,481387000.0,10064646000.0,10064646000.0,0.0,0.09,0.244,0.549,0.035,0.0,1463281000.0,1.0,453969000.0,448166250,472513500.0,22.457,2531623000.0,0.0,135395000.0,46851000.0,5.649,662111000.0
22,BBY,MRY,1998-12-31,1998-02-28,1998-02-28,2021-08-31,0.0,2070371000.0,2006337500.0,1716751000.0,353620000.0,4.156,1.357,-72063000.0,520127000.0,520127000.0,7026074000.0,81938000.0,1.634,2.865,225322000.0,14925000.0,210397000.0,225322000.0,0.0,71584000.0,0.0,0.0,0.0,166408000.0,237992000.0,0.029,237992000.0,166408000.0,133403000.0,0.209,0.204,0.209,535712000.0,474366500.0,535712000.0,2773131373.0,17.0,11.652,378380000.0,0.959,1.0,1311688000.0,0.157,0.0,33005000.0,724987000.0,1018214250.0,1060788000.0,0.0,0.0,0.0,1534659000.0,1050579000.0,484080000.0,2615042373.0,430319000.0,0.0,14869000.0,-12694000.0,0.0,2175000.0,-22299000.0,0.0,450443000.0,0.0,81938000.0,81938000.0,81938000.0,0.0,0.0,0.01,1145280000.0,166408000.0,762652000.0,0.0,4.881,31.915,31.664,332924000.0,0.0,6.618,0.314,0.313,95702000.0,265105000.0,8337762000.0,8337762000.0,0.0,0.041,0.173,0.163,0.02,0.0,1145280000.0,1.0,395154153.0,394686000,450564750.0,21.125,2070371000.0,0.0,51465000.0,24608000.0,5.246,666172000.0
23,BBY,MRY,1997-12-31,1997-03-01,1997-03-01,2021-08-31,0.0,1734307000.0,,1385035000.0,349272000.0,,1.128,-87593000.0,89808000.0,89808000.0,6711802000.0,-6177000.0,1.694,2.957,365526000.0,148901000.0,216625000.0,365526000.0,52812000.0,67312000.0,0.0,0.0,0.0,40215000.0,107527000.0,0.014,107527000.0,40215000.0,-10123000.0,-0.018,-0.018,-0.018,438315000.0,,438315000.0,,,,-74384000.0,-0.191,1.0,1045890000.0,0.135,0.0,50338000.0,1192446000.0,,1132059000.0,0.0,0.0,0.0,1295992000.0,817579000.0,478413000.0,,3363000.0,0.0,2740000.0,7848000.0,0.0,10588000.0,-20434000.0,0.0,13209000.0,0.0,-6177000.0,-6177000.0,-6177000.0,0.0,0.0,-0.001,1005675000.0,40215000.0,487802000.0,0.0,,,-57.099,331633000.0,0.0,1.028,,0.051,79581000.0,192686000.0,7757692000.0,7757692000.0,0.0,,,,0.005,0.0,1005675000.0,1.0,,388543500,388543500.0,19.966,1734307000.0,25560000.0,-3946000.0,3578000.0,4.464,567456000.0
24,BBY,MRY,1996-12-31,1996-03-02,1996-03-02,2021-08-31,,,,,,,,-166216000.0,,,6280877000.0,48019000.0,,,,,,,,54862000.0,,0.0,0.0,122583000.0,177445000.0,0.025,177445000.0,122583000.0,78989000.0,0.124,0.122,0.124,,,,,,,-66696000.0,-0.174,1.0,936571000.0,0.13,,43594000.0,,,,,,,,,,,-58255000.0,0.0,3133000.0,-2404000.0,0.0,729000.0,-158504000.0,0.0,99520000.0,0.0,48019000.0,48019000.0,48019000.0,0.0,0.0,0.007,813988000.0,122583000.0,,0.0,,,15.009,,0.0,1.861,,0.099,,,7217448000.0,7217448000.0,0.0,,,,0.017,0.0,813988000.0,1.0,,383580000,391347000.0,18.816,,,30970000.0,,,
0,BBY,MRQ,2021-06-30,2021-07-31,2021-07-31,2021-08-31,335000000.0,18579000000.0,,12040000000.0,6539000000.0,,17.326,-162000000.0,4340000000.0,4340000000.0,9039000000.0,734000000.0,1.162,3.286,4100000000.0,767000000.0,3333000000.0,4100000000.0,854000000.0,214000000.0,0.0,0.022,0.7,804000000.0,1018000000.0,0.086,1018000000.0,804000000.0,798000000.0,2.93,2.9,2.93,4335000000.0,,4335000000.0,27853640764.0,9.0,6.877,597000000.0,2.386,1.0,2810000000.0,0.237,986000000.0,6000000.0,6996000000.0,,6417000000.0,0.0,0.0,0.0,14244000000.0,10357000000.0,3887000000.0,28140640764.0,81000000.0,0.0,-374000000.0,-10000000.0,-175000000.0,-573000000.0,-105000000.0,57000000.0,759000000.0,0.0,734000000.0,734000000.0,734000000.0,0.0,0.0,0.062,2013000000.0,797000000.0,6946000000.0,0.239,6.491,11.096,11.326,4896000000.0,0.0,112.35,0.538,0.538,883000000.0,3975000000.0,11849000000.0,11849000000.0,0.0,,,,,34000000.0,2009000000.0,1.0,250472993.0,250200000,252800000.0,47.358,17593000000.0,0.0,64000000.0,0.0,70.316,1683000000.0
1,BBY,MRQ,2021-03-31,2021-05-01,2021-05-01,2021-08-31,338000000.0,17705000000.0,,11268000000.0,6437000000.0,,16.428,-161000000.0,4278000000.0,4278000000.0,8922000000.0,595000000.0,1.169,3.258,3991000000.0,779000000.0,3212000000.0,3991000000.0,734000000.0,216000000.0,0.0,0.02,0.7,773000000.0,989000000.0,0.085,989000000.0,773000000.0,767000000.0,2.35,2.32,2.35,4158000000.0,,4158000000.0,27660717733.0,9.0,7.251,-56000000.0,-0.221,1.0,2715000000.0,0.233,986000000.0,6000000.0,6791000000.0,,5721000000.0,60000000.0,60000000.0,0.0,13547000000.0,9641000000.0,3906000000.0,29072717733.0,-1232000000.0,0.0,-927000000.0,0.0,-175000000.0,-1089000000.0,-253000000.0,-90000000.0,105000000.0,5000000.0,595000000.0,595000000.0,595000000.0,0.0,0.0,0.051,1946000000.0,769000000.0,6360000000.0,0.298,6.992,13.014,13.426,4796000000.0,0.0,116.27,0.578,0.585,850000000.0,3762000000.0,11637000000.0,11637000000.0,0.0,,,,,37000000.0,1988000000.0,1.0,250044876.0,253100000,256700000.0,45.978,16719000000.0,0.0,172000000.0,0.0,66.057,1627000000.0
2,BBY,MRQ,2020-12-31,2021-01-30,2021-01-30,2021-08-31,328000000.0,19067000000.0,,12540000000.0,6527000000.0,,17.608,-179000000.0,5494000000.0,5494000000.0,13394000000.0,816000000.0,1.192,3.157,4082000000.0,817000000.0,3265000000.0,4082000000.0,711000000.0,211000000.0,0.0,0.02,0.55,1052000000.0,1263000000.0,0.075,1263000000.0,1052000000.0,1043000000.0,3.14,3.1,3.14,4587000000.0,,4587000000.0,27770378795.0,11.0,8.498,841000000.0,3.228,1.0,3543000000.0,0.209,986000000.0,9000000.0,6148000000.0,,5612000000.0,0.0,0.0,0.0,14480000000.0,10521000000.0,3959000000.0,28178378795.0,354000000.0,0.0,-250000000.0,-655000000.0,-142000000.0,-1046000000.0,365000000.0,546000000.0,1020000000.0,15000000.0,816000000.0,816000000.0,816000000.0,0.0,0.0,0.048,2510000000.0,1033000000.0,6979000000.0,0.175,6.143,15.672,15.703,4872000000.0,0.0,108.82,0.596,0.598,1061000000.0,4233000000.0,16937000000.0,16937000000.0,0.0,,,,,28000000.0,2368000000.0,1.0,258944852.0,260500000,264500000.0,65.017,18081000000.0,0.0,227000000.0,0.0,69.409,2019000000.0
3,BBY,MRQ,2020-09-30,2020-10-31,2020-10-31,2021-08-31,268000000.0,21202000000.0,,14551000000.0,6651000000.0,,15.727,-194000000.0,5136000000.0,5136000000.0,9058000000.0,391000000.0,1.124,4.189,4728000000.0,1355000000.0,3373000000.0,4728000000.0,788000000.0,214000000.0,0.0,0.019,0.55,566000000.0,780000000.0,0.066,780000000.0,566000000.0,555000000.0,1.5,1.48,1.5,4086000000.0,,4086000000.0,27760725552.0,12.0,8.7,-75000000.0,-0.289,1.0,2795000000.0,0.236,986000000.0,11000000.0,6863000000.0,,7459000000.0,545000000.0,545000000.0,0.0,17116000000.0,12945000000.0,4171000000.0,28872725552.0,-151000000.0,0.0,6000000.0,638000000.0,-142000000.0,502000000.0,-770000000.0,-574000000.0,119000000.0,-2000000.0,391000000.0,391000000.0,391000000.0,0.0,0.0,0.033,2234000000.0,561000000.0,9110000000.0,0.367,7.066,16.718,16.876,4957000000.0,0.0,111.55,0.634,0.637,1028000000.0,3659000000.0,11853000000.0,11853000000.0,0.0,,,,,42000000.0,2123000000.0,1.0,258832143.0,259800000,263700000.0,45.624,20216000000.0,0.0,164000000.0,0.0,77.814,1606000000.0
4,BBY,MRQ,2020-06-30,2020-08-01,2020-08-01,2021-08-31,256000000.0,17412000000.0,,10683000000.0,6729000000.0,,14.559,-162000000.0,5305000000.0,5305000000.0,7640000000.0,432000000.0,1.06,3.609,4193000000.0,1355000000.0,2838000000.0,4193000000.0,699000000.0,207000000.0,0.0,0.021,0.55,576000000.0,783000000.0,0.079,783000000.0,576000000.0,561000000.0,1.67,1.65,1.67,3778000000.0,,3778000000.0,27108997792.0,12.0,8.971,2799000000.0,10.786,1.0,2270000000.0,0.229,986000000.0,15000000.0,5234000000.0,,4136000000.0,0.0,0.0,0.0,13634000000.0,10080000000.0,3554000000.0,25724997792.0,1388000000.0,0.0,22000000.0,-1257000000.0,-143000000.0,-1381000000.0,-204000000.0,-41000000.0,2961000000.0,12000000.0,432000000.0,432000000.0,432000000.0,0.0,0.0,0.044,1702000000.0,568000000.0,6613000000.0,0.329,6.809,15.792,16.011,5047000000.0,0.0,99.59,0.592,0.595,906000000.0,3413000000.0,9910000000.0,9910000000.0,0.0,,,,,50000000.0,1702000000.0,1.0,258309045.0,259500000,262100000.0,38.189,16426000000.0,0.0,129000000.0,0.0,63.299,603000000.0
5,BBY,MRQ,2020-03-31,2020-05-02,2020-05-02,2021-08-31,243000000.0,15605000000.0,,8996000000.0,6609000000.0,,13.202,-178000000.0,3919000000.0,3919000000.0,6597000000.0,159000000.0,1.022,3.576,5303000000.0,2606000000.0,2697000000.0,5303000000.0,531000000.0,207000000.0,0.0,0.028,0.55,235000000.0,442000000.0,0.052,442000000.0,235000000.0,218000000.0,0.61,0.61,0.61,3410000000.0,,3410000000.0,20408740357.0,10.0,7.386,649000000.0,2.513,1.0,1965000000.0,0.23,986000000.0,17000000.0,7199000000.0,,3993000000.0,0.0,0.0,0.0,12195000000.0,8804000000.0,3391000000.0,18568740357.0,1679000000.0,0.0,-62000000.0,1250000000.0,-141000000.0,1049000000.0,-179000000.0,-5000000.0,827000000.0,-18000000.0,159000000.0,159000000.0,159000000.0,0.0,0.0,0.019,1736000000.0,229000000.0,4428000000.0,0.902,5.445,12.94,13.283,4922000000.0,0.0,72.26,0.431,0.433,749000000.0,3126000000.0,8562000000.0,8562000000.0,0.0,,,,,15000000.0,1735000000.0,1.0,256971220.0,258300000,260400000.0,33.148,14619000000.0,0.0,59000000.0,0.0,56.597,192000000.0
6,BBY,MRQ,2019-12-31,2020-02-01,2020-02-01,2021-08-31,295000000.0,15591000000.0,,8857000000.0,6734000000.0,,13.299,-157000000.0,2229000000.0,2229000000.0,11961000000.0,745000000.0,1.099,3.481,4069000000.0,674000000.0,3395000000.0,4069000000.0,501000000.0,205000000.0,0.0,0.024,0.5,981000000.0,1186000000.0,0.078,1186000000.0,981000000.0,967000000.0,2.83,2.79,2.83,3479000000.0,,3479000000.0,24807861986.0,12.0,8.647,1471000000.0,5.623,1.0,3235000000.0,0.213,984000000.0,14000000.0,8387000000.0,,5174000000.0,0.0,0.0,0.0,12112000000.0,8060000000.0,4052000000.0,21915861986.0,1023000000.0,0.0,-304000000.0,-4000000.0,-129000000.0,-438000000.0,-168000000.0,-11000000.0,1628000000.0,1000000.0,745000000.0,745000000.0,745000000.0,0.0,0.0,0.049,2268000000.0,967000000.0,5288000000.0,0.177,6.299,14.222,14.552,5037000000.0,0.0,84.69,0.502,0.514,1149000000.0,3158000000.0,15196000000.0,15196000000.0,0.0,,,,,34000000.0,2268000000.0,1.0,258777447.0,261600000,265100000.0,58.089,14607000000.0,0.0,222000000.0,0.0,55.837,797000000.0
7,BBY,MRQ,2019-09-30,2019-11-02,2019-11-02,2021-08-31,290000000.0,16926000000.0,,10175000000.0,6751000000.0,,11.873,-201000000.0,1205000000.0,1205000000.0,7403000000.0,293000000.0,1.046,4.416,4097000000.0,658000000.0,3439000000.0,4097000000.0,445000000.0,206000000.0,0.0,0.027,0.5,405000000.0,611000000.0,0.063,611000000.0,405000000.0,389000000.0,1.11,1.1,1.11,3125000000.0,,3125000000.0,22064761973.0,11.0,7.622,111000000.0,0.422,1.0,2361000000.0,0.242,982000000.0,16000000.0,9110000000.0,,7569000000.0,0.0,0.0,0.0,13801000000.0,9726000000.0,4075000000.0,19219761973.0,-72000000.0,-20000000.0,-350000000.0,-3000000.0,-131000000.0,-484000000.0,101000000.0,322000000.0,312000000.0,-1000000.0,293000000.0,293000000.0,293000000.0,0.0,0.0,0.03,1966000000.0,395000000.0,7232000000.0,0.45,6.15,12.554,12.861,5110000000.0,0.0,72.92,0.444,0.444,1056000000.0,2809000000.0,9764000000.0,9764000000.0,0.0,,,,,35000000.0,1973000000.0,1.0,263573258.0,263200000,265200000.0,37.097,15944000000.0,0.0,96000000.0,0.0,60.578,449000000.0
8,BBY,MRQ,2019-06-30,2019-08-03,2019-08-03,2021-08-31,294000000.0,14978000000.0,,8192000000.0,6786000000.0,,12.299,-192000000.0,1289000000.0,1289000000.0,7253000000.0,238000000.0,1.081,3.56,4134000000.0,657000000.0,3477000000.0,4134000000.0,468000000.0,201000000.0,0.0,0.028,0.5,323000000.0,524000000.0,0.055,524000000.0,323000000.0,307000000.0,0.89,0.89,0.89,3285000000.0,,3285000000.0,20758466521.0,10.0,7.359,431000000.0,1.614,1.0,2283000000.0,0.239,965000000.0,16000000.0,9282000000.0,,5208000000.0,320000000.0,320000000.0,0.0,11693000000.0,7576000000.0,4117000000.0,18300466521.0,-363000000.0,-125000000.0,-203000000.0,-8000000.0,-133000000.0,-350000000.0,-636000000.0,-319000000.0,623000000.0,0.0,238000000.0,238000000.0,238000000.0,0.0,0.0,0.025,1970000000.0,313000000.0,5045000000.0,0.562,5.571,12.08,12.303,5135000000.0,0.0,68.53,0.425,0.425,966000000.0,2965000000.0,9536000000.0,9536000000.0,0.0,,,,,38000000.0,1922000000.0,1.0,267043142.0,267100000,269400000.0,35.702,14013000000.0,0.0,69000000.0,0.0,52.463,616000000.0
9,BBY,MRQ,2019-03-31,2019-05-04,2019-05-04,2021-08-31,289000000.0,14550000000.0,,8014000000.0,6536000000.0,,12.534,-193000000.0,1561000000.0,1561000000.0,6973000000.0,265000000.0,1.118,3.338,4019000000.0,653000000.0,3366000000.0,4019000000.0,409000000.0,200000000.0,0.0,0.025,0.5,348000000.0,548000000.0,0.06,548000000.0,348000000.0,330000000.0,0.99,0.98,0.99,3354000000.0,,3354000000.0,19501363232.0,10.0,6.898,-191000000.0,-0.714,1.0,2169000000.0,0.237,915000000.0,18000000.0,8922000000.0,,5195000000.0,0.0,0.0,0.0,11196000000.0,7171000000.0,4025000000.0,20093363232.0,-417000000.0,0.0,-98000000.0,0.0,-134000000.0,-226000000.0,-192000000.0,0.0,2000000.0,-1000000.0,265000000.0,265000000.0,265000000.0,0.0,0.0,0.029,1835000000.0,334000000.0,4718000000.0,0.505,5.991,13.211,13.495,5042000000.0,0.0,75.03,0.468,0.468,833000000.0,3038000000.0,9142000000.0,9142000000.0,0.0,,,,,36000000.0,1835000000.0,1.0,267804388.0,267600000,271500000.0,34.163,13635000000.0,0.0,65000000.0,0.0,50.953,843000000.0
10,BBY,MRQ,2018-12-31,2019-02-02,2019-02-02,2021-08-31,294000000.0,12901000000.0,,8870000000.0,4031000000.0,,12.254,-200000000.0,1980000000.0,1980000000.0,11518000000.0,735000000.0,1.181,2.902,1388000000.0,56000000.0,1332000000.0,1388000000.0,446000000.0,220000000.0,0.0,0.031,0.45,992000000.0,1212000000.0,0.082,1212000000.0,992000000.0,972000000.0,2.68,2.63,2.68,3306000000.0,,3306000000.0,15832368739.0,8.0,5.797,1101000000.0,4.081,1.0,3283000000.0,0.222,915000000.0,20000000.0,3881000000.0,,5409000000.0,0.0,0.0,0.0,9595000000.0,7513000000.0,2082000000.0,15734368739.0,745000000.0,5000000.0,-360000000.0,-11000000.0,-121000000.0,-492000000.0,-66000000.0,128000000.0,1301000000.0,2000000.0,735000000.0,735000000.0,735000000.0,0.0,0.0,0.05,2305000000.0,978000000.0,5257000000.0,0.168,4.759,10.748,11.032,2510000000.0,0.0,58.47,0.367,0.377,1015000000.0,2985000000.0,14801000000.0,14801000000.0,0.0,,,,,31000000.0,2306000000.0,1.0,269101569.0,269800000,274200000.0,54.859,11986000000.0,0.0,237000000.0,0.0,44.426,1357000000.0
11,BBY,MRQ,2018-09-30,2018-11-03,2018-11-03,2021-08-31,300000000.0,15000000000.0,,10901000000.0,4099000000.0,,10.981,-244000000.0,1228000000.0,1228000000.0,7266000000.0,277000000.0,1.097,3.98,1326000000.0,46000000.0,1280000000.0,1326000000.0,449000000.0,192000000.0,0.0,0.024,0.45,345000000.0,537000000.0,0.056,537000000.0,345000000.0,330000000.0,1.01,0.99,1.01,3012000000.0,,3012000000.0,18720942629.0,10.0,7.22,-245000000.0,-0.893,1.0,2324000000.0,0.242,921000000.0,15000000.0,4244000000.0,,8168000000.0,76000000.0,76000000.0,0.0,11988000000.0,9933000000.0,2055000000.0,19737942629.0,-629000000.0,-792000000.0,-362000000.0,486000000.0,-123000000.0,-2000000.0,-626000000.0,405000000.0,-1000000.0,0.0,277000000.0,277000000.0,277000000.0,0.0,0.0,0.029,2002000000.0,322000000.0,7964000000.0,0.446,6.553,18.059,18.576,2525000000.0,0.0,71.89,0.454,0.454,921000000.0,2685000000.0,9590000000.0,9590000000.0,0.0,,,,,29000000.0,2002000000.0,1.0,274557555.0,274300000,279300000.0,34.962,14079000000.0,0.0,53000000.0,0.0,51.327,968000000.0
12,BBY,MRQ,2018-06-30,2018-08-04,2018-08-04,2021-08-31,296000000.0,11993000000.0,,8771000000.0,3222000000.0,,11.419,-194000000.0,1865000000.0,1865000000.0,7150000000.0,244000000.0,1.213,2.764,848000000.0,47000000.0,801000000.0,848000000.0,438000000.0,182000000.0,0.0,0.021,0.45,348000000.0,530000000.0,0.057,530000000.0,348000000.0,329000000.0,0.88,0.86,0.88,3186000000.0,,3186000000.0,20750137121.0,11.0,8.012,710000000.0,2.545,1.0,2229000000.0,0.238,425000000.0,19000000.0,3322000000.0,,5016000000.0,465000000.0,465000000.0,0.0,8807000000.0,7229000000.0,1578000000.0,21256137121.0,19000000.0,0.0,-369000000.0,-512000000.0,-125000000.0,-1008000000.0,127000000.0,320000000.0,904000000.0,-4000000.0,244000000.0,244000000.0,244000000.0,0.0,0.0,0.026,1894000000.0,335000000.0,5338000000.0,0.511,6.672,20.148,20.787,2432000000.0,0.0,76.08,0.492,0.492,915000000.0,2863000000.0,9379000000.0,9379000000.0,0.0,,,,,31000000.0,1877000000.0,1.0,279391918.0,279000000,283700000.0,33.616,11568000000.0,0.0,85000000.0,0.0,41.462,1542000000.0
13,BBY,MRQ,2018-03-31,2018-05-05,2018-05-05,2021-08-31,310000000.0,12082000000.0,,8930000000.0,3152000000.0,,12.102,-181000000.0,1848000000.0,1848000000.0,6984000000.0,208000000.0,1.266,2.533,1342000000.0,550000000.0,792000000.0,1342000000.0,371000000.0,176000000.0,0.0,0.019,0.45,276000000.0,452000000.0,0.05,452000000.0,276000000.0,257000000.0,0.74,0.72,0.74,3420000000.0,,3420000000.0,21802430058.0,12.0,8.53,23000000.0,0.081,1.0,2125000000.0,0.233,425000000.0,19000000.0,4096000000.0,,4964000000.0,785000000.0,785000000.0,0.0,8662000000.0,7055000000.0,1607000000.0,21548430058.0,749000000.0,0.0,-376000000.0,-11000000.0,-128000000.0,-516000000.0,1073000000.0,1245000000.0,204000000.0,-12000000.0,208000000.0,208000000.0,208000000.0,0.0,0.0,0.023,1860000000.0,265000000.0,4619000000.0,0.608,6.301,21.126,21.965,2385000000.0,0.0,76.22,0.504,0.504,860000000.0,3082000000.0,9109000000.0,9109000000.0,0.0,,,,,32000000.0,1830000000.0,1.0,282713593.0,282600000,288300000.0,32.233,11657000000.0,0.0,49000000.0,0.0,41.249,1875000000.0
14,BBY,MRQ,2017-12-31,2018-02-03,2018-02-03,2021-08-31,314000000.0,13049000000.0,,9829000000.0,3220000000.0,,12.485,-199000000.0,1101000000.0,1101000000.0,11942000000.0,364000000.0,1.257,2.613,1355000000.0,544000000.0,811000000.0,1355000000.0,453000000.0,183000000.0,0.0,0.019,0.34,891000000.0,1074000000.0,0.07,1074000000.0,891000000.0,873000000.0,1.24,1.21,1.24,3612000000.0,,3612000000.0,21051339646.0,11.0,8.172,739000000.0,2.554,1.0,3421000000.0,0.223,425000000.0,18000000.0,5061000000.0,,5209000000.0,2032000000.0,2032000000.0,0.0,9437000000.0,7817000000.0,1620000000.0,20825339646.0,0.0,0.0,-848000000.0,-15000000.0,-99000000.0,-962000000.0,14000000.0,222000000.0,938000000.0,10000000.0,364000000.0,364000000.0,364000000.0,0.0,0.0,0.024,2549000000.0,872000000.0,4873000000.0,0.274,5.766,20.825,21.393,2421000000.0,0.0,71.24,0.494,0.508,1049000000.0,3270000000.0,15363000000.0,15363000000.0,0.0,,,,,32000000.0,2539000000.0,1.0,292326497.0,289300000,296600000.0,53.104,12624000000.0,0.0,509000000.0,0.0,43.636,2012000000.0
15,BBY,MRQ,2017-09-30,2017-10-28,2017-10-28,2021-08-31,304000000.0,14785000000.0,,11405000000.0,3380000000.0,,13.882,-193000000.0,1103000000.0,1103000000.0,7040000000.0,239000000.0,1.246,2.561,1329000000.0,545000000.0,784000000.0,1329000000.0,426000000.0,171000000.0,0.0,0.024,0.34,363000000.0,534000000.0,0.057,534000000.0,363000000.0,343000000.0,0.8,0.78,0.8,4152000000.0,,4152000000.0,16503988374.0,9.0,6.457,318000000.0,1.063,1.0,2280000000.0,0.245,425000000.0,20000000.0,5434000000.0,,6663000000.0,2237000000.0,2237000000.0,0.0,10633000000.0,9152000000.0,1481000000.0,16514988374.0,-261000000.0,0.0,-347000000.0,-12000000.0,-102000000.0,-461000000.0,-308000000.0,-114000000.0,511000000.0,-3000000.0,239000000.0,239000000.0,239000000.0,-1000000.0,0.0,0.026,1930000000.0,350000000.0,6587000000.0,0.425,3.978,13.286,13.731,2352000000.0,0.0,55.2,0.41,0.41,971000000.0,3818000000.0,9320000000.0,9320000000.0,0.0,,,,,30000000.0,1932000000.0,1.0,299184572.0,299100000,305400000.0,31.16,14360000000.0,0.0,104000000.0,0.0,48.011,2253000000.0
16,BBY,MRQ,2017-06-30,2017-07-29,2017-07-29,2021-08-31,321000000.0,13444000000.0,,10078000000.0,3366000000.0,,14.295,-143000000.0,1365000000.0,1365000000.0,6787000000.0,209000000.0,1.418,2.093,1354000000.0,44000000.0,1310000000.0,1354000000.0,427000000.0,168000000.0,0.0,0.022,0.34,328000000.0,496000000.0,0.055,496000000.0,328000000.0,310000000.0,0.69,0.67,0.69,4347000000.0,,4347000000.0,17274031064.0,9.0,6.888,306000000.0,1.006,1.0,2153000000.0,0.241,425000000.0,18000000.0,5903000000.0,,5167000000.0,2125000000.0,2125000000.0,0.0,9097000000.0,7105000000.0,1992000000.0,17578031064.0,-273000000.0,0.0,-348000000.0,-9000000.0,-103000000.0,-461000000.0,-285000000.0,-144000000.0,449000000.0,24000000.0,209000000.0,209000000.0,209000000.0,0.0,0.0,0.023,1832000000.0,321000000.0,5072000000.0,0.493,4.044,14.673,15.05,2327000000.0,0.0,57.64,0.441,0.439,965000000.0,3996000000.0,8940000000.0,8940000000.0,0.0,,,,,36000000.0,1830000000.0,1.0,304962371.0,304100000,310800000.0,29.398,13019000000.0,0.0,101000000.0,83000000.0,42.812,2973000000.0
17,BBY,MRQ,2017-03-31,2017-04-29,2017-04-29,2021-08-31,266000000.0,12955000000.0,,9656000000.0,3299000000.0,,14.55,-153000000.0,1651000000.0,1651000000.0,6506000000.0,188000000.0,1.492,1.88,1347000000.0,45000000.0,1302000000.0,1347000000.0,371000000.0,161000000.0,0.0,0.023,0.34,311000000.0,472000000.0,0.055,472000000.0,311000000.0,292000000.0,0.61,0.6,0.61,4499000000.0,,4499000000.0,15140032620.0,8.0,6.08,90000000.0,0.291,1.0,2022000000.0,0.237,425000000.0,19000000.0,5756000000.0,,4637000000.0,1948000000.0,1948000000.0,0.0,8456000000.0,6470000000.0,1986000000.0,16015032620.0,-599000000.0,0.0,-298000000.0,-10000000.0,-105000000.0,-413000000.0,-423000000.0,-271000000.0,243000000.0,-6000000.0,188000000.0,188000000.0,188000000.0,0.0,0.0,0.022,1722000000.0,300000000.0,4599000000.0,0.557,3.56,13.492,13.779,2287000000.0,0.0,51.81,0.406,0.406,1011000000.0,4202000000.0,8528000000.0,8528000000.0,0.0,,,,,31000000.0,1722000000.0,1.0,309110840.0,309200000,315000000.0,27.581,12530000000.0,0.0,104000000.0,93000000.0,40.524,3186000000.0
18,BBY,MRQ,2016-12-31,2017-01-28,2017-01-28,2021-08-31,279000000.0,13856000000.0,,10516000000.0,3340000000.0,,15.026,-191000000.0,2240000000.0,2240000000.0,10452000000.0,607000000.0,1.477,1.942,1365000000.0,44000000.0,1321000000.0,1365000000.0,418000000.0,163000000.0,0.0,0.036,0.28,891000000.0,1054000000.0,0.078,1054000000.0,891000000.0,873000000.0,1.92,1.89,1.92,4709000000.0,,4709000000.0,13668024784.0,7.0,5.333,959000000.0,3.06,1.0,3030000000.0,0.225,425000000.0,18000000.0,5434000000.0,,4864000000.0,1681000000.0,1681000000.0,0.0,9147000000.0,7122000000.0,2025000000.0,13642024784.0,899000000.0,0.0,-121000000.0,-10000000.0,-88000000.0,-219000000.0,-29000000.0,108000000.0,1150000000.0,-3000000.0,607000000.0,607000000.0,607000000.0,0.0,0.0,0.045,2149000000.0,881000000.0,4984000000.0,0.146,2.897,11.109,11.262,2293000000.0,0.0,43.47,0.346,0.351,1347000000.0,4399000000.0,13482000000.0,13482000000.0,0.0,,,,,26000000.0,2140000000.0,1.0,313826197.0,313400000,319600000.0,43.019,13431000000.0,0.0,266000000.0,26000000.0,42.856,3394000000.0
19,BBY,MRQ,2016-09-30,2016-10-29,2016-10-29,2021-08-31,277000000.0,14542000000.0,,11021000000.0,3521000000.0,,13.476,-169000000.0,1341000000.0,1341000000.0,6742000000.0,194000000.0,1.35,2.413,1367000000.0,43000000.0,1324000000.0,1367000000.0,380000000.0,164000000.0,0.0,0.039,0.28,322000000.0,486000000.0,0.054,486000000.0,322000000.0,306000000.0,0.61,0.61,0.61,4261000000.0,,4261000000.0,11826901659.0,7.0,4.839,-59000000.0,-0.187,1.0,2203000000.0,0.246,425000000.0,16000000.0,5977000000.0,,6331000000.0,1777000000.0,1777000000.0,0.0,10281000000.0,8166000000.0,2115000000.0,12303901659.0,-516000000.0,0.0,-158000000.0,-10000000.0,-89000000.0,-257000000.0,-357000000.0,-188000000.0,110000000.0,-12000000.0,194000000.0,194000000.0,194000000.0,-2000000.0,0.0,0.022,1891000000.0,312000000.0,6233000000.0,0.459,2.888,11.185,11.646,2298000000.0,0.0,38.78,0.311,0.31,1174000000.0,3953000000.0,8945000000.0,8945000000.0,0.0,,,,,25000000.0,1890000000.0,1.0,317274411.0,316200000,320000000.0,28.289,14117000000.0,0.0,112000000.0,43000000.0,44.646,2855000000.0
20,BBY,MRQ,2016-06-30,2016-07-30,2016-07-30,2021-08-31,296000000.0,13254000000.0,,9694000000.0,3560000000.0,,13.463,-84000000.0,1861000000.0,1861000000.0,6471000000.0,198000000.0,1.426,2.069,1384000000.0,43000000.0,1341000000.0,1384000000.0,380000000.0,165000000.0,0.0,0.044,0.28,313000000.0,478000000.0,0.056,478000000.0,313000000.0,295000000.0,0.62,0.61,0.62,4319000000.0,,4319000000.0,10377492131.0,6.0,4.407,721000000.0,2.248,1.0,2062000000.0,0.242,425000000.0,18000000.0,5552000000.0,,4908000000.0,1590000000.0,1590000000.0,0.0,8935000000.0,6800000000.0,2135000000.0,10844492131.0,18000000.0,0.0,-217000000.0,-12000000.0,-90000000.0,-321000000.0,-451000000.0,-368000000.0,805000000.0,-15000000.0,198000000.0,198000000.0,198000000.0,0.0,0.0,0.023,1773000000.0,289000000.0,4800000000.0,0.452,2.511,10.518,10.909,2295000000.0,0.0,33.6,0.275,0.273,926000000.0,3991000000.0,8533000000.0,8533000000.0,0.0,,,,,26000000.0,1773000000.0,1.0,322752742.0,320800000,322900000.0,26.599,12829000000.0,0.0,97000000.0,96000000.0,39.991,2894000000.0
21,BBY,MRQ,2016-03-31,2016-04-30,2016-04-30,2021-08-31,316000000.0,12901000000.0,,9282000000.0,3619000000.0,,13.677,-136000000.0,1845000000.0,1845000000.0,6298000000.0,229000000.0,1.465,1.915,1378000000.0,44000000.0,1334000000.0,1378000000.0,349000000.0,162000000.0,0.0,0.044,0.73,383000000.0,545000000.0,0.065,545000000.0,383000000.0,363000000.0,0.71,0.7,0.71,4426000000.0,,4426000000.0,10130993606.0,6.0,4.344,356000000.0,1.1,1.0,2145000000.0,0.254,425000000.0,20000000.0,5675000000.0,,4719000000.0,1220000000.0,1220000000.0,0.0,8475000000.0,6334000000.0,2141000000.0,10372993606.0,-129000000.0,0.0,-31000000.0,-362000000.0,-238000000.0,-621000000.0,-40000000.0,92000000.0,492000000.0,40000000.0,229000000.0,229000000.0,229000000.0,0.0,0.0,0.027,1773000000.0,372000000.0,4397000000.0,1.028,2.344,10.404,10.949,2332000000.0,0.0,32.08,0.263,0.263,1097000000.0,4078000000.0,8443000000.0,8443000000.0,0.0,,,,,31000000.0,1744000000.0,1.0,323347681.0,323600000,326700000.0,26.091,12476000000.0,0.0,134000000.0,97000000.0,38.554,2948000000.0
22,BBY,MRQ,2015-12-31,2016-01-30,2016-01-30,2021-08-31,271000000.0,13519000000.0,,9886000000.0,3633000000.0,,12.903,-156000000.0,1976000000.0,1976000000.0,10672000000.0,479000000.0,1.428,2.088,1734000000.0,395000000.0,1339000000.0,1734000000.0,357000000.0,163000000.0,0.0,0.033,0.23,772000000.0,935000000.0,0.069,935000000.0,772000000.0,752000000.0,1.39,1.38,1.39,4378000000.0,,4378000000.0,9514162003.0,6.0,4.452,724000000.0,2.134,1.0,2951000000.0,0.217,425000000.0,20000000.0,5927000000.0,,5051000000.0,1305000000.0,1305000000.0,0.0,9141000000.0,6925000000.0,2216000000.0,9572162003.0,172000000.0,-153000000.0,-667000000.0,-10000000.0,-78000000.0,-775000000.0,92000000.0,328000000.0,880000000.0,-25000000.0,479000000.0,479000000.0,479000000.0,-2000000.0,0.0,0.035,2180000000.0,771000000.0,4450000000.0,0.165,2.186,10.671,10.784,2346000000.0,0.0,27.93,0.242,0.245,1162000000.0,4130000000.0,13623000000.0,13623000000.0,0.0,,,,,24000000.0,2167000000.0,1.0,342719728.0,339300000,342000000.0,40.15,13094000000.0,0.0,273000000.0,128000000.0,38.591,2961000000.0
23,BBY,MRQ,2015-09-30,2015-10-31,2015-10-31,2021-08-31,296000000.0,15169000000.0,,11468000000.0,3701000000.0,,13.49,-200000000.0,1697000000.0,1697000000.0,6707000000.0,125000000.0,1.366,2.262,1633000000.0,383000000.0,1250000000.0,1633000000.0,330000000.0,168000000.0,0.0,0.025,0.23,229000000.0,397000000.0,0.045,397000000.0,229000000.0,209000000.0,0.36,0.36,0.36,4650000000.0,,4650000000.0,11879347597.0,8.0,5.427,-45000000.0,-0.131,1.0,2112000000.0,0.239,443000000.0,20000000.0,6267000000.0,,6651000000.0,1650000000.0,1650000000.0,0.0,10519000000.0,8395000000.0,2124000000.0,12070347597.0,-103000000.0,10000000.0,-48000000.0,-5000000.0,-80000000.0,-121000000.0,-140000000.0,49000000.0,155000000.0,3000000.0,125000000.0,125000000.0,125000000.0,4000000.0,0.0,0.014,1882000000.0,230000000.0,6184000000.0,0.639,2.596,12.882,13.071,2329000000.0,0.0,35.03,0.301,0.301,1061000000.0,4135000000.0,8819000000.0,8819000000.0,0.0,,,,,25000000.0,1874000000.0,1.0,344571727.0,344700000,349000000.0,25.585,14726000000.0,0.0,84000000.0,23000000.0,42.721,3073000000.0
24,BBY,MRQ,2015-06-30,2015-08-01,2015-08-01,2021-08-31,298000000.0,13559000000.0,,9980000000.0,3579000000.0,,13.221,-169000000.0,1800000000.0,1800000000.0,6430000000.0,164000000.0,1.459,1.934,1602000000.0,382000000.0,1220000000.0,1602000000.0,316000000.0,163000000.0,0.0,0.026,0.23,292000000.0,455000000.0,0.053,455000000.0,292000000.0,272000000.0,0.47,0.46,0.47,4622000000.0,,4622000000.0,10824987214.0,7.0,5.016,149000000.0,0.426,1.0,2098000000.0,0.246,443000000.0,20000000.0,6080000000.0,,4995000000.0,1695000000.0,1695000000.0,0.0,8937000000.0,6838000000.0,2099000000.0,11390987214.0,-373000000.0,44000000.0,-318000000.0,-5000000.0,-80000000.0,-402000000.0,-264000000.0,-129000000.0,318000000.0,-25000000.0,164000000.0,164000000.0,164000000.0,0.0,0.0,0.019,1810000000.0,288000000.0,4680000000.0,0.489,2.465,12.395,12.324,2235000000.0,0.0,32.29,0.282,0.28,1025000000.0,4092000000.0,8528000000.0,8528000000.0,0.0,,,,,28000000.0,1811000000.0,1.0,352771360.0,349600000,353900000.0,24.394,13116000000.0,0.0,108000000.0,26000000.0,37.517,3142000000.0
25,BBY,MRQ,2015-03-31,2015-05-02,2015-05-02,2021-08-31,330000000.0,13712000000.0,,10129000000.0,3583000000.0,,13.814,-124000000.0,2173000000.0,2173000000.0,6528000000.0,129000000.0,1.507,1.817,1600000000.0,383000000.0,1217000000.0,1600000000.0,304000000.0,163000000.0,0.0,0.022,0.23,187000000.0,350000000.0,0.041,350000000.0,187000000.0,167000000.0,0.37,0.36,0.37,4868000000.0,,4868000000.0,11578890323.0,8.0,5.506,-134000000.0,-0.38,1.0,2030000000.0,0.237,443000000.0,20000000.0,5975000000.0,,4930000000.0,1566000000.0,1566000000.0,0.0,8844000000.0,6721000000.0,2123000000.0,12389890323.0,-453000000.0,48000000.0,25000000.0,-8000000.0,-261000000.0,-238000000.0,-214000000.0,-102000000.0,-10000000.0,9000000.0,129000000.0,129000000.0,129000000.0,-92000000.0,0.0,0.015,1944000000.0,86000000.0,4584000000.0,0.622,2.545,13.751,13.689,2244000000.0,0.0,35.18,0.308,0.308,995000000.0,4009000000.0,8558000000.0,8558000000.0,0.0,,,,,27000000.0,1766000000.0,1.0,352185626.0,352400000,357600000.0,24.285,13269000000.0,0.0,38000000.0,45000000.0,37.653,3408000000.0
26,BBY,MRQ,2014-12-31,2015-01-31,2015-01-31,2021-08-31,382000000.0,15245000000.0,,11472000000.0,3773000000.0,,14.231,-136000000.0,2432000000.0,2432000000.0,11183000000.0,520000000.0,1.475,2.051,1613000000.0,41000000.0,1572000000.0,1613000000.0,326000000.0,172000000.0,0.0,0.02,0.19,815000000.0,987000000.0,0.069,987000000.0,815000000.0,793000000.0,1.48,1.47,1.48,4995000000.0,,4995000000.0,12052751965.0,8.0,5.685,1025000000.0,2.92,1.0,3026000000.0,0.213,482000000.0,22000000.0,6167000000.0,,5174000000.0,1456000000.0,1456000000.0,0.0,10245000000.0,7777000000.0,2468000000.0,12346751965.0,697000000.0,1000000.0,23000000.0,-5000000.0,-66000000.0,-48000000.0,-370000000.0,-241000000.0,1161000000.0,-46000000.0,519000000.0,519000000.0,519000000.0,4000000.0,1000000.0,0.037,2216000000.0,810000000.0,5030000000.0,0.128,2.472,10.014,9.972,2295000000.0,0.0,35.2,0.306,0.305,1280000000.0,4141000000.0,14209000000.0,14209000000.0,0.0,,,,,24000000.0,2223000000.0,1.0,350759999.0,351000000,356900000.0,40.481,14763000000.0,0.0,274000000.0,230000000.0,42.06,3695000000.0
27,BBY,MRQ,2014-09-30,2014-11-01,2014-11-01,2021-08-31,468000000.0,15762000000.0,,12063000000.0,3699000000.0,,13.051,-167000000.0,1929000000.0,1929000000.0,6956000000.0,107000000.0,1.398,2.449,1635000000.0,44000000.0,1591000000.0,1635000000.0,449000000.0,165000000.0,0.0,0.021,0.19,201000000.0,366000000.0,0.041,366000000.0,201000000.0,179000000.0,0.3,0.3,0.3,4569000000.0,,4569000000.0,11429886758.0,10.0,6.535,120000000.0,0.343,1.0,2076000000.0,0.23,524000000.0,22000000.0,6318000000.0,,6900000000.0,1209000000.0,1209000000.0,0.0,11189000000.0,8626000000.0,2563000000.0,11935886758.0,-212000000.0,1000000.0,10000000.0,-7000000.0,-67000000.0,-61000000.0,-435000000.0,-268000000.0,287000000.0,-3000000.0,107000000.0,107000000.0,107000000.0,9000000.0,0.0,0.012,1871000000.0,205000000.0,6626000000.0,0.633,2.612,11.853,11.732,2524000000.0,0.0,34.14,0.308,0.308,1066000000.0,3689000000.0,9032000000.0,9032000000.0,0.0,,,,,23000000.0,1866000000.0,1.0,349615898.0,350100000,354000000.0,25.798,15238000000.0,0.0,72000000.0,33000000.0,43.525,3437000000.0
28,BBY,MRQ,2014-06-30,2014-08-02,2014-08-02,2021-08-31,494000000.0,14349000000.0,,10611000000.0,3738000000.0,,12.957,-147000000.0,2141000000.0,2141000000.0,6481000000.0,147000000.0,1.463,2.169,1635000000.0,43000000.0,1592000000.0,1635000000.0,442000000.0,158000000.0,0.0,0.023,0.17,242000000.0,400000000.0,0.047,400000000.0,242000000.0,219000000.0,0.42,0.42,0.42,4526000000.0,,4526000000.0,9438464485.0,9.0,5.696,32000000.0,0.092,1.0,1978000000.0,0.234,525000000.0,23000000.0,6067000000.0,,5583000000.0,939000000.0,939000000.0,0.0,9819000000.0,7251000000.0,2568000000.0,10359464485.0,-428000000.0,37000000.0,8000000.0,-6000000.0,-59000000.0,-61000000.0,-545000000.0,-443000000.0,179000000.0,-1000000.0,146000000.0,146000000.0,146000000.0,-10000000.0,1000000.0,0.017,1753000000.0,225000000.0,5244000000.0,0.405,2.289,10.859,10.722,2532000000.0,0.0,29.7,0.265,0.265,1005000000.0,3649000000.0,8459000000.0,8459000000.0,0.0,,,,,17000000.0,1748000000.0,1.0,348803518.0,349300000,352200000.0,24.217,13824000000.0,0.0,73000000.0,68000000.0,39.576,3360000000.0
29,BBY,MRQ,2014-03-31,2014-05-03,2014-05-03,2021-08-31,494000000.0,13911000000.0,,10118000000.0,3793000000.0,,12.726,-111000000.0,2569000000.0,2569000000.0,6672000000.0,461000000.0,1.471,2.146,1648000000.0,44000000.0,1604000000.0,1648000000.0,394000000.0,161000000.0,0.0,0.026,0.17,206000000.0,367000000.0,0.042,367000000.0,206000000.0,183000000.0,1.33,1.31,1.33,4421000000.0,,4421000000.0,8054190637.0,7.0,4.255,197000000.0,0.567,1.0,1967000000.0,0.228,525000000.0,23000000.0,5585000000.0,,5255000000.0,497000000.0,497000000.0,0.0,9487000000.0,6880000000.0,2607000000.0,9075190637.0,-109000000.0,0.0,9000000.0,-6000000.0,-59000000.0,-53000000.0,-362000000.0,-272000000.0,308000000.0,-2000000.0,461000000.0,461000000.0,461000000.0,8000000.0,0.0,0.053,1757000000.0,210000000.0,4952000000.0,0.128,2.053,8.45,8.355,2525000000.0,0.0,26.15,0.227,0.228,871000000.0,3562000000.0,8639000000.0,8639000000.0,0.0,,,,,23000000.0,1755000000.0,1.0,347043619.0,347400000,350400000.0,24.868,13386000000.0,0.0,-278000000.0,47000000.0,38.532,3238000000.0
30,BBY,MRQ,2013-12-31,2014-02-01,2014-02-01,2021-08-31,492000000.0,14013000000.0,,10485000000.0,3528000000.0,,11.51,-125000000.0,2678000000.0,2678000000.0,10045000000.0,294000000.0,1.41,2.515,1657000000.0,45000000.0,1612000000.0,1657000000.0,399000000.0,164000000.0,0.0,0.029,0.17,452000000.0,616000000.0,0.049,616000000.0,452000000.0,429000000.0,0.86,0.84,0.86,3986000000.0,,3986000000.0,7644019963.0,7.0,4.442,645000000.0,1.863,1.0,2626000000.0,0.207,526000000.0,23000000.0,5030000000.0,,5376000000.0,223000000.0,223000000.0,0.0,10024000000.0,7436000000.0,2588000000.0,8145019963.0,508000000.0,139000000.0,24000000.0,-6000000.0,-59000000.0,-40000000.0,-202000000.0,-224000000.0,770000000.0,-20000000.0,293000000.0,293000000.0,293000000.0,23000000.0,1000000.0,0.023,2153000000.0,473000000.0,5122000000.0,0.198,2.043,15.31,15.09,2598000000.0,0.0,23.54,0.201,0.198,1308000000.0,3159000000.0,12671000000.0,12671000000.0,0.0,,,,,20000000.0,2048000000.0,1.0,346007645.0,346300000,354500000.0,36.59,13487000000.0,0.0,136000000.0,147000000.0,38.946,3049000000.0
31,BBY,MRQ,2013-09-30,2013-11-02,2013-11-02,2021-08-31,528000000.0,15068000000.0,,11234000000.0,3834000000.0,,10.916,-121000000.0,2170000000.0,2170000000.0,7170000000.0,54000000.0,1.296,3.026,1669000000.0,45000000.0,1624000000.0,1669000000.0,418000000.0,162000000.0,0.0,0.016,0.17,112000000.0,274000000.0,0.029,274000000.0,112000000.0,88000000.0,0.16,0.16,0.16,3742000000.0,,3742000000.0,14429042717.0,96.0,17.49,184000000.0,0.537,1.0,2157000000.0,0.231,703000000.0,24000000.0,5199000000.0,,6978000000.0,0.0,0.0,0.0,11324000000.0,8665000000.0,2659000000.0,14661042717.0,260000000.0,0.0,125000000.0,-6000000.0,-58000000.0,67000000.0,-112000000.0,11000000.0,305000000.0,0.0,54000000.0,54000000.0,54000000.0,-10000000.0,0.0,0.006,2067000000.0,90000000.0,6578000000.0,1.062,3.918,-40.5,-40.121,2726000000.0,0.0,42.93,0.395,0.397,1123000000.0,2926000000.0,9327000000.0,9327000000.0,0.0,,,,,25000000.0,2036000000.0,1.0,341510429.0,342800000,348900000.0,27.208,14365000000.0,0.0,34000000.0,91000000.0,41.905,2569000000.0
32,BBY,MRQ,2013-06-30,2013-08-03,2013-08-03,2021-08-31,529000000.0,13284000000.0,,9414000000.0,3870000000.0,,10.582,-127000000.0,1910000000.0,1910000000.0,6808000000.0,248000000.0,1.339,2.687,1678000000.0,44000000.0,1634000000.0,1678000000.0,409000000.0,175000000.0,0.0,0.022,0.17,461000000.0,636000000.0,0.069,636000000.0,461000000.0,435000000.0,0.78,0.77,0.78,3602000000.0,,3602000000.0,11415198298.0,228.0,14.748,-103000000.0,-0.303,1.0,2458000000.0,0.265,705000000.0,26000000.0,5319000000.0,,5437000000.0,0.0,0.0,0.0,9679000000.0,7028000000.0,2651000000.0,10637198298.0,839000000.0,41000000.0,13000000.0,985000000.0,-58000000.0,933000000.0,-87000000.0,22000000.0,24000000.0,-31000000.0,266000000.0,266000000.0,266000000.0,-11000000.0,-18000000.0,0.029,2045000000.0,413000000.0,4968000000.0,0.218,2.953,-24.97,-24.841,2744000000.0,0.0,31.3,0.286,0.287,1188000000.0,2930000000.0,9266000000.0,9266000000.0,0.0,,,,,23000000.0,2038000000.0,1.0,339846591.0,340400000,344400000.0,27.221,12579000000.0,0.0,169000000.0,130000000.0,36.954,2386000000.0
33,BBY,MRQ,2013-03-31,2013-05-04,2013-05-04,2021-08-31,82000000.0,14331000000.0,,10006000000.0,4325000000.0,,8.602,-174000000.0,908000000.0,908000000.0,7189000000.0,-73000000.0,1.169,3.698,1686000000.0,544000000.0,1142000000.0,1686000000.0,395000000.0,200000000.0,0.0,0.025,0.17,-5000000.0,195000000.0,0.021,195000000.0,-5000000.0,-32000000.0,-0.24,-0.24,-0.24,2916000000.0,,2916000000.0,9454200025.0,-28.0,22.141,-179000000.0,-0.528,1.0,2158000000.0,0.231,708000000.0,27000000.0,5840000000.0,,5461000000.0,0.0,0.0,0.0,10783000000.0,8561000000.0,2222000000.0,8984200025.0,-755000000.0,26000000.0,9000000.0,-592000000.0,-58000000.0,-641000000.0,-116000000.0,11000000.0,-5000000.0,7000000.0,-81000000.0,-81000000.0,-81000000.0,170000000.0,8000000.0,-0.009,1990000000.0,168000000.0,4776000000.0,-0.708,3.081,-13.212,-13.26,2830000000.0,0.0,26.52,0.241,0.242,937000000.0,2723000000.0,9347000000.0,9347000000.0,0.0,,,,,22000000.0,1984000000.0,1.0,338770740.0,339000000,341000000.0,27.572,13623000000.0,0.0,49000000.0,8000000.0,40.186,1445000000.0
34,BBY,MRQ,2012-12-31,2013-02-02,2013-02-02,2021-08-31,112000000.0,16787000000.0,,12047000000.0,4740000000.0,,9.125,-183000000.0,1826000000.0,1826000000.0,7209000000.0,-566000000.0,1.114,4.27,2296000000.0,1143000000.0,1153000000.0,2296000000.0,451000000.0,137000000.0,0.0,0.041,0.17,-417000000.0,-280000000.0,-0.031,-280000000.0,-417000000.0,-435000000.0,-1.77,-1.77,-1.77,3061000000.0,,3061000000.0,7149595280.0,-91.0,9.999,1392000000.0,4.15,1.0,1950000000.0,0.213,862000000.0,18000000.0,5585000000.0,,6571000000.0,0.0,0.0,0.0,13072000000.0,10810000000.0,2262000000.0,5446595280.0,1591000000.0,-2000000.0,132000000.0,327000000.0,-58000000.0,396000000.0,-126000000.0,1000000.0,1575000000.0,-52000000.0,-601000000.0,-601000000.0,-601000000.0,116000000.0,35000000.0,-0.066,2214000000.0,-264000000.0,6951000000.0,-0.096,1.779,-12.351,-12.392,3270000000.0,0.0,16.11,0.142,0.143,2704000000.0,2861000000.0,9159000000.0,9159000000.0,0.0,,,,,12000000.0,1438000000.0,1.0,338087851.0,335450000,330500000.0,27.304,15925000000.0,0.0,166000000.0,129000000.0,47.474,1237000000.0
35,BBY,MRQ,2012-09-30,2012-11-03,2012-11-03,2021-08-31,105000000.0,17556000000.0,,11846000000.0,5710000000.0,,10.4,-206000000.0,309000000.0,309000000.0,7153000000.0,1000000.0,1.063,3.829,2012000000.0,854000000.0,1158000000.0,2012000000.0,0.0,212000000.0,0.0,0.044,0.17,11000000.0,223000000.0,0.024,223000000.0,11000000.0,-16000000.0,-0.03,-0.03,-0.03,3507000000.0,,3507000000.0,6491645208.0,-7.0,927.378,-105000000.0,-0.311,1.0,2228000000.0,0.238,1688000000.0,27000000.0,6423000000.0,,8156000000.0,91000000.0,0.0,91000000.0,13428000000.0,11148000000.0,2280000000.0,4945645208.0,-371000000.0,1000000.0,11000000.0,-223000000.0,-57000000.0,-273000000.0,-217000000.0,2000000.0,101000000.0,18000000.0,-10000000.0,-10000000.0,-10000000.0,-10000000.0,11000000.0,-0.001,2226000000.0,2000000.0,7933000000.0,-5.667,1.41,-3.216,-3.548,3407000000.0,0.0,14.69,0.123,0.123,2250000000.0,3328000000.0,9381000000.0,9381000000.0,0.0,,,,,31000000.0,2192000000.0,1.0,336667475.0,337200000,337200000.0,27.82,15868000000.0,0.0,-6000000.0,9000000.0,47.058,698000000.0
36,BBY,MRQ,2012-06-30,2012-08-04,2012-08-04,2021-08-31,86000000.0,15849000000.0,,10184000000.0,5665000000.0,,10.393,-175000000.0,680000000.0,680000000.0,7078000000.0,-7000000.0,1.078,3.339,2226000000.0,1061000000.0,1165000000.0,2226000000.0,0.0,218000000.0,0.0,0.036,0.16,71000000.0,289000000.0,0.031,289000000.0,71000000.0,45000000.0,0.04,0.04,0.04,3515000000.0,,3515000000.0,6636893348.0,-12.0,20.74,-776000000.0,-2.295,1.0,2261000000.0,0.242,1693000000.0,26000000.0,6254000000.0,,6299000000.0,91000000.0,0.0,91000000.0,11738000000.0,9448000000.0,2290000000.0,5995893348.0,-706000000.0,-20000000.0,-121000000.0,218000000.0,-109000000.0,-29000000.0,-101000000.0,41000000.0,-601000000.0,25000000.0,12000000.0,12000000.0,12000000.0,38000000.0,-19000000.0,0.001,2173000000.0,88000000.0,6055000000.0,4.0,1.706,-4.37,-4.793,3407000000.0,0.0,17.64,0.143,0.142,2135000000.0,3395000000.0,9339000000.0,9339000000.0,0.0,,,,,31000000.0,2082000000.0,1.0,339903251.0,338200000,338600000.0,27.614,14156000000.0,0.0,33000000.0,7000000.0,41.857,736000000.0
37,BBY,MRQ,2012-03-31,2012-03-03,2012-03-03,2021-08-31,90000000.0,16005000000.0,,10297000000.0,5708000000.0,,10.827,-150000000.0,1199000000.0,1199000000.0,8658000000.0,-432000000.0,1.163,3.108,2208000000.0,523000000.0,1685000000.0,2208000000.0,0.0,229000000.0,0.0,0.026,0.16,-1217000000.0,-988000000.0,-0.089,-988000000.0,-1217000000.0,-1226000000.0,-4.61,-4.5,-4.61,3745000000.0,,3745000000.0,8401196862.0,-22.0,16.187,516000000.0,1.492,1.0,2413000000.0,0.218,1694000000.0,9000000.0,6465000000.0,,5731000000.0,140000000.0,0.0,140000000.0,11639000000.0,8855000000.0,2784000000.0,8516196862.0,-1193000000.0,-174000000.0,-332000000.0,-59000000.0,-56000000.0,-1751000000.0,-126000000.0,122000000.0,666000000.0,18000000.0,-1698000000.0,-1698000000.0,-1698000000.0,1402000000.0,1266000000.0,-0.153,960000000.0,1453000000.0,5364000000.0,-0.035,2.274,-6.918,-7.257,3471000000.0,0.0,24.31,0.187,0.185,2288000000.0,3621000000.0,11071000000.0,11071000000.0,0.0,,,,,27000000.0,1072000000.0,1.0,350316613.0,345900000,350800000.0,32.006,14311000000.0,0.0,472000000.0,288000000.0,41.373,1442000000.0
38,BBY,MRQ,2011-12-31,2012-01-28,2012-01-28,2021-08-31,,,,,,,,-93000000.0,,,5588000000.0,-631000000.0,,,,,,,,143000000.0,,0.024,0.16,-1505000000.0,-1362000000.0,-0.197,-1362000000.0,-1505000000.0,-1504000000.0,-5.08,-4.95,-5.08,,,,8797054635.0,-13.0,60.669,377000000.0,1.019,1.0,1337000000.0,0.193,,-1000000.0,,,,,,,,,,8912054635.0,-986000000.0,-173000000.0,-201000000.0,151000000.0,-56000000.0,-1414000000.0,-49000000.0,123000000.0,470000000.0,7000000.0,-1892000000.0,-1892000000.0,-1892000000.0,1394000000.0,1261000000.0,-0.273,186000000.0,1151000000.0,,-0.031,,-6.254,-6.642,,0.0,25.44,0.216,0.229,,,6925000000.0,6925000000.0,0.0,,,,,17000000.0,303000000.0,1.0,350316613.0,369800000,380200000.0,18.726,,,388000000.0,,,
39,BBY,MRQ,2011-09-30,2011-10-29,2011-10-29,2021-08-31,145000000.0,20127000000.0,,12939000000.0,7188000000.0,,16.117,-203000000.0,2073000000.0,2073000000.0,8292000000.0,174000000.0,1.208,2.316,2297000000.0,605000000.0,1692000000.0,2297000000.0,0.0,221000000.0,0.0,0.023,0.16,315000000.0,536000000.0,0.048,536000000.0,315000000.0,278000000.0,0.43,0.42,0.43,5857000000.0,,5857000000.0,10092828232.0,5.0,3.472,528000000.0,1.453,1.0,2853000000.0,0.256,2743000000.0,37000000.0,6897000000.0,,7780000000.0,299000000.0,20000000.0,279000000.0,13564000000.0,10711000000.0,2853000000.0,9600828232.0,-6000000.0,0.0,-303000000.0,-228000000.0,-57000000.0,-607000000.0,-113000000.0,76000000.0,731000000.0,-17000000.0,156000000.0,156000000.0,156000000.0,46000000.0,18000000.0,0.014,2472000000.0,381000000.0,7557000000.0,0.372,1.639,8.37,9.075,3697000000.0,0.0,26.5,0.196,0.196,1968000000.0,5676000000.0,11145000000.0,11145000000.0,0.0,,,,,32000000.0,2472000000.0,1.0,362295405.0,363400000,372400000.0,30.669,17384000000.0,0.0,122000000.0,43000000.0,47.837,2228000000.0
40,BBY,MRQ,2011-06-30,2011-07-30,2011-07-30,2021-08-31,281000000.0,19296000000.0,,11891000000.0,7405000000.0,,16.394,-205000000.0,2079000000.0,2079000000.0,8094000000.0,111000000.0,1.246,2.013,2537000000.0,836000000.0,1701000000.0,2537000000.0,0.0,226000000.0,0.0,0.022,0.15,248000000.0,474000000.0,0.044,474000000.0,248000000.0,215000000.0,0.34,0.34,0.34,6164000000.0,,6164000000.0,10291993749.0,5.0,3.464,-379000000.0,-1.008,1.0,2762000000.0,0.254,2822000000.0,33000000.0,7392000000.0,,6784000000.0,396000000.0,80000000.0,316000000.0,12409000000.0,9540000000.0,2869000000.0,10319993749.0,-714000000.0,0.0,-474000000.0,348000000.0,-115000000.0,-241000000.0,-299000000.0,-57000000.0,-174000000.0,0.0,128000000.0,128000000.0,128000000.0,37000000.0,-17000000.0,0.012,2502000000.0,260000000.0,6178000000.0,0.441,1.674,8.543,9.079,3781000000.0,0.0,27.6,0.207,0.208,1868000000.0,5846000000.0,10856000000.0,10856000000.0,0.0,,,,,30000000.0,2502000000.0,1.0,373912817.0,376000000,385600000.0,28.872,16474000000.0,0.0,87000000.0,37000000.0,43.814,2351000000.0
41,BBY,MRQ,2011-03-31,2011-02-26,2011-02-26,2021-08-31,173000000.0,17849000000.0,,10473000000.0,7376000000.0,,16.778,-215000000.0,1103000000.0,1103000000.0,11884000000.0,688000000.0,1.209,1.599,1709000000.0,998000000.0,711000000.0,1709000000.0,0.0,228000000.0,0.0,0.018,0.15,1052000000.0,1280000000.0,0.081,1280000000.0,1052000000.0,1030000000.0,1.61,1.58,1.61,6602000000.0,,6602000000.0,13659138115.0,6.0,4.496,430000000.0,1.093,1.0,3847000000.0,0.245,2790000000.0,22000000.0,7002000000.0,,5897000000.0,350000000.0,22000000.0,328000000.0,10557000000.0,8663000000.0,1894000000.0,12760138115.0,178000000.0,0.0,-57000000.0,-140000000.0,-59000000.0,-264000000.0,-208000000.0,22000000.0,645000000.0,5000000.0,651000000.0,651000000.0,651000000.0,188000000.0,37000000.0,0.041,2582000000.0,1265000000.0,4894000000.0,0.093,1.933,9.992,10.309,3823000000.0,0.0,32.37,0.257,0.256,2348000000.0,6372000000.0,15731000000.0,15731000000.0,0.0,,,,,23000000.0,2444000000.0,1.0,394196420.0,393500000,403900000.0,39.977,15059000000.0,0.0,379000000.0,256000000.0,38.269,1810000000.0
42,BBY,MRQ,2010-12-31,2010-11-27,2010-11-27,2021-08-31,138000000.0,22352000000.0,,14829000000.0,7523000000.0,,15.112,-187000000.0,925000000.0,925000000.0,8907000000.0,240000000.0,1.105,2.614,1824000000.0,723000000.0,1101000000.0,1824000000.0,0.0,230000000.0,0.0,0.013,0.15,370000000.0,600000000.0,0.05,600000000.0,370000000.0,350000000.0,0.55,0.54,0.55,6001000000.0,,6001000000.0,18463384750.0,8.0,5.626,274000000.0,0.69,1.0,2983000000.0,0.251,2806000000.0,20000000.0,7025000000.0,,10064000000.0,345000000.0,2000000.0,343000000.0,15687000000.0,13420000000.0,2267000000.0,17803384750.0,82000000.0,0.0,-403000000.0,293000000.0,-60000000.0,-188000000.0,-201000000.0,-12000000.0,461000000.0,10000000.0,217000000.0,217000000.0,217000000.0,0.0,23000000.0,0.018,2598000000.0,385000000.0,9858000000.0,0.273,2.967,12.671,13.162,3994000000.0,0.0,44.75,0.355,0.355,2793000000.0,5824000000.0,11890000000.0,11890000000.0,0.0,,,,,39000000.0,2598000000.0,1.0,397841000.0,397100000,407800000.0,29.942,19546000000.0,0.0,133000000.0,31000000.0,49.222,1409000000.0
43,BBY,MRQ,2010-09-30,2010-08-28,2010-08-28,2021-08-31,-25000000.0,17362000000.0,,9959000000.0,7403000000.0,,14.547,-181000000.0,843000000.0,843000000.0,8421000000.0,257000000.0,1.176,1.786,1503000000.0,415000000.0,1088000000.0,1503000000.0,0.0,217000000.0,0.0,0.018,0.14,421000000.0,638000000.0,0.056,638000000.0,421000000.0,400000000.0,0.61,0.6,0.61,6015000000.0,,6015000000.0,13368389800.0,6.0,4.136,-266000000.0,-0.643,1.0,2918000000.0,0.257,2739000000.0,21000000.0,6812000000.0,,6346000000.0,295000000.0,2000000.0,293000000.0,10740000000.0,8471000000.0,2269000000.0,13283389800.0,-396000000.0,21000000.0,-553000000.0,192000000.0,-59000000.0,-411000000.0,94000000.0,253000000.0,-85000000.0,6000000.0,254000000.0,254000000.0,254000000.0,0.0,3000000.0,0.022,2507000000.0,411000000.0,5573000000.0,0.23,2.208,9.388,9.398,3915000000.0,0.0,31.86,0.264,0.262,1720000000.0,6000000000.0,11339000000.0,11339000000.0,0.0,,,,,29000000.0,2507000000.0,1.0,416930000.0,413500000,423600000.0,27.422,14623000000.0,0.0,146000000.0,27000000.0,35.364,1488000000.0
44,BBY,MRQ,2010-06-30,2010-05-29,2010-05-29,2021-08-31,-40000000.0,17956000000.0,,10388000000.0,7568000000.0,,15.151,-161000000.0,1239000000.0,1239000000.0,7994000000.0,181000000.0,1.207,1.719,1324000000.0,231000000.0,1093000000.0,1324000000.0,0.0,221000000.0,0.0,0.013,0.14,299000000.0,520000000.0,0.048,520000000.0,299000000.0,276000000.0,0.37,0.36,0.37,6368000000.0,,6368000000.0,17801266128.0,8.0,5.735,8000000.0,0.019,1.0,2793000000.0,0.259,2786000000.0,23000000.0,6652000000.0,,6335000000.0,528000000.0,205000000.0,323000000.0,10949000000.0,8603000000.0,2346000000.0,17825266128.0,-587000000.0,0.0,-1000000.0,-444000000.0,-59000000.0,-494000000.0,-254000000.0,-103000000.0,169000000.0,-8000000.0,155000000.0,155000000.0,155000000.0,0.0,26000000.0,0.014,2480000000.0,313000000.0,5860000000.0,0.378,2.799,13.514,13.37,3982000000.0,0.0,42.25,0.357,0.356,1579000000.0,5892000000.0,10787000000.0,10787000000.0,0.0,,,,,19000000.0,2480000000.0,1.0,421899790.0,420300000,431700000.0,25.665,15170000000.0,0.0,121000000.0,51000000.0,36.093,1785000000.0
45,BBY,MRQ,2010-03-31,2010-02-27,2010-02-27,2021-08-31,40000000.0,18302000000.0,,10566000000.0,7736000000.0,,15.109,-146000000.0,1826000000.0,1826000000.0,12243000000.0,810000000.0,1.177,1.794,1802000000.0,698000000.0,1104000000.0,1802000000.0,0.0,224000000.0,0.0,0.015,0.14,1300000000.0,1524000000.0,0.095,1524000000.0,1300000000.0,1276000000.0,1.87,1.83,1.87,6320000000.0,,6320000000.0,16575168000.0,7.0,5.378,1381000000.0,3.301,1.0,3859000000.0,0.24,2890000000.0,24000000.0,6410000000.0,,5486000000.0,414000000.0,90000000.0,324000000.0,11338000000.0,8978000000.0,2360000000.0,15258168000.0,1262000000.0,-7000000.0,18000000.0,-100000000.0,-59000000.0,-140000000.0,-135000000.0,17000000.0,1527000000.0,10000000.0,779000000.0,779000000.0,779000000.0,101000000.0,31000000.0,0.048,2443000000.0,1416000000.0,5276000000.0,0.075,2.414,11.586,11.551,4070000000.0,0.0,36.5,0.31,0.309,2020000000.0,5797000000.0,16102000000.0,16102000000.0,0.0,,,,,26000000.0,2443000000.0,1.0,418032000.0,418300000,429600000.0,38.494,15412000000.0,0.0,497000000.0,316000000.0,36.844,1588000000.0
46,BBY,MRQ,2009-12-31,2009-11-28,2009-11-28,2021-08-31,7000000.0,21100000000.0,,13267000000.0,7833000000.0,,13.256,-159000000.0,564000000.0,564000000.0,9082000000.0,271000000.0,1.046,2.709,1881000000.0,777000000.0,1104000000.0,1881000000.0,0.0,207000000.0,0.0,0.013,0.14,343000000.0,550000000.0,0.046,550000000.0,343000000.0,320000000.0,0.54,0.53,0.54,5529000000.0,,5529000000.0,19419365370.0,10.0,7.085,282000000.0,0.676,1.0,2942000000.0,0.245,2876000000.0,23000000.0,6863000000.0,,8978000000.0,425000000.0,93000000.0,332000000.0,14976000000.0,12678000000.0,2298000000.0,17840365370.0,-104000000.0,0.0,43000000.0,-397000000.0,-58000000.0,-426000000.0,-167000000.0,-33000000.0,441000000.0,48000000.0,227000000.0,227000000.0,227000000.0,0.0,44000000.0,0.019,2566000000.0,376000000.0,9083000000.0,0.259,3.227,16.101,16.041,4123000000.0,0.0,42.83,0.373,0.373,2630000000.0,5076000000.0,12024000000.0,12024000000.0,0.0,,,,,29000000.0,2566000000.0,1.0,416539000.0,417100000,428600000.0,28.828,18224000000.0,0.0,93000000.0,55000000.0,43.692,589000000.0
47,BBY,MRQ,2009-09-30,2009-08-29,2009-08-29,2021-08-31,27000000.0,17191000000.0,,9304000000.0,7887000000.0,,12.739,-124000000.0,668000000.0,668000000.0,8338000000.0,157000000.0,1.038,2.128,2247000000.0,1136000000.0,1111000000.0,2247000000.0,0.0,211000000.0,0.0,0.015,0.14,299000000.0,510000000.0,0.046,510000000.0,299000000.0,277000000.0,0.38,0.37,0.38,5306000000.0,,5306000000.0,17287116860.0,10.0,6.769,167000000.0,0.401,1.0,2684000000.0,0.244,2928000000.0,22000000.0,6878000000.0,,5738000000.0,427000000.0,93000000.0,334000000.0,11292000000.0,8964000000.0,2328000000.0,15630116860.0,133000000.0,0.0,6000000.0,39000000.0,-59000000.0,-43000000.0,-67000000.0,77000000.0,291000000.0,-48000000.0,158000000.0,158000000.0,158000000.0,0.0,-1000000.0,0.014,2404000000.0,280000000.0,5407000000.0,0.368,2.946,16.753,16.611,4162000000.0,0.0,37.54,0.33,0.33,1770000000.0,4908000000.0,11022000000.0,11022000000.0,0.0,,,,,31000000.0,2404000000.0,1.0,416359000.0,416500000,427000000.0,26.463,14263000000.0,0.0,119000000.0,51000000.0,34.245,340000000.0
48,BBY,MRQ,2009-06-30,2009-05-30,2009-05-30,2021-08-31,-154000000.0,16214000000.0,,8410000000.0,7804000000.0,,12.018,-186000000.0,535000000.0,535000000.0,7538000000.0,156000000.0,1.006,2.147,2192000000.0,1071000000.0,1121000000.0,2192000000.0,0.0,196000000.0,0.0,0.016,0.14,302000000.0,498000000.0,0.049,498000000.0,302000000.0,279000000.0,0.37,0.36,0.37,4990000000.0,,4990000000.0,16076436178.0,9.0,6.309,-239000000.0,-0.576,1.0,2557000000.0,0.253,2768000000.0,23000000.0,6747000000.0,,5486000000.0,429000000.0,8000000.0,421000000.0,10713000000.0,8356000000.0,2357000000.0,14611436178.0,37000000.0,0.0,71000000.0,248000000.0,-58000000.0,261000000.0,-171000000.0,19000000.0,-53000000.0,0.0,153000000.0,153000000.0,153000000.0,0.0,3000000.0,0.015,2261000000.0,296000000.0,4996000000.0,0.378,2.928,14.955,14.81,4184000000.0,0.0,35.1,0.317,0.316,1427000000.0,4808000000.0,10095000000.0,10095000000.0,0.0,,,,,25000000.0,2209000000.0,1.0,416280233.0,415200000,425700000.0,24.314,13446000000.0,0.0,126000000.0,92000000.0,32.384,54000000.0
49,BBY,MRQ,2009-03-31,2009-02-28,2009-02-28,2021-08-31,-317000000.0,15826000000.0,,8192000000.0,7634000000.0,,11.223,-376000000.0,498000000.0,498000000.0,11101000000.0,587000000.0,0.971,2.298,1963000000.0,837000000.0,1126000000.0,1963000000.0,0.0,210000000.0,0.0,0.019,0.14,973000000.0,1183000000.0,0.08,1183000000.0,973000000.0,948000000.0,1.38,1.35,1.38,4643000000.0,,4643000000.0,14672023780.0,8.0,5.866,1581000000.0,3.822,1.0,3623000000.0,0.246,2698000000.0,25000000.0,6158000000.0,,4753000000.0,406000000.0,11000000.0,395000000.0,10670000000.0,8435000000.0,2235000000.0,11915023780.0,-71000000.0,-3000000.0,5000000.0,-1338000000.0,-58000000.0,-1550000000.0,-458000000.0,5000000.0,1957000000.0,-20000000.0,570000000.0,570000000.0,570000000.0,0.0,17000000.0,0.039,2643000000.0,980000000.0,4997000000.0,0.101,2.566,11.879,11.86,4174000000.0,0.0,28.82,0.265,0.264,1868000000.0,4714000000.0,14724000000.0,14724000000.0,0.0,,,,,27000000.0,2499000000.0,1.0,413429000.0,413700000,423500000.0,35.591,13128000000.0,0.0,378000000.0,281000000.0,31.733,-243000000.0
50,BBY,MRQ,2008-12-31,2008-11-29,2008-11-29,2021-08-31,145000000.0,20647000000.0,,12318000000.0,8329000000.0,,11.044,-425000000.0,569000000.0,569000000.0,8639000000.0,63000000.0,0.934,3.38,3326000000.0,2201000000.0,1125000000.0,3326000000.0,0.0,208000000.0,0.0,0.026,0.14,155000000.0,363000000.0,0.032,363000000.0,155000000.0,120000000.0,0.13,0.13,0.13,4560000000.0,,4560000000.0,10685395720.0,5.0,4.026,-555000000.0,-1.344,1.0,2861000000.0,0.249,3016000000.0,35000000.0,7193000000.0,,8207000000.0,460000000.0,25000000.0,435000000.0,15413000000.0,13195000000.0,2218000000.0,8539395720.0,25000000.0,-78000000.0,32000000.0,658000000.0,-58000000.0,636000000.0,-469000000.0,47000000.0,-130000000.0,-12000000.0,52000000.0,52000000.0,52000000.0,0.0,11000000.0,0.005,2587000000.0,274000000.0,8219000000.0,1.077,1.873,7.299,7.504,4268000000.0,0.0,20.71,0.195,0.196,2638000000.0,4202000000.0,11500000000.0,11500000000.0,0.0,,,,,27000000.0,2587000000.0,1.0,412332000.0,412900000,422600000.0,27.852,17631000000.0,0.0,68000000.0,148000000.0,42.7,-877000000.0
51,BBY,MRQ,2008-09-30,2008-08-30,2008-08-30,2021-08-31,394000000.0,17522000000.0,,9328000000.0,8194000000.0,,11.531,-282000000.0,544000000.0,544000000.0,7420000000.0,205000000.0,0.935,2.535,2690000000.0,1554000000.0,1136000000.0,2690000000.0,0.0,159000000.0,0.0,0.012,0.13,345000000.0,504000000.0,0.051,504000000.0,345000000.0,324000000.0,0.49,0.48,0.49,4752000000.0,,4752000000.0,18126106100.0,8.0,6.448,-171000000.0,-0.415,1.0,2381000000.0,0.243,3212000000.0,21000000.0,6476000000.0,,6105000000.0,501000000.0,0.0,501000000.0,12045000000.0,9980000000.0,2065000000.0,18442106100.0,-931000000.0,-2089000000.0,11000000.0,1260000000.0,-53000000.0,1194000000.0,-2289000000.0,80000000.0,111000000.0,53000000.0,202000000.0,202000000.0,202000000.0,0.0,3000000.0,0.021,2042000000.0,339000000.0,5924000000.0,0.265,3.881,13.701,14.079,4119000000.0,0.0,44.77,0.438,0.438,1785000000.0,4205000000.0,9801000000.0,9801000000.0,0.0,,,,,29000000.0,2042000000.0,1.0,411930000.0,412100000,423300000.0,23.783,14310000000.0,0.0,122000000.0,44000000.0,34.725,-652000000.0
52,BBY,MRQ,2008-06-30,2008-05-31,2008-05-31,2021-08-31,463000000.0,13231000000.0,,7733000000.0,5498000000.0,,11.264,-220000000.0,1475000000.0,1475000000.0,6857000000.0,178000000.0,1.1,1.847,1159000000.0,509000000.0,650000000.0,1159000000.0,0.0,153000000.0,0.0,0.01,0.13,298000000.0,451000000.0,0.05,451000000.0,298000000.0,285000000.0,0.44,0.43,0.44,4634000000.0,,4634000000.0,18604720689.0,8.0,6.487,-281000000.0,-0.683,1.0,2133000000.0,0.237,1187000000.0,13000000.0,4701000000.0,,5005000000.0,597000000.0,68000000.0,529000000.0,8557000000.0,7027000000.0,1530000000.0,19226720689.0,37000000.0,0.0,35000000.0,314000000.0,-54000000.0,311000000.0,-211000000.0,33000000.0,-61000000.0,-2000000.0,179000000.0,179000000.0,179000000.0,0.0,-1000000.0,0.02,1856000000.0,277000000.0,4697000000.0,0.295,4.149,13.792,14.366,3456000000.0,0.0,46.69,0.468,0.468,533000000.0,4058000000.0,8990000000.0,8990000000.0,0.0,,,,,21000000.0,1856000000.0,1.0,411795260.0,411400000,423400000.0,21.852,12044000000.0,0.0,106000000.0,40000000.0,29.276,706000000.0
53,BBY,MRQ,2008-03-31,2008-03-01,2008-03-01,2021-08-31,502000000.0,12758000000.0,,7342000000.0,5416000000.0,,10.727,-213000000.0,1438000000.0,1438000000.0,10240000000.0,740000000.0,1.085,1.845,816000000.0,189000000.0,627000000.0,816000000.0,0.0,161000000.0,0.0,0.011,0.13,1175000000.0,1336000000.0,0.1,1336000000.0,1175000000.0,1166000000.0,1.7,1.65,1.7,4484000000.0,,4484000000.0,17711006840.0,8.0,6.184,566000000.0,1.354,1.0,3178000000.0,0.237,1190000000.0,9000000.0,4177000000.0,,4708000000.0,669000000.0,64000000.0,605000000.0,8274000000.0,6769000000.0,1505000000.0,18042006840.0,119000000.0,0.0,36000000.0,-169000000.0,-56000000.0,-239000000.0,-439000000.0,-153000000.0,779000000.0,18000000.0,737000000.0,737000000.0,737000000.0,0.0,3000000.0,0.055,2035000000.0,1143000000.0,4297000000.0,0.076,4.024,12.823,13.441,3306000000.0,0.0,43.01,0.451,0.473,549000000.0,3933000000.0,13418000000.0,13418000000.0,0.0,,,,,14000000.0,2035000000.0,1.0,419484000.0,418000000,433100000.0,32.1,11568000000.0,0.0,429000000.0,404000000.0,27.675,573000000.0
54,BBY,MRQ,2007-12-31,2007-12-01,2007-12-01,2021-08-31,510000000.0,15474000000.0,,10477000000.0,4997000000.0,,8.947,-208000000.0,1319000000.0,1319000000.0,7591000000.0,228000000.0,1.024,3.131,988000000.0,346000000.0,642000000.0,988000000.0,0.0,140000000.0,0.0,0.008,0.13,380000000.0,520000000.0,0.052,520000000.0,380000000.0,357000000.0,0.55,0.53,0.55,3746000000.0,,3746000000.0,21914515850.0,9.0,7.625,907000000.0,2.166,1.0,2337000000.0,0.235,1182000000.0,23000000.0,3725000000.0,,7451000000.0,525000000.0,295000000.0,230000000.0,11728000000.0,10236000000.0,1492000000.0,21327515850.0,-71000000.0,0.0,51000000.0,-1021000000.0,-55000000.0,-979000000.0,-240000000.0,-30000000.0,1115000000.0,33000000.0,228000000.0,228000000.0,228000000.0,0.0,0.0,0.023,1986000000.0,351000000.0,7597000000.0,0.236,5.693,14.883,16.468,3260000000.0,0.0,51.05,0.54,0.541,739000000.0,3320000000.0,9928000000.0,9928000000.0,0.0,,,,,21000000.0,1986000000.0,1.0,417777000.0,418700000,430800000.0,23.711,14292000000.0,0.0,129000000.0,146000000.0,34.134,241000000.0
55,BBY,MRQ,2007-09-30,2007-09-01,2007-09-01,2021-08-31,392000000.0,12237000000.0,,7448000000.0,4789000000.0,,7.613,-197000000.0,1390000000.0,1390000000.0,6611000000.0,250000000.0,0.997,2.619,1977000000.0,1377000000.0,600000000.0,1977000000.0,0.0,144000000.0,0.0,0.009,0.1,417000000.0,561000000.0,0.064,561000000.0,417000000.0,394000000.0,0.56,0.55,0.56,3381000000.0,,3381000000.0,20126817100.0,9.0,7.443,362000000.0,0.815,1.0,2139000000.0,0.244,1146000000.0,23000000.0,4211000000.0,,4650000000.0,321000000.0,121000000.0,200000000.0,8856000000.0,7467000000.0,1389000000.0,20827817100.0,24000000.0,0.0,-3032000000.0,1316000000.0,-45000000.0,-1760000000.0,1223000000.0,1451000000.0,559000000.0,2000000.0,250000000.0,250000000.0,250000000.0,0.0,0.0,0.029,1738000000.0,401000000.0,4312000000.0,0.179,6.16,15.371,15.367,3118000000.0,0.0,43.95,0.547,0.513,554000000.0,3147000000.0,8750000000.0,8750000000.0,0.0,,,,,22000000.0,1738000000.0,1.0,473898000.0,444100000,456200000.0,19.703,11091000000.0,0.0,144000000.0,99000000.0,24.974,-19000000.0
56,BBY,MRQ,2007-06-30,2007-06-02,2007-06-02,2021-08-31,384000000.0,13142000000.0,,8306000000.0,4836000000.0,,12.886,-179000000.0,1366000000.0,1366000000.0,6035000000.0,192000000.0,1.461,1.13,665000000.0,67000000.0,598000000.0,665000000.0,0.0,135000000.0,0.0,0.008,0.1,312000000.0,447000000.0,0.056,447000000.0,312000000.0,305000000.0,0.4,0.39,0.4,6170000000.0,,6170000000.0,22969240320.0,11.0,8.744,-607000000.0,-1.268,1.0,1892000000.0,0.239,1142000000.0,7000000.0,5613000000.0,,4298000000.0,1784000000.0,1436000000.0,348000000.0,6972000000.0,5686000000.0,1286000000.0,23524240320.0,161000000.0,-89000000.0,-370000000.0,7000000.0,-48000000.0,-400000000.0,920000000.0,1166000000.0,-428000000.0,69000000.0,192000000.0,192000000.0,192000000.0,0.0,0.0,0.024,1626000000.0,266000000.0,3957000000.0,0.25,3.813,17.621,17.655,3026000000.0,0.0,49.08,0.637,0.637,476000000.0,5638000000.0,7927000000.0,7927000000.0,0.0,,,,,24000000.0,1626000000.0,1.0,479304000.0,478800000,491500000.0,16.556,12000000000.0,0.0,113000000.0,34000000.0,25.063,2620000000.0
57,BBY,MRQ,2007-03-31,2007-03-03,2007-03-03,2021-08-31,216000000.0,13570000000.0,,9081000000.0,4489000000.0,,12.895,-213000000.0,1205000000.0,1205000000.0,9792000000.0,763000000.0,1.441,1.188,650000000.0,60000000.0,590000000.0,650000000.0,0.0,140000000.0,0.0,0.008,0.1,1206000000.0,1346000000.0,0.104,1346000000.0,1206000000.0,1198000000.0,1.59,1.55,1.59,6201000000.0,,6201000000.0,21785316450.0,10.0,8.162,1286000000.0,2.674,1.0,3107000000.0,0.241,1000000000.0,8000000.0,5714000000.0,,4028000000.0,2926000000.0,2588000000.0,338000000.0,7369000000.0,6301000000.0,1068000000.0,22337316450.0,-3000000.0,0.0,-89000000.0,4000000.0,-49000000.0,-236000000.0,-1246000000.0,-1125000000.0,1499000000.0,-20000000.0,763000000.0,763000000.0,763000000.0,0.0,0.0,0.059,1971000000.0,1136000000.0,3934000000.0,0.063,3.602,16.222,16.206,2938000000.0,0.0,46.35,0.622,0.622,548000000.0,5507000000.0,12899000000.0,12899000000.0,0.0,,,,,30000000.0,1971000000.0,1.0,481927000.0,480900000,492600000.0,26.823,12570000000.0,0.0,435000000.0,489000000.0,26.138,2780000000.0
58,BBY,MRQ,2006-12-31,2006-11-25,2006-11-25,2021-08-31,280000000.0,15684000000.0,,10968000000.0,4716000000.0,,11.647,-221000000.0,1208000000.0,1208000000.0,6478000000.0,150000000.0,1.16,1.8,650000000.0,459000000.0,191000000.0,650000000.0,0.0,123000000.0,0.0,0.006,0.1,227000000.0,350000000.0,0.041,350000000.0,227000000.0,220000000.0,0.31,0.31,0.31,5602000000.0,,5602000000.0,26028170000.0,13.0,10.378,82000000.0,0.17,1.0,1995000000.0,0.235,1074000000.0,7000000.0,4600000000.0,,6084000000.0,2137000000.0,1802000000.0,335000000.0,10082000000.0,9452000000.0,630000000.0,26452170000.0,104000000.0,0.0,52000000.0,-23000000.0,-47000000.0,47000000.0,-235000000.0,6000000.0,303000000.0,-11000000.0,150000000.0,150000000.0,150000000.0,0.0,0.0,0.018,1799000000.0,196000000.0,6332000000.0,0.323,4.722,21.027,21.266,2971000000.0,0.0,55.08,0.784,0.786,1115000000.0,4793000000.0,8473000000.0,8473000000.0,0.0,,,,,13000000.0,1799000000.0,1.0,480250000.0,481000000,495800000.0,17.615,14610000000.0,0.0,70000000.0,318000000.0,30.374,1516000000.0
59,BBY,MRQ,2006-09-30,2006-08-26,2006-08-26,2021-08-31,307000000.0,12407000000.0,,7887000000.0,4520000000.0,,11.274,-145000000.0,1104000000.0,1104000000.0,5701000000.0,230000000.0,1.239,1.283,680000000.0,496000000.0,184000000.0,680000000.0,0.0,125000000.0,0.0,0.007,0.08,359000000.0,484000000.0,0.064,484000000.0,359000000.0,351000000.0,0.48,0.47,0.48,5434000000.0,,5434000000.0,21882517980.0,11.0,8.903,541000000.0,1.122,1.0,1902000000.0,0.25,1093000000.0,8000000.0,4524000000.0,,4049000000.0,1840000000.0,1534000000.0,306000000.0,6973000000.0,6366000000.0,607000000.0,22056517980.0,332000000.0,-13000000.0,-196000000.0,16000000.0,-40000000.0,-190000000.0,-163000000.0,14000000.0,686000000.0,-1000000.0,230000000.0,230000000.0,230000000.0,0.0,0.0,0.03,1572000000.0,330000000.0,3858000000.0,0.167,4.059,17.702,17.801,2787000000.0,0.0,45.57,0.677,0.674,513000000.0,4690000000.0,7603000000.0,7603000000.0,0.0,,,,,23000000.0,1572000000.0,1.0,484014000.0,482000000,496500000.0,15.774,11314000000.0,0.0,121000000.0,399000000.0,23.473,1521000000.0
60,BBY,MRQ,2006-06-30,2006-05-27,2006-05-27,2021-08-31,315000000.0,11269000000.0,,6878000000.0,4391000000.0,,11.162,-154000000.0,772000000.0,772000000.0,5194000000.0,234000000.0,1.298,1.083,598000000.0,418000000.0,180000000.0,598000000.0,0.0,121000000.0,0.0,0.006,0.08,368000000.0,489000000.0,0.07,489000000.0,368000000.0,360000000.0,0.48,0.47,0.48,5409000000.0,,5409000000.0,25101898060.0,13.0,10.691,-880000000.0,-1.816,1.0,1765000000.0,0.254,1018000000.0,8000000.0,4780000000.0,,3737000000.0,1856000000.0,1554000000.0,302000000.0,5860000000.0,5297000000.0,563000000.0,25186898060.0,24000000.0,-408000000.0,-149000000.0,15000000.0,-38000000.0,-134000000.0,864000000.0,1411000000.0,-726000000.0,20000000.0,234000000.0,234000000.0,234000000.0,0.0,0.0,0.034,1428000000.0,337000000.0,3055000000.0,0.167,4.656,20.919,21.081,2712000000.0,0.0,51.86,0.795,0.793,409000000.0,4500000000.0,6959000000.0,6959000000.0,0.0,,,,,5000000.0,1428000000.0,1.0,485671000.0,484600000,500800000.0,14.36,10251000000.0,0.0,126000000.0,291000000.0,21.154,1581000000.0
61,BBY,MRQ,2006-03-31,2006-02-25,2006-02-25,2021-08-31,261000000.0,11864000000.0,,7985000000.0,3879000000.0,,10.781,-193000000.0,748000000.0,748000000.0,8024000000.0,644000000.0,1.319,1.257,596000000.0,418000000.0,178000000.0,596000000.0,0.0,123000000.0,0.0,0.006,0.08,1062000000.0,1185000000.0,0.111,1185000000.0,1062000000.0,987000000.0,1.32,1.28,1.32,5257000000.0,,5257000000.0,26234601040.0,15.0,11.887,1167000000.0,2.393,1.0,2669000000.0,0.25,601000000.0,75000000.0,5055000000.0,,3338000000.0,3259000000.0,3041000000.0,218000000.0,6607000000.0,6056000000.0,551000000.0,26475601040.0,-64000000.0,0.0,-274000000.0,30000000.0,-39000000.0,-365000000.0,-1074000000.0,-938000000.0,1360000000.0,15000000.0,644000000.0,644000000.0,644000000.0,0.0,0.0,0.06,1714000000.0,955000000.0,3234000000.0,0.061,5.036,23.224,23.193,2712000000.0,0.0,54.04,0.858,0.859,449000000.0,4304000000.0,10693000000.0,10693000000.0,0.0,,,,,38000000.0,1714000000.0,1.0,489926000.0,487600000,497000000.0,21.93,11263000000.0,0.0,343000000.0,703000000.0,23.099,1929000000.0
62,BBY,MRQ,2005-12-31,2005-11-26,2005-11-26,2021-08-31,231000000.0,13242000000.0,,9694000000.0,3548000000.0,,9.888,-217000000.0,812000000.0,812000000.0,5547000000.0,138000000.0,1.3,1.727,571000000.0,17000000.0,554000000.0,571000000.0,0.0,111000000.0,0.0,0.006,0.08,189000000.0,300000000.0,0.041,300000000.0,189000000.0,203000000.0,0.28,0.28,0.28,4856000000.0,,4856000000.0,24686439720.0,16.0,12.449,360000000.0,0.733,1.0,1788000000.0,0.244,592000000.0,-14000000.0,4954000000.0,,5314000000.0,2399000000.0,2285000000.0,114000000.0,8386000000.0,7455000000.0,931000000.0,24932439720.0,198000000.0,0.0,-131000000.0,-4000000.0,-39000000.0,-105000000.0,-274000000.0,-71000000.0,577000000.0,0.0,138000000.0,138000000.0,138000000.0,0.0,0.0,0.019,1599000000.0,189000000.0,5325000000.0,0.286,5.134,23.345,23.332,2637000000.0,0.0,50.63,0.849,0.846,883000000.0,3699000000.0,7335000000.0,7335000000.0,0.0,,,,,-2000000.0,1599000000.0,1.0,492444000.0,491100000,507200000.0,14.936,12650000000.0,0.0,65000000.0,328000000.0,25.759,2239000000.0
63,BBY,MRQ,2005-09-30,2005-08-27,2005-08-27,2021-08-31,201000000.0,10259000000.0,,6842000000.0,3417000000.0,,9.819,-133000000.0,614000000.0,614000000.0,4991000000.0,188000000.0,1.515,1.127,552000000.0,12000000.0,540000000.0,552000000.0,0.0,113000000.0,0.0,0.006,0.073,261000000.0,374000000.0,0.056,374000000.0,261000000.0,279000000.0,0.38,0.37,0.38,4823000000.0,,4823000000.0,22379813160.0,14.0,10.965,89000000.0,0.181,1.0,1711000000.0,0.255,571000000.0,-18000000.0,5110000000.0,,3250000000.0,2333000000.0,2211000000.0,122000000.0,5436000000.0,4516000000.0,920000000.0,22439813160.0,156000000.0,0.0,101000000.0,0.0,-37000000.0,105000000.0,-188000000.0,-70000000.0,222000000.0,17000000.0,188000000.0,188000000.0,188000000.0,0.0,0.0,0.028,1450000000.0,261000000.0,2760000000.0,0.192,4.653,20.816,21.009,2523000000.0,0.0,46.01,0.782,0.788,389000000.0,3600000000.0,6702000000.0,6702000000.0,0.0,,,,,12000000.0,1450000000.0,1.0,487716000.0,491200000,509100000.0,13.644,9688000000.0,0.0,91000000.0,254000000.0,19.723,2326000000.0
64,BBY,MRQ,2005-06-30,2005-05-28,2005-05-28,2021-08-31,136000000.0,9899000000.0,,6605000000.0,3294000000.0,,9.021,-105000000.0,458000000.0,458000000.0,4560000000.0,170000000.0,1.447,1.234,544000000.0,14000000.0,530000000.0,544000000.0,0.0,109000000.0,0.0,0.008,0.073,239000000.0,348000000.0,0.057,348000000.0,239000000.0,252000000.0,0.35,0.34,0.35,4431000000.0,,4431000000.0,18109062100.0,12.0,9.001,-524000000.0,-1.067,1.0,1558000000.0,0.255,547000000.0,-13000000.0,4873000000.0,,3266000000.0,2261000000.0,2148000000.0,113000000.0,5468000000.0,4565000000.0,903000000.0,17979062100.0,104000000.0,0.0,-176000000.0,-59000000.0,-36000000.0,-254000000.0,782000000.0,880000000.0,-419000000.0,-5000000.0,170000000.0,170000000.0,170000000.0,0.0,0.0,0.028,1319000000.0,239000000.0,3047000000.0,0.209,4.058,17.288,17.248,2456000000.0,0.0,36.567,0.64,0.64,350000000.0,3449000000.0,6118000000.0,6118000000.0,0.0,,,,,29000000.0,1319000000.0,1.0,491679000.0,491200000,505300000.0,12.455,9352000000.0,0.0,82000000.0,200000000.0,19.039,2040000000.0
65,BBY,MRQ,2005-03-31,2005-02-26,2005-02-26,2021-08-31,149000000.0,10294000000.0,,6903000000.0,3391000000.0,,9.034,-150000000.0,354000000.0,354000000.0,7056000000.0,572000000.0,1.392,1.314,600000000.0,72000000.0,528000000.0,600000000.0,0.0,128000000.0,0.0,0.008,0.073,833000000.0,961000000.0,0.104,961000000.0,833000000.0,827000000.0,1.16,1.13,1.16,4449000000.0,,4449000000.0,15009196750.0,10.0,7.693,1051000000.0,2.134,1.0,2171000000.0,0.235,553000000.0,6000000.0,5028000000.0,,2851000000.0,3142000000.0,2994000000.0,148000000.0,5845000000.0,4959000000.0,886000000.0,16958196750.0,-141000000.0,0.0,1000000.0,-6000000.0,-37000000.0,-116000000.0,-1214000000.0,-983000000.0,1201000000.0,-12000000.0,572000000.0,572000000.0,572000000.0,-50000000.0,0.0,0.062,1388000000.0,783000000.0,2824000000.0,0.063,3.812,17.234,17.144,2464000000.0,0.0,34.46,0.618,0.614,375000000.0,3315000000.0,9227000000.0,9227000000.0,0.0,,,,,-13000000.0,1388000000.0,1.0,492112500.0,492500000,503500000.0,18.735,9741000000.0,0.0,255000000.0,575000000.0,19.779,1944000000.0
66,BBY,MRQ,2004-12-31,2004-11-27,2004-11-27,2021-08-31,202000000.0,11622000000.0,,8332000000.0,3290000000.0,,8.1,-150000000.0,495000000.0,495000000.0,5104000000.0,148000000.0,1.209,1.935,486000000.0,8000000.0,478000000.0,486000000.0,0.0,125000000.0,0.0,0.007,0.073,233000000.0,358000000.0,0.054,358000000.0,233000000.0,239000000.0,0.3,0.3,0.3,3960000000.0,,3960000000.0,17640471240.0,12.0,9.53,459000000.0,0.939,1.0,1543000000.0,0.232,582000000.0,-6000000.0,4139000000.0,,4826000000.0,2159000000.0,2018000000.0,141000000.0,7662000000.0,6892000000.0,770000000.0,19113471240.0,-161000000.0,0.0,105000000.0,-2000000.0,-35000000.0,102000000.0,-891000000.0,-805000000.0,609000000.0,19000000.0,148000000.0,148000000.0,148000000.0,0.0,0.0,0.022,1310000000.0,233000000.0,5008000000.0,0.243,4.827,21.695,21.738,2319000000.0,0.0,39.28,0.717,0.72,742000000.0,2780000000.0,6647000000.0,6647000000.0,0.0,,,,,8000000.0,1310000000.0,1.0,486595500.0,488900000,506600000.0,13.596,11040000000.0,0.0,91000000.0,342000000.0,22.581,1440000000.0
67,BBY,MRQ,2004-09-30,2004-08-28,2004-08-28,2021-08-31,100000000.0,8644000000.0,,5596000000.0,3048000000.0,,7.393,-117000000.0,656000000.0,656000000.0,4610000000.0,150000000.0,1.299,1.4,489000000.0,11000000.0,478000000.0,489000000.0,0.0,103000000.0,0.0,0.012,0.067,242000000.0,345000000.0,0.057,345000000.0,242000000.0,243000000.0,0.31,0.3,0.31,3601000000.0,,3601000000.0,14508243350.0,10.0,8.092,410000000.0,0.842,1.0,1470000000.0,0.242,523000000.0,-1000000.0,3646000000.0,,2987000000.0,1354000000.0,1313000000.0,41000000.0,5043000000.0,4308000000.0,735000000.0,15732243350.0,406000000.0,0.0,-37000000.0,-358000000.0,-33000000.0,-419000000.0,294000000.0,466000000.0,527000000.0,4000000.0,150000000.0,150000000.0,150000000.0,0.0,0.0,0.025,1228000000.0,242000000.0,2698000000.0,0.216,4.369,18.4,18.345,2251000000.0,0.0,32.287,0.604,0.604,328000000.0,2667000000.0,6080000000.0,6080000000.0,0.0,,,,,-8000000.0,1228000000.0,1.0,487267500.0,487100000,502700000.0,12.482,8121000000.0,0.0,93000000.0,283000000.0,16.672,1288000000.0
68,BBY,MRQ,2004-06-30,2004-05-29,2004-05-29,2021-08-31,70000000.0,8550000000.0,,5602000000.0,2948000000.0,,7.153,-85000000.0,250000000.0,250000000.0,4168000000.0,114000000.0,1.291,1.454,846000000.0,369000000.0,477000000.0,846000000.0,0.0,103000000.0,0.0,0.009,0.067,184000000.0,287000000.0,0.052,287000000.0,184000000.0,184000000.0,0.233,0.227,0.233,3484000000.0,,3484000000.0,15414780120.0,11.0,8.719,-441000000.0,-0.905,1.0,1311000000.0,0.239,504000000.0,0.0,4304000000.0,,2915000000.0,1820000000.0,1820000000.0,0.0,5066000000.0,4338000000.0,728000000.0,17164780120.0,5000000.0,0.0,-13000000.0,-5000000.0,-32000000.0,-26000000.0,389000000.0,535000000.0,-356000000.0,-2000000.0,114000000.0,114000000.0,114000000.0,0.0,0.0,0.021,1127000000.0,184000000.0,2611000000.0,0.288,4.927,20.337,20.249,2239000000.0,0.0,35.173,0.677,0.676,371000000.0,2550000000.0,5479000000.0,5479000000.0,0.0,,,,,12000000.0,1127000000.0,1.0,488005500.0,487050000,503550000.0,11.249,8046000000.0,0.0,70000000.0,181000000.0,16.52,1264000000.0
69,BBY,MRQ,2004-03-31,2004-02-28,2004-02-28,2021-08-31,86000000.0,8652000000.0,,5724000000.0,2928000000.0,,7.034,-96000000.0,245000000.0,245000000.0,6618000000.0,469000000.0,1.272,1.528,850000000.0,368000000.0,482000000.0,850000000.0,0.0,102000000.0,0.0,0.008,0.067,759000000.0,861000000.0,0.102,861000000.0,759000000.0,760000000.0,0.963,0.94,0.963,3422000000.0,,3422000000.0,16311730750.0,13.0,10.233,852000000.0,1.751,1.0,1831000000.0,0.217,514000000.0,-1000000.0,4242000000.0,,2607000000.0,2355000000.0,2355000000.0,0.0,5230000000.0,4501000000.0,729000000.0,17288730750.0,-41000000.0,0.0,-20000000.0,-4000000.0,-130000000.0,-108000000.0,-933000000.0,-814000000.0,948000000.0,-1000000.0,469000000.0,469000000.0,469000000.0,66000000.0,0.0,0.056,1072000000.0,759000000.0,2460000000.0,0.07,5.052,24.523,24.483,2244000000.0,0.0,35.5,0.704,0.701,343000000.0,2468000000.0,8449000000.0,8449000000.0,0.0,,,,,8000000.0,1072000000.0,1.0,487006500.0,486500000,528100000.0,17.367,8138000000.0,0.0,291000000.0,380000000.0,16.728,1223000000.0
70,BBY,MRQ,2003-12-31,2003-11-29,2003-11-29,2021-08-31,104000000.0,10083000000.0,,7144000000.0,2939000000.0,,6.204,-157000000.0,1827000000.0,1827000000.0,4546000000.0,122000000.0,1.2,2.342,850000000.0,14000000.0,836000000.0,850000000.0,0.0,98000000.0,0.0,0.005,0.2,202000000.0,300000000.0,0.05,300000000.0,202000000.0,198000000.0,0.253,0.247,0.253,3017000000.0,,3017000000.0,19184874000.0,19.0,14.075,99000000.0,0.204,1.0,1486000000.0,0.246,527000000.0,4000000.0,2625000000.0,,4428000000.0,0.0,0.0,0.0,7066000000.0,5954000000.0,1112000000.0,20064874000.0,93000000.0,0.0,-2000000.0,-5000000.0,0.0,-7000000.0,-158000000.0,0.0,256000000.0,2000000.0,122000000.0,122000000.0,122000000.0,0.0,0.0,0.02,1284000000.0,202000000.0,4501000000.0,0.791,6.651,36.682,36.481,2261000000.0,0.0,41.333,0.869,0.871,678000000.0,2032000000.0,6032000000.0,6032000000.0,0.0,,,,,0.0,1284000000.0,1.0,485440500.0,486300000,495750000.0,12.404,9556000000.0,0.0,76000000.0,99000000.0,19.65,1190000000.0
71,BBY,MRQ,2003-09-30,2003-08-30,2003-08-30,2021-08-31,67000000.0,7730000000.0,,4886000000.0,2844000000.0,,6.058,-137000000.0,1734000000.0,1734000000.0,4024000000.0,139000000.0,1.33,1.635,854000000.0,14000000.0,840000000.0,854000000.0,0.0,92000000.0,0.0,0.0,0.0,228000000.0,320000000.0,0.059,320000000.0,228000000.0,225000000.0,0.287,0.28,0.287,2934000000.0,,2934000000.0,16136971990.0,18.0,12.858,250000000.0,0.516,1.0,1372000000.0,0.254,495000000.0,3000000.0,2680000000.0,,2641000000.0,0.0,0.0,0.0,4796000000.0,3675000000.0,1121000000.0,16767971990.0,268000000.0,0.0,31000000.0,-8000000.0,0.0,23000000.0,-138000000.0,0.0,387000000.0,-1000000.0,139000000.0,139000000.0,139000000.0,1000000.0,0.0,0.026,1143000000.0,229000000.0,2590000000.0,0.0,5.715,34.645,34.673,2229000000.0,0.0,34.673,0.756,0.757,302000000.0,2007000000.0,5396000000.0,5396000000.0,0.0,,,,,0.0,1143000000.0,1.0,483598500.0,484350000,491700000.0,11.141,7235000000.0,0.0,86000000.0,43000000.0,14.938,1211000000.0
72,BBY,MRQ,2003-06-30,2003-05-31,2003-05-31,2021-08-31,76000000.0,7152000000.0,,4366000000.0,2786000000.0,,5.72,-155000000.0,1466000000.0,1466000000.0,3483000000.0,-25000000.0,1.333,1.588,835000000.0,6000000.0,829000000.0,835000000.0,0.0,93000000.0,0.0,0.0,0.0,20000000.0,113000000.0,0.024,113000000.0,20000000.0,18000000.0,-0.053,-0.053,-0.053,2763000000.0,,2763000000.0,11385814085.0,14.0,10.175,-411000000.0,-0.851,1.0,1185000000.0,0.254,502000000.0,2000000.0,2743000000.0,,2368000000.0,0.0,0.0,0.0,4389000000.0,3276000000.0,1113000000.0,12470814085.0,-448000000.0,0.0,5000000.0,0.0,0.0,5000000.0,-148000000.0,0.0,-256000000.0,1000000.0,-25000000.0,-25000000.0,-25000000.0,94000000.0,0.0,-0.005,1071000000.0,114000000.0,2357000000.0,0.0,4.514,30.641,30.714,2161000000.0,0.0,25.8,0.583,0.582,302000000.0,1868000000.0,4668000000.0,4668000000.0,0.0,,,,,0.0,1071000000.0,1.0,483364887.0,483000000,487800000.0,9.665,6650000000.0,26000000.0,43000000.0,0.0,13.768,1090000000.0
73,BBY,MRQ,2003-03-31,2003-03-01,2003-03-01,2021-08-31,27000000.0,7694000000.0,,4898000000.0,2796000000.0,,5.657,-171000000.0,1914000000.0,1914000000.0,5524000000.0,311000000.0,1.281,1.818,829000000.0,1000000.0,828000000.0,829000000.0,0.0,85000000.0,0.0,0.0,0.0,545000000.0,630000000.0,0.09,630000000.0,545000000.0,550000000.0,0.647,0.64,0.647,2730000000.0,,2730000000.0,9025545750.0,19.0,11.324,646000000.0,1.339,1.0,1462000000.0,0.209,462000000.0,-5000000.0,2323000000.0,,2077000000.0,0.0,0.0,0.0,4964000000.0,3824000000.0,1140000000.0,9352545750.0,531000000.0,0.0,1000000.0,2000000.0,0.0,-12000000.0,-353000000.0,-234000000.0,817000000.0,0.0,311000000.0,311000000.0,311000000.0,67000000.0,0.0,0.045,850000000.0,612000000.0,2195000000.0,0.0,3.426,94.47,93.623,2062000000.0,0.0,19.38,0.447,0.446,312000000.0,1893000000.0,6986000000.0,6986000000.0,0.0,,,,,0.0,850000000.0,1.0,482587500.0,482550000,522150000.0,14.477,7232000000.0,0.0,239000000.0,374000000.0,14.987,1074000000.0
74,BBY,MRQ,2002-12-31,2002-11-30,2002-11-30,2021-08-31,1000000.0,8738000000.0,,5918000000.0,2820000000.0,,4.954,-172000000.0,1149000000.0,1149000000.0,3881000000.0,59000000.0,1.131,2.658,824000000.0,2000000.0,822000000.0,824000000.0,0.0,79000000.0,0.0,0.0,0.0,113000000.0,192000000.0,0.037,192000000.0,113000000.0,113000000.0,0.12,0.12,0.12,2389000000.0,,2389000000.0,8614306720.0,18.0,11.849,84000000.0,0.174,1.0,1250000000.0,0.244,439000000.0,0.0,2742000000.0,,3423000000.0,0.0,0.0,0.0,6349000000.0,5232000000.0,1117000000.0,8901306720.0,35000000.0,0.0,3000000.0,-3000000.0,0.0,0.0,-175000000.0,0.0,256000000.0,0.0,59000000.0,59000000.0,59000000.0,27000000.0,0.0,0.011,1110000000.0,140000000.0,3674000000.0,0.0,3.726,64.502,64.297,2025000000.0,0.0,18.453,0.467,0.467,575000000.0,1582000000.0,5131000000.0,5131000000.0,0.0,,,,,0.0,1110000000.0,1.0,482368500.0,482250000,486150000.0,10.64,8299000000.0,0.0,54000000.0,122000000.0,17.209,686000000.0
75,BBY,MRQ,2002-09-30,2002-08-31,2002-08-31,2021-08-31,0.0,6804000000.0,,4124000000.0,2680000000.0,,4.826,-212000000.0,1114000000.0,1114000000.0,3471000000.0,62000000.0,1.234,1.925,827000000.0,6000000.0,821000000.0,827000000.0,0.0,72000000.0,0.0,0.0,0.0,112000000.0,184000000.0,0.04,184000000.0,112000000.0,110000000.0,0.127,0.127,0.127,2326000000.0,,2326000000.0,6392213600.0,13.0,8.569,-86000000.0,-0.178,1.0,1153000000.0,0.249,410000000.0,2000000.0,2764000000.0,,2133000000.0,0.0,0.0,0.0,4478000000.0,3343000000.0,1135000000.0,6813213600.0,-134000000.0,0.0,0.0,8000000.0,0.0,8000000.0,-210000000.0,0.0,126000000.0,0.0,62000000.0,62000000.0,62000000.0,17000000.0,0.0,0.013,1024000000.0,129000000.0,2081000000.0,0.0,2.929,42.85,42.442,1917000000.0,0.0,14.133,0.365,0.365,235000000.0,1523000000.0,4624000000.0,4624000000.0,0.0,,,,,0.0,1024000000.0,1.0,482067000.0,481950000,486750000.0,9.594,6394000000.0,0.0,48000000.0,96000000.0,13.267,781000000.0
76,BBY,MRQ,2002-06-30,2002-06-01,2002-06-01,2021-08-31,11000000.0,6784000000.0,,4275000000.0,2509000000.0,,4.731,-170000000.0,1248000000.0,1248000000.0,3122000000.0,-333000000.0,1.268,1.987,819000000.0,7000000.0,812000000.0,819000000.0,0.0,74000000.0,0.0,0.0,0.0,-283000000.0,-209000000.0,-0.05,-209000000.0,-283000000.0,-282000000.0,-0.693,-0.68,-0.693,2271000000.0,,2271000000.0,13775259941.0,26.0,17.593,-591000000.0,-1.231,1.0,1080000000.0,0.257,418000000.0,-1000000.0,2565000000.0,,2145000000.0,0.0,0.0,0.0,4513000000.0,3372000000.0,1141000000.0,14810259941.0,-613000000.0,0.0,36000000.0,-2000000.0,0.0,34000000.0,-172000000.0,0.0,-421000000.0,0.0,-333000000.0,-333000000.0,-333000000.0,330000000.0,0.0,-0.079,951000000.0,129000000.0,2174000000.0,0.0,6.521,81.375,79.587,1760000000.0,0.0,30.8,0.813,0.812,215000000.0,1462000000.0,4202000000.0,4202000000.0,0.0,,,,,0.0,951000000.0,1.0,480852596.0,480000000,489450000.0,8.754,6366000000.0,0.0,51000000.0,70000000.0,13.262,903000000.0
77,BBY,MRQ,2002-03-31,2002-03-02,2002-03-02,2021-08-31,-6000000.0,7367000000.0,,4600000000.0,2767000000.0,,5.278,-151000000.0,1861000000.0,1861000000.0,4146000000.0,350000000.0,1.242,1.922,815000000.0,7000000.0,808000000.0,815000000.0,0.0,19000000.0,0.0,0.0,0.0,541000000.0,560000000.0,0.11,560000000.0,541000000.0,565000000.0,0.733,0.727,0.733,2521000000.0,,2521000000.0,13934910100.0,15.0,12.086,614000000.0,1.286,1.0,948000000.0,0.186,465000000.0,-24000000.0,2151000000.0,,1875000000.0,0.0,0.0,0.0,4846000000.0,3705000000.0,1141000000.0,14399910100.0,1022000000.0,-8000000.0,12000000.0,674000000.0,0.0,686000000.0,-159000000.0,0.0,765000000.0,0.0,350000000.0,350000000.0,350000000.0,0.0,0.0,0.069,407000000.0,541000000.0,2202000000.0,0.0,5.712,25.263,25.196,1661000000.0,0.0,30.236,0.813,0.809,221000000.0,1794000000.0,5094000000.0,5094000000.0,0.0,,,,,0.0,407000000.0,1.0,476257500.0,477600000,487350000.0,10.666,6902000000.0,0.0,215000000.0,291000000.0,14.451,895000000.0
78,BBY,MRQ,2001-12-31,2001-12-01,2001-12-01,2021-08-31,0.0,7470000000.0,,4887000000.0,2583000000.0,,4.513,-148000000.0,843000000.0,843000000.0,3728000000.0,80000000.0,1.053,2.486,378000000.0,14000000.0,364000000.0,378000000.0,0.0,82000000.0,0.0,0.0,0.0,129000000.0,211000000.0,0.044,211000000.0,129000000.0,132000000.0,0.167,0.167,0.167,2143000000.0,,2143000000.0,14456295400.0,22.0,15.33,248000000.0,0.522,1.0,1028000000.0,0.216,750000000.0,-3000000.0,1615000000.0,,3459000000.0,0.0,0.0,0.0,5327000000.0,4640000000.0,687000000.0,15053295400.0,-118000000.0,-360000000.0,7000000.0,-5000000.0,0.0,2000000.0,-516000000.0,0.0,396000000.0,0.0,80000000.0,80000000.0,80000000.0,0.0,0.0,0.017,899000000.0,129000000.0,3645000000.0,0.0,7.024,36.715,36.22,1753000000.0,0.0,31.729,0.839,0.84,370000000.0,1444000000.0,4756000000.0,4756000000.0,0.0,,,,,0.0,899000000.0,1.0,474435000.0,474900000,483300000.0,10.015,6720000000.0,0.0,52000000.0,79000000.0,14.15,247000000.0
79,BBY,MRQ,2001-09-30,2001-09-01,2001-09-01,2021-08-31,0.0,5521000000.0,,3503000000.0,2018000000.0,,4.306,-142000000.0,961000000.0,961000000.0,3216000000.0,85000000.0,1.23,1.708,364000000.0,2000000.0,362000000.0,364000000.0,0.0,73000000.0,0.0,0.0,0.0,148000000.0,221000000.0,0.053,221000000.0,148000000.0,138000000.0,0.18,0.173,0.18,2039000000.0,,2039000000.0,12115092240.0,20.0,14.087,329000000.0,0.695,1.0,948000000.0,0.228,376000000.0,10000000.0,1701000000.0,,2092000000.0,0.0,0.0,0.0,3482000000.0,2847000000.0,635000000.0,12385092240.0,495000000.0,0.0,10000000.0,152000000.0,0.0,162000000.0,-138000000.0,0.0,471000000.0,0.0,85000000.0,85000000.0,85000000.0,0.0,0.0,0.02,800000000.0,148000000.0,2058000000.0,0.0,6.074,32.003,31.469,1558000000.0,0.0,26.213,0.732,0.734,236000000.0,1364000000.0,4164000000.0,4164000000.0,0.0,,,,,0.0,800000000.0,1.0,472473000.0,473550000,484200000.0,8.793,5145000000.0,0.0,53000000.0,30000000.0,10.865,656000000.0
80,BBY,MRQ,2001-06-30,2001-06-02,2001-06-02,2021-08-31,0.0,4809000000.0,,2851000000.0,1958000000.0,,4.1,-115000000.0,466000000.0,466000000.0,2851000000.0,55000000.0,1.125,1.496,196000000.0,19000000.0,177000000.0,196000000.0,0.0,71000000.0,0.0,0.0,0.0,90000000.0,161000000.0,0.044,161000000.0,90000000.0,91000000.0,0.12,0.113,0.12,1927000000.0,,1927000000.0,10855687200.0,18.0,13.724,-204000000.0,-0.434,1.0,846000000.0,0.229,381000000.0,-1000000.0,1623000000.0,,1981000000.0,0.0,0.0,0.0,2882000000.0,2535000000.0,347000000.0,11306617200.0,-281000000.0,0.0,19000000.0,-100000000.0,0.0,-81000000.0,-111000000.0,0.0,-89000000.0,0.0,55000000.0,55000000.0,55000000.0,0.0,0.0,0.015,756000000.0,90000000.0,1822000000.0,0.0,5.867,29.833,29.34,1496000000.0,0.0,24.0,0.71,0.708,193000000.0,1279000000.0,3697000000.0,3697000000.0,0.0,,,,,0.0,756000000.0,1.0,471109050.0,469950000,480150000.0,7.867,4428000000.0,0.0,36000000.0,18000000.0,9.422,316000000.0
81,BBY,MRQ,2001-03-31,2001-03-03,2001-03-03,2021-08-31,0.0,4840000000.0,,2929000000.0,1911000000.0,,3.898,-179000000.0,747000000.0,747000000.0,4255000000.0,190000000.0,1.079,1.656,296000000.0,115000000.0,181000000.0,296000000.0,0.0,53000000.0,0.0,0.0,0.0,297000000.0,350000000.0,0.066,350000000.0,297000000.0,310000000.0,0.409,0.396,0.409,1822000000.0,,1822000000.0,7629096900.0,13.0,9.895,407000000.0,0.871,1.0,1069000000.0,0.201,385000000.0,-13000000.0,1289000000.0,,1767000000.0,0.0,0.0,0.0,3018000000.0,2715000000.0,303000000.0,8331135900.0,14000000.0,-326000000.0,2000000.0,-4000000.0,0.0,-2000000.0,-512000000.0,0.0,586000000.0,0.0,190000000.0,190000000.0,190000000.0,5000000.0,0.0,0.036,767000000.0,302000000.0,1773000000.0,0.0,4.573,21.038,20.894,1444000000.0,0.0,17.822,0.548,0.546,209000000.0,1224000000.0,5324000000.0,5324000000.0,0.0,,,,,0.0,767000000.0,1.0,467457750.0,467475000,478275000.0,11.389,4455000000.0,0.0,120000000.0,127000000.0,9.53,214000000.0
82,BBY,MRQ,2000-12-31,2000-11-25,2000-11-25,2021-08-31,0.0,4782000000.0,,3653000000.0,1129000000.0,,3.479,-199000000.0,729000000.0,729000000.0,3043000000.0,57000000.0,1.212,1.941,27000000.0,6000000.0,21000000.0,27000000.0,0.0,43000000.0,0.0,0.0,0.0,85000000.0,128000000.0,0.034,128000000.0,85000000.0,93000000.0,0.124,0.12,0.124,1626000000.0,,1626000000.0,6138214500.0,11.0,8.658,-114000000.0,-0.244,1.0,689000000.0,0.185,0.0,-8000000.0,1065000000.0,,2328000000.0,0.0,0.0,0.0,3156000000.0,3015000000.0,141000000.0,6954432500.0,-116000000.0,0.0,2000000.0,-2000000.0,0.0,0.0,-201000000.0,0.0,85000000.0,0.0,57000000.0,57000000.0,57000000.0,0.0,0.0,0.015,604000000.0,85000000.0,2483000000.0,0.0,4.277,18.809,18.658,1050000000.0,0.0,14.889,0.49,0.491,427000000.0,1035000000.0,3732000000.0,3732000000.0,0.0,,,,,0.0,604000000.0,1.0,467088750.0,467325000,479250000.0,7.986,4782000000.0,0.0,36000000.0,14000000.0,10.233,638000000.0
83,BBY,MRQ,2000-09-30,2000-08-26,2000-08-26,2021-08-31,0.0,3644000000.0,,2676000000.0,968000000.0,,3.356,-198000000.0,845000000.0,845000000.0,2521000000.0,77000000.0,1.396,1.33,29000000.0,7000000.0,22000000.0,29000000.0,0.0,37000000.0,0.0,0.0,0.0,115000000.0,152000000.0,0.048,152000000.0,115000000.0,124000000.0,0.164,0.16,0.164,1564000000.0,,1564000000.0,14693538650.0,24.0,20.167,87000000.0,0.187,1.0,648000000.0,0.204,0.0,-9000000.0,911000000.0,,1457000000.0,0.0,0.0,0.0,2080000000.0,1917000000.0,163000000.0,15430125650.0,80000000.0,0.0,5000000.0,-9000000.0,0.0,-4000000.0,-201000000.0,0.0,285000000.0,0.0,77000000.0,77000000.0,77000000.0,0.0,0.0,0.024,533000000.0,115000000.0,1479000000.0,0.0,9.866,39.451,39.393,889000000.0,0.0,33.169,1.138,1.14,201000000.0,977000000.0,3169000000.0,3169000000.0,0.0,,,,,0.0,533000000.0,1.0,465198750.0,465975000,480375000.0,6.801,3644000000.0,0.0,47000000.0,0.0,7.82,759000000.0
84,BBY,MRQ,2000-06-30,2000-05-27,2000-05-27,2021-08-31,0.0,3261000000.0,,2454000000.0,807000000.0,,3.174,-112000000.0,765000000.0,765000000.0,2358000000.0,72000000.0,1.487,1.238,29000000.0,16000000.0,13000000.0,29000000.0,0.0,32000000.0,0.0,0.0,0.0,109000000.0,141000000.0,0.048,141000000.0,109000000.0,117000000.0,0.156,0.151,0.156,1457000000.0,,1457000000.0,12159925456.0,21.0,17.657,-207000000.0,-0.451,1.0,606000000.0,0.204,0.0,-8000000.0,875000000.0,,1314000000.0,0.0,0.0,0.0,1804000000.0,1650000000.0,154000000.0,12879998456.0,14000000.0,0.0,226000000.0,-2000000.0,0.0,224000000.0,-115000000.0,0.0,-95000000.0,0.0,72000000.0,72000000.0,72000000.0,0.0,0.0,0.024,497000000.0,109000000.0,1223000000.0,0.0,8.84,34.606,34.569,744000000.0,0.0,27.724,0.985,0.973,202000000.0,901000000.0,2964000000.0,2964000000.0,0.0,,,,,0.0,497000000.0,1.0,464571922.0,459000000,475875000.0,6.458,3261000000.0,0.0,45000000.0,0.0,7.105,804000000.0
85,BBY,MRQ,2000-03-31,2000-02-26,2000-02-26,2021-08-31,0.0,2995342000.0,,2238460000.0,756882000.0,,2.4,-126376000.0,750723000.0,750723000.0,3504481000.0,163735000.0,1.254,1.733,30650000.0,15790000.0,14860000.0,30650000.0,0.0,32866000.0,0.0,0.0,0.0,255105000.0,287971000.0,0.067,287971000.0,255105000.0,265965000.0,0.353,0.344,0.353,1095985000.0,,1095985000.0,9329656000.0,17.0,14.51,477974000.0,1.047,1.0,810111000.0,0.188,0.0,-10860000.0,490220000.0,,1183681000.0,0.0,0.0,0.0,1899357000.0,1785049000.0,114308000.0,9811728000.0,235980000.0,0.0,-236128000.0,-2128000.0,0.0,-238256000.0,-130114000.0,0.0,604350000.0,0.0,163735000.0,163735000.0,163735000.0,0.0,0.0,0.038,555006000.0,255105000.0,1313940000.0,0.0,8.952,28.276,28.331,698084000.0,0.0,21.333,0.785,0.785,189301000.0,828457000.0,4314592000.0,4314592000.0,0.0,,,,,0.0,555006000.0,1.0,459924750.0,456628500,472747500.0,9.449,2995342000.0,0.0,102230000.0,65366000.0,6.56,453411000.0
86,BBY,MRQ,1999-12-31,1999-11-27,1999-11-27,2021-08-31,0.0,3772053000.0,,3108779000.0,663274000.0,,2.514,-110891000.0,514797000.0,514797000.0,2516970000.0,78389000.0,1.235,2.256,32725000.0,9046000.0,23679000.0,32725000.0,0.0,25024000.0,0.0,0.0,0.0,122588000.0,147612000.0,0.048,147612000.0,122588000.0,127039000.0,0.169,0.164,0.169,1158389000.0,,1158389000.0,11443403600.0,25.0,21.111,113491000.0,0.246,1.0,590367000.0,0.19,0.0,-4451000.0,772928000.0,,2082543000.0,0.0,0.0,0.0,2613664000.0,2517053000.0,96611000.0,11881027600.0,41353000.0,0.0,-58457000.0,-3095000.0,0.0,-61552000.0,-121477000.0,0.0,224382000.0,0.0,78389000.0,78389000.0,78389000.0,0.0,0.0,0.025,467779000.0,122588000.0,2070254000.0,0.0,10.257,40.678,40.194,609087000.0,0.0,25.724,1.021,1.019,383461000.0,664652000.0,3107337000.0,3107337000.0,0.0,,,,,0.0,467779000.0,1.0,461857500.0,460764000,478710000.0,6.744,3772053000.0,0.0,48650000.0,44142000.0,8.187,591726000.0
87,BBY,MRQ,1999-09-30,1999-08-28,1999-08-28,2021-08-31,0.0,2628183000.0,,2064416000.0,563767000.0,,2.459,-107796000.0,473444000.0,473444000.0,2156120000.0,58067000.0,1.476,1.317,35820000.0,10130000.0,25690000.0,35820000.0,0.0,22472000.0,0.0,0.0,0.0,89606000.0,112078000.0,0.042,112078000.0,89606000.0,93882000.0,0.124,0.12,0.124,1134507000.0,,1134507000.0,14322645000.0,34.0,28.376,17876000.0,0.039,1.0,530520000.0,0.197,0.0,-4276000.0,792316000.0,,1287646000.0,0.0,0.0,0.0,1493676000.0,1398243000.0,95433000.0,14775935000.0,-37439000.0,0.0,-27117000.0,-21773000.0,0.0,-48890000.0,-114221000.0,0.0,125672000.0,0.0,58067000.0,58067000.0,58067000.0,0.0,0.0,0.022,440914000.0,89606000.0,1058921000.0,0.0,13.024,55.294,54.522,522820000.0,0.0,32.222,1.341,1.349,178492000.0,586263000.0,2686640000.0,2686640000.0,0.0,,,,,0.0,440914000.0,1.0,458563500.0,461335500,481290750.0,5.824,2628183000.0,0.0,35815000.0,0.0,5.697,666173000.0
88,BBY,MRQ,1999-06-30,1999-05-29,1999-05-29,2021-08-31,0.0,2363261000.0,,1886213000.0,477048000.0,,2.306,-36937000.0,510883000.0,510883000.0,1923429000.0,46809000.0,1.559,1.233,57593000.0,29191000.0,28402000.0,57593000.0,0.0,23638000.0,0.0,0.0,0.0,71701000.0,95339000.0,0.04,95339000.0,71701000.0,76114000.0,0.102,0.098,0.102,1058460000.0,,1058460000.0,8586099659.0,21.0,17.894,-215341000.0,-0.469,1.0,462002000.0,0.194,0.0,-4413000.0,700292000.0,,1111396000.0,0.0,0.0,0.0,1304801000.0,1209679000.0,95122000.0,9311279659.0,-274894000.0,0.0,-43298000.0,-3004000.0,0.0,-46302000.0,-50188000.0,0.0,-178404000.0,0.0,46809000.0,46809000.0,46809000.0,0.0,0.0,0.02,390301000.0,71701000.0,867329000.0,0.0,8.797,37.154,36.111,437387000.0,0.0,20.222,0.886,0.883,145699000.0,528196000.0,2385431000.0,2385431000.0,0.0,,,,,0.0,390301000.0,1.0,460447895.0,459076500,479877750.0,5.196,2363261000.0,0.0,29305000.0,10682000.0,5.148,676534000.0
89,BBY,MRQ,1999-03-31,1999-02-27,1999-02-27,2021-08-31,0.0,2531623000.0,,2071827000.0,459796000.0,,2.269,-70658000.0,785777000.0,785777000.0,2840651000.0,108807000.0,1.47,1.449,60597000.0,30088000.0,30509000.0,60597000.0,0.0,17233000.0,0.0,0.0,0.0,169791000.0,187024000.0,0.054,187024000.0,169791000.0,176921000.0,0.244,0.227,0.244,1033945000.0,,1033945000.0,9062576500.0,26.0,21.33,376290000.0,0.826,1.0,615379000.0,0.178,0.0,-7130000.0,396727000.0,,1046366000.0,0.0,0.0,0.0,1497678000.0,1409716000.0,87962000.0,9356805500.0,376404000.0,0.0,8496000.0,-3365000.0,0.0,5131000.0,-75675000.0,0.0,446948000.0,0.0,108807000.0,108807000.0,108807000.0,0.0,0.0,0.031,445588000.0,169791000.0,1011746000.0,0.0,9.05,43.262,42.585,423640000.0,0.0,20.611,0.93,0.918,132401000.0,481387000.0,3456030000.0,3456030000.0,0.0,,,,,0.0,445588000.0,1.0,453969000.0,455692500,476968500.0,7.584,2531623000.0,0.0,68114000.0,46851000.0,5.556,662111000.0
90,BBY,MRQ,1998-12-31,1998-11-28,1998-11-28,2021-08-31,0.0,2875517000.0,,2479976000.0,395541000.0,,1.968,-63916000.0,409373000.0,409373000.0,2048252000.0,53543000.0,1.311,2.221,63962000.0,32132000.0,31830000.0,63962000.0,0.0,20072000.0,0.0,0.0,0.0,90230000.0,110302000.0,0.044,110302000.0,90230000.0,87040000.0,0.12,0.111,0.12,892813000.0,,892813000.0,5593952100.0,21.0,16.207,98554000.0,0.217,1.0,444215000.0,0.178,0.0,3190000.0,639026000.0,,1684928000.0,0.0,0.0,0.0,1982704000.0,1891080000.0,91624000.0,5807375100.0,-82259000.0,0.0,-404000.0,-153411000.0,0.0,-153815000.0,-90914000.0,0.0,162470000.0,0.0,53543000.0,53543000.0,53543000.0,0.0,0.0,0.021,353985000.0,90230000.0,1534021000.0,0.0,6.505,36.528,34.06,373427000.0,0.0,12.807,0.615,0.615,278468000.0,372580000.0,2492467000.0,2492467000.0,0.0,,,,,0.0,353985000.0,1.0,453465000.0,453627000,472603500.0,5.495,2875517000.0,0.0,33497000.0,0.0,6.339,588896000.0
91,BBY,MRQ,1998-09-30,1998-08-29,1998-08-29,2021-08-31,0.0,2226669000.0,,1877894000.0,348775000.0,,1.851,-19040000.0,491632000.0,491632000.0,1771775000.0,41455000.0,1.445,1.659,217373000.0,182078000.0,35295000.0,217373000.0,0.0,18718000.0,0.0,0.0,0.0,68437000.0,87155000.0,0.04,87155000.0,68437000.0,67427000.0,0.093,0.089,0.093,837444000.0,,837444000.0,4192381300.0,18.0,13.743,117423000.0,0.26,1.0,405991000.0,0.186,0.0,1010000.0,652518000.0,,1167966000.0,0.0,0.0,0.0,1389225000.0,1299892000.0,89333000.0,4326370300.0,94334000.0,0.0,3925000.0,-4935000.0,0.0,-1010000.0,-41119000.0,0.0,136463000.0,0.0,41455000.0,41455000.0,41455000.0,0.0,0.0,0.019,337554000.0,68437000.0,860116000.0,0.0,5.166,32.81,29.765,328194000.0,0.0,9.584,0.478,0.479,140714000.0,319038000.0,2177766000.0,2177766000.0,0.0,,,,,0.0,337554000.0,1.0,451395000.0,452315250,472167000.0,4.815,2226669000.0,0.0,25972000.0,0.0,4.923,578002000.0
92,BBY,MRQ,1998-06-30,1998-05-30,1998-05-30,2021-08-31,0.0,1983353000.0,,1635831000.0,347522000.0,,1.822,-12084000.0,397298000.0,397298000.0,1589445000.0,12477000.0,1.743,1.525,221637000.0,14390000.0,207247000.0,221637000.0,0.0,17604000.0,0.0,0.0,0.0,22784000.0,40388000.0,0.021,40388000.0,22784000.0,20289000.0,0.031,0.027,0.031,785442000.0,,785442000.0,2996480650.0,16.0,11.702,-104027000.0,-0.241,1.0,348938000.0,0.18,0.0,2495000.0,869324000.0,,1101144000.0,0.0,0.0,0.0,1197911000.0,938368000.0,259543000.0,3255720650.0,-122829000.0,0.0,6165000.0,-3685000.0,0.0,2480000.0,-33366000.0,0.0,-91943000.0,0.0,12477000.0,12477000.0,12477000.0,0.0,0.0,0.006,326154000.0,22784000.0,703301000.0,0.0,4.145,33.545,29.24,327638000.0,0.0,7.222,0.376,0.359,75563000.0,277583000.0,1938383000.0,1938383000.0,0.0,,,,,0.0,326154000.0,1.0,450792090.0,431034750,449507250.0,4.497,1983353000.0,0.0,7812000.0,0.0,4.601,697463000.0
93,BBY,MRQ,1998-03-31,1998-02-28,1998-02-28,2021-08-31,0.0,2070371000.0,,1716751000.0,353620000.0,,1.347,-24108000.0,520127000.0,520127000.0,2394639000.0,51511000.0,1.634,2.865,225322000.0,14925000.0,210397000.0,225322000.0,0.0,18956000.0,0.0,0.0,0.0,88347000.0,107303000.0,0.038,107303000.0,88347000.0,83513000.0,0.131,0.129,0.131,535712000.0,,535712000.0,2773131373.0,17.0,11.652,284830000.0,0.716,1.0,437007000.0,0.154,0.0,4834000.0,724987000.0,,1060788000.0,0.0,0.0,0.0,1534659000.0,1050579000.0,484080000.0,2615042373.0,398067000.0,0.0,10396000.0,72683000.0,0.0,83079000.0,6050000.0,0.0,308938000.0,0.0,51511000.0,51511000.0,51511000.0,0.0,0.0,0.018,348660000.0,88347000.0,762652000.0,0.0,4.881,31.915,31.664,332924000.0,0.0,6.618,0.314,0.313,95702000.0,265105000.0,2831646000.0,2831646000.0,0.0,,,,,0.0,348660000.0,1.0,395154153.0,397804500,450564750.0,7.118,2070371000.0,0.0,32002000.0,24608000.0,5.204,666172000.0
94,BBY,MRQ,1997-12-31,1997-11-29,1997-11-29,2021-08-31,0.0,2401046000.0,,2059451000.0,341595000.0,,1.203,-20019000.0,122060000.0,122060000.0,1768471000.0,26418000.0,1.409,4.057,280149000.0,68525000.0,211624000.0,280149000.0,21596000.0,17287000.0,0.0,0.0,0.0,52919000.0,70206000.0,0.033,70206000.0,52919000.0,43318000.0,0.067,0.064,0.067,474824000.0,,474824000.0,,,,26948000.0,0.068,1.0,337890000.0,0.16,0.0,9601000.0,1096977000.0,,1679721000.0,0.0,0.0,0.0,1926222000.0,1462158000.0,464064000.0,1278982275.0,20707000.0,0.0,993000.0,-17944000.0,0.0,-16951000.0,-9309000.0,0.0,46967000.0,0.0,26418000.0,26418000.0,26418000.0,0.0,0.0,0.013,284971000.0,52919000.0,1164128000.0,0.0,2.694,41.223,41.496,326960000.0,0.0,3.237,0.163,0.163,197192000.0,223113000.0,2106361000.0,2106361000.0,0.0,,,,,0.0,284971000.0,1.0,395154153.0,394627500,453433500.0,5.338,2401046000.0,10058000.0,16900000.0,3578000.0,6.084,597293000.0
95,BBY,MRQ,1997-09-30,1997-08-30,1997-08-30,2021-08-31,0.0,1833252000.0,,1494001000.0,339251000.0,,1.133,-21153000.0,101353000.0,101353000.0,1504296000.0,6648000.0,1.636,3.103,298093000.0,80273000.0,217820000.0,298093000.0,44417000.0,18246000.0,0.0,0.0,0.0,19926000.0,38172000.0,0.021,38172000.0,19926000.0,10896000.0,0.018,0.016,0.018,446841000.0,,446841000.0,,,,14370000.0,0.036,1.0,288908000.0,0.161,0.0,9030000.0,1117064000.0,,1188361000.0,0.0,0.0,0.0,1386411000.0,912928000.0,473483000.0,,6444000.0,0.0,93000.0,-19912000.0,0.0,-19819000.0,-9260000.0,0.0,35523000.0,0.0,6648000.0,6648000.0,6648000.0,0.0,0.0,0.004,268982000.0,19926000.0,630763000.0,0.0,,,-111.503,324228000.0,0.0,1.896,,0.097,114354000.0,196695000.0,1793204000.0,1793204000.0,0.0,,,,,0.0,268982000.0,1.0,,394276500,399226500.0,4.548,1833252000.0,25753000.0,4248000.0,3578000.0,4.65,581073000.0
96,BBY,MRQ,1997-06-30,1997-05-31,1997-05-31,2021-08-31,0.0,1720681000.0,,1382025000.0,338656000.0,,1.123,-6783000.0,94909000.0,94909000.0,1358668000.0,-2639000.0,1.706,2.91,318005000.0,105396000.0,212609000.0,318005000.0,49363000.0,17095000.0,0.0,0.0,0.0,5216000.0,22311000.0,0.014,22311000.0,5216000.0,-4324000.0,-0.007,-0.007,-0.007,440089000.0,,440089000.0,,,,52232000.0,0.133,1.0,247883000.0,0.154,0.0,9540000.0,1133829000.0,,1110017000.0,0.0,0.0,0.0,1280592000.0,809948000.0,470644000.0,,5101000.0,0.0,3387000.0,-47521000.0,0.0,-44134000.0,-9780000.0,0.0,59015000.0,0.0,-2639000.0,-2639000.0,-2639000.0,0.0,0.0,-0.002,242667000.0,5216000.0,520354000.0,0.0,,,,321321000.0,0.0,1.514,,,84423000.0,190047000.0,1606551000.0,1606551000.0,0.0,,,,,0.0,242667000.0,1.0,,392031000,392031000.0,4.098,1720681000.0,27847000.0,-1685000.0,3578000.0,4.389,572077000.0
97,BBY,MRQ,1997-03-31,1997-03-01,1997-03-01,2021-08-31,0.0,1734307000.0,,1385035000.0,349272000.0,,1.124,-62241000.0,89808000.0,89808000.0,2021738000.0,599000.0,1.694,2.957,365526000.0,148901000.0,216625000.0,365526000.0,52812000.0,16569000.0,0.0,0.0,0.0,10689000.0,27258000.0,0.012,27258000.0,10689000.0,990000.0,0.0,,0.0,438315000.0,,438315000.0,,,,273072000.0,0.7,1.0,312806000.0,0.134,0.0,9699000.0,1192446000.0,,1132059000.0,0.0,0.0,0.0,1295992000.0,817579000.0,478413000.0,,46613000.0,0.0,85000.0,-294495000.0,0.0,-294410000.0,5710000.0,0.0,335313000.0,0.0,599000.0,599000.0,599000.0,0.0,0.0,0.0,302117000.0,10689000.0,487802000.0,,,,-57.099,331633000.0,0.0,1.028,,0.051,79581000.0,192686000.0,2334544000.0,2334544000.0,0.0,,,,,0.0,302117000.0,1.0,,389961000,,5.987,1734307000.0,25560000.0,391000.0,3578000.0,4.447,567456000.0
98,BBY,MRQ,1996-12-31,1996-11-30,1996-11-30,2021-08-31,0.0,2576047000.0,,2242744000.0,333303000.0,,1.104,,43195000.0,43195000.0,1758556000.0,-10973000.0,1.343,4.995,626149000.0,413381000.0,212768000.0,626149000.0,59213000.0,,0.0,0.0,0.0,-3110000.0,,,,-3110000.0,-17993000.0,-0.028,,-0.028,429685000.0,,429685000.0,,,,,,1.0,248768000.0,0.124,0.0,14883000.0,1488534000.0,,1844782000.0,0.0,0.0,0.0,2146362000.0,1670467000.0,475895000.0,,,,,,,,,,,,-10973000.0,-10973000.0,-10973000.0,0.0,0.0,-0.005,251878000.0,-3110000.0,1047941000.0,0.0,,,,320465000.0,0.0,1.417,,,217106000.0,184162000.0,2007324000.0,2007324000.0,0.0,,,,,,251878000.0,1.0,,389259000,,5.157,2576047000.0,32478000.0,-7020000.0,0.0,6.618,572277000.0
0,BBY,MRT,2021-06-30,2021-07-31,2021-07-31,2021-08-31,335000000.0,18579000000.0,19138250000.0,12040000000.0,6539000000.0,2.731,17.326,-696000000.0,4340000000.0,4340000000.0,40413000000.0,2536000000.0,1.162,3.286,4100000000.0,767000000.0,3333000000.0,4100000000.0,854000000.0,855000000.0,0.0,0.022,2.5,3195000000.0,4050000000.0,0.077,4050000000.0,3195000000.0,3163000000.0,9.92,9.8,9.92,4335000000.0,4291500000.0,4335000000.0,27853640764.0,9.0,6.877,1307000000.0,5.224,1.0,11863000000.0,0.227,986000000.0,32000000.0,6996000000.0,6699500000.0,6417000000.0,0.0,0.0,0.0,14244000000.0,10357000000.0,3887000000.0,28140640764.0,-948000000.0,0.0,-1545000000.0,-27000000.0,-634000000.0,-2206000000.0,-763000000.0,-61000000.0,2003000000.0,18000000.0,2536000000.0,2536000000.0,2536000000.0,0.0,0.0,0.049,8703000000.0,3160000000.0,6946000000.0,0.252,6.491,11.096,11.326,4896000000.0,0.0,112.35,0.538,0.538,883000000.0,3975000000.0,52276000000.0,52276000000.0,0.0,0.133,0.591,0.477,0.061,141000000.0,8488000000.0,1.0,250472993.0,250200000,252800000.0,208.937,17593000000.0,0.0,627000000.0,0.0,70.316,1683000000.0
1,BBY,MRT,2021-03-31,2021-05-01,2021-05-01,2021-08-31,338000000.0,17705000000.0,18846500000.0,11268000000.0,6437000000.0,2.671,16.428,-696000000.0,4278000000.0,4278000000.0,39014000000.0,2234000000.0,1.169,3.258,3991000000.0,779000000.0,3212000000.0,3991000000.0,734000000.0,848000000.0,0.0,0.02,2.35,2967000000.0,3815000000.0,0.076,3815000000.0,2967000000.0,2926000000.0,8.66,8.55,8.66,4158000000.0,4152250000.0,4158000000.0,27660717733.0,9.0,7.251,3509000000.0,13.864,1.0,11323000000.0,0.225,986000000.0,41000000.0,6791000000.0,6259000000.0,5721000000.0,60000000.0,60000000.0,0.0,13547000000.0,9641000000.0,3906000000.0,29072717733.0,359000000.0,0.0,-1149000000.0,-1274000000.0,-602000000.0,-3014000000.0,-862000000.0,-159000000.0,4205000000.0,30000000.0,2234000000.0,2234000000.0,2234000000.0,0.0,0.0,0.044,8392000000.0,2931000000.0,6360000000.0,0.271,6.992,13.014,13.426,4796000000.0,0.0,116.27,0.578,0.585,850000000.0,3762000000.0,50337000000.0,50337000000.0,0.0,0.119,0.538,0.474,0.059,157000000.0,8181000000.0,1.0,250044876.0,253100000,256700000.0,198.882,16719000000.0,0.0,692000000.0,0.0,66.057,1627000000.0
2,BBY,MRT,2020-12-31,2021-01-30,2021-01-30,2021-08-31,328000000.0,19067000000.0,18321500000.0,12540000000.0,6527000000.0,2.58,17.669,-713000000.0,5494000000.0,5494000000.0,36689000000.0,1798000000.0,1.192,3.157,4082000000.0,817000000.0,3265000000.0,4082000000.0,711000000.0,839000000.0,0.0,0.02,2.2,2429000000.0,3268000000.0,0.069,3268000000.0,2429000000.0,2377000000.0,6.93,6.84,6.93,4587000000.0,3965250000.0,4587000000.0,27770378795.0,11.0,8.498,4214000000.0,16.233,1.0,10573000000.0,0.224,986000000.0,52000000.0,6148000000.0,6361000000.0,5612000000.0,0.0,0.0,0.0,14480000000.0,10521000000.0,3959000000.0,28178378795.0,3270000000.0,0.0,-284000000.0,-24000000.0,-568000000.0,-876000000.0,-788000000.0,-74000000.0,4927000000.0,7000000.0,1798000000.0,1798000000.0,1798000000.0,0.0,0.0,0.038,8182000000.0,2391000000.0,6979000000.0,0.317,6.143,15.672,15.703,4872000000.0,0.0,108.82,0.596,0.598,1061000000.0,4233000000.0,47262000000.0,47262000000.0,0.0,0.098,0.453,0.382,0.051,135000000.0,7928000000.0,1.0,258944852.0,259600000,263000000.0,182.057,18081000000.0,0.0,579000000.0,0.0,69.649,2019000000.0
3,BBY,MRT,2020-09-30,2020-10-31,2020-10-31,2021-08-31,268000000.0,21202000000.0,17452500000.0,14551000000.0,6651000000.0,2.608,15.727,-691000000.0,5136000000.0,5136000000.0,35256000000.0,1727000000.0,1.124,4.189,4728000000.0,1355000000.0,3373000000.0,4728000000.0,788000000.0,833000000.0,0.0,0.019,2.15,2358000000.0,3191000000.0,0.07,3191000000.0,2358000000.0,2301000000.0,6.61,6.53,6.61,4086000000.0,3688250000.0,4086000000.0,27760725552.0,12.0,8.7,4844000000.0,18.645,1.0,10265000000.0,0.226,986000000.0,57000000.0,6863000000.0,6920750000.0,7459000000.0,545000000.0,545000000.0,0.0,17116000000.0,12945000000.0,4171000000.0,28872725552.0,3939000000.0,0.0,-338000000.0,627000000.0,-555000000.0,-268000000.0,-1321000000.0,-631000000.0,5535000000.0,-7000000.0,1727000000.0,1727000000.0,1727000000.0,0.0,0.0,0.038,7940000000.0,2325000000.0,9110000000.0,0.325,7.066,16.718,16.876,4957000000.0,0.0,111.55,0.634,0.637,1028000000.0,3659000000.0,45521000000.0,45521000000.0,0.0,0.099,0.468,0.341,0.052,141000000.0,7828000000.0,1.0,258832143.0,259800000,263700000.0,175.216,20216000000.0,0.0,574000000.0,0.0,77.814,1606000000.0
4,BBY,MRT,2020-06-30,2020-08-01,2020-08-01,2021-08-31,256000000.0,17412000000.0,16383500000.0,10683000000.0,6729000000.0,2.651,14.559,-698000000.0,5305000000.0,5305000000.0,33601000000.0,1629000000.0,1.06,3.609,4193000000.0,1355000000.0,2838000000.0,4193000000.0,699000000.0,825000000.0,0.0,0.021,2.1,2197000000.0,3022000000.0,0.07,3022000000.0,2197000000.0,2135000000.0,6.22,6.15,6.22,3778000000.0,3448000000.0,3778000000.0,27108997792.0,12.0,8.971,5030000000.0,19.383,1.0,9831000000.0,0.226,986000000.0,62000000.0,5234000000.0,7482500000.0,4136000000.0,0.0,0.0,0.0,13634000000.0,10080000000.0,3554000000.0,25724997792.0,4018000000.0,-20000000.0,-694000000.0,-14000000.0,-544000000.0,-1254000000.0,-450000000.0,265000000.0,5728000000.0,-6000000.0,1629000000.0,1629000000.0,1629000000.0,0.0,0.0,0.038,7672000000.0,2159000000.0,6613000000.0,0.338,6.809,15.792,16.011,5047000000.0,0.0,99.59,0.592,0.595,906000000.0,3413000000.0,43432000000.0,43432000000.0,0.0,0.099,0.472,0.294,0.051,134000000.0,7678000000.0,1.0,258309045.0,259500000,262100000.0,167.368,16426000000.0,0.0,506000000.0,0.0,63.299,603000000.0
5,BBY,MRT,2020-03-31,2020-05-02,2020-05-02,2021-08-31,243000000.0,15605000000.0,15775000000.0,8996000000.0,6609000000.0,2.73,13.202,-728000000.0,3919000000.0,3919000000.0,33214000000.0,1435000000.0,1.022,3.576,5303000000.0,2606000000.0,2697000000.0,5303000000.0,531000000.0,819000000.0,0.0,0.028,2.05,1944000000.0,2763000000.0,0.064,2763000000.0,1944000000.0,1881000000.0,5.44,5.39,5.44,3410000000.0,3324750000.0,3410000000.0,20408740357.0,10.0,7.386,2662000000.0,10.306,1.0,9844000000.0,0.229,986000000.0,63000000.0,7199000000.0,8494500000.0,3993000000.0,0.0,0.0,0.0,12195000000.0,8804000000.0,3391000000.0,18568740357.0,2267000000.0,-145000000.0,-919000000.0,1235000000.0,-534000000.0,-223000000.0,-882000000.0,-13000000.0,3390000000.0,-18000000.0,1435000000.0,1435000000.0,1435000000.0,0.0,0.0,0.033,7940000000.0,1904000000.0,4428000000.0,0.377,5.445,12.94,13.283,4922000000.0,0.0,72.26,0.431,0.433,749000000.0,3126000000.0,43058000000.0,43058000000.0,0.0,0.091,0.432,0.229,0.045,122000000.0,7898000000.0,1.0,256971220.0,258300000,260400000.0,166.698,14619000000.0,0.0,446000000.0,0.0,56.597,192000000.0
6,BBY,MRT,2019-12-31,2020-02-01,2020-02-01,2021-08-31,295000000.0,15591000000.0,15511250000.0,8857000000.0,6734000000.0,2.813,13.133,-743000000.0,2229000000.0,2229000000.0,33590000000.0,1541000000.0,1.099,3.481,4069000000.0,674000000.0,3395000000.0,4069000000.0,501000000.0,812000000.0,0.0,0.024,2.0,2057000000.0,2869000000.0,0.066,2869000000.0,2057000000.0,1993000000.0,5.82,5.75,5.82,3479000000.0,3310750000.0,3479000000.0,24807861986.0,12.0,8.647,1822000000.0,6.878,1.0,10048000000.0,0.23,984000000.0,64000000.0,8387000000.0,8925250000.0,5174000000.0,0.0,0.0,0.0,12112000000.0,8060000000.0,4052000000.0,21915861986.0,171000000.0,-145000000.0,-955000000.0,-15000000.0,-527000000.0,-1498000000.0,-895000000.0,-8000000.0,2565000000.0,-1000000.0,1541000000.0,1541000000.0,1541000000.0,0.0,0.0,0.035,8039000000.0,2009000000.0,5288000000.0,0.344,6.299,14.222,14.552,5037000000.0,0.0,84.69,0.502,0.514,1149000000.0,3158000000.0,43638000000.0,43638000000.0,0.0,0.099,0.465,0.23,0.047,143000000.0,7998000000.0,1.0,258777447.0,264900000,268100000.0,164.734,14607000000.0,0.0,452000000.0,0.0,55.142,797000000.0
7,BBY,MRT,2019-09-30,2019-11-02,2019-11-02,2021-08-31,290000000.0,16926000000.0,14838750000.0,10175000000.0,6751000000.0,2.914,11.873,-786000000.0,1205000000.0,1205000000.0,33147000000.0,1531000000.0,1.046,4.416,4097000000.0,658000000.0,3439000000.0,4097000000.0,445000000.0,827000000.0,0.0,0.027,1.95,2068000000.0,2895000000.0,0.067,2895000000.0,2068000000.0,1998000000.0,5.67,5.6,5.67,3125000000.0,3267500000.0,3125000000.0,22064761973.0,11.0,7.622,1452000000.0,5.517,1.0,10096000000.0,0.233,982000000.0,70000000.0,9110000000.0,7798750000.0,7569000000.0,0.0,0.0,0.0,13801000000.0,9726000000.0,4075000000.0,19219761973.0,-107000000.0,-140000000.0,-1011000000.0,-22000000.0,-519000000.0,-1552000000.0,-793000000.0,131000000.0,2238000000.0,0.0,1531000000.0,1531000000.0,1531000000.0,0.0,0.0,0.035,8076000000.0,2020000000.0,7232000000.0,0.344,6.15,12.554,12.861,5110000000.0,0.0,72.92,0.444,0.444,1056000000.0,2809000000.0,43243000000.0,43243000000.0,0.0,0.103,0.469,0.265,0.048,140000000.0,8036000000.0,1.0,263573258.0,263200000,265200000.0,164.297,15944000000.0,0.0,467000000.0,0.0,60.578,449000000.0
8,BBY,MRT,2019-06-30,2019-08-03,2019-08-03,2021-08-31,294000000.0,14978000000.0,14357250000.0,8192000000.0,6786000000.0,3.0,12.299,-829000000.0,1289000000.0,1289000000.0,33010000000.0,1515000000.0,1.081,3.56,4134000000.0,657000000.0,3477000000.0,4134000000.0,468000000.0,813000000.0,0.0,0.028,1.9,2008000000.0,2821000000.0,0.065,2821000000.0,2008000000.0,1939000000.0,5.57,5.49,5.57,3285000000.0,3239250000.0,3285000000.0,20758466521.0,10.0,7.359,1096000000.0,4.103,1.0,10059000000.0,0.234,965000000.0,69000000.0,9282000000.0,6582250000.0,5208000000.0,320000000.0,320000000.0,0.0,11693000000.0,7576000000.0,4117000000.0,18300466521.0,-664000000.0,-912000000.0,-1023000000.0,467000000.0,-511000000.0,-1070000000.0,-1520000000.0,214000000.0,1925000000.0,1000000.0,1515000000.0,1515000000.0,1515000000.0,0.0,0.0,0.035,8112000000.0,1947000000.0,5045000000.0,0.341,5.571,12.08,12.303,5135000000.0,0.0,68.53,0.425,0.425,966000000.0,2965000000.0,43069000000.0,43069000000.0,0.0,0.106,0.468,0.305,0.047,134000000.0,8065000000.0,1.0,267043142.0,267100000,269400000.0,161.247,14013000000.0,0.0,424000000.0,0.0,52.463,616000000.0
9,BBY,MRT,2019-03-31,2019-05-04,2019-05-04,2021-08-31,289000000.0,14550000000.0,13611000000.0,8014000000.0,6536000000.0,3.153,12.534,-831000000.0,1561000000.0,1561000000.0,32907000000.0,1521000000.0,1.118,3.338,4019000000.0,653000000.0,3366000000.0,4019000000.0,409000000.0,794000000.0,0.0,0.025,1.85,2033000000.0,2827000000.0,0.066,2827000000.0,2033000000.0,1961000000.0,5.56,5.46,5.56,3354000000.0,3214500000.0,3354000000.0,19501363232.0,10.0,6.898,1375000000.0,5.138,1.0,10005000000.0,0.233,915000000.0,72000000.0,8922000000.0,5092250000.0,5195000000.0,0.0,0.0,0.0,11196000000.0,7171000000.0,4025000000.0,20093363232.0,-282000000.0,-787000000.0,-1189000000.0,-37000000.0,-503000000.0,-1728000000.0,-757000000.0,853000000.0,2206000000.0,-3000000.0,1521000000.0,1521000000.0,1521000000.0,0.0,0.0,0.035,8036000000.0,1969000000.0,4718000000.0,0.333,5.991,13.211,13.495,5042000000.0,0.0,75.03,0.468,0.468,833000000.0,3038000000.0,42912000000.0,42912000000.0,0.0,0.112,0.473,0.399,0.047,127000000.0,8020000000.0,1.0,267804388.0,267600000,271500000.0,160.359,13635000000.0,0.0,440000000.0,0.0,50.953,843000000.0
10,BBY,MRT,2018-12-31,2019-02-02,2019-02-02,2021-08-31,294000000.0,12901000000.0,12994000000.0,8870000000.0,4031000000.0,3.3,11.961,-819000000.0,1980000000.0,1980000000.0,32918000000.0,1464000000.0,1.181,2.902,1388000000.0,56000000.0,1332000000.0,1388000000.0,446000000.0,770000000.0,0.0,0.031,1.8,1961000000.0,2731000000.0,0.064,2731000000.0,1961000000.0,1888000000.0,5.3,5.2,5.3,3306000000.0,3231000000.0,3306000000.0,15832368739.0,8.0,5.797,1589000000.0,5.749,1.0,9961000000.0,0.232,915000000.0,73000000.0,3881000000.0,3885750000.0,5409000000.0,0.0,0.0,0.0,9595000000.0,7513000000.0,2082000000.0,15734368739.0,884000000.0,-787000000.0,-1467000000.0,-48000000.0,-497000000.0,-2018000000.0,508000000.0,2098000000.0,2408000000.0,-14000000.0,1464000000.0,1464000000.0,1464000000.0,0.0,0.0,0.034,8061000000.0,1900000000.0,5257000000.0,0.34,4.759,10.748,11.032,2510000000.0,0.0,58.47,0.367,0.377,1015000000.0,2985000000.0,42879000000.0,42879000000.0,0.0,0.113,0.453,0.505,0.046,123000000.0,8015000000.0,1.0,269101569.0,276400000,281400000.0,155.134,11986000000.0,0.0,424000000.0,0.0,43.365,1357000000.0
11,BBY,MRT,2018-09-30,2018-11-03,2018-11-03,2021-08-31,300000000.0,15000000000.0,13031000000.0,10901000000.0,4099000000.0,3.334,10.981,-818000000.0,1228000000.0,1228000000.0,33342000000.0,1093000000.0,1.097,3.98,1326000000.0,46000000.0,1280000000.0,1326000000.0,449000000.0,733000000.0,0.0,0.024,1.69,1860000000.0,2593000000.0,0.06,2593000000.0,1860000000.0,1789000000.0,3.87,3.78,3.87,3012000000.0,3307500000.0,3012000000.0,18720942629.0,10.0,7.22,1227000000.0,4.473,1.0,10099000000.0,0.232,921000000.0,71000000.0,4244000000.0,4180750000.0,8168000000.0,76000000.0,76000000.0,0.0,11988000000.0,9933000000.0,2055000000.0,19737942629.0,139000000.0,-792000000.0,-1955000000.0,-52000000.0,-475000000.0,-2488000000.0,588000000.0,2192000000.0,2045000000.0,-6000000.0,1093000000.0,1093000000.0,1093000000.0,0.0,0.0,0.025,8305000000.0,1794000000.0,7964000000.0,0.437,6.553,18.059,18.576,2525000000.0,0.0,71.89,0.454,0.454,921000000.0,2685000000.0,43441000000.0,43441000000.0,0.0,0.084,0.33,0.445,0.043,124000000.0,8248000000.0,1.0,274557555.0,274300000,279300000.0,158.37,14079000000.0,0.0,696000000.0,0.0,51.327,968000000.0
12,BBY,MRT,2018-06-30,2018-08-04,2018-08-04,2021-08-31,296000000.0,11993000000.0,12977250000.0,8771000000.0,3222000000.0,3.327,11.419,-767000000.0,1865000000.0,1865000000.0,33116000000.0,1055000000.0,1.213,2.764,848000000.0,47000000.0,801000000.0,848000000.0,438000000.0,712000000.0,0.0,0.021,1.58,1878000000.0,2590000000.0,0.06,2590000000.0,1878000000.0,1802000000.0,3.66,3.57,3.66,3186000000.0,3592500000.0,3186000000.0,20750137121.0,11.0,8.012,1790000000.0,6.416,1.0,10055000000.0,0.233,425000000.0,76000000.0,3322000000.0,4478250000.0,5016000000.0,465000000.0,465000000.0,0.0,8807000000.0,7229000000.0,1578000000.0,21256137121.0,507000000.0,0.0,-1940000000.0,-550000000.0,-454000000.0,-2947000000.0,906000000.0,1673000000.0,2557000000.0,-9000000.0,1055000000.0,1055000000.0,1055000000.0,-1000000.0,0.0,0.024,8233000000.0,1822000000.0,5338000000.0,0.432,6.672,20.148,20.787,2432000000.0,0.0,76.08,0.492,0.492,915000000.0,2863000000.0,43171000000.0,43171000000.0,0.0,0.081,0.294,0.419,0.044,125000000.0,8178000000.0,1.0,279391918.0,279000000,283700000.0,154.735,11568000000.0,0.0,747000000.0,0.0,41.462,1542000000.0
13,BBY,MRT,2018-03-31,2018-05-05,2018-05-05,2021-08-31,310000000.0,12082000000.0,13340000000.0,8930000000.0,3152000000.0,3.203,12.102,-716000000.0,1848000000.0,1848000000.0,32753000000.0,1020000000.0,1.266,2.533,1342000000.0,550000000.0,792000000.0,1342000000.0,371000000.0,698000000.0,0.0,0.019,1.47,1858000000.0,2556000000.0,0.06,2556000000.0,1858000000.0,1783000000.0,3.47,3.38,3.47,3420000000.0,3882750000.0,3420000000.0,21802430058.0,12.0,8.53,1386000000.0,4.904,1.0,9979000000.0,0.234,425000000.0,75000000.0,4096000000.0,5123500000.0,4964000000.0,785000000.0,785000000.0,0.0,8662000000.0,7055000000.0,1607000000.0,21548430058.0,215000000.0,0.0,-1919000000.0,-47000000.0,-432000000.0,-2400000000.0,494000000.0,1209000000.0,2102000000.0,19000000.0,1020000000.0,1020000000.0,1020000000.0,-1000000.0,0.0,0.024,8171000000.0,1808000000.0,4619000000.0,0.424,6.301,21.126,21.965,2385000000.0,0.0,76.22,0.504,0.504,860000000.0,3082000000.0,42732000000.0,42732000000.0,0.0,0.076,0.263,0.363,0.043,130000000.0,8131000000.0,1.0,282713593.0,282600000,288300000.0,151.21,11657000000.0,0.0,763000000.0,0.0,41.249,1875000000.0
14,BBY,MRT,2017-12-31,2018-02-03,2018-02-03,2021-08-31,314000000.0,13049000000.0,13558250000.0,9829000000.0,3220000000.0,3.109,12.024,-688000000.0,1101000000.0,1101000000.0,32275000000.0,1000000000.0,1.257,2.613,1355000000.0,544000000.0,811000000.0,1355000000.0,453000000.0,683000000.0,0.0,0.019,1.36,1893000000.0,2576000000.0,0.061,2576000000.0,1893000000.0,1818000000.0,3.33,3.26,3.33,3612000000.0,4152500000.0,3612000000.0,21051339646.0,11.0,8.172,1453000000.0,4.837,1.0,9876000000.0,0.234,425000000.0,75000000.0,5061000000.0,5538500000.0,5209000000.0,2032000000.0,2032000000.0,0.0,9437000000.0,7817000000.0,1620000000.0,20825339646.0,-1133000000.0,0.0,-1841000000.0,-46000000.0,-409000000.0,-2297000000.0,-1002000000.0,-307000000.0,2141000000.0,25000000.0,1000000000.0,1000000000.0,1000000000.0,-1000000.0,0.0,0.024,8033000000.0,1843000000.0,4873000000.0,0.408,5.766,20.825,21.393,2421000000.0,0.0,71.24,0.494,0.508,1049000000.0,3270000000.0,42151000000.0,42151000000.0,0.0,0.074,0.241,0.342,0.045,129000000.0,8023000000.0,1.0,292326497.0,300400000,307100000.0,140.316,12624000000.0,0.0,818000000.0,0.0,42.024,2012000000.0
15,BBY,MRT,2017-09-30,2017-10-28,2017-10-28,2021-08-31,304000000.0,14785000000.0,13760000000.0,11405000000.0,3380000000.0,2.927,13.882,-680000000.0,1103000000.0,1103000000.0,30785000000.0,1243000000.0,1.246,2.561,1329000000.0,545000000.0,784000000.0,1329000000.0,426000000.0,663000000.0,0.0,0.024,1.3,1893000000.0,2556000000.0,0.063,2556000000.0,1893000000.0,1818000000.0,4.02,3.94,4.02,4152000000.0,4426750000.0,4152000000.0,16503988374.0,9.0,6.457,1673000000.0,5.593,1.0,9485000000.0,0.236,425000000.0,75000000.0,5434000000.0,5631750000.0,6663000000.0,2237000000.0,2237000000.0,0.0,10633000000.0,9152000000.0,1481000000.0,16514988374.0,-234000000.0,0.0,-1114000000.0,-41000000.0,-398000000.0,-1554000000.0,-1045000000.0,-421000000.0,2353000000.0,12000000.0,1243000000.0,1243000000.0,1243000000.0,-1000000.0,0.0,0.031,7633000000.0,1852000000.0,6587000000.0,0.323,3.978,13.286,13.731,2352000000.0,0.0,55.2,0.41,0.41,971000000.0,3818000000.0,40270000000.0,40270000000.0,0.0,0.09,0.281,0.336,0.047,123000000.0,7624000000.0,1.0,299184572.0,299100000,305400000.0,134.637,14360000000.0,0.0,575000000.0,0.0,48.011,2253000000.0
16,BBY,MRT,2017-06-30,2017-07-29,2017-07-29,2021-08-31,321000000.0,13444000000.0,13699250000.0,10078000000.0,3366000000.0,2.912,14.295,-656000000.0,1365000000.0,1365000000.0,30487000000.0,1198000000.0,1.418,2.093,1354000000.0,44000000.0,1310000000.0,1354000000.0,427000000.0,656000000.0,0.0,0.022,1.24,1852000000.0,2508000000.0,0.063,2508000000.0,1852000000.0,1781000000.0,3.83,3.77,3.83,4347000000.0,4454000000.0,4347000000.0,17274031064.0,9.0,6.888,1296000000.0,4.262,1.0,9408000000.0,0.236,425000000.0,71000000.0,5903000000.0,5767500000.0,5167000000.0,2125000000.0,2125000000.0,0.0,9097000000.0,7105000000.0,1992000000.0,17578031064.0,-489000000.0,0.0,-925000000.0,-39000000.0,-385000000.0,-1350000000.0,-1094000000.0,-495000000.0,1952000000.0,3000000.0,1198000000.0,1198000000.0,1198000000.0,-2000000.0,0.0,0.03,7594000000.0,1814000000.0,5072000000.0,0.324,4.044,14.673,15.05,2327000000.0,0.0,57.64,0.441,0.439,965000000.0,3996000000.0,39895000000.0,39895000000.0,0.0,0.087,0.269,0.321,0.046,118000000.0,7582000000.0,1.0,304962371.0,304100000,310800000.0,131.19,13019000000.0,0.0,583000000.0,83000000.0,42.812,2973000000.0
17,BBY,MRT,2017-03-31,2017-04-29,2017-04-29,2021-08-31,266000000.0,12955000000.0,13651750000.0,9656000000.0,3299000000.0,2.893,14.55,-597000000.0,1651000000.0,1651000000.0,30171000000.0,1187000000.0,1.492,1.88,1347000000.0,45000000.0,1302000000.0,1347000000.0,371000000.0,653000000.0,0.0,0.023,1.18,1837000000.0,2490000000.0,0.063,2490000000.0,1837000000.0,1766000000.0,3.76,3.71,3.76,4499000000.0,4447000000.0,4499000000.0,15140032620.0,8.0,6.08,1711000000.0,5.534,1.0,9317000000.0,0.236,425000000.0,71000000.0,5756000000.0,5679750000.0,4637000000.0,1948000000.0,1948000000.0,0.0,8456000000.0,6470000000.0,1986000000.0,16015032620.0,-198000000.0,0.0,-794000000.0,-42000000.0,-372000000.0,-1210000000.0,-1260000000.0,-719000000.0,2308000000.0,-36000000.0,1187000000.0,1187000000.0,1187000000.0,-2000000.0,0.0,0.03,7535000000.0,1782000000.0,4599000000.0,0.314,3.56,13.492,13.779,2287000000.0,0.0,51.81,0.406,0.406,1011000000.0,4202000000.0,39488000000.0,39488000000.0,0.0,0.087,0.267,0.323,0.047,108000000.0,7525000000.0,1.0,309110840.0,309200000,315000000.0,127.71,12530000000.0,0.0,579000000.0,93000000.0,40.524,3186000000.0
18,BBY,MRT,2016-12-31,2017-01-28,2017-01-28,2021-08-31,279000000.0,13856000000.0,13638250000.0,10516000000.0,3340000000.0,2.889,14.785,-580000000.0,2240000000.0,2240000000.0,29963000000.0,1228000000.0,1.477,1.942,1365000000.0,44000000.0,1321000000.0,1365000000.0,418000000.0,654000000.0,0.0,0.036,1.57,1909000000.0,2563000000.0,0.065,2563000000.0,1909000000.0,1837000000.0,3.86,3.81,3.86,4709000000.0,4428750000.0,4709000000.0,13668024784.0,7.0,5.333,1977000000.0,6.207,1.0,9440000000.0,0.24,425000000.0,72000000.0,5434000000.0,5659500000.0,4864000000.0,1681000000.0,1681000000.0,0.0,9147000000.0,7122000000.0,2025000000.0,13642024784.0,272000000.0,0.0,-527000000.0,-394000000.0,-505000000.0,-1418000000.0,-877000000.0,-356000000.0,2557000000.0,10000000.0,1228000000.0,1228000000.0,1228000000.0,-21000000.0,0.0,0.031,7586000000.0,1854000000.0,4984000000.0,0.407,2.897,11.109,11.262,2293000000.0,0.0,43.47,0.346,0.351,1347000000.0,4399000000.0,39403000000.0,39403000000.0,0.0,0.09,0.277,0.337,0.048,108000000.0,7547000000.0,1.0,313826197.0,318500000,322600000.0,123.714,13431000000.0,0.0,609000000.0,26000000.0,42.17,3394000000.0
19,BBY,MRT,2016-09-30,2016-10-29,2016-10-29,2021-08-31,277000000.0,14542000000.0,13554000000.0,11021000000.0,3521000000.0,2.918,13.476,-545000000.0,1341000000.0,1341000000.0,30183000000.0,1100000000.0,1.35,2.413,1367000000.0,43000000.0,1324000000.0,1367000000.0,380000000.0,654000000.0,0.0,0.039,1.52,1790000000.0,2444000000.0,0.062,2444000000.0,1790000000.0,1716000000.0,3.33,3.3,3.33,4261000000.0,4346000000.0,4261000000.0,11826901659.0,7.0,4.839,1742000000.0,5.509,1.0,9361000000.0,0.237,425000000.0,74000000.0,5977000000.0,5782750000.0,6331000000.0,1777000000.0,1777000000.0,0.0,10281000000.0,8166000000.0,2115000000.0,12303901659.0,-455000000.0,-153000000.0,-1073000000.0,-394000000.0,-495000000.0,-1974000000.0,-756000000.0,-136000000.0,2287000000.0,-12000000.0,1100000000.0,1100000000.0,1100000000.0,-4000000.0,0.0,0.028,7617000000.0,1744000000.0,6233000000.0,0.456,2.888,11.185,11.646,2298000000.0,0.0,38.78,0.311,0.31,1174000000.0,3953000000.0,39544000000.0,39544000000.0,0.0,0.081,0.253,0.31,0.045,106000000.0,7574000000.0,1.0,317274411.0,316200000,320000000.0,125.06,14117000000.0,0.0,616000000.0,43000000.0,44.646,2855000000.0
20,BBY,MRT,2016-06-30,2016-07-30,2016-07-30,2021-08-31,296000000.0,13254000000.0,13710750000.0,9694000000.0,3560000000.0,2.875,13.463,-576000000.0,1861000000.0,1861000000.0,30148000000.0,1031000000.0,1.426,2.069,1384000000.0,43000000.0,1341000000.0,1384000000.0,380000000.0,658000000.0,0.0,0.044,1.47,1697000000.0,2355000000.0,0.06,2355000000.0,1697000000.0,1619000000.0,3.08,3.05,3.08,4319000000.0,4443250000.0,4319000000.0,10377492131.0,6.0,4.407,1756000000.0,5.474,1.0,9270000000.0,0.235,425000000.0,78000000.0,5552000000.0,5855250000.0,4908000000.0,1590000000.0,1590000000.0,0.0,8935000000.0,6800000000.0,2135000000.0,10844492131.0,-42000000.0,-143000000.0,-963000000.0,-389000000.0,-486000000.0,-1838000000.0,-539000000.0,101000000.0,2332000000.0,3000000.0,1031000000.0,1031000000.0,1031000000.0,2000000.0,0.0,0.026,7608000000.0,1662000000.0,4800000000.0,0.477,2.511,10.518,10.909,2295000000.0,0.0,33.6,0.275,0.273,926000000.0,3991000000.0,39418000000.0,39418000000.0,0.0,0.075,0.232,0.29,0.043,106000000.0,7558000000.0,1.0,322752742.0,320800000,322900000.0,122.874,12829000000.0,0.0,588000000.0,96000000.0,39.991,2894000000.0
21,BBY,MRT,2016-03-31,2016-04-30,2016-04-30,2021-08-31,316000000.0,12901000000.0,13787000000.0,9282000000.0,3619000000.0,2.859,13.677,-661000000.0,1845000000.0,1845000000.0,30107000000.0,997000000.0,1.465,1.915,1378000000.0,44000000.0,1334000000.0,1378000000.0,349000000.0,656000000.0,0.0,0.044,1.42,1676000000.0,2332000000.0,0.059,2332000000.0,1676000000.0,1596000000.0,2.93,2.9,2.93,4426000000.0,4519000000.0,4426000000.0,10130993606.0,6.0,4.344,1184000000.0,3.659,1.0,9306000000.0,0.236,425000000.0,80000000.0,5675000000.0,5987250000.0,4719000000.0,1220000000.0,1220000000.0,0.0,8475000000.0,6334000000.0,2141000000.0,10372993606.0,-433000000.0,-99000000.0,-1064000000.0,-382000000.0,-476000000.0,-1919000000.0,-352000000.0,340000000.0,1845000000.0,-7000000.0,997000000.0,997000000.0,997000000.0,2000000.0,0.0,0.025,7645000000.0,1661000000.0,4397000000.0,0.485,2.344,10.404,10.949,2332000000.0,0.0,32.08,0.263,0.263,1097000000.0,4078000000.0,39413000000.0,39413000000.0,0.0,0.072,0.221,0.28,0.043,108000000.0,7596000000.0,1.0,323347681.0,323600000,326700000.0,121.795,12476000000.0,0.0,599000000.0,97000000.0,38.554,2948000000.0
22,BBY,MRT,2015-12-31,2016-01-30,2016-01-30,2021-08-31,271000000.0,13519000000.0,13989750000.0,9886000000.0,3633000000.0,2.825,12.635,-649000000.0,1976000000.0,1976000000.0,30337000000.0,897000000.0,1.428,2.088,1734000000.0,395000000.0,1339000000.0,1734000000.0,357000000.0,657000000.0,0.0,0.033,0.92,1480000000.0,2137000000.0,0.054,2137000000.0,1480000000.0,1400000000.0,2.59,2.56,2.59,4378000000.0,4629500000.0,4378000000.0,9514162003.0,6.0,4.452,694000000.0,2.003,1.0,9191000000.0,0.233,425000000.0,80000000.0,5927000000.0,6062250000.0,5051000000.0,1305000000.0,1305000000.0,0.0,9141000000.0,6925000000.0,2216000000.0,9572162003.0,-757000000.0,-51000000.0,-1008000000.0,-28000000.0,-499000000.0,-1536000000.0,-526000000.0,146000000.0,1343000000.0,-38000000.0,897000000.0,897000000.0,897000000.0,-90000000.0,0.0,0.023,7816000000.0,1375000000.0,4450000000.0,0.355,2.186,10.671,10.784,2346000000.0,0.0,27.93,0.242,0.245,1162000000.0,4130000000.0,39528000000.0,39528000000.0,0.0,0.064,0.194,0.244,0.037,104000000.0,7618000000.0,1.0,342719728.0,346500000,350700000.0,114.078,13094000000.0,0.0,503000000.0,128000000.0,37.789,2961000000.0
23,BBY,MRT,2015-09-30,2015-10-31,2015-10-31,2021-08-31,296000000.0,15169000000.0,14421250000.0,11468000000.0,3701000000.0,2.782,13.49,-629000000.0,1697000000.0,1697000000.0,30848000000.0,938000000.0,1.366,2.262,1633000000.0,383000000.0,1250000000.0,1633000000.0,330000000.0,666000000.0,0.0,0.025,0.88,1523000000.0,2189000000.0,0.055,2189000000.0,1523000000.0,1441000000.0,2.68,2.65,2.68,4650000000.0,4783750000.0,4650000000.0,11879347597.0,8.0,5.427,995000000.0,2.887,1.0,9266000000.0,0.231,443000000.0,82000000.0,6267000000.0,6122250000.0,6651000000.0,1650000000.0,1650000000.0,0.0,10519000000.0,8395000000.0,2124000000.0,12070347597.0,-232000000.0,103000000.0,-318000000.0,-23000000.0,-487000000.0,-809000000.0,-988000000.0,-423000000.0,1624000000.0,-59000000.0,937000000.0,937000000.0,937000000.0,-84000000.0,1000000.0,0.023,7852000000.0,1414000000.0,6184000000.0,0.328,2.596,12.882,13.071,2329000000.0,0.0,35.03,0.301,0.301,1061000000.0,4135000000.0,40114000000.0,40114000000.0,0.0,0.065,0.196,0.249,0.038,104000000.0,7674000000.0,1.0,344571727.0,344700000,349000000.0,116.374,14726000000.0,0.0,504000000.0,23000000.0,42.721,3073000000.0
24,BBY,MRT,2015-06-30,2015-08-01,2015-08-01,2021-08-31,298000000.0,13559000000.0,14569500000.0,9980000000.0,3579000000.0,2.768,13.221,-596000000.0,1800000000.0,1800000000.0,31097000000.0,920000000.0,1.459,1.934,1602000000.0,382000000.0,1220000000.0,1602000000.0,316000000.0,663000000.0,0.0,0.026,0.84,1495000000.0,2158000000.0,0.054,2158000000.0,1495000000.0,1411000000.0,2.62,2.59,2.62,4622000000.0,4763500000.0,4622000000.0,10824987214.0,7.0,5.016,1160000000.0,3.318,1.0,9230000000.0,0.229,443000000.0,84000000.0,6080000000.0,6135000000.0,4995000000.0,1695000000.0,1695000000.0,0.0,8937000000.0,6838000000.0,2099000000.0,11390987214.0,-341000000.0,94000000.0,-260000000.0,-25000000.0,-474000000.0,-749000000.0,-1283000000.0,-740000000.0,1756000000.0,-65000000.0,919000000.0,919000000.0,919000000.0,-79000000.0,1000000.0,0.023,7841000000.0,1389000000.0,4680000000.0,0.321,2.465,12.395,12.324,2235000000.0,0.0,32.29,0.282,0.28,1025000000.0,4092000000.0,40327000000.0,40327000000.0,0.0,0.063,0.193,0.244,0.037,102000000.0,7666000000.0,1.0,352771360.0,349600000,353900000.0,115.352,13116000000.0,0.0,492000000.0,26000000.0,37.517,3142000000.0
25,BBY,MRT,2015-03-31,2015-05-02,2015-05-02,2021-08-31,330000000.0,13712000000.0,14767000000.0,10129000000.0,3583000000.0,2.726,13.814,-574000000.0,2173000000.0,2173000000.0,31148000000.0,903000000.0,1.507,1.817,1600000000.0,383000000.0,1217000000.0,1600000000.0,304000000.0,658000000.0,0.0,0.022,0.78,1445000000.0,2103000000.0,0.052,2103000000.0,1445000000.0,1358000000.0,2.57,2.55,2.57,4868000000.0,4739500000.0,4868000000.0,11578890323.0,8.0,5.506,1043000000.0,2.96,1.0,9110000000.0,0.226,443000000.0,87000000.0,5975000000.0,6131750000.0,4930000000.0,1566000000.0,1566000000.0,0.0,8844000000.0,6721000000.0,2123000000.0,12389890323.0,-396000000.0,87000000.0,66000000.0,-26000000.0,-453000000.0,-408000000.0,-1564000000.0,-1054000000.0,1617000000.0,-41000000.0,901000000.0,901000000.0,901000000.0,-89000000.0,2000000.0,0.022,7784000000.0,1326000000.0,4584000000.0,0.304,2.545,13.751,13.689,2244000000.0,0.0,35.18,0.308,0.308,995000000.0,4009000000.0,40258000000.0,40258000000.0,0.0,0.061,0.19,0.236,0.036,91000000.0,7603000000.0,1.0,352185626.0,352400000,357600000.0,114.24,13269000000.0,0.0,457000000.0,45000000.0,37.653,3408000000.0
26,BBY,MRT,2014-12-31,2015-01-31,2015-01-31,2021-08-31,382000000.0,15245000000.0,14816750000.0,11472000000.0,3773000000.0,2.723,14.292,-561000000.0,2432000000.0,2432000000.0,31292000000.0,1235000000.0,1.475,2.051,1613000000.0,41000000.0,1572000000.0,1613000000.0,326000000.0,656000000.0,0.0,0.02,0.72,1464000000.0,2120000000.0,0.053,2120000000.0,1464000000.0,1374000000.0,3.53,3.49,3.53,4995000000.0,4627750000.0,4995000000.0,12052751965.0,8.0,5.685,1374000000.0,3.931,1.0,9047000000.0,0.224,482000000.0,90000000.0,6167000000.0,6034250000.0,5174000000.0,1456000000.0,1456000000.0,0.0,10245000000.0,7777000000.0,2468000000.0,12346751965.0,-52000000.0,39000000.0,50000000.0,-24000000.0,-251000000.0,-223000000.0,-1712000000.0,-1224000000.0,1935000000.0,-52000000.0,1233000000.0,1233000000.0,1233000000.0,11000000.0,2000000.0,0.031,7597000000.0,1450000000.0,5030000000.0,0.204,2.472,10.014,9.972,2295000000.0,0.0,35.2,0.306,0.305,1280000000.0,4141000000.0,40339000000.0,40339000000.0,0.0,0.083,0.266,0.243,0.036,87000000.0,7592000000.0,1.0,350759999.0,349500000,353600000.0,115.419,14763000000.0,0.0,141000000.0,230000000.0,42.24,3695000000.0
27,BBY,MRT,2014-09-30,2014-11-01,2014-11-01,2021-08-31,468000000.0,15762000000.0,14508750000.0,12063000000.0,3699000000.0,2.674,13.051,-550000000.0,1929000000.0,1929000000.0,30154000000.0,1009000000.0,1.398,2.449,1635000000.0,44000000.0,1591000000.0,1635000000.0,449000000.0,648000000.0,0.0,0.021,0.7,1101000000.0,1749000000.0,0.045,1749000000.0,1101000000.0,1010000000.0,2.91,2.87,2.91,4569000000.0,4375500000.0,4569000000.0,11429886758.0,10.0,6.535,994000000.0,2.839,1.0,8647000000.0,0.223,524000000.0,91000000.0,6318000000.0,5750000000.0,6900000000.0,1209000000.0,1209000000.0,0.0,11189000000.0,8626000000.0,2563000000.0,11935886758.0,-241000000.0,177000000.0,51000000.0,-25000000.0,-244000000.0,-215000000.0,-1544000000.0,-1207000000.0,1544000000.0,-26000000.0,1007000000.0,1007000000.0,1007000000.0,30000000.0,2000000.0,0.026,7534000000.0,1113000000.0,6626000000.0,0.241,2.612,11.853,11.732,2524000000.0,0.0,34.14,0.308,0.308,1066000000.0,3689000000.0,38801000000.0,38801000000.0,0.0,0.069,0.23,0.191,0.028,83000000.0,7417000000.0,1.0,349615898.0,350100000,354000000.0,110.828,15238000000.0,0.0,3000000.0,33000000.0,43.525,3437000000.0
28,BBY,MRT,2014-06-30,2014-08-02,2014-08-02,2021-08-31,494000000.0,14349000000.0,14335250000.0,10611000000.0,3738000000.0,2.727,12.957,-504000000.0,2141000000.0,2141000000.0,30368000000.0,956000000.0,1.463,2.169,1635000000.0,43000000.0,1592000000.0,1635000000.0,442000000.0,645000000.0,0.0,0.023,0.68,1012000000.0,1657000000.0,0.042,1657000000.0,1012000000.0,919000000.0,2.77,2.73,2.77,4526000000.0,4168750000.0,4526000000.0,9438464485.0,9.0,5.696,1058000000.0,3.029,1.0,8728000000.0,0.223,525000000.0,93000000.0,6067000000.0,5470250000.0,5583000000.0,939000000.0,939000000.0,0.0,9819000000.0,7251000000.0,2568000000.0,10359464485.0,231000000.0,176000000.0,166000000.0,-24000000.0,-235000000.0,-87000000.0,-1221000000.0,-928000000.0,1562000000.0,-23000000.0,954000000.0,954000000.0,954000000.0,11000000.0,2000000.0,0.024,7730000000.0,998000000.0,5244000000.0,0.245,2.289,10.859,10.722,2532000000.0,0.0,29.7,0.265,0.265,1005000000.0,3649000000.0,39096000000.0,39096000000.0,0.0,0.067,0.229,0.185,0.026,85000000.0,7587000000.0,1.0,348803518.0,349300000,352200000.0,111.927,13824000000.0,0.0,-35000000.0,68000000.0,39.576,3360000000.0
29,BBY,MRT,2014-03-31,2014-05-03,2014-05-03,2021-08-31,494000000.0,13911000000.0,14069000000.0,10118000000.0,3793000000.0,2.836,12.726,-484000000.0,2569000000.0,2569000000.0,30695000000.0,1057000000.0,1.471,2.146,1648000000.0,44000000.0,1604000000.0,1648000000.0,394000000.0,662000000.0,0.0,0.026,0.68,1231000000.0,1893000000.0,0.047,1893000000.0,1231000000.0,1135000000.0,3.13,3.08,3.13,4421000000.0,3937750000.0,4421000000.0,8054190637.0,7.0,4.255,923000000.0,2.657,1.0,9208000000.0,0.231,525000000.0,96000000.0,5585000000.0,5283250000.0,5255000000.0,497000000.0,497000000.0,0.0,9487000000.0,6880000000.0,2607000000.0,9075190637.0,1498000000.0,180000000.0,171000000.0,967000000.0,-234000000.0,907000000.0,-763000000.0,-463000000.0,1407000000.0,-53000000.0,1074000000.0,1074000000.0,1074000000.0,10000000.0,-17000000.0,0.027,8022000000.0,1186000000.0,4952000000.0,0.217,2.053,8.45,8.355,2525000000.0,0.0,26.15,0.227,0.228,871000000.0,3562000000.0,39903000000.0,39903000000.0,0.0,0.076,0.273,0.233,0.031,91000000.0,7877000000.0,1.0,347043619.0,347400000,350400000.0,114.862,13386000000.0,0.0,61000000.0,47000000.0,38.532,3238000000.0
30,BBY,MRT,2013-12-31,2014-02-01,2014-02-01,2021-08-31,492000000.0,14013000000.0,14174000000.0,10485000000.0,3528000000.0,2.865,11.652,-547000000.0,2678000000.0,2678000000.0,31212000000.0,523000000.0,1.41,2.515,1657000000.0,45000000.0,1612000000.0,1657000000.0,399000000.0,701000000.0,0.0,0.029,0.68,1020000000.0,1721000000.0,0.042,1721000000.0,1020000000.0,920000000.0,1.56,1.53,1.56,3986000000.0,3561500000.0,3986000000.0,7644019963.0,7.0,4.442,547000000.0,1.599,1.0,9399000000.0,0.231,526000000.0,100000000.0,5030000000.0,5347000000.0,5376000000.0,223000000.0,223000000.0,0.0,10024000000.0,7436000000.0,2588000000.0,8145019963.0,852000000.0,206000000.0,171000000.0,381000000.0,-233000000.0,319000000.0,-517000000.0,-180000000.0,1094000000.0,-44000000.0,532000000.0,532000000.0,532000000.0,172000000.0,-9000000.0,0.013,8255000000.0,1144000000.0,5122000000.0,0.436,2.043,15.31,15.09,2598000000.0,0.0,23.54,0.201,0.198,1308000000.0,3159000000.0,40611000000.0,40611000000.0,0.0,0.038,0.149,0.191,0.025,90000000.0,8106000000.0,1.0,346007645.0,342100000,347600000.0,118.711,13487000000.0,0.0,388000000.0,147000000.0,39.424,3049000000.0
31,BBY,MRT,2013-09-30,2013-11-02,2013-11-02,2021-08-31,528000000.0,15068000000.0,14867500000.0,11234000000.0,3834000000.0,2.495,10.916,-605000000.0,2170000000.0,2170000000.0,28376000000.0,-337000000.0,1.296,3.026,1669000000.0,45000000.0,1624000000.0,1669000000.0,418000000.0,674000000.0,0.0,0.016,0.68,151000000.0,825000000.0,0.022,825000000.0,151000000.0,56000000.0,-1.07,-1.08,-1.07,3742000000.0,3330250000.0,3742000000.0,14429042717.0,96.0,17.49,1294000000.0,3.775,1.0,8723000000.0,0.235,703000000.0,95000000.0,5199000000.0,5485750000.0,6978000000.0,0.0,0.0,0.0,11324000000.0,8665000000.0,2659000000.0,14661042717.0,1935000000.0,65000000.0,279000000.0,714000000.0,-232000000.0,755000000.0,-441000000.0,45000000.0,1899000000.0,-76000000.0,-362000000.0,-362000000.0,-362000000.0,265000000.0,25000000.0,-0.01,8316000000.0,407000000.0,6578000000.0,-0.636,3.918,-40.5,-40.121,2726000000.0,0.0,42.93,0.395,0.397,1123000000.0,2926000000.0,37099000000.0,37099000000.0,0.0,-0.024,-0.109,0.028,0.004,82000000.0,7496000000.0,1.0,341510429.0,342800000,348900000.0,108.223,14365000000.0,0.0,418000000.0,91000000.0,41.905,2569000000.0
32,BBY,MRT,2013-06-30,2013-08-03,2013-08-03,2021-08-31,529000000.0,13284000000.0,15489500000.0,9414000000.0,3870000000.0,2.399,10.582,-690000000.0,1910000000.0,1910000000.0,28359000000.0,-390000000.0,1.339,2.687,1678000000.0,44000000.0,1634000000.0,1678000000.0,409000000.0,724000000.0,0.0,0.022,0.68,50000000.0,774000000.0,0.021,774000000.0,50000000.0,-48000000.0,-1.26,-1.27,-1.26,3602000000.0,3271500000.0,3602000000.0,11415198298.0,228.0,14.748,1005000000.0,2.952,1.0,8794000000.0,0.237,705000000.0,98000000.0,5319000000.0,5791750000.0,5437000000.0,0.0,0.0,0.0,9679000000.0,7028000000.0,2651000000.0,10637198298.0,1304000000.0,66000000.0,165000000.0,497000000.0,-231000000.0,415000000.0,-546000000.0,36000000.0,1695000000.0,-58000000.0,-426000000.0,-426000000.0,-426000000.0,265000000.0,36000000.0,-0.011,8475000000.0,319000000.0,4968000000.0,-0.54,2.953,-24.97,-24.841,2744000000.0,0.0,31.3,0.286,0.287,1188000000.0,2930000000.0,37153000000.0,37153000000.0,0.0,-0.028,-0.13,0.009,0.001,88000000.0,7652000000.0,1.0,339846591.0,340400000,344400000.0,109.145,12579000000.0,0.0,378000000.0,130000000.0,36.954,2386000000.0
33,BBY,MRT,2013-03-31,2013-05-04,2013-05-04,2021-08-31,82000000.0,14331000000.0,16130750000.0,10006000000.0,4325000000.0,2.308,8.602,-738000000.0,908000000.0,908000000.0,28629000000.0,-645000000.0,1.169,3.698,1686000000.0,544000000.0,1142000000.0,1686000000.0,395000000.0,767000000.0,0.0,0.025,0.67,-340000000.0,427000000.0,0.011,427000000.0,-340000000.0,-438000000.0,-2.0,-2.0,-2.0,2916000000.0,3249750000.0,2916000000.0,9454200025.0,-28.0,22.141,332000000.0,0.979,1.0,8597000000.0,0.231,708000000.0,98000000.0,5840000000.0,6025500000.0,5461000000.0,0.0,0.0,0.0,10783000000.0,8561000000.0,2222000000.0,8984200025.0,-241000000.0,5000000.0,31000000.0,-270000000.0,-282000000.0,-547000000.0,-560000000.0,55000000.0,1070000000.0,-2000000.0,-680000000.0,-680000000.0,-680000000.0,314000000.0,35000000.0,-0.018,8603000000.0,-6000000.0,4776000000.0,-0.335,3.081,-13.212,-13.26,2830000000.0,0.0,26.52,0.241,0.242,937000000.0,2723000000.0,37226000000.0,37226000000.0,0.0,-0.042,-0.209,-0.056,-0.009,96000000.0,7696000000.0,1.0,338770740.0,339000000,341000000.0,109.811,13623000000.0,0.0,242000000.0,8000000.0,40.186,1445000000.0
34,BBY,MRT,2012-12-31,2013-02-02,2013-02-02,2021-08-31,112000000.0,16787000000.0,,12047000000.0,4740000000.0,,9.04,-705000000.0,1826000000.0,1826000000.0,29229000000.0,-420000000.0,1.114,4.27,2296000000.0,1143000000.0,1153000000.0,2296000000.0,451000000.0,794000000.0,0.0,0.041,0.66,-79000000.0,715000000.0,0.019,715000000.0,-79000000.0,-178000000.0,-1.3,-1.3,-1.3,3061000000.0,,3061000000.0,7149595280.0,-91.0,9.999,749000000.0,2.212,1.0,9023000000.0,0.236,862000000.0,99000000.0,5585000000.0,,6571000000.0,0.0,0.0,0.0,13072000000.0,10810000000.0,2262000000.0,5446595280.0,701000000.0,-6000000.0,-97000000.0,127000000.0,-224000000.0,-211000000.0,-538000000.0,56000000.0,1454000000.0,-4000000.0,-441000000.0,-441000000.0,-441000000.0,161000000.0,21000000.0,-0.012,8933000000.0,90000000.0,6951000000.0,-0.508,1.779,-12.351,-12.392,3270000000.0,0.0,16.11,0.142,0.143,2704000000.0,2861000000.0,38252000000.0,38252000000.0,0.0,,,,-0.002,107000000.0,7905000000.0,1.0,338087851.0,338600000,338600000.0,112.971,15925000000.0,0.0,263000000.0,129000000.0,47.032,1237000000.0
35,BBY,MRT,2012-09-30,2012-11-03,2012-11-03,2021-08-31,105000000.0,17556000000.0,18841500000.0,11846000000.0,5710000000.0,2.132,10.4,-672000000.0,309000000.0,309000000.0,30678000000.0,-286000000.0,1.063,3.829,2012000000.0,854000000.0,1158000000.0,2012000000.0,0.0,886000000.0,0.0,0.044,0.65,-879000000.0,7000000.0,0.0,7000000.0,-879000000.0,-969000000.0,-4.14,-4.03,-4.14,3507000000.0,4682000000.0,3507000000.0,6491645208.0,-7.0,927.378,-127000000.0,-0.377,1.0,9486000000.0,0.236,1688000000.0,90000000.0,6423000000.0,6660000000.0,8156000000.0,91000000.0,0.0,91000000.0,13428000000.0,11148000000.0,2280000000.0,4945645208.0,-2083000000.0,-178000000.0,-561000000.0,-259000000.0,-222000000.0,-2358000000.0,-538000000.0,177000000.0,545000000.0,66000000.0,-1538000000.0,-1538000000.0,-1538000000.0,1447000000.0,1252000000.0,-0.038,7679000000.0,1807000000.0,7933000000.0,-0.157,1.41,-3.216,-3.548,3407000000.0,0.0,14.69,0.123,0.123,2250000000.0,3328000000.0,40164000000.0,40164000000.0,0.0,-0.082,-0.328,-0.132,-0.022,122000000.0,7539000000.0,1.0,336667475.0,337200000,337200000.0,119.11,15868000000.0,0.0,569000000.0,9000000.0,47.058,698000000.0
36,BBY,MRT,2012-06-30,2012-08-04,2012-08-04,2021-08-31,86000000.0,15849000000.0,17572500000.0,10184000000.0,5665000000.0,2.386,10.393,-669000000.0,680000000.0,680000000.0,31817000000.0,-113000000.0,1.078,3.339,2226000000.0,1061000000.0,1165000000.0,2226000000.0,0.0,895000000.0,0.0,0.036,0.64,-575000000.0,320000000.0,0.008,320000000.0,-575000000.0,-675000000.0,-3.68,-3.58,-3.68,3515000000.0,4839500000.0,3515000000.0,6636893348.0,-12.0,20.74,506000000.0,1.496,1.0,10111000000.0,0.241,1693000000.0,100000000.0,6254000000.0,6823000000.0,6299000000.0,91000000.0,0.0,91000000.0,11738000000.0,9448000000.0,2290000000.0,5995893348.0,-1718000000.0,-179000000.0,-875000000.0,-264000000.0,-222000000.0,-2692000000.0,-434000000.0,251000000.0,1175000000.0,31000000.0,-1372000000.0,-1372000000.0,-1372000000.0,1503000000.0,1259000000.0,-0.033,7925000000.0,2186000000.0,6055000000.0,-0.174,1.706,-4.37,-4.793,3407000000.0,0.0,17.64,0.143,0.142,2135000000.0,3395000000.0,41928000000.0,41928000000.0,0.0,-0.078,-0.284,-0.084,-0.014,123000000.0,7819000000.0,1.0,339903251.0,338200000,338600000.0,123.974,14156000000.0,0.0,697000000.0,7000000.0,41.857,736000000.0
37,BBY,MRT,2012-03-31,2012-03-03,2012-03-03,2021-08-31,90000000.0,16005000000.0,16927000000.0,10297000000.0,5708000000.0,2.685,10.827,-766000000.0,1199000000.0,1199000000.0,34473000000.0,22000000.0,1.163,3.108,2208000000.0,523000000.0,1685000000.0,2208000000.0,0.0,897000000.0,0.0,0.026,0.62,-378000000.0,519000000.0,0.011,519000000.0,-378000000.0,-489000000.0,-3.35,-3.26,-3.35,3745000000.0,5173500000.0,3745000000.0,8401196862.0,-22.0,16.187,2527000000.0,7.306,1.0,10984000000.0,0.242,1694000000.0,111000000.0,6465000000.0,6733500000.0,5731000000.0,140000000.0,0.0,140000000.0,11639000000.0,8855000000.0,2784000000.0,8516196862.0,96000000.0,-174000000.0,-1433000000.0,509000000.0,-228000000.0,-2478000000.0,-724000000.0,178000000.0,3293000000.0,5000000.0,-1231000000.0,-1231000000.0,-1231000000.0,1402000000.0,1253000000.0,-0.027,8784000000.0,2200000000.0,5364000000.0,-0.185,2.274,-6.918,-7.257,3471000000.0,0.0,24.31,0.187,0.185,2288000000.0,3621000000.0,45457000000.0,45457000000.0,0.0,-0.073,-0.238,-0.056,-0.008,120000000.0,8755000000.0,1.0,350316613.0,345900000,350800000.0,131.417,14311000000.0,0.0,742000000.0,288000000.0,41.373,1442000000.0
38,BBY,MRT,2011-12-31,2012-01-28,2012-01-28,2021-08-31,,,,,,,,-709000000.0,,,31403000000.0,-177000000.0,,,,,,,,811000000.0,,0.024,0.62,-666000000.0,145000000.0,0.004,145000000.0,-666000000.0,-767000000.0,-3.83,-3.72,-3.83,,,,8797054635.0,-13.0,60.669,2388000000.0,6.411,1.0,9908000000.0,0.24,,101000000.0,,,,,,,,,,8912054635.0,303000000.0,-173000000.0,-1302000000.0,719000000.0,-228000000.0,-2141000000.0,-647000000.0,179000000.0,3097000000.0,-6000000.0,-1425000000.0,-1425000000.0,-1425000000.0,1394000000.0,1248000000.0,-0.034,8010000000.0,1898000000.0,,-0.162,,-6.254,-6.642,,0.0,25.44,0.216,0.229,,,41311000000.0,41311000000.0,0.0,,,,-0.016,110000000.0,7986000000.0,1.0,350316613.0,372500000,382000000.0,110.902,,,658000000.0,,,
39,BBY,MRT,2011-09-30,2011-10-29,2011-10-29,2021-08-31,145000000.0,20127000000.0,21239500000.0,12939000000.0,7188000000.0,2.312,16.117,-795000000.0,2073000000.0,2073000000.0,36718000000.0,1212000000.0,1.208,2.316,2297000000.0,605000000.0,1692000000.0,2297000000.0,0.0,897000000.0,0.0,0.023,0.61,2010000000.0,2907000000.0,0.059,2907000000.0,2010000000.0,1890000000.0,2.92,2.87,2.92,5857000000.0,5929000000.0,5857000000.0,10092828232.0,5.0,3.472,1750000000.0,4.816,1.0,12383000000.0,0.252,2743000000.0,120000000.0,6897000000.0,6961000000.0,7780000000.0,299000000.0,20000000.0,279000000.0,13564000000.0,10711000000.0,2853000000.0,9600828232.0,1148000000.0,0.0,-1046000000.0,441000000.0,-231000000.0,-875000000.0,-763000000.0,64000000.0,2545000000.0,6000000.0,1147000000.0,1147000000.0,1147000000.0,325000000.0,65000000.0,0.023,10017000000.0,2366000000.0,7557000000.0,0.209,1.639,8.37,9.075,3697000000.0,0.0,26.5,0.196,0.196,1968000000.0,5676000000.0,49101000000.0,49101000000.0,0.0,0.054,0.193,0.289,0.041,122000000.0,9875000000.0,1.0,362295405.0,363400000,372400000.0,135.116,17384000000.0,0.0,743000000.0,43000000.0,47.837,2228000000.0
40,BBY,MRT,2011-06-30,2011-07-30,2011-07-30,2021-08-31,281000000.0,19296000000.0,18329000000.0,11891000000.0,7405000000.0,2.72,16.394,-779000000.0,2079000000.0,2079000000.0,37333000000.0,1278000000.0,1.246,2.013,2537000000.0,836000000.0,1701000000.0,2537000000.0,0.0,906000000.0,0.0,0.022,0.6,2065000000.0,2971000000.0,0.06,2971000000.0,2065000000.0,1962000000.0,3.04,2.99,3.04,6164000000.0,6089500000.0,6164000000.0,10291993749.0,5.0,3.464,1496000000.0,3.979,1.0,12513000000.0,0.251,2822000000.0,103000000.0,7392000000.0,7102000000.0,6784000000.0,396000000.0,80000000.0,316000000.0,12409000000.0,9540000000.0,2869000000.0,10319993749.0,1236000000.0,0.0,-1146000000.0,962000000.0,-234000000.0,-456000000.0,-851000000.0,-24000000.0,2275000000.0,33000000.0,1208000000.0,1208000000.0,1208000000.0,279000000.0,70000000.0,0.024,10143000000.0,2370000000.0,6178000000.0,0.197,1.674,8.543,9.079,3781000000.0,0.0,27.6,0.207,0.208,1868000000.0,5846000000.0,49846000000.0,49846000000.0,0.0,0.066,0.198,0.291,0.041,129000000.0,10001000000.0,1.0,373912817.0,376000000,385600000.0,132.569,16474000000.0,0.0,754000000.0,37000000.0,43.814,2351000000.0
41,BBY,MRT,2011-03-31,2011-02-26,2011-02-26,2021-08-31,173000000.0,17849000000.0,18879750000.0,10473000000.0,7376000000.0,2.635,16.778,-744000000.0,1103000000.0,1103000000.0,37206000000.0,1366000000.0,1.209,1.599,1709000000.0,998000000.0,711000000.0,1709000000.0,0.0,896000000.0,0.0,0.018,0.58,2142000000.0,3038000000.0,0.061,3038000000.0,2142000000.0,2056000000.0,3.14,3.08,3.14,6602000000.0,6246500000.0,6602000000.0,13659138115.0,6.0,4.496,446000000.0,1.133,1.0,12541000000.0,0.252,2790000000.0,86000000.0,7002000000.0,6872750000.0,5897000000.0,350000000.0,22000000.0,328000000.0,10557000000.0,8663000000.0,1894000000.0,12760138115.0,-723000000.0,21000000.0,-1014000000.0,-99000000.0,-237000000.0,-1357000000.0,-569000000.0,160000000.0,1190000000.0,13000000.0,1277000000.0,1277000000.0,1277000000.0,188000000.0,89000000.0,0.026,10167000000.0,2374000000.0,4894000000.0,0.185,1.933,9.992,10.309,3823000000.0,0.0,32.37,0.257,0.256,2348000000.0,6372000000.0,49747000000.0,49747000000.0,0.0,0.068,0.204,0.312,0.043,110000000.0,10029000000.0,1.0,394196420.0,393500000,403900000.0,126.422,15059000000.0,0.0,779000000.0,256000000.0,38.269,1810000000.0
42,BBY,MRT,2010-12-31,2010-11-27,2010-11-27,2021-08-31,138000000.0,22352000000.0,18993000000.0,14829000000.0,7523000000.0,2.639,15.112,-675000000.0,925000000.0,925000000.0,37565000000.0,1488000000.0,1.105,2.614,1824000000.0,723000000.0,1101000000.0,1824000000.0,0.0,892000000.0,0.0,0.013,0.57,2390000000.0,3282000000.0,0.065,3282000000.0,2390000000.0,2302000000.0,3.4,3.33,3.4,6001000000.0,6176000000.0,6001000000.0,18463384750.0,8.0,5.626,1397000000.0,3.518,1.0,12553000000.0,0.25,2806000000.0,88000000.0,7025000000.0,6724750000.0,10064000000.0,345000000.0,2000000.0,343000000.0,15687000000.0,13420000000.0,2267000000.0,17803384750.0,361000000.0,14000000.0,-939000000.0,-59000000.0,-237000000.0,-1233000000.0,-496000000.0,155000000.0,2072000000.0,18000000.0,1405000000.0,1405000000.0,1405000000.0,101000000.0,83000000.0,0.028,10028000000.0,2525000000.0,9858000000.0,0.168,2.967,12.671,13.162,3994000000.0,0.0,44.75,0.355,0.355,2793000000.0,5824000000.0,50118000000.0,50118000000.0,0.0,0.074,0.227,0.355,0.048,113000000.0,10028000000.0,1.0,397841000.0,397100000,407800000.0,126.21,19546000000.0,0.0,897000000.0,31000000.0,49.222,1409000000.0
43,BBY,MRT,2010-09-30,2010-08-28,2010-08-28,2021-08-31,-25000000.0,17362000000.0,18680000000.0,9959000000.0,7403000000.0,2.69,14.547,-647000000.0,843000000.0,843000000.0,37740000000.0,1519000000.0,1.176,1.786,1503000000.0,415000000.0,1088000000.0,1503000000.0,0.0,869000000.0,0.0,0.018,0.56,2363000000.0,3232000000.0,0.064,3232000000.0,2363000000.0,2272000000.0,3.39,3.32,3.39,6015000000.0,6058000000.0,6015000000.0,13368389800.0,6.0,4.136,1405000000.0,3.398,1.0,12512000000.0,0.249,2739000000.0,91000000.0,6812000000.0,6684250000.0,6346000000.0,295000000.0,2000000.0,293000000.0,10740000000.0,8471000000.0,2269000000.0,13283389800.0,175000000.0,14000000.0,-493000000.0,-749000000.0,-235000000.0,-1471000000.0,-462000000.0,134000000.0,2052000000.0,56000000.0,1415000000.0,1415000000.0,1415000000.0,101000000.0,104000000.0,0.028,9996000000.0,2516000000.0,5573000000.0,0.165,2.208,9.388,9.398,3915000000.0,0.0,31.86,0.264,0.262,1720000000.0,6000000000.0,50252000000.0,50252000000.0,0.0,0.076,0.234,0.354,0.047,103000000.0,9996000000.0,1.0,416930000.0,413500000,423600000.0,121.528,14623000000.0,0.0,857000000.0,27000000.0,35.364,1488000000.0
44,BBY,MRT,2010-06-30,2010-05-29,2010-05-29,2021-08-31,-40000000.0,17956000000.0,18637250000.0,10388000000.0,7568000000.0,2.679,15.151,-590000000.0,1239000000.0,1239000000.0,37657000000.0,1419000000.0,1.207,1.719,1324000000.0,231000000.0,1093000000.0,1324000000.0,0.0,863000000.0,0.0,0.013,0.56,2241000000.0,3104000000.0,0.062,3104000000.0,2241000000.0,2149000000.0,3.16,3.09,3.16,6368000000.0,5880750000.0,6368000000.0,17801266128.0,8.0,5.735,1838000000.0,4.373,1.0,12278000000.0,0.246,2786000000.0,92000000.0,6652000000.0,6700750000.0,6335000000.0,528000000.0,205000000.0,323000000.0,10949000000.0,8603000000.0,2346000000.0,17825266128.0,704000000.0,-7000000.0,66000000.0,-902000000.0,-235000000.0,-1103000000.0,-623000000.0,-42000000.0,2428000000.0,2000000.0,1319000000.0,1319000000.0,1319000000.0,101000000.0,100000000.0,0.026,9893000000.0,2385000000.0,5860000000.0,0.177,2.799,13.514,13.37,3982000000.0,0.0,42.25,0.357,0.356,1579000000.0,5892000000.0,49935000000.0,49935000000.0,0.0,0.071,0.224,0.334,0.045,105000000.0,9893000000.0,1.0,421899790.0,420300000,431700000.0,118.808,15170000000.0,0.0,830000000.0,51000000.0,36.093,1785000000.0
45,BBY,MRT,2010-03-31,2010-02-27,2010-02-27,2021-08-31,40000000.0,18302000000.0,18201750000.0,10566000000.0,7736000000.0,2.705,15.163,-615000000.0,1826000000.0,1826000000.0,37201000000.0,1394000000.0,1.177,1.794,1802000000.0,698000000.0,1104000000.0,1802000000.0,0.0,838000000.0,0.0,0.015,0.56,2244000000.0,3082000000.0,0.063,3082000000.0,2244000000.0,2152000000.0,3.16,3.1,3.16,6320000000.0,5536250000.0,6320000000.0,16575168000.0,7.0,5.378,1591000000.0,3.817,1.0,12042000000.0,0.245,2890000000.0,92000000.0,6410000000.0,6724500000.0,5486000000.0,414000000.0,90000000.0,324000000.0,11338000000.0,8978000000.0,2360000000.0,15258168000.0,1328000000.0,-7000000.0,138000000.0,-210000000.0,-234000000.0,-348000000.0,-540000000.0,80000000.0,2206000000.0,10000000.0,1317000000.0,1317000000.0,1317000000.0,101000000.0,77000000.0,0.027,9674000000.0,2368000000.0,5276000000.0,0.177,2.414,11.586,11.551,4070000000.0,0.0,36.5,0.31,0.309,2020000000.0,5797000000.0,49243000000.0,49243000000.0,0.0,0.072,0.238,0.334,0.046,111000000.0,9622000000.0,1.0,418032000.0,416800000,427500000.0,118.145,15412000000.0,0.0,835000000.0,316000000.0,36.977,1588000000.0
46,BBY,MRT,2009-12-31,2009-11-28,2009-11-28,2021-08-31,7000000.0,21100000000.0,17582750000.0,13267000000.0,7833000000.0,2.722,13.256,-845000000.0,564000000.0,564000000.0,36059000000.0,1171000000.0,1.046,2.709,1881000000.0,777000000.0,1104000000.0,1881000000.0,0.0,824000000.0,0.0,0.013,0.56,1917000000.0,2741000000.0,0.057,2741000000.0,1917000000.0,1824000000.0,2.67,2.61,2.67,5529000000.0,5117000000.0,5529000000.0,19419365370.0,10.0,7.085,1791000000.0,4.294,1.0,11806000000.0,0.247,2876000000.0,93000000.0,6863000000.0,6661500000.0,8978000000.0,425000000.0,93000000.0,332000000.0,14976000000.0,12678000000.0,2298000000.0,17840365370.0,-5000000.0,-3000000.0,125000000.0,-1448000000.0,-233000000.0,-1758000000.0,-863000000.0,68000000.0,2636000000.0,-20000000.0,1108000000.0,1108000000.0,1108000000.0,0.0,63000000.0,0.023,9874000000.0,1932000000.0,9083000000.0,0.21,3.227,16.101,16.041,4123000000.0,0.0,42.83,0.373,0.373,2630000000.0,5076000000.0,47865000000.0,47865000000.0,0.0,0.063,0.217,0.288,0.04,112000000.0,9678000000.0,1.0,416539000.0,417100000,428600000.0,114.757,18224000000.0,0.0,716000000.0,55000000.0,43.692,589000000.0
47,BBY,MRT,2009-09-30,2009-08-29,2009-08-29,2021-08-31,27000000.0,17191000000.0,17469500000.0,9304000000.0,7887000000.0,2.71,12.739,-1111000000.0,668000000.0,668000000.0,35616000000.0,963000000.0,1.038,2.128,2247000000.0,1136000000.0,1111000000.0,2247000000.0,0.0,825000000.0,0.0,0.015,0.56,1729000000.0,2554000000.0,0.054,2554000000.0,1729000000.0,1624000000.0,2.26,2.21,2.26,5306000000.0,4874750000.0,5306000000.0,17287116860.0,10.0,6.769,954000000.0,2.291,1.0,11725000000.0,0.248,2928000000.0,105000000.0,6878000000.0,6744000000.0,5738000000.0,427000000.0,93000000.0,334000000.0,11292000000.0,8964000000.0,2328000000.0,15630116860.0,124000000.0,-81000000.0,114000000.0,-393000000.0,-233000000.0,-696000000.0,-1165000000.0,148000000.0,2065000000.0,-80000000.0,933000000.0,933000000.0,933000000.0,0.0,30000000.0,0.02,9895000000.0,1830000000.0,5407000000.0,0.248,2.946,16.753,16.611,4162000000.0,0.0,37.54,0.33,0.33,1770000000.0,4908000000.0,47341000000.0,47341000000.0,0.0,0.053,0.191,0.256,0.037,110000000.0,9699000000.0,1.0,416359000.0,416500000,427000000.0,113.664,14263000000.0,0.0,691000000.0,51000000.0,34.245,340000000.0
48,BBY,MRT,2009-06-30,2009-05-30,2009-05-30,2021-08-31,-154000000.0,16214000000.0,17552250000.0,8410000000.0,7804000000.0,2.628,12.018,-1269000000.0,535000000.0,535000000.0,34698000000.0,1011000000.0,1.006,2.147,2192000000.0,1071000000.0,1121000000.0,2192000000.0,0.0,773000000.0,0.0,0.016,0.55,1775000000.0,2548000000.0,0.055,2548000000.0,1775000000.0,1671000000.0,2.37,2.32,2.37,4990000000.0,4736250000.0,4990000000.0,16076436178.0,9.0,6.309,616000000.0,1.484,1.0,11422000000.0,0.248,2768000000.0,104000000.0,6747000000.0,6643500000.0,5486000000.0,429000000.0,8000000.0,421000000.0,10713000000.0,8356000000.0,2357000000.0,14611436178.0,-940000000.0,-2170000000.0,119000000.0,828000000.0,-227000000.0,541000000.0,-3387000000.0,151000000.0,1885000000.0,21000000.0,977000000.0,977000000.0,977000000.0,0.0,34000000.0,0.021,9533000000.0,1889000000.0,4996000000.0,0.232,2.928,14.955,14.81,4184000000.0,0.0,35.1,0.317,0.316,1427000000.0,4808000000.0,46120000000.0,46120000000.0,0.0,0.056,0.206,0.267,0.038,108000000.0,9337000000.0,1.0,416280233.0,415200000,425700000.0,111.079,13446000000.0,0.0,694000000.0,92000000.0,32.384,54000000.0
49,BBY,MRT,2009-03-31,2009-02-28,2009-02-28,2021-08-31,-317000000.0,15826000000.0,16806500000.0,8192000000.0,7634000000.0,2.678,11.256,-1303000000.0,498000000.0,498000000.0,34017000000.0,1033000000.0,0.971,2.298,1963000000.0,837000000.0,1126000000.0,1963000000.0,0.0,730000000.0,0.0,0.019,0.54,1771000000.0,2501000000.0,0.056,2501000000.0,1771000000.0,1677000000.0,2.43,2.39,2.43,4643000000.0,4647250000.0,4643000000.0,14672023780.0,8.0,5.866,574000000.0,1.392,1.0,10998000000.0,0.244,2698000000.0,94000000.0,6158000000.0,6132000000.0,4753000000.0,406000000.0,11000000.0,395000000.0,10670000000.0,8435000000.0,2235000000.0,11915023780.0,-940000000.0,-2170000000.0,83000000.0,894000000.0,-223000000.0,591000000.0,-3427000000.0,165000000.0,1877000000.0,19000000.0,1003000000.0,1003000000.0,1003000000.0,0.0,30000000.0,0.022,9128000000.0,1870000000.0,4997000000.0,0.222,2.566,11.879,11.86,4174000000.0,0.0,28.82,0.265,0.264,1868000000.0,4714000000.0,45015000000.0,45015000000.0,0.0,0.06,0.216,0.289,0.039,104000000.0,8984000000.0,1.0,413429000.0,412500000,422900000.0,109.127,13128000000.0,0.0,674000000.0,281000000.0,31.825,-243000000.0
50,BBY,MRT,2008-12-31,2008-11-29,2008-11-29,2021-08-31,145000000.0,20647000000.0,16039500000.0,12318000000.0,8329000000.0,2.725,11.044,-1140000000.0,569000000.0,569000000.0,33156000000.0,1186000000.0,0.934,3.38,3326000000.0,2201000000.0,1125000000.0,3326000000.0,0.0,681000000.0,0.0,0.026,0.53,1973000000.0,2654000000.0,0.061,2654000000.0,1973000000.0,1895000000.0,2.76,2.69,2.76,4560000000.0,4607500000.0,4560000000.0,10685395720.0,5.0,4.026,-441000000.0,-1.068,1.0,10553000000.0,0.241,3016000000.0,78000000.0,7193000000.0,5636750000.0,8207000000.0,460000000.0,25000000.0,435000000.0,15413000000.0,13195000000.0,2218000000.0,8539395720.0,-750000000.0,-2167000000.0,114000000.0,2063000000.0,-221000000.0,1902000000.0,-3408000000.0,7000000.0,699000000.0,57000000.0,1170000000.0,1170000000.0,1170000000.0,0.0,16000000.0,0.027,8520000000.0,2033000000.0,8219000000.0,0.192,1.873,7.299,7.504,4268000000.0,0.0,20.71,0.195,0.196,2638000000.0,4202000000.0,43709000000.0,43709000000.0,0.0,0.073,0.254,0.35,0.045,91000000.0,8520000000.0,1.0,412332000.0,412900000,422600000.0,105.859,17631000000.0,0.0,725000000.0,148000000.0,42.7,-877000000.0
51,BBY,MRT,2008-09-30,2008-08-30,2008-08-30,2021-08-31,394000000.0,17522000000.0,14746250000.0,9328000000.0,8194000000.0,2.857,11.531,-923000000.0,544000000.0,544000000.0,32108000000.0,1351000000.0,0.935,2.535,2690000000.0,1554000000.0,1136000000.0,2690000000.0,0.0,613000000.0,0.0,0.012,0.52,2198000000.0,2811000000.0,0.067,2811000000.0,2198000000.0,2132000000.0,3.18,3.09,3.18,4752000000.0,4404000000.0,4752000000.0,18126106100.0,8.0,6.448,1021000000.0,2.478,1.0,10029000000.0,0.238,3212000000.0,66000000.0,6476000000.0,4769750000.0,6105000000.0,501000000.0,0.0,501000000.0,12045000000.0,9980000000.0,2065000000.0,18442106100.0,-846000000.0,-2089000000.0,133000000.0,384000000.0,-218000000.0,287000000.0,-3179000000.0,-70000000.0,1944000000.0,102000000.0,1346000000.0,1346000000.0,1346000000.0,0.0,5000000.0,0.032,7919000000.0,2110000000.0,5924000000.0,0.164,3.881,13.701,14.079,4119000000.0,0.0,44.77,0.438,0.438,1785000000.0,4205000000.0,42137000000.0,42137000000.0,0.0,0.091,0.306,0.461,0.052,85000000.0,7919000000.0,1.0,411930000.0,412100000,423300000.0,102.249,14310000000.0,0.0,786000000.0,44000000.0,34.725,-652000000.0
52,BBY,MRT,2008-06-30,2008-05-31,2008-05-31,2021-08-31,463000000.0,13231000000.0,13425000000.0,7733000000.0,5498000000.0,3.06,11.264,-838000000.0,1475000000.0,1475000000.0,31299000000.0,1396000000.0,1.1,1.847,1159000000.0,509000000.0,650000000.0,1159000000.0,0.0,598000000.0,0.0,0.01,0.49,2270000000.0,2868000000.0,0.07,2868000000.0,2270000000.0,2202000000.0,3.25,3.16,3.25,4634000000.0,4061250000.0,4634000000.0,18604720689.0,8.0,6.487,1554000000.0,3.777,1.0,9787000000.0,0.238,1187000000.0,68000000.0,4701000000.0,4203500000.0,5005000000.0,597000000.0,68000000.0,529000000.0,8557000000.0,7027000000.0,1530000000.0,19226720689.0,109000000.0,0.0,-2910000000.0,440000000.0,-210000000.0,-2667000000.0,333000000.0,1301000000.0,2392000000.0,51000000.0,1394000000.0,1394000000.0,1394000000.0,0.0,2000000.0,0.034,7615000000.0,2172000000.0,4697000000.0,0.151,4.149,13.792,14.366,3456000000.0,0.0,46.69,0.468,0.468,533000000.0,4058000000.0,41086000000.0,41086000000.0,0.0,0.104,0.343,0.54,0.055,78000000.0,7615000000.0,1.0,411795260.0,411400000,423400000.0,99.869,12044000000.0,0.0,808000000.0,40000000.0,29.276,706000000.0
53,BBY,MRT,2008-03-31,2008-03-01,2008-03-01,2021-08-31,502000000.0,12758000000.0,13402750000.0,7342000000.0,5416000000.0,2.986,10.193,-797000000.0,1438000000.0,1438000000.0,30477000000.0,1410000000.0,1.085,1.845,816000000.0,189000000.0,627000000.0,816000000.0,0.0,580000000.0,0.0,0.011,0.46,2284000000.0,2864000000.0,0.072,2864000000.0,2284000000.0,2222000000.0,3.2,3.12,3.2,4484000000.0,4445250000.0,4484000000.0,17711006840.0,8.0,6.184,1228000000.0,2.792,1.0,9546000000.0,0.239,1190000000.0,62000000.0,4177000000.0,4431500000.0,4708000000.0,669000000.0,64000000.0,605000000.0,8274000000.0,6769000000.0,1505000000.0,18042006840.0,233000000.0,-89000000.0,-3315000000.0,133000000.0,-204000000.0,-3378000000.0,1464000000.0,2434000000.0,2025000000.0,122000000.0,1407000000.0,1407000000.0,1407000000.0,0.0,3000000.0,0.035,7385000000.0,2161000000.0,4297000000.0,0.144,4.024,12.823,13.441,3306000000.0,0.0,43.01,0.451,0.473,549000000.0,3933000000.0,40023000000.0,40023000000.0,0.0,0.105,0.317,0.515,0.057,81000000.0,7385000000.0,1.0,419484000.0,439900000,452900000.0,90.982,11568000000.0,0.0,815000000.0,404000000.0,26.297,573000000.0
54,BBY,MRT,2007-12-31,2007-12-01,2007-12-01,2021-08-31,510000000.0,15474000000.0,13605750000.0,10477000000.0,4997000000.0,2.903,8.947,-797000000.0,1319000000.0,1319000000.0,30029000000.0,1433000000.0,1.024,3.131,988000000.0,346000000.0,642000000.0,988000000.0,0.0,559000000.0,0.0,0.008,0.43,2315000000.0,2874000000.0,0.073,2874000000.0,2315000000.0,2254000000.0,3.1,3.02,3.1,3746000000.0,4874500000.0,3746000000.0,21914515850.0,9.0,7.625,1948000000.0,4.652,1.0,9475000000.0,0.24,1182000000.0,61000000.0,3725000000.0,4815750000.0,7451000000.0,525000000.0,295000000.0,230000000.0,11728000000.0,10236000000.0,1492000000.0,21327515850.0,111000000.0,-89000000.0,-3440000000.0,306000000.0,-197000000.0,-3375000000.0,657000000.0,1462000000.0,2745000000.0,84000000.0,1433000000.0,1433000000.0,1433000000.0,0.0,0.0,0.036,7321000000.0,2154000000.0,7597000000.0,0.139,5.693,14.883,16.468,3260000000.0,0.0,51.05,0.54,0.541,739000000.0,3320000000.0,39504000000.0,39504000000.0,0.0,0.105,0.294,0.481,0.059,97000000.0,7321000000.0,1.0,417777000.0,418700000,430800000.0,94.349,14292000000.0,0.0,821000000.0,146000000.0,34.134,241000000.0
55,BBY,MRT,2007-09-30,2007-09-01,2007-09-01,2021-08-31,392000000.0,12237000000.0,13658250000.0,7448000000.0,4789000000.0,2.786,7.613,-810000000.0,1390000000.0,1390000000.0,28916000000.0,1355000000.0,0.997,2.619,1977000000.0,1377000000.0,600000000.0,1977000000.0,0.0,542000000.0,0.0,0.009,0.4,2162000000.0,2704000000.0,0.071,2704000000.0,2162000000.0,2117000000.0,2.86,2.8,2.86,3381000000.0,5338500000.0,3381000000.0,20126817100.0,9.0,7.443,1123000000.0,2.529,1.0,9133000000.0,0.24,1146000000.0,45000000.0,4211000000.0,5034500000.0,4650000000.0,321000000.0,121000000.0,200000000.0,8856000000.0,7467000000.0,1389000000.0,20827817100.0,286000000.0,-89000000.0,-3439000000.0,1304000000.0,-189000000.0,-2349000000.0,662000000.0,1498000000.0,1933000000.0,40000000.0,1355000000.0,1355000000.0,1355000000.0,0.0,0.0,0.036,7134000000.0,1999000000.0,4312000000.0,0.14,6.16,15.371,15.367,3118000000.0,0.0,43.95,0.547,0.513,554000000.0,3147000000.0,38049000000.0,38049000000.0,0.0,0.099,0.254,0.429,0.057,89000000.0,7134000000.0,1.0,473898000.0,444100000,456200000.0,85.677,11091000000.0,0.0,762000000.0,99000000.0,24.974,-19000000.0
56,BBY,MRT,2007-06-30,2007-06-02,2007-06-02,2021-08-31,384000000.0,13142000000.0,13700750000.0,8306000000.0,4836000000.0,2.693,12.886,-758000000.0,1366000000.0,1366000000.0,28006000000.0,1335000000.0,1.461,1.13,665000000.0,67000000.0,598000000.0,665000000.0,0.0,523000000.0,0.0,0.008,0.38,2104000000.0,2627000000.0,0.071,2627000000.0,2104000000.0,2074000000.0,2.78,2.72,2.78,6170000000.0,5851750000.0,6170000000.0,22969240320.0,11.0,8.744,1302000000.0,2.719,1.0,8896000000.0,0.241,1142000000.0,30000000.0,5613000000.0,5112750000.0,4298000000.0,1784000000.0,1436000000.0,348000000.0,6972000000.0,5686000000.0,1286000000.0,23524240320.0,594000000.0,-102000000.0,-603000000.0,4000000.0,-184000000.0,-779000000.0,-724000000.0,61000000.0,2060000000.0,37000000.0,1335000000.0,1335000000.0,1335000000.0,0.0,0.0,0.036,6968000000.0,1928000000.0,3957000000.0,0.137,3.813,17.621,17.655,3026000000.0,0.0,49.08,0.637,0.637,476000000.0,5638000000.0,36902000000.0,36902000000.0,0.0,0.097,0.228,0.412,0.057,90000000.0,6968000000.0,1.0,479304000.0,478800000,491500000.0,77.072,12000000000.0,0.0,739000000.0,34000000.0,25.063,2620000000.0
57,BBY,MRT,2007-03-31,2007-03-03,2007-03-03,2021-08-31,216000000.0,13570000000.0,13232500000.0,9081000000.0,4489000000.0,2.716,12.862,-733000000.0,1205000000.0,1205000000.0,27165000000.0,1377000000.0,1.441,1.188,650000000.0,60000000.0,590000000.0,650000000.0,0.0,509000000.0,0.0,0.008,0.36,2160000000.0,2669000000.0,0.074,2669000000.0,2160000000.0,2129000000.0,2.86,2.79,2.86,6201000000.0,5661500000.0,6201000000.0,21785316450.0,10.0,8.162,1029000000.0,2.134,1.0,8769000000.0,0.244,1000000000.0,31000000.0,5714000000.0,4904500000.0,4028000000.0,2926000000.0,2588000000.0,338000000.0,7369000000.0,6301000000.0,1068000000.0,22337316450.0,457000000.0,-421000000.0,-382000000.0,12000000.0,-174000000.0,-513000000.0,-780000000.0,306000000.0,1762000000.0,-12000000.0,1377000000.0,1377000000.0,1377000000.0,0.0,0.0,0.038,6770000000.0,1999000000.0,3934000000.0,0.126,3.602,16.222,16.206,2938000000.0,0.0,46.35,0.622,0.622,548000000.0,5507000000.0,35934000000.0,35934000000.0,0.0,0.104,0.243,0.44,0.06,71000000.0,6770000000.0,1.0,481927000.0,482100000,496200000.0,74.536,12570000000.0,0.0,752000000.0,489000000.0,26.073,2780000000.0
58,BBY,MRT,2006-12-31,2006-11-25,2006-11-25,2021-08-31,280000000.0,15684000000.0,12806000000.0,10968000000.0,4716000000.0,2.634,11.647,-713000000.0,1208000000.0,1208000000.0,25397000000.0,1258000000.0,1.16,1.8,650000000.0,459000000.0,191000000.0,650000000.0,0.0,492000000.0,0.0,0.006,0.34,2016000000.0,2508000000.0,0.074,2508000000.0,2016000000.0,1918000000.0,2.59,2.53,2.59,5602000000.0,5425500000.0,5602000000.0,26028170000.0,13.0,10.378,910000000.0,1.892,1.0,8331000000.0,0.247,1074000000.0,98000000.0,4600000000.0,4739750000.0,6084000000.0,2137000000.0,1802000000.0,335000000.0,10082000000.0,9452000000.0,630000000.0,26452170000.0,396000000.0,-421000000.0,-567000000.0,38000000.0,-164000000.0,-642000000.0,-608000000.0,493000000.0,1623000000.0,23000000.0,1258000000.0,1258000000.0,1258000000.0,0.0,0.0,0.037,6513000000.0,1818000000.0,6332000000.0,0.131,4.722,21.027,21.266,2971000000.0,0.0,55.08,0.784,0.786,1115000000.0,4793000000.0,33728000000.0,33728000000.0,0.0,0.098,0.232,0.425,0.06,79000000.0,6513000000.0,1.0,480250000.0,481000000,495800000.0,70.121,14610000000.0,0.0,660000000.0,318000000.0,30.374,1516000000.0
59,BBY,MRT,2006-09-30,2006-08-26,2006-08-26,2021-08-31,307000000.0,12407000000.0,12195500000.0,7887000000.0,4520000000.0,2.672,11.274,-709000000.0,1104000000.0,1104000000.0,24466000000.0,1246000000.0,1.239,1.283,680000000.0,496000000.0,184000000.0,680000000.0,0.0,480000000.0,0.0,0.007,0.32,1978000000.0,2458000000.0,0.075,2458000000.0,1978000000.0,1901000000.0,2.56,2.5,2.56,5434000000.0,5239000000.0,5434000000.0,21882517980.0,11.0,8.903,1188000000.0,2.465,1.0,8124000000.0,0.249,1093000000.0,77000000.0,4524000000.0,4828250000.0,4049000000.0,1840000000.0,1534000000.0,306000000.0,6973000000.0,6366000000.0,607000000.0,22056517980.0,490000000.0,-421000000.0,-750000000.0,57000000.0,-156000000.0,-794000000.0,-647000000.0,416000000.0,1897000000.0,34000000.0,1246000000.0,1246000000.0,1246000000.0,0.0,0.0,0.038,6313000000.0,1811000000.0,3858000000.0,0.125,4.059,17.702,17.801,2787000000.0,0.0,45.57,0.677,0.674,513000000.0,4690000000.0,32590000000.0,32590000000.0,0.0,0.102,0.238,0.41,0.061,64000000.0,6313000000.0,1.0,484014000.0,482000000,496500000.0,67.614,11314000000.0,0.0,655000000.0,399000000.0,23.473,1521000000.0
60,BBY,MRT,2006-06-30,2006-05-27,2006-05-27,2021-08-31,315000000.0,11269000000.0,11658500000.0,6878000000.0,4391000000.0,2.718,11.162,-697000000.0,772000000.0,772000000.0,23756000000.0,1204000000.0,1.298,1.083,598000000.0,418000000.0,180000000.0,598000000.0,0.0,468000000.0,0.0,0.006,0.313,1880000000.0,2348000000.0,0.074,2348000000.0,1880000000.0,1829000000.0,2.46,2.4,2.46,5409000000.0,5086250000.0,5409000000.0,25101898060.0,13.0,10.691,736000000.0,1.519,1.0,7933000000.0,0.25,1018000000.0,51000000.0,4780000000.0,4974750000.0,3737000000.0,1856000000.0,1554000000.0,302000000.0,5860000000.0,5297000000.0,563000000.0,25186898060.0,314000000.0,-408000000.0,-453000000.0,41000000.0,-153000000.0,-499000000.0,-672000000.0,332000000.0,1433000000.0,52000000.0,1204000000.0,1204000000.0,1204000000.0,0.0,0.0,0.038,6191000000.0,1742000000.0,3055000000.0,0.127,4.656,20.919,21.081,2712000000.0,0.0,51.86,0.795,0.793,409000000.0,4500000000.0,31689000000.0,31689000000.0,0.0,0.103,0.237,0.378,0.059,53000000.0,6191000000.0,1.0,485671000.0,484600000,500800000.0,65.392,10251000000.0,0.0,625000000.0,291000000.0,21.154,1581000000.0
61,BBY,MRT,2006-03-31,2006-02-25,2006-02-25,2021-08-31,261000000.0,11864000000.0,11316000000.0,7985000000.0,3879000000.0,2.726,10.722,-648000000.0,748000000.0,748000000.0,23122000000.0,1140000000.0,1.319,1.257,596000000.0,418000000.0,178000000.0,596000000.0,0.0,456000000.0,0.0,0.006,0.307,1751000000.0,2207000000.0,0.072,2207000000.0,1751000000.0,1721000000.0,2.33,2.27,2.33,5257000000.0,4841750000.0,5257000000.0,26234601040.0,15.0,11.887,1092000000.0,2.227,1.0,7726000000.0,0.25,601000000.0,30000000.0,5055000000.0,4998000000.0,3338000000.0,3259000000.0,3041000000.0,218000000.0,6607000000.0,6056000000.0,551000000.0,26475601040.0,394000000.0,0.0,-480000000.0,-33000000.0,-151000000.0,-619000000.0,-754000000.0,-199000000.0,1740000000.0,27000000.0,1140000000.0,1140000000.0,1140000000.0,0.0,0.0,0.037,6082000000.0,1644000000.0,3234000000.0,0.132,5.036,23.224,23.193,2712000000.0,0.0,54.04,0.858,0.859,449000000.0,4304000000.0,30848000000.0,30848000000.0,0.0,0.101,0.235,0.35,0.057,77000000.0,6082000000.0,1.0,489926000.0,490300000,504800000.0,62.917,11263000000.0,0.0,581000000.0,703000000.0,22.972,1929000000.0
62,BBY,MRT,2005-12-31,2005-11-26,2005-11-26,2021-08-31,231000000.0,13242000000.0,10923500000.0,9694000000.0,3548000000.0,2.69,9.888,-605000000.0,812000000.0,812000000.0,22154000000.0,1068000000.0,1.3,1.727,571000000.0,17000000.0,554000000.0,571000000.0,0.0,461000000.0,0.0,0.006,0.3,1522000000.0,1983000000.0,0.067,1983000000.0,1522000000.0,1561000000.0,2.17,2.12,2.17,4856000000.0,4639750000.0,4856000000.0,24686439720.0,16.0,12.449,976000000.0,1.987,1.0,7228000000.0,0.246,592000000.0,-39000000.0,4954000000.0,4991250000.0,5314000000.0,2399000000.0,2285000000.0,114000000.0,8386000000.0,7455000000.0,931000000.0,24932439720.0,317000000.0,0.0,-205000000.0,-69000000.0,-149000000.0,-370000000.0,-894000000.0,-244000000.0,1581000000.0,0.0,1068000000.0,1068000000.0,1068000000.0,-50000000.0,0.0,0.036,5756000000.0,1472000000.0,5325000000.0,0.138,5.134,23.345,23.332,2637000000.0,0.0,50.63,0.849,0.846,883000000.0,3699000000.0,29382000000.0,29382000000.0,0.0,0.098,0.23,0.305,0.052,26000000.0,5756000000.0,1.0,492444000.0,491100000,507200000.0,59.829,12650000000.0,0.0,493000000.0,328000000.0,25.759,2239000000.0
63,BBY,MRT,2005-09-30,2005-08-27,2005-08-27,2021-08-31,201000000.0,10259000000.0,10518500000.0,6842000000.0,3417000000.0,2.728,9.819,-538000000.0,614000000.0,614000000.0,21711000000.0,1078000000.0,1.515,1.127,552000000.0,12000000.0,540000000.0,552000000.0,0.0,475000000.0,0.0,0.006,0.293,1566000000.0,2041000000.0,0.071,2041000000.0,1566000000.0,1597000000.0,2.19,2.14,2.19,4823000000.0,4415750000.0,4823000000.0,22379813160.0,14.0,10.965,1075000000.0,2.189,1.0,6983000000.0,0.243,571000000.0,-31000000.0,5110000000.0,4787500000.0,3250000000.0,2333000000.0,2211000000.0,122000000.0,5436000000.0,4516000000.0,920000000.0,22439813160.0,-42000000.0,0.0,31000000.0,-67000000.0,-145000000.0,-163000000.0,-1511000000.0,-978000000.0,1613000000.0,19000000.0,1078000000.0,1078000000.0,1078000000.0,-50000000.0,0.0,0.038,5467000000.0,1516000000.0,2760000000.0,0.134,4.653,20.816,21.009,2523000000.0,0.0,46.01,0.782,0.788,389000000.0,3600000000.0,28694000000.0,28694000000.0,0.0,0.102,0.244,0.327,0.055,36000000.0,5467000000.0,1.0,487716000.0,491200000,509100000.0,58.416,9688000000.0,0.0,519000000.0,254000000.0,19.723,2326000000.0
64,BBY,MRT,2005-06-30,2005-05-28,2005-05-28,2021-08-31,136000000.0,9899000000.0,10114750000.0,6605000000.0,3294000000.0,2.775,9.021,-522000000.0,458000000.0,458000000.0,21330000000.0,1040000000.0,1.447,1.234,544000000.0,14000000.0,530000000.0,544000000.0,0.0,465000000.0,0.0,0.008,0.287,1547000000.0,2012000000.0,0.072,2012000000.0,1547000000.0,1561000000.0,2.12,2.07,2.12,4431000000.0,4110250000.0,4431000000.0,18109062100.0,12.0,9.001,1396000000.0,2.842,1.0,6742000000.0,0.24,547000000.0,-14000000.0,4873000000.0,4421500000.0,3266000000.0,2261000000.0,2148000000.0,113000000.0,5468000000.0,4565000000.0,903000000.0,17979062100.0,208000000.0,0.0,-107000000.0,-425000000.0,-141000000.0,-687000000.0,-1029000000.0,-442000000.0,1918000000.0,6000000.0,1040000000.0,1040000000.0,1040000000.0,-50000000.0,0.0,0.037,5245000000.0,1497000000.0,3047000000.0,0.135,4.058,17.288,17.248,2456000000.0,0.0,36.567,0.64,0.64,350000000.0,3449000000.0,28072000000.0,28072000000.0,0.0,0.103,0.253,0.35,0.055,16000000.0,5245000000.0,1.0,491679000.0,491200000,505300000.0,57.15,9352000000.0,0.0,521000000.0,200000000.0,19.039,2040000000.0
65,BBY,MRT,2005-03-31,2005-02-26,2005-02-26,2021-08-31,149000000.0,10294000000.0,9777500000.0,6903000000.0,3391000000.0,2.806,9.1,-502000000.0,354000000.0,354000000.0,20938000000.0,984000000.0,1.392,1.314,600000000.0,72000000.0,528000000.0,600000000.0,0.0,459000000.0,0.0,0.008,0.28,1492000000.0,1951000000.0,0.071,1951000000.0,1492000000.0,1493000000.0,2.01,1.96,2.01,4449000000.0,3873500000.0,4449000000.0,15009196750.0,10.0,7.693,1479000000.0,3.025,1.0,6495000000.0,0.237,553000000.0,-1000000.0,5028000000.0,4279250000.0,2851000000.0,3142000000.0,2994000000.0,148000000.0,5845000000.0,4959000000.0,886000000.0,16958196750.0,109000000.0,0.0,56000000.0,-371000000.0,-137000000.0,-459000000.0,-1422000000.0,-787000000.0,1981000000.0,9000000.0,984000000.0,984000000.0,984000000.0,-50000000.0,0.0,0.036,5053000000.0,1442000000.0,2824000000.0,0.139,3.812,17.234,17.144,2464000000.0,0.0,34.46,0.618,0.614,375000000.0,3315000000.0,27433000000.0,27433000000.0,0.0,0.101,0.254,0.349,0.054,-1000000.0,5053000000.0,1.0,492112500.0,488900000,505000000.0,56.112,9741000000.0,0.0,509000000.0,575000000.0,19.924,1944000000.0
66,BBY,MRT,2004-12-31,2004-11-27,2004-11-27,2021-08-31,202000000.0,11622000000.0,9367000000.0,8332000000.0,3290000000.0,2.846,8.1,-448000000.0,495000000.0,495000000.0,20500000000.0,881000000.0,1.209,1.935,486000000.0,8000000.0,478000000.0,486000000.0,0.0,433000000.0,0.0,0.007,0.273,1418000000.0,1851000000.0,0.069,1851000000.0,1418000000.0,1426000000.0,1.807,1.767,1.807,3960000000.0,3616750000.0,3960000000.0,17640471240.0,12.0,9.53,1280000000.0,2.618,1.0,6155000000.0,0.231,582000000.0,-8000000.0,4139000000.0,4082750000.0,4826000000.0,2159000000.0,2018000000.0,141000000.0,7662000000.0,6892000000.0,770000000.0,19113471240.0,209000000.0,0.0,35000000.0,-369000000.0,-230000000.0,-451000000.0,-1141000000.0,-618000000.0,1728000000.0,20000000.0,881000000.0,881000000.0,881000000.0,66000000.0,0.0,0.033,4737000000.0,1418000000.0,5008000000.0,0.151,4.827,21.695,21.738,2319000000.0,0.0,39.28,0.717,0.72,742000000.0,2780000000.0,26655000000.0,26655000000.0,0.0,0.094,0.244,0.347,0.053,20000000.0,4737000000.0,1.0,486595500.0,488900000,506600000.0,54.52,11040000000.0,0.0,545000000.0,342000000.0,22.581,1440000000.0
67,BBY,MRT,2004-09-30,2004-08-28,2004-08-28,2021-08-31,100000000.0,8644000000.0,8982250000.0,5596000000.0,3048000000.0,2.899,7.393,-455000000.0,656000000.0,656000000.0,19942000000.0,855000000.0,1.299,1.4,489000000.0,11000000.0,478000000.0,489000000.0,0.0,406000000.0,0.0,0.012,0.4,1387000000.0,1793000000.0,0.069,1793000000.0,1387000000.0,1385000000.0,1.76,1.713,1.76,3601000000.0,3381000000.0,3601000000.0,14508243350.0,10.0,8.092,920000000.0,1.889,1.0,6098000000.0,0.234,523000000.0,2000000.0,3646000000.0,3704250000.0,2987000000.0,1354000000.0,1313000000.0,41000000.0,5043000000.0,4308000000.0,735000000.0,15732243350.0,463000000.0,0.0,-72000000.0,-372000000.0,-195000000.0,-560000000.0,-408000000.0,187000000.0,1375000000.0,3000000.0,855000000.0,855000000.0,855000000.0,66000000.0,0.0,0.033,4711000000.0,1387000000.0,2698000000.0,0.227,4.369,18.4,18.345,2251000000.0,0.0,32.287,0.604,0.604,328000000.0,2667000000.0,26040000000.0,26040000000.0,0.0,0.095,0.253,0.374,0.053,12000000.0,4711000000.0,1.0,487267500.0,487100000,502700000.0,53.459,8121000000.0,0.0,530000000.0,283000000.0,16.672,1288000000.0
68,BBY,MRT,2004-06-30,2004-05-29,2004-05-29,2021-08-31,70000000.0,8550000000.0,8753750000.0,5602000000.0,2948000000.0,2.897,7.153,-475000000.0,250000000.0,250000000.0,19356000000.0,844000000.0,1.291,1.454,846000000.0,369000000.0,477000000.0,846000000.0,0.0,395000000.0,0.0,0.009,0.333,1373000000.0,1768000000.0,0.07,1768000000.0,1373000000.0,1367000000.0,1.737,1.693,1.737,3484000000.0,3214250000.0,3484000000.0,15414780120.0,11.0,8.719,760000000.0,1.56,1.0,6000000000.0,0.237,504000000.0,6000000.0,4304000000.0,3462750000.0,2915000000.0,1820000000.0,1820000000.0,0.0,5066000000.0,4338000000.0,728000000.0,17164780120.0,325000000.0,0.0,-4000000.0,-22000000.0,-162000000.0,-118000000.0,-840000000.0,-279000000.0,1235000000.0,-2000000.0,844000000.0,844000000.0,844000000.0,67000000.0,0.0,0.033,4626000000.0,1374000000.0,2611000000.0,0.192,4.927,20.337,20.249,2239000000.0,0.0,35.173,0.677,0.676,371000000.0,2550000000.0,25356000000.0,25356000000.0,0.0,0.096,0.263,0.397,0.054,20000000.0,4626000000.0,1.0,488005500.0,487050000,503550000.0,52.06,8046000000.0,0.0,523000000.0,181000000.0,16.52,1264000000.0
69,BBY,MRT,2004-03-31,2004-02-28,2004-02-28,2021-08-31,86000000.0,8652000000.0,8404250000.0,5724000000.0,2928000000.0,2.921,7.056,-545000000.0,245000000.0,245000000.0,18677000000.0,705000000.0,1.272,1.528,850000000.0,368000000.0,482000000.0,850000000.0,0.0,385000000.0,0.0,0.008,0.267,1209000000.0,1594000000.0,0.065,1594000000.0,1209000000.0,1201000000.0,1.45,1.42,1.45,3422000000.0,3034000000.0,3422000000.0,16311730750.0,13.0,10.233,790000000.0,1.629,1.0,5871000000.0,0.239,514000000.0,8000000.0,4242000000.0,3072500000.0,2607000000.0,2355000000.0,2355000000.0,0.0,5230000000.0,4501000000.0,729000000.0,17288730750.0,-128000000.0,0.0,14000000.0,-17000000.0,-130000000.0,-87000000.0,-1377000000.0,-814000000.0,1335000000.0,1000000.0,705000000.0,705000000.0,705000000.0,95000000.0,0.0,0.029,4567000000.0,1304000000.0,2460000000.0,0.184,5.052,24.523,24.483,2244000000.0,0.0,35.5,0.704,0.701,343000000.0,2468000000.0,24548000000.0,24548000000.0,0.0,0.084,0.232,0.393,0.049,8000000.0,4567000000.0,1.0,487006500.0,485000000,500800000.0,50.614,8138000000.0,0.0,496000000.0,380000000.0,16.779,1223000000.0
70,BBY,MRT,2003-12-31,2003-11-29,2003-11-29,2021-08-31,104000000.0,10083000000.0,8164750000.0,7144000000.0,2939000000.0,2.827,6.204,-620000000.0,1827000000.0,1827000000.0,17577000000.0,547000000.0,1.2,2.342,850000000.0,14000000.0,836000000.0,850000000.0,0.0,368000000.0,0.0,0.005,0.2,995000000.0,1363000000.0,0.059,1363000000.0,995000000.0,991000000.0,1.133,1.113,1.133,3017000000.0,2861000000.0,3017000000.0,19184874000.0,19.0,14.075,584000000.0,1.201,1.0,5505000000.0,0.238,527000000.0,4000000.0,2625000000.0,2592750000.0,4428000000.0,0.0,0.0,0.0,7066000000.0,5954000000.0,1112000000.0,20064874000.0,444000000.0,0.0,35000000.0,-11000000.0,0.0,9000000.0,-797000000.0,-234000000.0,1204000000.0,2000000.0,547000000.0,547000000.0,547000000.0,162000000.0,0.0,0.024,4348000000.0,1157000000.0,4501000000.0,0.177,6.651,36.682,36.481,2261000000.0,0.0,41.333,0.869,0.871,678000000.0,2032000000.0,23082000000.0,23082000000.0,0.0,0.067,0.191,0.384,0.043,0.0,4348000000.0,1.0,485440500.0,486300000,495750000.0,47.465,9556000000.0,0.0,444000000.0,99000000.0,19.65,1190000000.0
71,BBY,MRT,2003-09-30,2003-08-30,2003-08-30,2021-08-31,67000000.0,7730000000.0,7828500000.0,4886000000.0,2844000000.0,2.833,6.058,-635000000.0,1734000000.0,1734000000.0,16912000000.0,484000000.0,1.33,1.635,854000000.0,14000000.0,840000000.0,854000000.0,0.0,349000000.0,0.0,0.0,0.0,906000000.0,1255000000.0,0.057,1255000000.0,906000000.0,906000000.0,1.0,0.987,1.0,2934000000.0,2704000000.0,2934000000.0,16136971990.0,18.0,12.858,569000000.0,1.175,1.0,5269000000.0,0.238,495000000.0,0.0,2680000000.0,2622000000.0,2641000000.0,0.0,0.0,0.0,4796000000.0,3675000000.0,1121000000.0,16767971990.0,386000000.0,0.0,40000000.0,-9000000.0,0.0,16000000.0,-814000000.0,-234000000.0,1204000000.0,0.0,484000000.0,484000000.0,484000000.0,189000000.0,0.0,0.022,4174000000.0,1095000000.0,2590000000.0,0.0,5.715,34.645,34.673,2229000000.0,0.0,34.673,0.756,0.757,302000000.0,2007000000.0,22181000000.0,22181000000.0,0.0,0.062,0.179,0.346,0.041,0.0,4174000000.0,1.0,483598500.0,484350000,491700000.0,45.795,7235000000.0,0.0,422000000.0,43000000.0,14.938,1211000000.0
72,BBY,MRT,2003-06-30,2003-05-31,2003-05-31,2021-08-31,76000000.0,7152000000.0,7597000000.0,4366000000.0,2786000000.0,2.818,5.72,-710000000.0,1466000000.0,1466000000.0,16359000000.0,407000000.0,1.333,1.588,835000000.0,6000000.0,829000000.0,835000000.0,0.0,329000000.0,0.0,0.0,0.0,790000000.0,1119000000.0,0.052,1119000000.0,790000000.0,791000000.0,0.84,0.833,0.84,2763000000.0,2552000000.0,2763000000.0,11385814085.0,14.0,10.175,233000000.0,0.482,1.0,5050000000.0,0.236,502000000.0,-1000000.0,2743000000.0,2643000000.0,2368000000.0,0.0,0.0,0.0,4389000000.0,3276000000.0,1113000000.0,12470814085.0,-16000000.0,0.0,9000000.0,7000000.0,0.0,1000000.0,-886000000.0,-234000000.0,943000000.0,1000000.0,407000000.0,407000000.0,407000000.0,205000000.0,0.0,0.019,4055000000.0,995000000.0,2357000000.0,0.0,4.514,30.641,30.714,2161000000.0,0.0,25.8,0.583,0.582,302000000.0,1868000000.0,21409000000.0,21409000000.0,0.0,0.054,0.159,0.299,0.037,0.0,4055000000.0,1.0,483364887.0,483000000,487800000.0,44.325,6650000000.0,26000000.0,384000000.0,0.0,13.768,1090000000.0
73,BBY,MRT,2003-03-31,2003-03-01,2003-03-01,2021-08-31,27000000.0,7694000000.0,7505000000.0,4898000000.0,2796000000.0,2.791,5.668,-725000000.0,1914000000.0,1914000000.0,15998000000.0,99000000.0,1.281,1.818,829000000.0,1000000.0,828000000.0,829000000.0,0.0,310000000.0,0.0,0.0,0.0,487000000.0,797000000.0,0.038,797000000.0,487000000.0,491000000.0,0.207,0.207,0.207,2730000000.0,2429000000.0,2730000000.0,9025545750.0,19.0,11.324,53000000.0,0.11,1.0,4945000000.0,0.236,462000000.0,-4000000.0,2323000000.0,2598500000.0,2077000000.0,0.0,0.0,0.0,4964000000.0,3824000000.0,1140000000.0,9352545750.0,-181000000.0,0.0,40000000.0,5000000.0,0.0,30000000.0,-910000000.0,-234000000.0,778000000.0,0.0,99000000.0,99000000.0,99000000.0,441000000.0,0.0,0.005,3935000000.0,1010000000.0,2195000000.0,0.0,3.426,94.47,93.623,2062000000.0,0.0,19.38,0.447,0.446,312000000.0,1893000000.0,20943000000.0,20943000000.0,0.0,0.013,0.041,0.187,0.023,0.0,3935000000.0,1.0,482587500.0,481650000,496050000.0,43.482,7232000000.0,0.0,392000000.0,374000000.0,15.015,1074000000.0
74,BBY,MRT,2002-12-31,2002-11-30,2002-11-30,2021-08-31,1000000.0,8738000000.0,7423250000.0,5918000000.0,2820000000.0,2.566,4.954,-705000000.0,1149000000.0,1149000000.0,14620000000.0,138000000.0,1.131,2.658,824000000.0,2000000.0,822000000.0,824000000.0,0.0,244000000.0,0.0,0.0,0.0,483000000.0,727000000.0,0.038,727000000.0,483000000.0,506000000.0,0.287,0.293,0.287,2389000000.0,2376750000.0,2389000000.0,8614306720.0,18.0,11.849,21000000.0,0.044,1.0,4431000000.0,0.233,439000000.0,-23000000.0,2742000000.0,2555500000.0,3423000000.0,0.0,0.0,0.0,6349000000.0,5232000000.0,1117000000.0,8901306720.0,310000000.0,-8000000.0,51000000.0,677000000.0,0.0,728000000.0,-716000000.0,0.0,726000000.0,0.0,138000000.0,138000000.0,138000000.0,374000000.0,0.0,0.007,3492000000.0,939000000.0,3674000000.0,0.0,3.726,64.502,64.297,2025000000.0,0.0,18.453,0.467,0.467,575000000.0,1582000000.0,19051000000.0,19051000000.0,0.0,0.019,0.058,0.189,0.025,0.0,3492000000.0,1.0,482368500.0,482250000,486150000.0,39.504,8299000000.0,0.0,368000000.0,122000000.0,17.209,686000000.0
75,BBY,MRT,2002-09-30,2002-08-31,2002-08-31,2021-08-31,0.0,6804000000.0,7106250000.0,4124000000.0,2680000000.0,2.628,4.826,-681000000.0,1114000000.0,1114000000.0,14467000000.0,159000000.0,1.234,1.925,827000000.0,6000000.0,821000000.0,827000000.0,0.0,247000000.0,0.0,0.0,0.0,499000000.0,746000000.0,0.04,746000000.0,499000000.0,525000000.0,0.333,0.34,0.333,2326000000.0,2315250000.0,2326000000.0,6392213600.0,13.0,8.569,185000000.0,0.384,1.0,4209000000.0,0.225,410000000.0,-26000000.0,2764000000.0,2273750000.0,2133000000.0,0.0,0.0,0.0,4478000000.0,3343000000.0,1135000000.0,6813213600.0,157000000.0,-368000000.0,55000000.0,675000000.0,0.0,730000000.0,-1057000000.0,0.0,866000000.0,0.0,159000000.0,159000000.0,159000000.0,347000000.0,0.0,0.009,3281000000.0,928000000.0,2081000000.0,0.0,2.929,42.85,42.442,1917000000.0,0.0,14.133,0.365,0.365,235000000.0,1523000000.0,18676000000.0,18676000000.0,0.0,0.022,0.069,0.219,0.027,0.0,3281000000.0,1.0,482067000.0,481950000,486750000.0,38.751,6394000000.0,0.0,366000000.0,96000000.0,13.267,781000000.0
76,BBY,MRT,2002-06-30,2002-06-01,2002-06-01,2021-08-31,11000000.0,6784000000.0,6785500000.0,4275000000.0,2509000000.0,2.685,4.731,-611000000.0,1248000000.0,1248000000.0,14212000000.0,182000000.0,1.268,1.987,819000000.0,7000000.0,812000000.0,819000000.0,0.0,248000000.0,0.0,0.0,0.0,535000000.0,783000000.0,0.043,783000000.0,535000000.0,553000000.0,0.387,0.387,0.387,2271000000.0,2243500000.0,2271000000.0,13775259941.0,26.0,17.593,600000000.0,1.25,1.0,4004000000.0,0.22,418000000.0,-18000000.0,2565000000.0,2008000000.0,2145000000.0,0.0,0.0,0.0,4513000000.0,3372000000.0,1141000000.0,14810259941.0,786000000.0,-368000000.0,65000000.0,819000000.0,0.0,884000000.0,-985000000.0,0.0,1211000000.0,0.0,182000000.0,182000000.0,182000000.0,330000000.0,0.0,0.01,3057000000.0,947000000.0,2174000000.0,0.0,6.521,81.375,79.587,1760000000.0,0.0,30.8,0.813,0.812,215000000.0,1462000000.0,18216000000.0,18216000000.0,0.0,0.027,0.081,0.266,0.029,0.0,3057000000.0,1.0,480852596.0,480000000,489450000.0,37.95,6366000000.0,0.0,371000000.0,70000000.0,13.262,903000000.0
77,BBY,MRT,2002-03-31,2002-03-02,2002-03-02,2021-08-31,-6000000.0,7367000000.0,6291750000.0,4600000000.0,2767000000.0,2.815,5.319,-556000000.0,1861000000.0,1861000000.0,13941000000.0,570000000.0,1.242,1.922,815000000.0,7000000.0,808000000.0,815000000.0,0.0,245000000.0,0.0,0.0,0.0,908000000.0,1153000000.0,0.065,1153000000.0,908000000.0,926000000.0,1.2,1.18,1.2,2521000000.0,2157500000.0,2521000000.0,13934910100.0,15.0,12.086,987000000.0,2.082,1.0,3770000000.0,0.213,465000000.0,-18000000.0,2151000000.0,1772500000.0,1875000000.0,0.0,0.0,0.0,4846000000.0,3705000000.0,1141000000.0,14399910100.0,1118000000.0,-368000000.0,48000000.0,721000000.0,0.0,769000000.0,-924000000.0,0.0,1543000000.0,0.0,570000000.0,570000000.0,570000000.0,0.0,0.0,0.032,2862000000.0,908000000.0,2202000000.0,0.0,5.712,25.263,25.196,1661000000.0,0.0,30.236,0.813,0.809,221000000.0,1794000000.0,17711000000.0,17711000000.0,0.0,0.091,0.264,0.512,0.051,0.0,2862000000.0,1.0,476257500.0,474000000,483750000.0,37.365,6902000000.0,0.0,356000000.0,291000000.0,14.561,895000000.0
78,BBY,MRT,2001-12-31,2001-12-01,2001-12-01,2021-08-31,0.0,7470000000.0,5660000000.0,4887000000.0,2583000000.0,3.17,4.513,-584000000.0,843000000.0,843000000.0,14050000000.0,410000000.0,1.053,2.486,378000000.0,14000000.0,364000000.0,378000000.0,0.0,279000000.0,0.0,0.0,0.0,664000000.0,943000000.0,0.053,943000000.0,664000000.0,671000000.0,0.876,0.849,0.876,2143000000.0,1982750000.0,2143000000.0,14456295400.0,22.0,15.33,780000000.0,1.642,1.0,3891000000.0,0.217,750000000.0,-7000000.0,1615000000.0,1557000000.0,3459000000.0,0.0,0.0,0.0,5327000000.0,4640000000.0,687000000.0,15053295400.0,110000000.0,-686000000.0,38000000.0,43000000.0,0.0,81000000.0,-1277000000.0,0.0,1364000000.0,0.0,410000000.0,410000000.0,410000000.0,5000000.0,0.0,0.023,3222000000.0,669000000.0,3645000000.0,0.0,7.024,36.715,36.22,1753000000.0,0.0,31.729,0.839,0.84,370000000.0,1444000000.0,17941000000.0,17941000000.0,0.0,0.072,0.207,0.426,0.037,0.0,3222000000.0,1.0,474435000.0,474900000,483300000.0,37.778,6720000000.0,0.0,261000000.0,79000000.0,14.15,247000000.0
79,BBY,MRT,2001-09-30,2001-09-01,2001-09-01,2021-08-31,0.0,5521000000.0,4988000000.0,3503000000.0,2018000000.0,3.392,4.306,-635000000.0,961000000.0,961000000.0,13365000000.0,387000000.0,1.23,1.708,364000000.0,2000000.0,362000000.0,364000000.0,0.0,240000000.0,0.0,0.0,0.0,620000000.0,860000000.0,0.051,860000000.0,620000000.0,632000000.0,0.833,0.802,0.833,2039000000.0,1853500000.0,2039000000.0,12115092240.0,20.0,14.087,418000000.0,0.883,1.0,3552000000.0,0.21,376000000.0,-12000000.0,1701000000.0,1419500000.0,2092000000.0,0.0,0.0,0.0,3482000000.0,2847000000.0,635000000.0,12385092240.0,112000000.0,-326000000.0,33000000.0,46000000.0,0.0,79000000.0,-962000000.0,0.0,1053000000.0,0.0,387000000.0,387000000.0,387000000.0,5000000.0,0.0,0.023,2927000000.0,625000000.0,2058000000.0,0.0,6.074,32.003,31.469,1558000000.0,0.0,26.213,0.732,0.734,236000000.0,1364000000.0,16917000000.0,16917000000.0,0.0,0.078,0.209,0.437,0.037,0.0,2927000000.0,1.0,472473000.0,473550000,484200000.0,35.724,5145000000.0,0.0,245000000.0,30000000.0,10.865,656000000.0
80,BBY,MRT,2001-06-30,2001-06-02,2001-06-02,2021-08-31,0.0,4809000000.0,4518750000.0,2851000000.0,1958000000.0,3.524,4.1,-691000000.0,466000000.0,466000000.0,12670000000.0,379000000.0,1.125,1.496,196000000.0,19000000.0,177000000.0,196000000.0,0.0,204000000.0,0.0,0.0,0.0,587000000.0,791000000.0,0.05,791000000.0,587000000.0,618000000.0,0.818,0.789,0.818,1927000000.0,1734750000.0,1927000000.0,10855687200.0,18.0,13.724,176000000.0,0.375,1.0,3252000000.0,0.204,381000000.0,-31000000.0,1623000000.0,1222000000.0,1981000000.0,0.0,0.0,0.0,2882000000.0,2535000000.0,347000000.0,11306617200.0,-303000000.0,-326000000.0,28000000.0,-115000000.0,0.0,-87000000.0,-1025000000.0,0.0,867000000.0,0.0,379000000.0,379000000.0,379000000.0,5000000.0,0.0,0.024,2660000000.0,592000000.0,1822000000.0,0.0,5.867,29.833,29.34,1496000000.0,0.0,24.0,0.71,0.708,193000000.0,1279000000.0,15922000000.0,15922000000.0,0.0,0.084,0.218,0.48,0.037,0.0,2660000000.0,1.0,471109050.0,469950000,480150000.0,33.88,4428000000.0,0.0,239000000.0,18000000.0,9.422,316000000.0
81,BBY,MRT,2001-03-31,2001-03-03,2001-03-03,2021-08-31,0.0,4840000000.0,4131750000.0,2929000000.0,1911000000.0,3.676,3.918,-688000000.0,747000000.0,747000000.0,12177000000.0,396000000.0,1.079,1.656,296000000.0,115000000.0,181000000.0,296000000.0,0.0,165000000.0,0.0,0.0,0.0,606000000.0,771000000.0,0.051,771000000.0,606000000.0,644000000.0,0.853,0.827,0.853,1822000000.0,1617250000.0,1822000000.0,7629096900.0,13.0,9.895,173000000.0,0.372,1.0,3012000000.0,0.198,385000000.0,-38000000.0,1289000000.0,1035000000.0,1767000000.0,0.0,0.0,0.0,3018000000.0,2715000000.0,303000000.0,8331135900.0,-8000000.0,-326000000.0,235000000.0,-17000000.0,0.0,218000000.0,-1029000000.0,0.0,861000000.0,0.0,396000000.0,396000000.0,396000000.0,5000000.0,0.0,0.026,2401000000.0,611000000.0,1773000000.0,0.0,4.573,21.038,20.894,1444000000.0,0.0,17.822,0.548,0.546,209000000.0,1224000000.0,15189000000.0,15189000000.0,0.0,0.096,0.245,0.586,0.04,0.0,2401000000.0,1.0,467457750.0,465000000,478500000.0,32.665,4455000000.0,0.0,248000000.0,127000000.0,9.581,214000000.0
82,BBY,MRT,2000-12-31,2000-11-25,2000-11-25,2021-08-31,0.0,4782000000.0,3670585500.0,3653000000.0,1129000000.0,3.863,3.479,-635376000.0,729000000.0,729000000.0,11426481000.0,369735000.0,1.212,1.941,27000000.0,6000000.0,21000000.0,27000000.0,0.0,144866000.0,0.0,0.0,0.0,564105000.0,708971000.0,0.05,708971000.0,564105000.0,599965000.0,0.798,0.776,0.798,1626000000.0,1435746250.0,1626000000.0,6138214500.0,11.0,8.658,243974000.0,0.522,1.0,2753111000.0,0.194,0.0,-35860000.0,1065000000.0,835305000.0,2328000000.0,0.0,0.0,0.0,3156000000.0,3015000000.0,141000000.0,6954432500.0,213980000.0,0.0,-3128000.0,-15128000.0,0.0,-18256000.0,-647114000.0,0.0,879350000.0,0.0,369735000.0,369735000.0,369735000.0,0.0,0.0,0.026,2189006000.0,564105000.0,2483000000.0,0.0,4.277,18.809,18.658,1050000000.0,0.0,14.889,0.49,0.491,427000000.0,1035000000.0,14179592000.0,14179592000.0,0.0,0.101,0.258,0.675,0.04,0.0,2189006000.0,1.0,467088750.0,467325000,479250000.0,30.342,4782000000.0,0.0,230230000.0,14000000.0,10.233,638000000.0
83,BBY,MRT,2000-09-30,2000-08-26,2000-08-26,2021-08-31,0.0,3644000000.0,3418098750.0,2676000000.0,968000000.0,3.966,3.356,-547267000.0,845000000.0,845000000.0,10900451000.0,391124000.0,1.396,1.33,29000000.0,7000000.0,22000000.0,29000000.0,0.0,126890000.0,0.0,0.0,0.0,601693000.0,728583000.0,0.054,728583000.0,601693000.0,634004000.0,0.842,0.82,0.842,1564000000.0,1318843500.0,1564000000.0,14693538650.0,24.0,20.167,471465000.0,1.012,1.0,2654478000.0,0.196,0.0,-32311000.0,911000000.0,762287000.0,1457000000.0,0.0,0.0,0.0,2080000000.0,1917000000.0,163000000.0,15430125650.0,371333000.0,0.0,-63585000.0,-16223000.0,0.0,-79808000.0,-567591000.0,0.0,1018732000.0,0.0,391124000.0,391124000.0,391124000.0,0.0,0.0,0.029,2052785000.0,601693000.0,1479000000.0,0.0,9.866,39.451,39.393,889000000.0,0.0,33.169,1.138,1.14,201000000.0,977000000.0,13554929000.0,13554929000.0,0.0,0.114,0.297,0.789,0.044,0.0,2052785000.0,1.0,465198750.0,465975000,480375000.0,29.089,3644000000.0,0.0,242880000.0,0.0,7.82,759000000.0
84,BBY,MRT,2000-06-30,2000-05-27,2000-05-27,2021-08-31,0.0,3261000000.0,3164144500.0,2454000000.0,807000000.0,4.131,3.174,-457063000.0,765000000.0,765000000.0,10535571000.0,372191000.0,1.487,1.238,29000000.0,16000000.0,13000000.0,29000000.0,0.0,112362000.0,0.0,0.0,0.0,576299000.0,688661000.0,0.053,688661000.0,576299000.0,603886000.0,0.802,0.78,0.802,1457000000.0,1211470250.0,1457000000.0,12159925456.0,21.0,17.657,402341000.0,0.877,1.0,2536998000.0,0.194,0.0,-27587000.0,875000000.0,732616000.0,1314000000.0,0.0,0.0,0.0,1804000000.0,1650000000.0,154000000.0,12879998456.0,253894000.0,0.0,-95702000.0,-28996000.0,0.0,-124698000.0,-480812000.0,0.0,859404000.0,0.0,372191000.0,372191000.0,372191000.0,0.0,0.0,0.028,1960699000.0,576299000.0,1223000000.0,0.0,8.84,34.606,34.569,744000000.0,0.0,27.724,0.985,0.973,202000000.0,901000000.0,13072569000.0,13072569000.0,0.0,0.118,0.307,0.787,0.044,0.0,1960699000.0,1.0,464571922.0,459000000,475875000.0,28.481,3261000000.0,0.0,231695000.0,0.0,7.105,804000000.0
85,BBY,MRT,2000-03-31,2000-02-26,2000-02-26,2021-08-31,0.0,2995342000.0,2939709750.0,2238460000.0,756882000.0,4.25,2.385,-382000000.0,750723000.0,750723000.0,10101000000.0,347000000.0,1.254,1.733,30650000.0,15790000.0,14860000.0,30650000.0,0.0,104000000.0,0.0,0.0,0.0,539000000.0,643000000.0,0.051,643000000.0,539000000.0,563000000.0,0.753,0.727,0.753,1095985000.0,1111835250.0,1095985000.0,9329656000.0,17.0,14.51,394000000.0,0.858,1.0,2393000000.0,0.192,0.0,-24000000.0,490220000.0,688939000.0,1183681000.0,0.0,0.0,0.0,1899357000.0,1785049000.0,114308000.0,9811728000.0,-35000000.0,0.0,-365000000.0,-30000000.0,0.0,-395000000.0,-416000000.0,0.0,776000000.0,0.0,347000000.0,347000000.0,347000000.0,0.0,0.0,0.028,1854000000.0,539000000.0,1313940000.0,0.0,8.952,28.276,28.331,698084000.0,0.0,21.333,0.785,0.785,189301000.0,828457000.0,12494000000.0,12494000000.0,0.0,0.118,0.312,0.782,0.043,0.0,1854000000.0,1.0,459924750.0,459450000,478350000.0,27.193,2995342000.0,0.0,216000000.0,65366000.0,6.519,453411000.0
86,BBY,MRT,1999-12-31,1999-11-27,1999-11-27,2021-08-31,0.0,3772053000.0,2823780000.0,3108779000.0,663274000.0,4.121,2.514,-326282000.0,514797000.0,514797000.0,9437170000.0,292072000.0,1.235,2.256,32725000.0,9046000.0,23679000.0,32725000.0,0.0,88367000.0,0.0,0.0,0.0,453686000.0,542053000.0,0.047,542053000.0,453686000.0,473956000.0,0.64,0.609,0.64,1158389000.0,1096325250.0,1158389000.0,11443403600.0,25.0,21.111,292316000.0,0.634,1.0,2198268000.0,0.189,0.0,-20270000.0,772928000.0,665565750.0,2082543000.0,0.0,0.0,0.0,2613664000.0,2517053000.0,96611000.0,11881027600.0,105424000.0,0.0,-120376000.0,-31237000.0,0.0,-151613000.0,-361561000.0,0.0,618598000.0,0.0,292072000.0,292072000.0,292072000.0,0.0,0.0,0.025,1744582000.0,453686000.0,2070254000.0,0.0,10.257,40.678,40.194,609087000.0,0.0,25.724,1.021,1.019,383461000.0,664652000.0,11635438000.0,11635438000.0,0.0,0.103,0.266,0.682,0.039,0.0,1744582000.0,1.0,461857500.0,460764000,478710000.0,25.252,3772053000.0,0.0,181884000.0,44142000.0,8.187,591726000.0
87,BBY,MRT,1999-09-30,1999-08-28,1999-08-28,2021-08-31,0.0,2628183000.0,2599646000.0,2064416000.0,563767000.0,4.239,2.459,-279307000.0,473444000.0,473444000.0,8968452000.0,267226000.0,1.476,1.317,35820000.0,10130000.0,25690000.0,35820000.0,0.0,83415000.0,0.0,0.0,0.0,421328000.0,504743000.0,0.046,504743000.0,421328000.0,433957000.0,0.591,0.556,0.591,1134507000.0,1029931250.0,1134507000.0,14322645000.0,34.0,28.376,277379000.0,0.601,1.0,2052116000.0,0.186,0.0,-12629000.0,792316000.0,632090250.0,1287646000.0,0.0,0.0,0.0,1493676000.0,1398243000.0,95433000.0,14775935000.0,-18188000.0,0.0,-62323000.0,-181553000.0,0.0,-243876000.0,-330998000.0,0.0,556686000.0,0.0,267226000.0,267226000.0,267226000.0,0.0,0.0,0.024,1630788000.0,421328000.0,1058921000.0,0.0,13.024,55.294,54.522,522820000.0,0.0,32.222,1.341,1.349,178492000.0,586263000.0,11020568000.0,11020568000.0,0.0,0.103,0.259,0.667,0.038,0.0,1630788000.0,1.0,458563500.0,461335500,481290750.0,23.888,2628183000.0,0.0,166731000.0,0.0,5.697,666173000.0
88,BBY,MRT,1999-06-30,1999-05-29,1999-05-29,2021-08-31,0.0,2363261000.0,2499267500.0,1886213000.0,477048000.0,4.206,2.306,-190551000.0,510883000.0,510883000.0,8584107000.0,250614000.0,1.559,1.233,57593000.0,29191000.0,28402000.0,57593000.0,0.0,79661000.0,0.0,0.0,0.0,400159000.0,479820000.0,0.046,479820000.0,400159000.0,407502000.0,0.56,0.524,0.56,1058460000.0,955665500.0,1058460000.0,8586099659.0,21.0,17.894,376926000.0,0.821,1.0,1927587000.0,0.183,0.0,-7343000.0,700292000.0,597140750.0,1111396000.0,0.0,0.0,0.0,1304801000.0,1209679000.0,95122000.0,9311279659.0,113585000.0,0.0,-31281000.0,-164715000.0,0.0,-195996000.0,-257896000.0,0.0,567477000.0,0.0,250614000.0,250614000.0,250614000.0,0.0,0.0,0.024,1527428000.0,400159000.0,867329000.0,0.0,8.797,37.154,36.111,437387000.0,0.0,20.222,0.886,0.883,145699000.0,528196000.0,10511694000.0,10511694000.0,0.0,0.1,0.262,0.67,0.038,0.0,1527428000.0,1.0,460447895.0,459076500,479877750.0,22.897,2363261000.0,0.0,156888000.0,10682000.0,5.148,676534000.0
89,BBY,MRT,1999-03-31,1999-02-27,1999-02-27,2021-08-31,0.0,2531623000.0,2404290500.0,2071827000.0,459796000.0,4.186,2.307,-165698000.0,785777000.0,785777000.0,8250123000.0,216282000.0,1.47,1.449,60597000.0,30088000.0,30509000.0,60597000.0,0.0,73627000.0,0.0,0.0,0.0,351242000.0,424869000.0,0.042,424869000.0,351242000.0,351677000.0,0.484,0.458,0.484,1033945000.0,887411000.0,1033945000.0,9062576500.0,26.0,21.33,488240000.0,1.089,1.0,1814523000.0,0.18,0.0,-435000.0,396727000.0,639398750.0,1046366000.0,0.0,0.0,0.0,1497678000.0,1409716000.0,87962000.0,9356805500.0,265650000.0,0.0,18182000.0,-165396000.0,0.0,-147214000.0,-241074000.0,0.0,653938000.0,0.0,216282000.0,216282000.0,216282000.0,0.0,0.0,0.021,1463281000.0,351242000.0,1011746000.0,0.0,9.05,43.262,42.585,423640000.0,0.0,20.611,0.93,0.918,132401000.0,481387000.0,10064646000.0,10064646000.0,0.0,0.09,0.244,0.549,0.035,0.0,1463281000.0,1.0,453969000.0,448166250,472513500.0,22.457,2531623000.0,0.0,135395000.0,46851000.0,5.649,662111000.0
90,BBY,MRT,1998-12-31,1998-11-28,1998-11-28,2021-08-31,0.0,2875517000.0,2288977500.0,2479976000.0,395541000.0,4.124,1.968,-119148000.0,409373000.0,409373000.0,7804111000.0,158986000.0,1.311,2.221,63962000.0,32132000.0,31830000.0,63962000.0,0.0,75350000.0,0.0,0.0,0.0,269798000.0,345148000.0,0.037,345148000.0,269798000.0,258269000.0,0.376,0.356,0.376,892813000.0,762852750.0,892813000.0,5593952100.0,21.0,16.207,396780000.0,0.875,1.0,1636151000.0,0.173,0.0,11529000.0,639026000.0,721463750.0,1684928000.0,0.0,0.0,0.0,1982704000.0,1891080000.0,91624000.0,5807375100.0,287313000.0,0.0,20082000.0,-89348000.0,0.0,-69266000.0,-159349000.0,0.0,515928000.0,0.0,158986000.0,158986000.0,158986000.0,0.0,0.0,0.017,1366353000.0,269798000.0,1534021000.0,0.0,6.505,36.528,34.06,373427000.0,0.0,12.807,0.615,0.615,278468000.0,372580000.0,9440262000.0,9440262000.0,0.0,0.069,0.208,0.374,0.029,0.0,1366353000.0,1.0,453465000.0,453627000,472603500.0,20.811,2875517000.0,0.0,99283000.0,0.0,6.339,588896000.0
91,BBY,MRT,1998-09-30,1998-08-29,1998-08-29,2021-08-31,0.0,2226669000.0,2170359750.0,1877894000.0,348775000.0,4.172,1.851,-75251000.0,491632000.0,491632000.0,7524330000.0,131861000.0,1.445,1.659,217373000.0,182078000.0,35295000.0,217373000.0,0.0,72565000.0,0.0,0.0,0.0,232487000.0,305052000.0,0.034,305052000.0,232487000.0,214547000.0,0.322,0.309,0.322,837444000.0,658355500.0,837444000.0,4192381300.0,18.0,13.743,325174000.0,0.719,1.0,1529826000.0,0.169,0.0,17940000.0,652518000.0,835951500.0,1167966000.0,0.0,0.0,0.0,1389225000.0,1299892000.0,89333000.0,4326370300.0,390279000.0,0.0,21479000.0,46119000.0,0.0,67598000.0,-77744000.0,0.0,400425000.0,0.0,131861000.0,131861000.0,131861000.0,0.0,0.0,0.015,1297339000.0,232487000.0,860116000.0,0.0,5.166,32.81,29.765,328194000.0,0.0,9.584,0.478,0.479,140714000.0,319038000.0,9054156000.0,9054156000.0,0.0,0.061,0.2,0.278,0.026,0.0,1297339000.0,1.0,451395000.0,452315250,472167000.0,20.017,2226669000.0,0.0,82686000.0,0.0,4.923,578002000.0
92,BBY,MRT,1998-06-30,1998-05-30,1998-05-30,2021-08-31,0.0,1983353000.0,2072005500.0,1635831000.0,347522000.0,4.184,1.822,-77364000.0,397298000.0,397298000.0,7256851000.0,97054000.0,1.743,1.525,221637000.0,14390000.0,207247000.0,221637000.0,0.0,72093000.0,0.0,0.0,0.0,183976000.0,256069000.0,0.03,256069000.0,183976000.0,158016000.0,0.247,0.236,0.247,785442000.0,560704750.0,785442000.0,2996480650.0,16.0,11.702,222121000.0,0.515,1.0,1412743000.0,0.163,0.0,25960000.0,869324000.0,952088000.0,1101144000.0,0.0,0.0,0.0,1197911000.0,938368000.0,259543000.0,3255720650.0,302389000.0,0.0,17647000.0,31142000.0,0.0,48789000.0,-45885000.0,0.0,299485000.0,0.0,97054000.0,97054000.0,97054000.0,0.0,0.0,0.011,1228767000.0,183976000.0,703301000.0,0.0,4.145,33.545,29.24,327638000.0,0.0,7.222,0.376,0.359,75563000.0,277583000.0,8669594000.0,8669594000.0,0.0,0.047,0.173,0.193,0.021,0.0,1228767000.0,1.0,450792090.0,431034750,449507250.0,20.113,1983353000.0,0.0,60962000.0,0.0,4.601,697463000.0
93,BBY,MRT,1998-03-31,1998-02-28,1998-02-28,2021-08-31,0.0,2070371000.0,2006337500.0,1716751000.0,353620000.0,4.156,1.357,-72063000.0,520127000.0,520127000.0,7026074000.0,81938000.0,1.634,2.865,225322000.0,14925000.0,210397000.0,225322000.0,0.0,71584000.0,0.0,0.0,0.0,166408000.0,237992000.0,0.029,237992000.0,166408000.0,133403000.0,0.209,0.204,0.209,535712000.0,474366500.0,535712000.0,2773131373.0,17.0,11.652,378380000.0,0.959,1.0,1311688000.0,0.157,0.0,33005000.0,724987000.0,1018214250.0,1060788000.0,0.0,0.0,0.0,1534659000.0,1050579000.0,484080000.0,2615042373.0,430319000.0,0.0,14869000.0,-12694000.0,0.0,2175000.0,-22299000.0,0.0,450443000.0,0.0,81938000.0,81938000.0,81938000.0,0.0,0.0,0.01,1145280000.0,166408000.0,762652000.0,0.0,4.881,31.915,31.664,332924000.0,0.0,6.618,0.314,0.313,95702000.0,265105000.0,8337762000.0,8337762000.0,0.0,0.041,0.173,0.163,0.02,0.0,1145280000.0,1.0,395154153.0,394686000,450564750.0,21.125,2070371000.0,0.0,51465000.0,24608000.0,5.246,666172000.0
94,BBY,MRT,1997-12-31,1997-11-29,1997-11-29,2021-08-31,0.0,2401046000.0,1922321500.0,2059451000.0,341595000.0,4.079,1.203,-110196000.0,122060000.0,122060000.0,6653173000.0,31026000.0,1.409,4.057,280149000.0,68525000.0,211624000.0,280149000.0,21596000.0,69197000.0,0.0,0.0,0.0,88750000.0,157947000.0,0.02,157947000.0,88750000.0,50880000.0,0.078,,0.078,474824000.0,450017250.0,474824000.0,,,,366622000.0,0.929,1.0,1187487000.0,0.151,0.0,37870000.0,1096977000.0,1135079000.0,1679721000.0,0.0,0.0,0.0,1926222000.0,1462158000.0,464064000.0,1278982275.0,78865000.0,0.0,4558000.0,-379872000.0,0.0,-375314000.0,-22639000.0,0.0,476818000.0,0.0,31026000.0,31026000.0,31026000.0,0.0,0.0,0.004,1098737000.0,88750000.0,1164128000.0,0.0,2.694,41.223,41.496,326960000.0,0.0,3.237,0.163,0.163,197192000.0,223113000.0,7840660000.0,7840660000.0,0.0,0.016,0.069,0.078,0.011,0.0,1098737000.0,1.0,395154153.0,394627500,,19.869,2401046000.0,10058000.0,19854000.0,3578000.0,6.084,597293000.0
95,BBY,MRT,1997-09-30,1997-08-30,1997-08-30,2021-08-31,0.0,1833252000.0,1966071750.0,1494001000.0,339251000.0,3.938,1.133,,101353000.0,101353000.0,6643258000.0,-6365000.0,1.636,3.103,298093000.0,80273000.0,217820000.0,298093000.0,44417000.0,,0.0,0.0,0.0,32721000.0,,,,32721000.0,-10431000.0,-0.017,,-0.017,446841000.0,438732500.0,446841000.0,,,,,,1.0,1098365000.0,0.142,0.0,43152000.0,1117064000.0,1232968250.0,1188361000.0,0.0,0.0,0.0,1386411000.0,912928000.0,473483000.0,,,,,,,,,,,,-6365000.0,-6365000.0,-6365000.0,0.0,0.0,-0.001,1065644000.0,32721000.0,630763000.0,0.0,,,-111.503,324228000.0,0.0,1.896,,0.097,114354000.0,196695000.0,7741623000.0,7741623000.0,0.0,-0.003,-0.015,0.027,0.004,,1065644000.0,1.0,,394276500,,19.635,1833252000.0,25753000.0,-4066000.0,3578000.0,4.65,581073000.0
96,BBY,MRT,1997-06-30,1997-05-31,1997-05-31,2021-08-31,0.0,1720681000.0,,1382025000.0,338656000.0,,1.123,,94909000.0,94909000.0,,,1.706,2.91,318005000.0,105396000.0,212609000.0,318005000.0,49363000.0,,0.0,0.0,0.0,,,,,,,,,,440089000.0,,440089000.0,,,,,,1.0,,,0.0,,1133829000.0,,1110017000.0,0.0,0.0,0.0,1280592000.0,809948000.0,470644000.0,,,,,,,,,,,,,,,,,,,,520354000.0,,,,,321321000.0,,1.514,,,84423000.0,190047000.0,,,,,,,,,,1.0,,392031000,,,1720681000.0,27847000.0,,3578000.0,4.389,572077000.0
97,BBY,MRT,1997-03-31,1997-03-01,1997-03-01,2021-08-31,0.0,1734307000.0,,1385035000.0,349272000.0,,1.128,-87593000.0,89808000.0,89808000.0,6711802000.0,-6177000.0,1.694,2.957,365526000.0,148901000.0,216625000.0,365526000.0,52812000.0,67312000.0,0.0,0.0,0.0,40215000.0,107527000.0,0.014,107527000.0,40215000.0,-10123000.0,-0.018,-0.018,-0.018,438315000.0,,438315000.0,,,,-74384000.0,-0.191,1.0,1045890000.0,0.135,0.0,50338000.0,1192446000.0,,1132059000.0,0.0,0.0,0.0,1295992000.0,817579000.0,478413000.0,,3363000.0,0.0,2740000.0,7848000.0,0.0,10588000.0,-20434000.0,0.0,13209000.0,0.0,-6177000.0,-6177000.0,-6177000.0,0.0,0.0,-0.001,1005675000.0,40215000.0,487802000.0,0.0,,,-57.099,331633000.0,0.0,1.028,,0.051,79581000.0,192686000.0,7757692000.0,7757692000.0,0.0,,,,0.005,0.0,1005675000.0,1.0,,388543500,388543500.0,19.966,1734307000.0,25560000.0,-3946000.0,3578000.0,4.464,567456000.0
98,BBY,MRT,1996-12-31,1996-11-30,1996-11-30,2021-08-31,0.0,2576047000.0,,2242744000.0,333303000.0,,1.104,,43195000.0,43195000.0,,,1.343,4.995,626149000.0,413381000.0,212768000.0,626149000.0,59213000.0,,0.0,0.0,0.0,,,,,,,,,,429685000.0,,429685000.0,,,,,,1.0,,,0.0,,1488534000.0,,1844782000.0,0.0,0.0,0.0,2146362000.0,1670467000.0,475895000.0,,,,,,,,,,,,,,,,,,,,1047941000.0,,,,,320465000.0,,1.417,,,217106000.0,184162000.0,,,,,,,,,,1.0,,389259000,,,2576047000.0,32478000.0,,0.0,6.618,572277000.0
99,BBY,MRT,1996-03-31,1996-03-02,1996-03-02,2021-08-31,,,,,,,,-166216000.0,,,6280877000.0,48019000.0,,,,,,,,54862000.0,,0.0,0.0,122583000.0,177445000.0,0.025,177445000.0,122583000.0,78989000.0,0.124,0.122,0.124,,,,,,,-66696000.0,-0.174,1.0,936571000.0,0.13,,43594000.0,,,,,,,,,,,-58255000.0,0.0,3133000.0,-2404000.0,0.0,729000.0,-158504000.0,0.0,99520000.0,0.0,48019000.0,48019000.0,48019000.0,0.0,0.0,0.007,813988000.0,122583000.0,,0.0,,,15.009,,0.0,1.861,,0.099,,,7217448000.0,7217448000.0,0.0,,,,0.017,0.0,813988000.0,1.0,,383580000,391347000.0,18.816,,,30970000.0,,,
