None,ticker,dimension,calendardate,datekey,reportperiod,lastupdated,accoci,assets,assetsavg,assetsc,assetsnc,assetturnover,bvps,capex,cashneq,cashnequsd,cor,consolinc,currentratio,de,debt,debtc,debtnc,debtusd,deferredrev,depamor,deposits,divyield,dps,ebit,ebitda,ebitdamargin,ebitdausd,ebitusd,ebt,eps,epsdil,epsusd,equity,equityavg,equityusd,ev,evebit,evebitda,fcf,fcfps,fxusd,gp,grossmargin,intangibles,intexp,invcap,invcapavg,inventory,investments,investmentsc,investmentsnc,liabilities,liabilitiesc,liabilitiesnc,marketcap,ncf,ncfbus,ncfcommon,ncfdebt,ncfdiv,ncff,ncfi,ncfinv,ncfo,ncfx,netinc,netinccmn,netinccmnusd,netincdis,netincnci,netmargin,opex,opinc,payables,payoutratio,pb,pe,pe1,ppnenet,prefdivis,price,ps,ps1,receivables,retearn,revenue,revenueusd,rnd,roa,roe,roic,ros,sbcomp,sgna,sharefactor,sharesbas,shareswa,shareswadil,sps,tangibles,taxassets,taxexp,taxliabilities,tbvps,workingcapital
0,CEG,MRY,2011-12-31,2011-12-31,2011-12-31,2019-05-23,0.0,19412600000.0,19688150000.0,4818500000.0,14594100000.0,0.699,35.452,-1106800000.0,1011600000.0,1011600000.0,12527900000.0,-306800000.0,1.466,1.693,5059200000.0,214400000.0,4844800000.0,5059200000.0,0.0,589300000.0,95200000.0,0.0,0.0,-294600000.0,294700000.0,0.021,294700000.0,-294600000.0,-571200000.0,-1.7,-1.7,-1.7,7093900000.0,7758775000.0,7093900000.0,11657257725.0,-40.0,39.556,147600000.0,0.738,1.0,1230300000.0,0.089,282200000.0,276600000.0,19890200000.0,20128375000.0,552700000.0,2985700000.0,357900000.0,2627800000.0,12011800000.0,3287800000.0,8724000000.0,7996057725.0,-1064000000.0,-1501900000.0,21100000.0,246800000.0,-182600000.0,61800000.0,-2380200000.0,-30000000.0,1254400000.0,0.0,-340300000.0,-340300000.0,-340300000.0,0.0,33500000.0,-0.025,1504400000.0,-274100000.0,1102000000.0,0.0,1.127,-23.497,-23.335,10903300000.0,0.0,39.67,0.581,0.577,2155500000.0,,13758200000.0,13758200000.0,0.0,-0.017,-0.044,-0.015,-0.021,0.0,0.0,1.0,201564349.0,200100000.0,200100000.0,68.757,19130400000.0,288600000.0,-230900000.0,2419100000.0,95.604,1530700000.0
1,CEG,MRY,2010-12-31,2010-12-31,2010-12-31,2019-05-23,0.0,20018500000.0,20757650000.0,6452600000.0,13565900000.0,0.691,39.048,-1050300000.0,2132800000.0,2132800000.0,12857500000.0,-931800000.0,1.969,1.521,4786500000.0,337700000.0,4448800000.0,4786500000.0,0.0,519500000.0,87200000.0,0.0,0.0,-1337500000.0,-818000000.0,-0.057,-818000000.0,-1337500000.0,-1648300000.0,-4.9,-4.9,-4.9,7829200000.0,8301300000.0,7829200000.0,9064571157.0,-7.0,-11.081,-539000000.0,-2.688,1.0,1482500000.0,0.103,77000000.0,310800000.0,19318000000.0,20277900000.0,465400000.0,3976100000.0,534400000.0,3441700000.0,11910500000.0,3277200000.0,8633300000.0,6192671157.0,-1411500000.0,-445800000.0,14000000.0,-128100000.0,-183300000.0,-477600000.0,-1445200000.0,0.0,511300000.0,0.0,-982600000.0,-982600000.0,-982600000.0,0.0,50800000.0,-0.069,2996300000.0,-1513800000.0,1262400000.0,0.0,0.791,-6.302,-6.251,9278800000.0,0.0,30.63,0.432,0.428,2368100000.0,5270800000.0,14340000000.0,14340000000.0,0.0,-0.047,-0.118,-0.066,-0.093,0.0,0.0,1.0,202176662.0,200500000.0,200500000.0,71.521,19941500000.0,152700000.0,-665700000.0,2644900000.0,99.459,3175400000.0
2,CEG,MRY,2009-12-31,2009-12-31,2009-12-31,2019-05-23,0.0,23544400000.0,21003700000.0,7460700000.0,16083700000.0,0.743,43.638,-1529700000.0,3467000000.0,3467000000.0,13654000000.0,4503400000.0,1.846,1.677,4916900000.0,102900000.0,4814000000.0,4916900000.0,0.0,651400000.0,103300000.0,0.0,0.0,7867400000.0,8518800000.0,0.546,8518800000.0,7867400000.0,7430200000.0,22.29,22.19,22.29,8697100000.0,4851650000.0,8697100000.0,12782228205.0,2.0,1.5,2861100000.0,14.356,1.0,1944800000.0,0.125,25500000.0,437200000.0,20928100000.0,20338875000.0,408200000.0,6920200000.0,639100000.0,6281100000.0,14582000000.0,4040700000.0,10541300000.0,7065628205.0,3237800000.0,3286000000.0,33900000.0,-2660400000.0,-228000000.0,-1828600000.0,675600000.0,0.0,4390800000.0,0.0,4443400000.0,4443400000.0,4443400000.0,0.0,60000000.0,0.285,934500000.0,1010300000.0,1150500000.0,0.0,0.812,1.59,1.578,8453800000.0,0.0,35.17,0.453,0.449,2137600000.0,6461000000.0,15598800000.0,15598800000.0,0.0,0.212,0.916,0.387,0.504,0.0,0.0,1.0,200899295.0,199300000.0,200300000.0,78.268,23518900000.0,127900000.0,2986800000.0,4114800000.0,118.008,3420000000.0
3,CEG,MRY,2008-12-31,2008-12-31,2008-12-31,2019-05-23,0.0,22284100000.0,24418600000.0,8194800000.0,14089300000.0,0.808,17.763,-1934100000.0,1232700000.0,1232700000.0,18201900000.0,-1318400000.0,0.969,5.938,8545900000.0,3447200000.0,5098700000.0,8545900000.0,0.0,583200000.0,120300000.0,0.0,0.0,-993600000.0,-410400000.0,-0.021,-410400000.0,-993600000.0,-1392700000.0,-7.34,-7.34,-7.34,3181400000.0,5099275000.0,3181400000.0,11137952623.0,-11.0,-27.139,-3195200000.0,-17.84,1.0,1540000000.0,0.078,4600000.0,399100000.0,21132500000.0,22207350000.0,942400000.0,2737800000.0,1465000000.0,1272800000.0,18892600000.0,8460200000.0,10432400000.0,4476452623.0,-893700000.0,-315300000.0,1400000.0,3447700000.0,-336300000.0,3110300000.0,-2742900000.0,0.0,-1261100000.0,0.0,-1314400000.0,-1314400000.0,-1314400000.0,0.0,-4000000.0,-0.067,2620000000.0,-1080000000.0,2370100000.0,0.0,1.407,-3.406,-3.418,10716500000.0,0.0,25.09,0.227,0.228,3389900000.0,2228700000.0,19741900000.0,19741900000.0,0.0,-0.054,-0.258,-0.045,-0.05,0.0,0.0,1.0,178415808.0,179100000.0,179100000.0,110.228,22279500000.0,268000000.0,-78300000.0,772200000.0,124.397,-265400000.0
4,CEG,MRY,2007-12-31,2007-12-31,2007-12-31,2019-05-23,0.0,21742300000.0,21572075000.0,7685600000.0,14056700000.0,0.982,29.635,-1295700000.0,1137800000.0,1137800000.0,19210200000.0,833500000.0,1.359,3.071,5055100000.0,394600000.0,4660500000.0,5055100000.0,0.0,557800000.0,146600000.0,0.0,0.0,1561600000.0,2119400000.0,0.1,2119400000.0,1561600000.0,1249800000.0,4.55,4.5,4.55,5340200000.0,5284775000.0,5340200000.0,21958706431.0,14.0,10.361,-354700000.0,-1.968,1.0,1974900000.0,0.093,261300000.0,311800000.0,19744500000.0,18935000000.0,798800000.0,2333000000.0,760600000.0,1572400000.0,16402100000.0,5653800000.0,10748300000.0,18522406431.0,-1193200000.0,-347500000.0,-344400000.0,-33100000.0,-306000000.0,152300000.0,-2286500000.0,-19000000.0,941000000.0,0.0,821500000.0,821500000.0,821500000.0,900000.0,12000000.0,0.039,648600000.0,1326300000.0,2630100000.0,0.0,3.468,22.547,22.534,9767100000.0,0.0,102.53,0.874,0.872,4289500000.0,3919500000.0,21185100000.0,21185100000.0,0.0,0.038,0.155,0.082,0.074,0.0,0.0,1.0,180653530.0,180200000.0,182500000.0,117.564,21481000000.0,300700000.0,428300000.0,1639000000.0,119.206,2031800000.0
5,CEG,MRY,2006-12-31,2006-12-31,2006-12-31,2019-05-23,0.0,21801600000.0,20236150000.0,9100100000.0,12701500000.0,0.953,25.693,667800000.0,2289100000.0,2289100000.0,17387200000.0,936400000.0,1.278,3.73,5101100000.0,878800000.0,4222300000.0,5101100000.0,0.0,523900000.0,347200000.0,0.0,0.0,1616600000.0,2140500000.0,0.111,2140500000.0,1616600000.0,1287400000.0,5.22,5.16,5.22,4609300000.0,4367850000.0,4609300000.0,16963424583.0,10.0,7.925,1193100000.0,6.651,1.0,1897700000.0,0.098,157600000.0,329200000.0,17333300000.0,18108525000.0,799700000.0,2814200000.0,1556500000.0,1257700000.0,17192300000.0,7122700000.0,10069600000.0,12397124583.0,1476100000.0,-137600000.0,84400000.0,242200000.0,-264000000.0,390700000.0,560100000.0,-65400000.0,525300000.0,0.0,936400000.0,936400000.0,936400000.0,-187800000.0,0.0,0.049,564200000.0,1333500000.0,2137200000.0,0.0,2.69,13.239,13.193,9222100000.0,0.0,68.87,0.643,0.641,3248300000.0,3474300000.0,19284900000.0,19284900000.0,0.0,0.046,0.214,0.089,0.084,0.0,0.0,1.0,180007617.0,179400000.0,181400000.0,107.497,21644000000.0,674300000.0,351000000.0,1493000000.0,120.647,1977400000.0
6,CEG,MRY,2005-12-31,2005-12-31,2005-12-31,2019-05-23,0.0,21473900000.0,20355975000.0,7421800000.0,14052100000.0,0.834,27.693,-470600000.0,813000000.0,813000000.0,15417400000.0,623100000.0,1.264,3.369,4861300000.0,492000000.0,4369300000.0,4861300000.0,0.0,606500000.0,458900000.0,0.0,0.0,1093900000.0,1700400000.0,0.1,1700400000.0,1093900000.0,787000000.0,3.51,3.47,3.51,4915500000.0,5108600000.0,4915500000.0,14023210323.0,13.0,8.247,156600000.0,0.882,1.0,1550900000.0,0.091,147100000.0,306900000.0,19502800000.0,19189125000.0,686500000.0,0.0,0.0,0.0,16558400000.0,5872300000.0,10686100000.0,10280510323.0,106700000.0,-237200000.0,96900000.0,-339600000.0,-228800000.0,653500000.0,-1174000000.0,-108400000.0,627200000.0,0.0,623100000.0,623100000.0,623100000.0,-94400000.0,0.0,0.037,606400000.0,944500000.0,1667900000.0,0.0,2.091,16.499,16.41,10066700000.0,0.0,57.6,0.606,0.603,2727900000.0,2810200000.0,16968300000.0,16968300000.0,0.0,0.031,0.122,0.057,0.064,0.0,0.0,1.0,178481082.0,177500000.0,179700000.0,95.596,21326800000.0,0.0,163900000.0,1396300000.0,120.151,1549500000.0
7,CEG,MRY,2004-12-31,2004-12-31,2004-12-31,2019-05-23,0.0,17347100000.0,16569725000.0,4489400000.0,12857700000.0,0.732,27.466,-630900000.0,706300000.0,706300000.0,10657900000.0,539700000.0,1.226,2.67,5293600000.0,480400000.0,4813200000.0,5293600000.0,0.0,650300000.0,223800000.0,0.0,0.0,982500000.0,1632800000.0,0.135,1632800000.0,982500000.0,658100000.0,3.14,3.12,3.14,4726900000.0,4566400000.0,4726900000.0,12418613868.0,13.0,7.606,455900000.0,2.649,1.0,1469300000.0,0.121,144800000.0,324400000.0,18127200000.0,18011050000.0,502100000.0,0.0,0.0,0.0,12620200000.0,3662400000.0,8957800000.0,7686513868.0,-15000000.0,-457300000.0,293900000.0,-152800000.0,-189700000.0,50900000.0,-1152700000.0,-42500000.0,1086800000.0,0.0,539700000.0,539700000.0,539700000.0,-41300000.0,0.0,0.045,551200000.0,918100000.0,1424900000.0,0.0,1.626,14.242,13.92,10086600000.0,0.0,43.71,0.634,0.62,1979300000.0,2425900000.0,12127200000.0,12127200000.0,0.0,0.033,0.118,0.055,0.081,0.0,0.0,1.0,175852525.0,172100000.0,173100000.0,70.466,17202300000.0,0.0,118400000.0,1469500000.0,99.955,827000000.0
8,CEG,MRY,2003-12-31,2003-12-31,2003-12-31,2019-05-23,0.0,15593000000.0,15445350000.0,3642400000.0,11950600000.0,0.612,24.898,-635700000.0,721300000.0,721300000.0,7932300000.0,277300000.0,1.244,2.766,5392000000.0,352800000.0,5039200000.0,5392000000.0,0.0,596400000.0,194500000.0,0.0,0.0,864500000.0,1460900000.0,0.155,1460900000.0,864500000.0,527900000.0,1.67,1.66,1.67,4140500000.0,3886000000.0,4140500000.0,11467967056.0,13.0,7.85,422100000.0,2.538,1.0,1521800000.0,0.161,146300000.0,336600000.0,17190000000.0,16931825000.0,400000000.0,0.0,0.0,0.0,11452500000.0,2927400000.0,8525100000.0,6550367056.0,106300000.0,-546600000.0,95400000.0,274900000.0,-169200000.0,208800000.0,-1160300000.0,35200000.0,1057800000.0,0.0,277300000.0,277300000.0,277300000.0,-19000000.0,0.0,0.029,498700000.0,1023100000.0,1142000000.0,0.0,1.582,23.622,23.449,9601500000.0,0.0,39.16,0.693,0.689,1563000000.0,2081900000.0,9454100000.0,9454100000.0,0.0,0.018,0.071,0.051,0.091,0.0,0.0,1.0,167271886.0,166300000.0,166700000.0,56.85,15446700000.0,0.0,250600000.0,1390200000.0,92.885,715000000.0
9,CEG,MRY,2002-12-31,2002-12-31,2002-12-31,2019-05-23,0.0,14943300000.0,13847400000.0,3317200000.0,11626100000.0,0.341,23.522,-817700000.0,615000000.0,615000000.0,3324700000.0,525600000.0,1.245,2.869,5050600000.0,436700000.0,4613900000.0,5050600000.0,0.0,558000000.0,102800000.0,0.0,0.0,1147500000.0,1705500000.0,0.361,1705500000.0,1147500000.0,835200000.0,3.2,3.2,3.2,3862300000.0,3895425000.0,3862300000.0,9165091297.0,8.0,5.374,188100000.0,1.146,1.0,1393900000.0,0.295,250700000.0,312300000.0,16463700000.0,15888425000.0,335100000.0,0.0,0.0,0.0,11081000000.0,2664500000.0,8416500000.0,4582991297.0,542600000.0,-221400000.0,28500000.0,-62900000.0,-137800000.0,-157600000.0,-305600000.0,751100000.0,1005800000.0,0.0,525600000.0,525600000.0,525600000.0,0.0,0.0,0.111,569000000.0,824900000.0,943400000.0,0.0,1.187,8.72,8.694,8659600000.0,0.0,27.82,0.971,0.968,1244100000.0,1977600000.0,4718600000.0,4718600000.0,0.0,0.038,0.135,0.072,0.243,0.0,0.0,1.0,164737286.0,164200000.0,164200000.0,28.737,14692600000.0,57100000.0,309600000.0,1431400000.0,89.48,652700000.0
10,CEG,MRY,2001-12-31,2001-12-31,2001-12-31,2019-05-23,0.0,14109400000.0,13562500000.0,1896200000.0,12213200000.0,0.286,23.918,-1302500000.0,72400000.0,72400000.0,2618800000.0,90900000.0,0.531,2.671,5094200000.0,2381700000.0,2712500000.0,5094200000.0,0.0,468900000.0,0.0,0.0,0.0,412000000.0,880900000.0,0.227,880900000.0,412000000.0,128800000.0,0.57,0.57,0.57,3843600000.0,3902000000.0,3843600000.0,8327246073.0,20.0,9.453,-729200000.0,-4.538,1.0,1260000000.0,0.325,0.0,283200000.0,15560100000.0,13422625000.0,320400000.0,681400000.0,178200000.0,503200000.0,10265800000.0,3571100000.0,6694700000.0,4346446073.0,-110300000.0,-382700000.0,504400000.0,396400000.0,-120700000.0,789100000.0,-1472700000.0,234500000.0,573300000.0,0.0,90900000.0,90900000.0,90900000.0,0.0,0.0,0.023,908400000.0,351600000.0,523300000.0,0.0,1.131,47.816,46.579,7693300000.0,0.0,26.55,1.121,1.1,738900000.0,1611500000.0,3878800000.0,3878800000.0,0.0,0.007,0.023,0.031,0.106,0.0,0.0,1.0,163707950.0,160700000.0,160700000.0,24.137,14109400000.0,64700000.0,37900000.0,1524400000.0,87.8,-1674900000.0
11,CEG,MRY,2000-12-31,2000-12-31,2000-12-31,2019-05-23,0.0,12939300000.0,10591450000.0,1973500000.0,10965800000.0,0.356,21.16,-1067000000.0,182700000.0,182700000.0,2532900000.0,345300000.0,0.766,3.077,4309500000.0,1150200000.0,3159300000.0,4309500000.0,0.0,524800000.0,0.0,0.0,0.0,857800000.0,1382600000.0,0.366,1382600000.0,857800000.0,575400000.0,2.3,2.3,2.3,3174000000.0,2920425000.0,3174000000.0,10734135452.0,13.0,7.764,-216100000.0,-1.441,1.0,1241500000.0,0.329,0.0,282400000.0,14490400000.0,11797075000.0,229500000.0,542300000.0,189300000.0,353000000.0,9765300000.0,2575700000.0,7189600000.0,6783335452.0,90000000.0,-101500000.0,35900000.0,549100000.0,-250700000.0,345600000.0,-1106500000.0,75200000.0,850900000.0,0.0,345300000.0,345300000.0,345300000.0,0.0,0.0,0.091,477000000.0,764500000.0,750000000.0,0.0,2.137,19.645,19.592,6665500000.0,0.0,45.063,1.797,1.791,792600000.0,1592300000.0,3774400000.0,3774400000.0,0.0,0.033,0.118,0.073,0.227,0.0,0.0,1.0,150531716.0,150000000.0,150000000.0,25.163,12939300000.0,73500000.0,230100000.0,1454600000.0,86.262,-602200000.0
12,CEG,MRY,1999-12-31,1999-12-31,1999-12-31,2019-05-23,0.0,9683800000.0,8378200000.0,1490200000.0,8193600000.0,0.458,20.007,-616500000.0,92700000.0,92700000.0,2566900000.0,260100000.0,0.744,2.235,3755200000.0,1179800000.0,2575400000.0,3755200000.0,0.0,505900000.0,0.0,0.0,0.0,694500000.0,1200400000.0,0.313,1200400000.0,694500000.0,446500000.0,1.74,1.74,1.74,2993000000.0,2708750000.0,2993000000.0,7164636064.0,10.0,5.969,62500000.0,0.418,1.0,1274000000.0,0.332,0.0,248000000.0,11342900000.0,10304875000.0,244000000.0,387600000.0,136500000.0,251100000.0,6690800000.0,2003400000.0,4687400000.0,4337136064.0,-81000000.0,-97700000.0,9600000.0,89900000.0,-251100000.0,-144900000.0,-615100000.0,116700000.0,679000000.0,0.0,260100000.0,260100000.0,260100000.0,0.0,0.0,0.068,514100000.0,759900000.0,365100000.0,0.0,1.449,16.675,16.667,5957500000.0,0.0,29.0,1.129,1.13,578500000.0,1499100000.0,3840900000.0,3840900000.0,0.0,0.031,0.096,0.067,0.181,0.0,0.0,1.0,149556416.0,149600000.0,149600000.0,25.674,9683800000.0,72400000.0,186400000.0,1417600000.0,64.731,-513200000.0
13,CEG,MRY,1998-12-31,1998-12-31,1998-12-31,2019-05-23,0.0,9275000000.0,,1169800000.0,8105200000.0,,20.077,-730200000.0,173700000.0,173700000.0,2272400000.0,305900000.0,1.01,2.111,3669800000.0,541700000.0,3128100000.0,3669800000.0,0.0,427800000.0,35500000.0,0.0,0.0,722400000.0,1150200000.0,0.34,1150200000.0,722400000.0,483600000.0,2.06,2.06,2.06,2981500000.0,,2981500000.0,,,,69600000.0,0.469,1.0,1114000000.0,0.329,0.0,238800000.0,11613200000.0,,230500000.0,317700000.0,119700000.0,198000000.0,6293500000.0,1157900000.0,5135600000.0,,11100000.0,0.0,51800000.0,160000000.0,-246000000.0,-77400000.0,-711300000.0,36500000.0,799800000.0,0.0,305900000.0,305900000.0,305900000.0,0.0,0.0,0.09,375500000.0,738500000.0,270500000.0,0.0,,,14.988,5656700000.0,0.0,30.875,,1.354,422700000.0,1490300000.0,3386400000.0,3386400000.0,0.0,,,,0.213,0.0,0.0,1.0,,148500000.0,148500000.0,22.804,9275000000.0,68800000.0,177700000.0,1433600000.0,62.458,11900000.0
14,CEG,MRY,1997-12-31,1997-12-31,1997-12-31,2019-05-23,,,,,,,,-464000000.0,,,2241100000.0,254100000.0,,,,,,,,396800000.0,,0.0,0.0,642100000.0,1038900000.0,0.314,1038900000.0,642100000.0,412100000.0,1.72,1.72,1.72,,,,,,,232300000.0,1.573,1.0,1066500000.0,0.322,,230000000.0,,,,,,,,,,,95900000.0,0.0,0.0,261600000.0,-239200000.0,-79600000.0,-520800000.0,23100000.0,696300000.0,0.0,254100000.0,254100000.0,254100000.0,0.0,0.0,0.077,342900000.0,723600000.0,,0.0,,,19.84,,0.0,34.125,,1.524,,,3307600000.0,3307600000.0,0.0,,,,0.194,0.0,0.0,,,147700000.0,147700000.0,22.394,,,158000000.0,,,
0,CEG,MRQ,2011-12-31,2011-12-31,2011-12-31,2019-05-23,0.0,19412600000.0,,4818500000.0,14594100000.0,,35.399,-255400000.0,1011600000.0,1011600000.0,3201800000.0,-592200000.0,1.466,1.693,5059200000.0,214400000.0,4844800000.0,5059200000.0,0.0,139700000.0,95200000.0,0.0,0.0,-915900000.0,-776200000.0,-0.235,-776200000.0,-915900000.0,-989000000.0,-2.92,-2.91,-2.92,7093900000.0,,7093900000.0,11657257725.0,-40.0,39.556,-354200000.0,-1.767,1.0,105300000.0,0.032,282200000.0,73100000.0,19890200000.0,,552700000.0,2985700000.0,357900000.0,2627800000.0,12011800000.0,3287800000.0,8724000000.0,7996057725.0,-206500000.0,-58700000.0,5400000.0,136800000.0,-46300000.0,76700000.0,-184400000.0,0.0,-98800000.0,0.0,-583600000.0,-583600000.0,-583600000.0,0.0,-8600000.0,-0.176,1050200000.0,-944900000.0,1102000000.0,0.0,1.127,-23.497,-23.335,10903300000.0,0.0,39.67,0.581,0.577,2155500000.0,,3307100000.0,3307100000.0,0.0,,,,,0.0,0.0,1.0,201564349.0,200400000.0,195300000.0,16.502,19130400000.0,288600000.0,-405400000.0,2419100000.0,95.461,1530700000.0
1,CEG,MRQ,2011-09-30,2011-09-30,2011-09-30,2019-05-23,-680900000.0,20083000000.0,,4840300000.0,15242700000.0,,39.767,-285100000.0,1246100000.0,1246100000.0,3211900000.0,97900000.0,1.565,1.481,4907300000.0,353400000.0,4553900000.0,4907300000.0,0.0,143700000.0,0.0,0.0,0.0,191800000.0,335500000.0,0.095,335500000.0,191800000.0,124800000.0,0.37,0.36,0.37,7969400000.0,,7969400000.0,11191097927.0,11.0,7.065,91600000.0,0.457,1.0,309200000.0,0.088,283300000.0,67000000.0,20368900000.0,,545300000.0,3655600000.0,233800000.0,3421800000.0,11802700000.0,3092000000.0,8710700000.0,7662297927.0,216200000.0,-213600000.0,4400000.0,365500000.0,-44400000.0,335200000.0,-495700000.0,-15000000.0,376700000.0,0.0,73700000.0,73700000.0,73700000.0,0.0,24200000.0,0.021,152000000.0,157200000.0,1169000000.0,0.0,0.961,19.008,18.935,10741600000.0,0.0,38.06,0.55,0.548,2167300000.0,5370600000.0,3521100000.0,3521100000.0,0.0,,,,,0.0,0.0,1.0,201321543.0,200400000.0,202400000.0,17.57,19799700000.0,45200000.0,51100000.0,2800400000.0,98.801,1748300000.0
2,CEG,MRQ,2011-06-30,2011-06-30,2011-06-30,2019-05-23,-595900000.0,19713400000.0,,4742100000.0,14971300000.0,,40.052,-334500000.0,1002900000.0,1002900000.0,2925300000.0,108100000.0,1.638,1.424,4531700000.0,213400000.0,4318300000.0,4531700000.0,0.0,151800000.0,0.0,0.0,0.0,237700000.0,389500000.0,0.116,389500000.0,237700000.0,172500000.0,0.5,0.49,0.5,8014500000.0,,8014500000.0,10941668001.0,-7.0,-11.902,-45300000.0,-0.226,1.0,434500000.0,0.129,180800000.0,65200000.0,20165800000.0,,530400000.0,3754400000.0,324300000.0,3430100000.0,11408900000.0,2895600000.0,8513300000.0,7618668001.0,-202700000.0,-145600000.0,5600000.0,-28700000.0,-46100000.0,-70100000.0,-421800000.0,-15000000.0,289200000.0,0.0,99200000.0,99200000.0,99200000.0,0.0,8900000.0,0.03,148100000.0,286400000.0,1138700000.0,0.0,0.951,-7.073,-7.095,10619200000.0,0.0,37.96,0.53,0.528,2226500000.0,5344900000.0,3359800000.0,3359800000.0,0.0,,,,,0.0,0.0,1.0,200702529.0,200100000.0,201900000.0,16.791,19532600000.0,81300000.0,73300000.0,2798300000.0,97.614,1846500000.0
3,CEG,MRQ,2011-03-31,2011-03-31,2011-03-31,2019-05-23,-587600000.0,19543600000.0,,4852500000.0,14691100000.0,,39.906,-231800000.0,1234900000.0,1234900000.0,3188900000.0,79400000.0,1.798,1.42,4557900000.0,115800000.0,4442100000.0,4557900000.0,0.0,154100000.0,0.0,0.0,0.0,191800000.0,345900000.0,0.097,345900000.0,191800000.0,120500000.0,0.35,0.35,0.35,7957300000.0,,7957300000.0,8875048306.0,-6.0,-8.765,455500000.0,2.284,1.0,381300000.0,0.107,79900000.0,71300000.0,20088600000.0,,484600000.0,3775200000.0,350000000.0,3425200000.0,11301800000.0,2698100000.0,8603700000.0,6221348306.0,-871000000.0,-1084000000.0,5700000.0,-226800000.0,-45800000.0,-280000000.0,-1278300000.0,0.0,687300000.0,0.0,70400000.0,70400000.0,70400000.0,0.0,9000000.0,0.02,154100000.0,227200000.0,1039500000.0,0.0,0.782,-5.637,-5.67,10464300000.0,0.0,31.13,0.434,0.433,2108900000.0,5293800000.0,3570200000.0,3570200000.0,0.0,,,,,0.0,0.0,1.0,199850572.0,199400000.0,200700000.0,17.905,19463700000.0,33500000.0,50100000.0,2730700000.0,97.611,2154400000.0
4,CEG,MRQ,2010-12-31,2010-12-31,2010-12-31,2019-05-23,0.0,20018500000.0,,6452600000.0,13565900000.0,,39.166,-298100000.0,2132800000.0,2132800000.0,3148700000.0,168100000.0,1.969,1.521,4786500000.0,337700000.0,4448800000.0,4786500000.0,0.0,138900000.0,87200000.0,0.0,0.0,374300000.0,513200000.0,0.148,513200000.0,374300000.0,308000000.0,0.79,0.79,0.79,7829200000.0,,7829200000.0,9064571157.0,-7.0,-11.081,233800000.0,1.17,1.0,325900000.0,0.094,77000000.0,66300000.0,19318000000.0,,465400000.0,3976100000.0,534400000.0,3441700000.0,11910500000.0,3277200000.0,8633300000.0,6192671157.0,733300000.0,-72900000.0,2600000.0,513000000.0,-44500000.0,379100000.0,-177700000.0,0.0,531900000.0,0.0,159800000.0,159800000.0,159800000.0,0.0,8300000.0,0.046,147300000.0,178600000.0,1262400000.0,0.0,0.791,-6.302,-6.251,9278800000.0,0.0,30.63,0.432,0.428,2368100000.0,5270800000.0,3474600000.0,3474600000.0,0.0,,,,,0.0,0.0,1.0,202176662.0,199900000.0,199900000.0,17.382,19941500000.0,152700000.0,148200000.0,2644900000.0,99.757,3175400000.0
5,CEG,MRQ,2010-09-30,2010-09-30,2010-09-30,2019-05-23,-863000000.0,19165600000.0,,5514700000.0,13650900000.0,,37.759,-327200000.0,1420100000.0,1420100000.0,3715900000.0,-1375000000.0,1.96,1.488,4292000000.0,95100000.0,4196900000.0,4292000000.0,0.0,123000000.0,0.0,0.0,0.0,-2290900000.0,-2167900000.0,-0.546,-2167900000.0,-2290900000.0,-2353500000.0,-6.99,-6.99,-6.99,7593400000.0,,7593400000.0,9109333892.0,2.0,1.461,-141200000.0,-0.702,1.0,253000000.0,0.064,25500000.0,62600000.0,19198500000.0,,425300000.0,4174600000.0,546100000.0,3628500000.0,11295200000.0,2813500000.0,8481700000.0,6511233892.0,-308000000.0,0.0,2600000.0,4900000.0,-46200000.0,-41400000.0,-452600000.0,0.0,186000000.0,0.0,-1406500000.0,-1406500000.0,-1406500000.0,0.0,31500000.0,-0.354,2591400000.0,-2338400000.0,1134800000.0,0.0,0.857,1.986,1.953,9135200000.0,0.0,32.24,0.456,0.454,2285000000.0,5159400000.0,3968900000.0,3968900000.0,0.0,,,,,0.0,0.0,1.0,201961349.0,201100000.0,201100000.0,19.736,19140100000.0,14500000.0,-947000000.0,2274600000.0,95.177,2701200000.0
6,CEG,MRQ,2010-06-30,2010-06-30,2010-06-30,2019-05-23,-878400000.0,21709400000.0,,5569700000.0,16139700000.0,,44.925,-234100000.0,1679100000.0,1679100000.0,2969100000.0,83800000.0,1.976,1.379,4277200000.0,87100000.0,4190100000.0,4277200000.0,0.0,125700000.0,0.0,0.0,0.0,170500000.0,296200000.0,0.089,296200000.0,170500000.0,110100000.0,0.36,0.36,0.36,9020900000.0,,9020900000.0,8752424957.0,1.0,0.963,122700000.0,0.611,1.0,340800000.0,0.103,25500000.0,60400000.0,21463800000.0,,458300000.0,6672900000.0,558200000.0,6114700000.0,12439800000.0,2818200000.0,9621600000.0,6504224957.0,-334600000.0,-372900000.0,-2200000.0,-20400000.0,-46300000.0,-110600000.0,-580800000.0,0.0,356800000.0,0.0,72600000.0,72600000.0,72600000.0,0.0,11200000.0,0.022,125700000.0,215100000.0,1140300000.0,0.0,0.721,1.349,1.333,8986300000.0,0.0,32.25,0.454,0.452,2172300000.0,6614500000.0,3309900000.0,3309900000.0,0.0,,,,,0.0,0.0,1.0,201681394.0,200800000.0,202600000.0,16.484,21683900000.0,88000000.0,37500000.0,3270200000.0,107.988,2751500000.0
7,CEG,MRQ,2010-03-31,2010-03-31,2010-03-31,2019-05-23,-1100500000.0,22137100000.0,,6122100000.0,16015000000.0,,43.743,-190900000.0,2049800000.0,2049800000.0,3023800000.0,191300000.0,1.896,1.499,4298000000.0,77800000.0,4220200000.0,4298000000.0,0.0,131900000.0,0.0,0.0,0.0,408600000.0,540500000.0,0.151,540500000.0,408600000.0,287100000.0,0.96,0.95,0.96,8761700000.0,,8761700000.0,8510211576.0,1.0,0.929,-754300000.0,-3.766,1.0,562800000.0,0.157,25500000.0,121500000.0,21131300000.0,,368200000.0,7054000000.0,686000000.0,6368000000.0,13131100000.0,3228500000.0,9902600000.0,7060311576.0,-1502200000.0,0.0,11000000.0,-625600000.0,-46300000.0,-704700000.0,-234100000.0,0.0,-563400000.0,0.0,191500000.0,191500000.0,191500000.0,0.0,-200000.0,0.053,131900000.0,430900000.0,1225300000.0,0.0,0.806,1.484,1.471,8496200000.0,0.0,35.11,0.474,0.473,2232500000.0,6591400000.0,3586600000.0,3586600000.0,0.0,,,,,0.0,0.0,1.0,201091187.0,200300000.0,201900000.0,17.906,22111600000.0,172100000.0,95600000.0,3380100000.0,110.392,2893600000.0
8,CEG,MRQ,2009-12-31,2009-12-31,2009-12-31,2019-05-23,0.0,23544400000.0,,7460700000.0,16083700000.0,,43.507,-286500000.0,3467000000.0,3467000000.0,3143500000.0,4427400000.0,1.846,1.677,4916900000.0,102900000.0,4814000000.0,4916900000.0,0.0,204600000.0,103300000.0,0.0,0.0,7362400000.0,7567000000.0,2.223,7567000000.0,7362400000.0,7249000000.0,22.18,22.08,22.18,8697100000.0,,8697100000.0,12782228205.0,2.0,1.5,128700000.0,0.644,1.0,260100000.0,0.076,25500000.0,113400000.0,20928100000.0,,408200000.0,6920200000.0,639100000.0,6281100000.0,14582000000.0,4040700000.0,10541300000.0,7065628205.0,2697400000.0,3306800000.0,9500000.0,-512300000.0,-48400000.0,-784600000.0,3066800000.0,0.0,415200000.0,0.0,4421200000.0,4421200000.0,4421200000.0,0.0,6200000.0,1.299,267000000.0,-6900000.0,1150500000.0,0.0,0.812,1.59,1.578,8453800000.0,0.0,35.17,0.453,0.449,2137600000.0,6461000000.0,3403600000.0,3403600000.0,0.0,,,,,0.0,0.0,1.0,200899295.0,199900000.0,201500000.0,17.027,23518900000.0,127900000.0,2827800000.0,4114800000.0,117.653,3420000000.0
9,CEG,MRQ,2009-09-30,2009-09-30,2009-09-30,2019-05-23,-1269400000.0,19706000000.0,,4820100000.0,14885900000.0,,20.205,-434100000.0,791500000.0,791500000.0,3312500000.0,167400000.0,0.926,3.821,6508100000.0,1668500000.0,4839600000.0,6508100000.0,0.0,149300000.0,105400000.0,0.0,0.0,538600000.0,687900000.0,0.171,687900000.0,538600000.0,436000000.0,0.69,0.69,0.69,4033000000.0,,4033000000.0,12494305692.0,-14.0,-41.885,577100000.0,2.891,1.0,715200000.0,0.178,25400000.0,102600000.0,20192300000.0,,528200000.0,1850500000.0,582800000.0,1267700000.0,15410500000.0,5204900000.0,10205600000.0,6494405692.0,-219000000.0,-20800000.0,10800000.0,-498200000.0,-45900000.0,-737000000.0,-493200000.0,0.0,1011200000.0,0.0,137600000.0,137600000.0,137600000.0,0.0,29800000.0,0.034,180600000.0,534600000.0,1368900000.0,0.0,1.61,-4.694,-4.182,11453800000.0,0.0,32.37,0.381,0.379,2217100000.0,2089400000.0,4027700000.0,4027700000.0,0.0,,,,,0.0,0.0,1.0,200630389.0,199600000.0,200800000.0,20.179,19680600000.0,346000000.0,298400000.0,1262800000.0,98.6,-384800000.0
10,CEG,MRQ,2009-06-30,2009-06-30,2009-06-30,2019-05-23,-1662300000.0,19998400000.0,,5654400000.0,14344000000.0,,17.73,-417000000.0,987600000.0,987600000.0,3265200000.0,28300000.0,0.897,4.595,6987500000.0,2170500000.0,4817000000.0,6987500000.0,0.0,148900000.0,114900000.0,0.0,0.0,217000000.0,365900000.0,0.095,365900000.0,217000000.0,110900000.0,0.04,0.04,0.04,3531900000.0,,3531900000.0,12484723838.0,-7.0,-11.462,1557600000.0,7.819,1.0,598900000.0,0.155,4600000.0,106100000.0,19689400000.0,,532500000.0,2117200000.0,1036400000.0,1080800000.0,16230600000.0,6304300000.0,9926300000.0,5294523838.0,414900000.0,0.0,7800000.0,-783800000.0,-48000000.0,71000000.0,-1630700000.0,0.0,1974600000.0,0.0,8100000.0,8100000.0,8100000.0,0.0,20200000.0,0.002,238700000.0,360200000.0,1582500000.0,0.0,1.499,-3.031,-2.74,11188200000.0,0.0,26.58,0.289,0.289,2429200000.0,2002700000.0,3864100000.0,3864100000.0,0.0,,,,,0.0,0.0,1.0,199192018.0,199200000.0,200000000.0,19.398,19993800000.0,290200000.0,102800000.0,978200000.0,100.37,-649900000.0
11,CEG,MRQ,2009-03-31,2009-03-31,2009-03-31,2019-05-23,-2075200000.0,20766000000.0,,6568900000.0,14197100000.0,,15.842,-392100000.0,598000000.0,598000000.0,3932800000.0,-119700000.0,0.887,5.537,7788200000.0,2654000000.0,5134200000.0,7788200000.0,0.0,148600000.0,146600000.0,0.0,0.0,-250600000.0,-102000000.0,-0.024,-102000000.0,-250600000.0,-365700000.0,-0.62,-0.62,-0.62,3144600000.0,,3144600000.0,11427175059.0,-7.0,-11.89,597700000.0,3.011,1.0,370600000.0,0.086,4600000.0,115100000.0,20545700000.0,,672300000.0,2437300000.0,1257300000.0,1180000000.0,17410700000.0,7405900000.0,10004800000.0,4113975059.0,344500000.0,0.0,5800000.0,-866100000.0,-85700000.0,-378000000.0,-267300000.0,0.0,989800000.0,0.0,-123500000.0,-123500000.0,-123500000.0,0.0,3800000.0,-0.029,248200000.0,122400000.0,2024100000.0,0.0,1.308,-2.598,-2.353,10939100000.0,0.0,20.66,0.214,0.213,3163600000.0,2042700000.0,4303400000.0,4303400000.0,0.0,,,,,0.0,0.0,1.0,199127544.0,198500000.0,198500000.0,21.68,20761400000.0,280600000.0,-242200000.0,522700000.0,104.591,-837000000.0
12,CEG,MRQ,2008-12-31,2008-12-31,2008-12-31,2019-05-23,0.0,22284100000.0,,8194800000.0,14089300000.0,,17.528,-573600000.0,1232700000.0,1232700000.0,4569900000.0,-1420700000.0,0.969,5.938,8545900000.0,3447200000.0,5098700000.0,8545900000.0,0.0,158700000.0,120300000.0,0.0,0.0,-1408800000.0,-1250100000.0,-0.258,-1250100000.0,-1408800000.0,-1555600000.0,-7.85,-7.85,-7.85,3181400000.0,,3181400000.0,11137952623.0,-11.0,-27.139,-820600000.0,-4.521,1.0,280100000.0,0.058,4600000.0,146800000.0,21132500000.0,,942400000.0,2737800000.0,1465000000.0,1272800000.0,18892600000.0,8460200000.0,10432400000.0,4476452623.0,-1231800000.0,1200000.0,0.0,456500000.0,-85600000.0,333800000.0,-1318600000.0,-26000000.0,-247000000.0,0.0,-1405900000.0,-1405900000.0,-1405900000.0,0.0,-14800000.0,-0.29,1626200000.0,-1346100000.0,2370100000.0,0.0,1.407,-3.406,-3.418,10716500000.0,0.0,25.09,0.227,0.228,3389900000.0,2228700000.0,4850000000.0,4850000000.0,0.0,,,,,0.0,0.0,1.0,178415808.0,181500000.0,176400000.0,26.722,22279500000.0,268000000.0,-149700000.0,772200000.0,122.752,-265400000.0
13,CEG,MRQ,2008-09-30,2008-09-30,2008-09-30,2019-05-23,-1448300000.0,23353700000.0,,9015900000.0,14337800000.0,,27.234,-491000000.0,1434000000.0,1434000000.0,4882000000.0,-222100000.0,1.303,3.807,8095500000.0,1893700000.0,6201800000.0,8095500000.0,0.0,134300000.0,127800000.0,0.0,0.0,-237300000.0,-103000000.0,-0.019,-103000000.0,-237300000.0,-337300000.0,-1.27,-1.27,-1.27,4858600000.0,,4858600000.0,9127764563.0,10.0,6.117,-2045100000.0,-11.464,1.0,441600000.0,0.083,7500000.0,100000000.0,23090000000.0,,1140800000.0,3086100000.0,1604700000.0,1481400000.0,18495100000.0,6917700000.0,11577400000.0,4333464563.0,203300000.0,-4100000.0,-6900000.0,2068200000.0,-85700000.0,2014100000.0,-256700000.0,26000000.0,-1554100000.0,0.0,-225700000.0,-225700000.0,-225700000.0,0.0,3600000.0,-0.042,670000000.0,-228400000.0,2650500000.0,0.0,0.892,12.395,12.526,10609800000.0,0.0,24.3,0.214,0.214,4041700000.0,3720200000.0,5323600000.0,5323600000.0,0.0,,,,,0.0,0.0,1.0,178331875.0,178400000.0,179500000.0,29.841,23346200000.0,0.0,-111600000.0,1149400000.0,130.864,2098200000.0
14,CEG,MRQ,2008-06-30,2008-06-30,2008-06-30,2019-05-23,-158200000.0,28851900000.0,,12236600000.0,16615300000.0,,36.161,-481100000.0,1230700000.0,1230700000.0,4342000000.0,175000000.0,1.286,3.472,6025000000.0,290100000.0,5734900000.0,6025000000.0,0.0,141900000.0,492100000.0,0.0,0.0,352100000.0,494000000.0,0.104,494000000.0,352100000.0,278600000.0,0.96,0.95,0.96,6451100000.0,,6451100000.0,18901991266.0,11.0,8.345,-289500000.0,-1.623,1.0,414100000.0,0.087,266400000.0,73500000.0,23867800000.0,,1144700000.0,7222400000.0,3714700000.0,3507700000.0,22400800000.0,9512000000.0,12888800000.0,14645091266.0,568100000.0,-155500000.0,4400000.0,1086700000.0,-85700000.0,1004000000.0,-627500000.0,0.0,191600000.0,0.0,171500000.0,171500000.0,171500000.0,0.0,3500000.0,0.036,158900000.0,255200000.0,3638400000.0,0.0,2.27,17.715,17.848,10437000000.0,0.0,82.1,0.705,0.705,5356100000.0,4038100000.0,4756100000.0,4756100000.0,0.0,,,,,0.0,0.0,1.0,178381136.0,178400000.0,180200000.0,26.66,28585500000.0,0.0,107100000.0,1943600000.0,160.233,2724600000.0
15,CEG,MRQ,2008-03-31,2008-03-31,2008-03-31,2019-05-23,-596800000.0,23184700000.0,,8416400000.0,14768300000.0,,33.143,-388400000.0,662600000.0,662600000.0,4408000000.0,149400000.0,1.307,2.926,4919500000.0,232800000.0,4686700000.0,4919500000.0,0.0,148300000.0,202200000.0,0.0,0.0,300400000.0,448700000.0,0.093,448700000.0,300400000.0,221600000.0,0.82,0.81,0.82,5906000000.0,,5906000000.0,19664534444.0,13.0,9.373,-40000000.0,-0.224,1.0,404200000.0,0.084,261300000.0,78800000.0,20739100000.0,,818100000.0,3856500000.0,1843000000.0,2013500000.0,17278700000.0,6441200000.0,10837500000.0,15705334444.0,-433300000.0,-156900000.0,3900000.0,-163700000.0,-79300000.0,-241600000.0,-540100000.0,0.0,348400000.0,0.0,145700000.0,145700000.0,145700000.0,0.0,3700000.0,0.03,164900000.0,239300000.0,2931800000.0,0.0,2.659,20.357,20.576,10109200000.0,0.0,88.27,0.752,0.753,4560500000.0,3958300000.0,4812200000.0,4812200000.0,0.0,,,,,0.0,0.0,1.0,177923807.0,178200000.0,180200000.0,27.004,22923400000.0,0.0,75900000.0,1559800000.0,128.639,1975200000.0
16,CEG,MRQ,2007-12-31,2007-12-31,2007-12-31,2019-05-23,0.0,21742300000.0,,7685600000.0,14056700000.0,,29.784,-375400000.0,1137800000.0,1137800000.0,4736200000.0,270100000.0,1.359,3.071,5055100000.0,394600000.0,4660500000.0,5055100000.0,0.0,144300000.0,146600000.0,0.0,0.0,508100000.0,652400000.0,0.122,652400000.0,508100000.0,428000000.0,1.43,1.42,1.43,5340200000.0,,5340200000.0,21958706431.0,14.0,10.361,-51100000.0,-0.285,1.0,605100000.0,0.113,261300000.0,80100000.0,19744500000.0,,798800000.0,2333000000.0,760600000.0,1572400000.0,16402100000.0,5653800000.0,10748300000.0,18522406431.0,-455800000.0,-3400000.0,-277700000.0,59900000.0,-79200000.0,-319800000.0,-460300000.0,-31900000.0,324300000.0,0.0,258100000.0,258100000.0,258100000.0,0.0,12000000.0,0.048,160700000.0,444400000.0,2630100000.0,0.0,3.468,22.547,22.534,9767100000.0,0.0,102.53,0.874,0.872,4289500000.0,3919500000.0,5341300000.0,5341300000.0,0.0,,,,,0.0,0.0,1.0,180653530.0,179300000.0,181600000.0,29.79,21481000000.0,300700000.0,169900000.0,1639000000.0,119.805,2031800000.0
17,CEG,MRQ,2007-09-30,2007-09-30,2007-09-30,2019-05-23,-1246500000.0,21752300000.0,,7830400000.0,13921900000.0,,29.178,-360900000.0,1551700000.0,1551700000.0,5277000000.0,251400000.0,1.347,3.13,4988000000.0,295500000.0,4692500000.0,4988000000.0,0.0,174000000.0,402300000.0,0.0,0.0,496000000.0,670000000.0,0.114,670000000.0,496000000.0,415700000.0,1.39,1.38,1.39,5266600000.0,,5266600000.0,18488747145.0,11.0,8.456,-154300000.0,-0.855,1.0,579400000.0,0.099,273800000.0,80300000.0,19103600000.0,,719800000.0,524200000.0,0.0,524200000.0,16485700000.0,5811200000.0,10674500000.0,15484547145.0,-416300000.0,-93500000.0,8500000.0,-4500000.0,-79200000.0,-90300000.0,-532600000.0,12900000.0,206600000.0,0.0,251400000.0,251400000.0,251400000.0,-700000.0,0.0,0.043,154300000.0,425100000.0,2301500000.0,0.0,2.94,15.991,15.976,9557500000.0,0.0,85.79,0.755,0.755,3642800000.0,3763400000.0,5856400000.0,5856400000.0,0.0,,,,,0.0,0.0,1.0,180493614.0,180500000.0,182800000.0,32.445,21478500000.0,220800000.0,164300000.0,1362800000.0,118.994,2019200000.0
18,CEG,MRQ,2007-06-30,2007-06-30,2007-06-30,2019-05-23,-1157200000.0,21717600000.0,,7987900000.0,13729700000.0,,28.613,-286700000.0,1968000000.0,1968000000.0,4538400000.0,116300000.0,1.4,3.21,4972200000.0,303400000.0,4668800000.0,4972200000.0,0.0,113100000.0,494700000.0,0.0,0.0,213700000.0,326800000.0,0.067,326800000.0,213700000.0,142600000.0,0.65,0.64,0.65,5159000000.0,,5159000000.0,18774190511.0,11.0,8.506,-225600000.0,-1.251,1.0,337900000.0,0.069,157700000.0,71100000.0,18857300000.0,,657400000.0,389600000.0,0.0,389600000.0,16558600000.0,5706800000.0,10851800000.0,15717190511.0,31400000.0,-38600000.0,-19700000.0,28000000.0,-79100000.0,771200000.0,-800900000.0,0.0,61100000.0,0.0,116300000.0,116300000.0,116300000.0,0.0,0.0,0.024,183500000.0,154400000.0,2278100000.0,0.0,3.047,15.094,15.055,9526600000.0,0.0,87.17,0.785,0.784,3411500000.0,3593200000.0,4876300000.0,4876300000.0,0.0,,,,,0.0,0.0,1.0,180305042.0,180300000.0,182700000.0,27.045,21559900000.0,261800000.0,26300000.0,1413600000.0,119.578,2281100000.0
19,CEG,MRQ,2007-03-31,2007-03-31,2007-03-31,2019-05-23,-907700000.0,21076100000.0,,7812500000.0,13263600000.0,,29.752,-272700000.0,1936600000.0,1936600000.0,4658600000.0,195700000.0,1.315,2.922,4993600000.0,878800000.0,4114800000.0,4993600000.0,0.0,126400000.0,365300000.0,0.0,0.0,343700000.0,470100000.0,0.092,470100000.0,343700000.0,263400000.0,1.08,1.07,1.08,5373300000.0,,5373300000.0,18522090524.0,11.0,8.286,76300000.0,0.422,1.0,452500000.0,0.089,157600000.0,80300000.0,18034600000.0,,574100000.0,0.0,0.0,0.0,15702800000.0,5940900000.0,9761900000.0,15710090524.0,-352500000.0,-212000000.0,-55500000.0,-116500000.0,-68500000.0,-208800000.0,-492700000.0,0.0,349000000.0,0.0,195700000.0,195700000.0,195700000.0,1600000.0,0.0,0.038,150100000.0,302400000.0,2089500000.0,0.0,2.924,15.431,15.362,9555100000.0,0.0,86.95,0.804,0.804,3187400000.0,3574000000.0,5111100000.0,5111100000.0,0.0,,,,,0.0,0.0,1.0,180679592.0,180600000.0,182800000.0,28.301,20918500000.0,172000000.0,67700000.0,1432900000.0,115.828,1871600000.0
20,CEG,MRQ,2006-12-31,2006-12-31,2006-12-31,2019-05-23,0.0,21801600000.0,,9100100000.0,12701500000.0,,25.565,1335800000.0,2289100000.0,2289100000.0,4155400000.0,404900000.0,1.278,3.73,5101100000.0,878800000.0,4222300000.0,5101100000.0,0.0,104400000.0,347200000.0,0.0,0.0,615200000.0,719600000.0,0.155,719600000.0,615200000.0,525300000.0,2.25,2.22,2.25,4609300000.0,,4609300000.0,16963424583.0,10.0,7.925,1698000000.0,9.418,1.0,498100000.0,0.107,157600000.0,89900000.0,17333300000.0,,799700000.0,2814200000.0,1556500000.0,1257700000.0,17192300000.0,7122700000.0,10069600000.0,12397124583.0,1968400000.0,-4100000.0,28200000.0,221700000.0,-68300000.0,245400000.0,1360800000.0,-43500000.0,362200000.0,0.0,404900000.0,404900000.0,404900000.0,-138300000.0,0.0,0.087,77800000.0,420300000.0,2137200000.0,0.0,2.69,13.239,13.193,9222100000.0,0.0,68.87,0.643,0.641,3248300000.0,3474300000.0,4653500000.0,4653500000.0,0.0,,,,,0.0,0.0,1.0,180007617.0,180300000.0,182900000.0,25.81,21644000000.0,674300000.0,120400000.0,1493000000.0,120.044,1977400000.0
21,CEG,MRQ,2006-09-30,2006-09-30,2006-09-30,2019-05-23,-1506600000.0,20199300000.0,,6254800000.0,13944500000.0,,24.093,-253600000.0,320700000.0,320700000.0,4684000000.0,324400000.0,0.947,3.665,4887000000.0,1371100000.0,3515900000.0,4887000000.0,0.0,132000000.0,419800000.0,0.0,0.0,558700000.0,690700000.0,0.128,690700000.0,558700000.0,475600000.0,1.81,1.79,1.81,4329600000.0,,4329600000.0,15405351458.0,12.0,8.42,328800000.0,1.83,1.0,709400000.0,0.132,157100000.0,83100000.0,18003000000.0,,809900000.0,0.0,0.0,0.0,15869700000.0,6605500000.0,9264200000.0,10635851458.0,92600000.0,-7300000.0,15400000.0,-132800000.0,-68000000.0,-189400000.0,-300400000.0,-65000000.0,582400000.0,0.0,324400000.0,324400000.0,324400000.0,-18100000.0,0.0,0.06,178500000.0,530900000.0,1719900000.0,0.0,2.457,14.638,14.545,10385500000.0,0.0,59.2,0.542,0.542,2959500000.0,3137400000.0,5393400000.0,5393400000.0,0.0,,,,,0.0,0.0,1.0,179659653.0,179700000.0,181600000.0,30.013,20042200000.0,472000000.0,151200000.0,1327600000.0,111.531,-350700000.0
22,CEG,MRQ,2006-06-30,2006-06-30,2006-06-30,2019-05-23,-1346300000.0,19214100000.0,,5563600000.0,13650500000.0,,23.498,-230000000.0,228100000.0,228100000.0,4043400000.0,93100000.0,0.975,3.566,4997600000.0,1499000000.0,3498600000.0,4997600000.0,0.0,142800000.0,245400000.0,0.0,0.0,212200000.0,355000000.0,0.081,355000000.0,212200000.0,132900000.0,0.52,0.52,0.52,4208500000.0,,4208500000.0,14596091684.0,14.0,8.87,-160100000.0,-0.894,1.0,335400000.0,0.077,151800000.0,79300000.0,18127300000.0,,731600000.0,0.0,0.0,0.0,15005600000.0,5704500000.0,9301100000.0,9756291684.0,-196700000.0,-25400000.0,22000000.0,-253400000.0,-67900000.0,-51900000.0,-214700000.0,43100000.0,69900000.0,0.0,93100000.0,93100000.0,93100000.0,-19100000.0,0.0,0.021,157100000.0,178300000.0,1380900000.0,0.0,2.318,16.601,16.521,10284500000.0,0.0,54.52,0.509,0.51,2527000000.0,2881900000.0,4378800000.0,4378800000.0,0.0,,,,,0.0,0.0,1.0,178948857.0,179100000.0,180700000.0,24.449,19062300000.0,337100000.0,39800000.0,1189800000.0,106.434,-140900000.0
23,CEG,MRQ,2006-03-31,2006-03-31,2006-03-31,2019-05-23,-1178000000.0,19729600000.0,,5967200000.0,13762400000.0,,24.211,-184400000.0,424800000.0,424800000.0,4504400000.0,113900000.0,1.094,3.563,5264600000.0,1037800000.0,4226800000.0,5264600000.0,0.0,144700000.0,304700000.0,0.0,0.0,230500000.0,375200000.0,0.077,375200000.0,230500000.0,153500000.0,0.64,0.63,0.64,4324000000.0,,4324000000.0,13811569166.0,13.0,8.234,-673600000.0,-3.772,1.0,354800000.0,0.073,146500000.0,77000000.0,18970500000.0,,623100000.0,0.0,0.0,0.0,15405600000.0,5452400000.0,9953200000.0,9763269166.0,-388200000.0,-100800000.0,18800000.0,406700000.0,-59800000.0,386600000.0,-285600000.0,0.0,-489200000.0,0.0,113900000.0,113900000.0,113900000.0,-12300000.0,0.0,0.023,150800000.0,204000000.0,1657600000.0,0.0,2.258,15.842,15.767,10215400000.0,0.0,54.71,0.535,0.535,2657500000.0,2856500000.0,4859200000.0,4859200000.0,0.0,,,,,0.0,0.0,1.0,178454929.0,178600000.0,180400000.0,27.207,19583100000.0,193600000.0,39600000.0,1126500000.0,109.648,514800000.0
24,CEG,MRQ,2005-12-31,2005-12-31,2005-12-31,2019-05-23,0.0,21473900000.0,,7421800000.0,14052100000.0,,27.693,6300000.0,813000000.0,813000000.0,4650700000.0,195200000.0,1.264,3.369,4861300000.0,492000000.0,4369300000.0,4861300000.0,0.0,111600000.0,458900000.0,0.0,0.0,297100000.0,408700000.0,0.082,408700000.0,297100000.0,220400000.0,1.1,1.09,1.1,4915500000.0,,4915500000.0,14023210323.0,13.0,8.247,-465800000.0,-2.624,1.0,344700000.0,0.069,147100000.0,76700000.0,19502800000.0,,686500000.0,0.0,0.0,0.0,16558400000.0,5872300000.0,10686100000.0,10280510323.0,-326800000.0,-216700000.0,30400000.0,-11200000.0,-59700000.0,675600000.0,-530300000.0,1000000.0,-472100000.0,0.0,195200000.0,195200000.0,195200000.0,-87000000.0,0.0,0.039,148900000.0,195800000.0,1667900000.0,0.0,2.091,16.499,16.41,10066700000.0,0.0,57.6,0.606,0.603,2727900000.0,2810200000.0,4995400000.0,4995400000.0,0.0,,,,,0.0,0.0,1.0,178481082.0,177500000.0,180000000.0,28.143,21326800000.0,0.0,25200000.0,1396300000.0,120.151,1549500000.0
25,CEG,MRQ,2005-09-30,2005-09-30,2005-09-30,2019-05-23,306400000.0,22928200000.0,,9139500000.0,13788700000.0,,31.321,-173200000.0,1135000000.0,1135000000.0,4442400000.0,185500000.0,1.308,3.11,4877700000.0,200800000.0,4676900000.0,4877700000.0,0.0,173300000.0,791000000.0,0.0,0.0,333300000.0,506600000.0,0.103,506600000.0,333300000.0,257600000.0,1.04,1.03,1.04,5578300000.0,,5578300000.0,15229665806.0,15.0,9.049,447300000.0,2.512,1.0,480000000.0,0.098,147100000.0,75700000.0,19534600000.0,,562100000.0,0.0,0.0,0.0,17349900000.0,6989200000.0,10360700000.0,10963465806.0,415200000.0,-200000.0,21300000.0,-2100000.0,-59500000.0,-2100000.0,-203200000.0,-1700000.0,620500000.0,0.0,185500000.0,185500000.0,185500000.0,-1400000.0,0.0,0.038,163000000.0,317000000.0,2033000000.0,0.0,1.965,19.48,19.371,9917700000.0,0.0,61.6,0.729,0.73,2819100000.0,2674900000.0,4922400000.0,4922400000.0,0.0,,,,,0.0,0.0,1.0,177978341.0,178100000.0,180500000.0,27.638,22781100000.0,0.0,72100000.0,1761500000.0,127.912,2150300000.0
26,CEG,MRQ,2005-06-30,2005-06-30,2005-06-30,2019-05-23,-204700000.0,18383800000.0,,4949600000.0,13434200000.0,,27.66,-159900000.0,724600000.0,724600000.0,3119900000.0,121700000.0,1.378,2.742,4990800000.0,195300000.0,4795500000.0,4990800000.0,0.0,159800000.0,325700000.0,0.0,0.0,227000000.0,386800000.0,0.111,386800000.0,227000000.0,152200000.0,0.69,0.68,0.69,4912400000.0,,4912400000.0,14508067855.0,14.0,8.426,-30700000.0,-0.173,1.0,358600000.0,0.103,147100000.0,74800000.0,18912300000.0,,529500000.0,0.0,0.0,0.0,13471400000.0,3590600000.0,9880800000.0,10241667855.0,-278300000.0,-16800000.0,18900000.0,-306600000.0,-59400000.0,-259500000.0,-148000000.0,33100000.0,129200000.0,0.0,121700000.0,121700000.0,121700000.0,-3900000.0,0.0,0.035,148800000.0,209800000.0,1583200000.0,0.0,2.085,17.427,17.272,10136700000.0,0.0,57.69,0.76,0.761,2191700000.0,2549200000.0,3478500000.0,3478500000.0,0.0,,,,,0.0,0.0,1.0,177529344.0,177600000.0,179700000.0,19.586,18236700000.0,0.0,30500000.0,1319300000.0,102.684,1359000000.0
27,CEG,MRQ,2005-03-31,2005-03-31,2005-03-31,2019-05-23,-9900000.0,18638000000.0,,5535300000.0,13102700000.0,,28.44,-143800000.0,1002900000.0,1002900000.0,3204400000.0,120700000.0,1.401,2.707,5269300000.0,465400000.0,4803900000.0,5269300000.0,0.0,161800000.0,319900000.0,0.0,0.0,236500000.0,398300000.0,0.112,398300000.0,236500000.0,156800000.0,0.68,0.68,0.68,5028200000.0,,5028200000.0,13730301636.0,13.0,8.116,205800000.0,1.164,1.0,367600000.0,0.103,146200000.0,79700000.0,18806800000.0,,436700000.0,0.0,0.0,0.0,13609800000.0,3951400000.0,9658400000.0,9143001636.0,296600000.0,-3500000.0,26300000.0,-19700000.0,-50200000.0,239500000.0,-292500000.0,-140800000.0,349600000.0,0.0,120700000.0,120700000.0,120700000.0,-2100000.0,0.0,0.034,145700000.0,221900000.0,1447100000.0,0.0,1.818,15.387,15.161,9887800000.0,0.0,51.7,0.715,0.715,2078500000.0,2487600000.0,3572000000.0,3572000000.0,0.0,,,,,0.0,0.0,1.0,176847227.0,176800000.0,178600000.0,20.204,18491800000.0,0.0,36100000.0,1606900000.0,104.592,1583900000.0
28,CEG,MRQ,2004-12-31,2004-12-31,2004-12-31,2019-05-23,0.0,17347100000.0,,4489400000.0,12857700000.0,,26.812,-134500000.0,706300000.0,706300000.0,2796100000.0,134900000.0,1.226,2.67,5293600000.0,480400000.0,4813200000.0,5293600000.0,0.0,175900000.0,223800000.0,0.0,0.0,215500000.0,391400000.0,0.128,391400000.0,215500000.0,137500000.0,0.77,0.76,0.77,4726900000.0,,4726900000.0,12418613868.0,13.0,7.606,203200000.0,1.153,1.0,265500000.0,0.087,144800000.0,78000000.0,18127200000.0,,502100000.0,0.0,0.0,0.0,12620200000.0,3662400000.0,8957800000.0,7686513868.0,177400000.0,-73000000.0,22200000.0,35700000.0,-50000000.0,107300000.0,-267600000.0,-55800000.0,337700000.0,0.0,134900000.0,134900000.0,134900000.0,-77100000.0,0.0,0.044,137000000.0,128500000.0,1424900000.0,0.0,1.626,14.242,13.92,10086600000.0,0.0,43.71,0.634,0.62,1979300000.0,2425900000.0,3061600000.0,3061600000.0,0.0,,,,,0.0,0.0,1.0,175852525.0,176300000.0,177000000.0,17.366,17202300000.0,0.0,2600000.0,1469500000.0,97.574,827000000.0
29,CEG,MRQ,2004-09-30,2004-09-30,2004-09-30,2019-05-23,500000.0,16736400000.0,,3851000000.0,12885400000.0,,27.466,-174400000.0,528900000.0,528900000.0,2829600000.0,210400000.0,1.332,2.472,5261000000.0,530200000.0,4730800000.0,5261000000.0,0.0,159200000.0,187400000.0,0.0,0.0,386100000.0,545300000.0,0.162,545300000.0,386100000.0,306200000.0,1.2,1.19,1.2,4820300000.0,,4820300000.0,11787576995.0,12.0,7.148,-86600000.0,-0.493,1.0,529200000.0,0.158,142500000.0,79900000.0,18434500000.0,,528900000.0,0.0,0.0,0.0,11916100000.0,2891500000.0,9024600000.0,6990476995.0,71900000.0,-27000000.0,241200000.0,-11000000.0,-48300000.0,180700000.0,-196600000.0,9300000.0,87800000.0,0.0,210400000.0,210400000.0,210400000.0,-5600000.0,0.0,0.063,147000000.0,382200000.0,849000000.0,0.0,1.45,13.346,12.977,10022800000.0,0.0,39.84,0.611,0.611,1392800000.0,2341200000.0,3358800000.0,3358800000.0,0.0,,,,,0.0,0.0,1.0,175463780.0,175500000.0,176400000.0,19.138,16593900000.0,0.0,95800000.0,1563300000.0,94.552,959500000.0
30,CEG,MRQ,2004-06-30,2004-06-30,2004-06-30,2019-05-23,22100000.0,16059100000.0,,3308500000.0,12750600000.0,,26.323,-150700000.0,457000000.0,457000000.0,2455700000.0,128200000.0,1.212,2.616,5254100000.0,539000000.0,4715100000.0,5254100000.0,0.0,160000000.0,318500000.0,0.0,0.0,196800000.0,356800000.0,0.128,356800000.0,196800000.0,113300000.0,0.76,0.76,0.76,4440700000.0,,4440700000.0,10927988207.0,11.0,6.624,179000000.0,1.061,1.0,331600000.0,0.119,142500000.0,83500000.0,17983600000.0,,395000000.0,0.0,0.0,0.0,11618400000.0,2730100000.0,8888300000.0,6385788207.0,-383800000.0,-357300000.0,15300000.0,-173000000.0,-47900000.0,-205800000.0,-507700000.0,4700000.0,329700000.0,0.0,128200000.0,128200000.0,128200000.0,0.0,0.0,0.046,139700000.0,191900000.0,705500000.0,0.0,1.438,12.613,12.508,9987300000.0,0.0,37.9,0.598,0.599,1206800000.0,2180700000.0,2787300000.0,2787300000.0,0.0,,,,,0.0,0.0,1.0,168490454.0,168700000.0,169600000.0,16.522,15916600000.0,0.0,-14900000.0,1548800000.0,94.349,578400000.0
31,CEG,MRQ,2004-03-31,2004-03-31,2004-03-31,2019-05-23,-23100000.0,16136300000.0,,4057200000.0,12079100000.0,,25.447,-171300000.0,840800000.0,840800000.0,2664500000.0,66200000.0,1.406,2.772,5383000000.0,370400000.0,5012600000.0,5383000000.0,0.0,155200000.0,235900000.0,0.0,0.0,192100000.0,347300000.0,0.115,347300000.0,192100000.0,107300000.0,0.39,0.39,0.39,4277700000.0,,4277700000.0,11386444093.0,11.0,6.772,160300000.0,0.954,1.0,365100000.0,0.121,293800000.0,84800000.0,17498900000.0,,311800000.0,0.0,0.0,0.0,11858600000.0,2885800000.0,8972800000.0,6715744093.0,119500000.0,0.0,15200000.0,-4500000.0,-43500000.0,-31300000.0,-180800000.0,-700000.0,331600000.0,0.0,66200000.0,66200000.0,66200000.0,44100000.0,0.0,0.022,132800000.0,232300000.0,1051100000.0,0.0,1.57,14.141,14.018,9533100000.0,0.0,39.95,0.661,0.661,1441100000.0,2100200000.0,3029600000.0,3029600000.0,0.0,,,,,0.0,0.0,1.0,168103732.0,168100000.0,169200000.0,18.023,15842500000.0,0.0,41100000.0,1543000000.0,94.244,1171400000.0
32,CEG,MRQ,2003-12-31,2003-12-31,2003-12-31,2019-05-23,0.0,15593000000.0,,3642400000.0,11950600000.0,,24.719,-169500000.0,721300000.0,721300000.0,1906500000.0,119000000.0,1.244,2.766,5392000000.0,352800000.0,5039200000.0,5392000000.0,0.0,149800000.0,194500000.0,0.0,0.0,249900000.0,399700000.0,0.177,399700000.0,249900000.0,164500000.0,0.72,0.71,0.72,4140500000.0,,4140500000.0,11467967056.0,13.0,7.85,326000000.0,1.946,1.0,354300000.0,0.157,146300000.0,85400000.0,17190000000.0,,400000000.0,0.0,0.0,0.0,11452500000.0,2927400000.0,8525100000.0,6550367056.0,298200000.0,-29300000.0,33400000.0,-9500000.0,-43500000.0,-800000.0,-196500000.0,2300000.0,495500000.0,0.0,119000000.0,119000000.0,119000000.0,-19000000.0,0.0,0.053,109000000.0,245300000.0,1142000000.0,0.0,1.582,23.622,23.449,9601500000.0,0.0,39.16,0.693,0.689,1563000000.0,2081900000.0,2260800000.0,2260800000.0,0.0,,,,,0.0,0.0,1.0,167271886.0,167500000.0,168200000.0,13.497,15446700000.0,0.0,45500000.0,1390200000.0,92.219,715000000.0
33,CEG,MRQ,2003-09-30,2003-09-30,2003-09-30,2019-05-23,-237700000.0,15305800000.0,,3537800000.0,11768000000.0,,23.483,-145100000.0,423100000.0,423100000.0,2074400000.0,192900000.0,1.157,2.903,5340700000.0,324400000.0,5016300000.0,5340700000.0,0.0,153200000.0,160900000.0,0.0,0.0,392700000.0,545900000.0,0.21,545900000.0,392700000.0,307400000.0,1.16,1.15,1.16,3921700000.0,,3921700000.0,10865827354.0,14.0,7.762,32900000.0,0.197,1.0,526200000.0,0.202,120600000.0,85300000.0,17046000000.0,,370300000.0,0.0,0.0,0.0,11384100000.0,3056800000.0,8327300000.0,5971427354.0,-327900000.0,0.0,12400000.0,-306600000.0,-43300000.0,-346700000.0,-159200000.0,-9700000.0,178000000.0,0.0,192900000.0,192900000.0,192900000.0,0.0,0.0,0.074,139100000.0,387100000.0,1201100000.0,0.0,1.523,26.742,26.902,9420200000.0,0.0,35.78,0.697,0.698,1796500000.0,2006400000.0,2600600000.0,2600600000.0,0.0,,,,,0.0,0.0,1.0,166892883.0,167000000.0,167700000.0,15.572,15185200000.0,102500000.0,114500000.0,1451100000.0,90.929,481000000.0
34,CEG,MRQ,2003-06-30,2003-06-30,2003-06-30,2019-05-23,-181900000.0,15819300000.0,,3970100000.0,11849200000.0,,23.002,-175900000.0,751000000.0,751000000.0,1909700000.0,96800000.0,1.11,3.148,5645400000.0,581600000.0,5063800000.0,5645400000.0,0.0,154000000.0,272400000.0,0.0,0.0,234600000.0,388600000.0,0.171,388600000.0,234600000.0,151100000.0,0.58,0.58,0.58,3813800000.0,,3813800000.0,9975502917.0,14.0,7.513,-34400000.0,-0.207,1.0,356900000.0,0.157,120100000.0,83500000.0,17017500000.0,,337500000.0,3400000.0,3400000.0,0.0,12005500000.0,3576100000.0,8429400000.0,5671002917.0,138800000.0,-517300000.0,39500000.0,724000000.0,-42800000.0,720200000.0,-722900000.0,-25300000.0,141500000.0,0.0,96800000.0,96800000.0,96800000.0,0.0,0.0,0.043,128300000.0,228600000.0,1152800000.0,0.0,1.487,31.314,31.468,9392900000.0,0.0,34.3,0.784,0.786,1578800000.0,1856800000.0,2266600000.0,2266600000.0,0.0,,,,,0.0,0.0,1.0,165335362.0,165800000.0,166200000.0,13.671,15699200000.0,7400000.0,54300000.0,1326500000.0,94.688,394000000.0
35,CEG,MRQ,2003-03-31,2003-03-31,2003-03-31,2019-05-23,-220500000.0,15063300000.0,,3276300000.0,11787000000.0,,22.244,-145200000.0,612200000.0,612200000.0,2046300000.0,-131400000.0,1.182,3.107,4916700000.0,304000000.0,4612700000.0,4916700000.0,0.0,139400000.0,356400000.0,0.0,0.0,-12800000.0,126600000.0,0.054,126600000.0,-12800000.0,-95100000.0,-0.8,-0.8,-0.8,3668000000.0,,3668000000.0,9004526573.0,13.0,7.057,97600000.0,0.592,1.0,283700000.0,0.122,121100000.0,82300000.0,16473800000.0,,283200000.0,37700000.0,9300000.0,28400000.0,11395300000.0,2772900000.0,8622400000.0,4568926573.0,-2800000.0,0.0,10100000.0,-133000000.0,-39600000.0,-163900000.0,-81700000.0,67900000.0,242800000.0,0.0,-131400000.0,-131400000.0,-131400000.0,0.0,0.0,-0.056,121800000.0,161900000.0,1373700000.0,0.0,1.246,27.59,27.455,8782600000.0,0.0,27.73,0.762,0.763,1799400000.0,1802100000.0,2330000000.0,2330000000.0,0.0,,,,,0.0,0.0,1.0,164764752.0,164900000.0,164900000.0,14.13,14942200000.0,41800000.0,36300000.0,1301700000.0,90.614,503400000.0
36,CEG,MRQ,2002-12-31,2002-12-31,2002-12-31,2019-05-23,0.0,14943300000.0,,3317200000.0,11626100000.0,,23.436,-196100000.0,615000000.0,615000000.0,1065200000.0,65000000.0,1.245,2.869,5050600000.0,436700000.0,4613900000.0,5050600000.0,0.0,154400000.0,102800000.0,0.0,0.0,184400000.0,338800000.0,0.248,338800000.0,184400000.0,101000000.0,0.39,0.39,0.39,3862300000.0,,3862300000.0,9165091297.0,8.0,5.374,154000000.0,0.934,1.0,300300000.0,0.22,250700000.0,83400000.0,16463700000.0,,335100000.0,0.0,0.0,0.0,11081000000.0,2664500000.0,8416500000.0,4582991297.0,156700000.0,-13600000.0,8900000.0,22100000.0,-39400000.0,-4000000.0,-189400000.0,24700000.0,350100000.0,0.0,65000000.0,65000000.0,65000000.0,0.0,0.0,0.048,132600000.0,167700000.0,943400000.0,0.0,1.187,8.72,8.694,8659600000.0,0.0,27.82,0.971,0.968,1244100000.0,1977600000.0,1365500000.0,1365500000.0,0.0,,,,,0.0,0.0,1.0,164737286.0,164800000.0,164800000.0,8.286,14692600000.0,57100000.0,36000000.0,1431400000.0,89.154,652700000.0
37,CEG,MRQ,2002-09-30,2002-09-30,2002-09-30,2019-05-23,-52500000.0,13580000000.0,,2262800000.0,11317200000.0,,24.139,-195300000.0,458300000.0,458300000.0,798700000.0,150700000.0,1.151,2.422,5040400000.0,648700000.0,4391700000.0,5040400000.0,0.0,152200000.0,0.0,0.0,0.0,321500000.0,473700000.0,0.373,473700000.0,321500000.0,243100000.0,0.92,0.92,0.92,3968500000.0,,3968500000.0,8538146053.0,14.0,7.549,126900000.0,0.772,1.0,470900000.0,0.371,106000000.0,78400000.0,16091000000.0,,347900000.0,113500000.0,76000000.0,37500000.0,9611500000.0,1965100000.0,7646400000.0,4074546053.0,207300000.0,-207800000.0,8900000.0,307100000.0,-39400000.0,296800000.0,-411700000.0,-4200000.0,322200000.0,0.0,150700000.0,150700000.0,150700000.0,0.0,0.0,0.119,162900000.0,308000000.0,541300000.0,0.0,1.027,20.322,20.832,7872800000.0,0.0,24.79,0.963,0.963,830800000.0,1952400000.0,1269600000.0,1269600000.0,0.0,,,,,0.0,0.0,1.0,164362487.0,164400000.0,164400000.0,7.723,13474000000.0,93300000.0,92400000.0,1386600000.0,81.959,297700000.0
38,CEG,MRQ,2002-06-30,2002-06-30,2002-06-30,2019-05-23,17900000.0,13013000000.0,,1877400000.0,11135600000.0,,23.898,-199800000.0,251000000.0,251000000.0,713200000.0,81300000.0,0.993,2.32,4714600000.0,653000000.0,4061600000.0,4714600000.0,0.0,126900000.0,0.0,0.0,0.0,210000000.0,336900000.0,0.327,336900000.0,210000000.0,127300000.0,0.5,0.5,0.5,3919200000.0,,3919200000.0,9074184093.0,15.0,8.24,-301200000.0,-1.837,1.0,318200000.0,0.309,0.0,82700000.0,15585100000.0,,331600000.0,126500000.0,88200000.0,38300000.0,9093800000.0,1891500000.0,7202300000.0,4812684093.0,-791100000.0,0.0,10700000.0,-588800000.0,-39300000.0,-623000000.0,-66700000.0,141700000.0,-101400000.0,0.0,81300000.0,81300000.0,81300000.0,0.0,0.0,0.079,130500000.0,187700000.0,616400000.0,0.0,1.228,22.552,23.102,7850100000.0,0.0,29.34,1.201,1.201,757900000.0,1841200000.0,1031400000.0,1031400000.0,0.0,,,,,0.0,0.0,1.0,164031496.0,164000000.0,164000000.0,6.289,13013000000.0,9100000.0,46000000.0,1424800000.0,79.348,-14100000.0
39,CEG,MRQ,2002-03-31,2002-03-31,2002-03-31,2019-05-23,-12700000.0,13853300000.0,,3083200000.0,10770100000.0,,23.407,-226500000.0,1042100000.0,1042100000.0,747800000.0,228600000.0,1.142,2.615,5303600000.0,905800000.0,4397800000.0,5303600000.0,0.0,124500000.0,0.0,0.0,0.0,431600000.0,556100000.0,0.528,556100000.0,431600000.0,363700000.0,1.4,1.4,1.4,3831700000.0,,3831700000.0,10072680526.0,17.0,9.442,208400000.0,1.273,1.0,304500000.0,0.289,0.0,67900000.0,15413900000.0,,277900000.0,211400000.0,168700000.0,42700000.0,10021600000.0,2700900000.0,7320700000.0,5050880526.0,969700000.0,0.0,0.0,196700000.0,-19700000.0,172600000.0,362200000.0,588900000.0,434900000.0,0.0,228600000.0,228600000.0,228600000.0,0.0,0.0,0.217,143000000.0,161500000.0,747900000.0,0.0,1.318,24.318,25.081,7811400000.0,0.0,30.85,1.329,1.329,882100000.0,1800700000.0,1052300000.0,1052300000.0,0.0,,,,,0.0,0.0,1.0,163723842.0,163700000.0,163700000.0,6.428,13853300000.0,46800000.0,135100000.0,1530000000.0,84.626,382300000.0
40,CEG,MRQ,2001-12-31,2001-12-31,2001-12-31,2019-05-23,0.0,14109400000.0,,1896200000.0,12213200000.0,,23.523,-348100000.0,72400000.0,72400000.0,616400000.0,-260100000.0,0.531,2.671,5094200000.0,2381700000.0,2712500000.0,5094200000.0,0.0,125800000.0,0.0,0.0,0.0,-361500000.0,-235700000.0,-0.268,-235700000.0,-361500000.0,-427900000.0,-1.63,-1.63,-1.63,3843600000.0,,3843600000.0,8327246073.0,20.0,9.453,-418100000.0,-2.559,1.0,262400000.0,0.299,0.0,66400000.0,15560100000.0,,320400000.0,681400000.0,178200000.0,503200000.0,10265800000.0,3571100000.0,6694700000.0,4346446073.0,8400000.0,-408900000.0,0.0,662200000.0,-19700000.0,642900000.0,-564500000.0,185100000.0,-70000000.0,0.0,-260100000.0,-260100000.0,-260100000.0,0.0,0.0,-0.296,599900000.0,-337500000.0,523300000.0,0.0,1.131,47.816,46.579,7693300000.0,0.0,26.55,1.121,1.1,738900000.0,1611500000.0,878800000.0,878800000.0,0.0,,,,,0.0,0.0,1.0,163707950.0,163400000.0,163400000.0,5.378,14109400000.0,64700000.0,-167800000.0,1524400000.0,86.349,-1674900000.0
41,CEG,MRQ,2001-09-30,2001-09-30,2001-09-30,2019-05-23,147500000.0,13066200000.0,,3445100000.0,9621100000.0,,24.941,-334300000.0,64000000.0,64000000.0,623700000.0,163600000.0,0.765,2.2,4044800000.0,1794500000.0,2250300000.0,4044800000.0,0.0,115500000.0,0.0,0.0,0.0,328400000.0,443900000.0,0.425,443900000.0,328400000.0,262200000.0,1.0,1.0,1.0,4082800000.0,,4082800000.0,7964932390.0,8.0,5.447,48000000.0,0.293,1.0,419700000.0,0.402,0.0,66200000.0,12545100000.0,,263700000.0,719700000.0,196600000.0,523100000.0,8983400000.0,4501900000.0,4481500000.0,3961732390.0,-47800000.0,0.0,0.0,-70400000.0,-19600000.0,-90400000.0,-339700000.0,10800000.0,382300000.0,0.0,163600000.0,163600000.0,163600000.0,0.0,0.0,0.157,102900000.0,316800000.0,708800000.0,0.0,0.97,9.064,8.736,7317600000.0,0.0,24.2,1.004,1.004,748100000.0,1891000000.0,1043400000.0,1043400000.0,0.0,,,,,0.0,0.0,1.0,163707950.0,163700000.0,163700000.0,6.374,13066200000.0,76500000.0,98600000.0,1535500000.0,79.818,-1056800000.0
42,CEG,MRQ,2001-06-30,2001-06-30,2001-06-30,2019-05-23,165800000.0,13736600000.0,,4307000000.0,9429600000.0,,24.221,-315700000.0,111800000.0,111800000.0,570200000.0,75600000.0,0.895,2.464,4115000000.0,1526000000.0,2589000000.0,4115000000.0,0.0,111800000.0,0.0,0.0,0.0,190700000.0,302500000.0,0.366,302500000.0,190700000.0,118200000.0,0.46,0.46,0.46,3965000000.0,,3965000000.0,10730066650.0,11.0,7.395,-249400000.0,-1.524,1.0,255900000.0,0.31,0.0,72500000.0,12926700000.0,,251200000.0,707000000.0,201900000.0,505100000.0,9771600000.0,4813100000.0,4958500000.0,6975566650.0,-406800000.0,26200000.0,0.0,-158600000.0,-18200000.0,-183500000.0,-289600000.0,4300000.0,66300000.0,0.0,75600000.0,75600000.0,75600000.0,0.0,0.0,0.092,102000000.0,153900000.0,640000000.0,0.0,1.759,16.569,15.491,7074400000.0,0.0,42.6,1.802,1.802,683800000.0,1749700000.0,826100000.0,826100000.0,0.0,,,,,0.0,0.0,1.0,163745696.0,163700000.0,163700000.0,5.046,13736600000.0,4100000.0,42600000.0,1553900000.0,83.913,-506100000.0
43,CEG,MRQ,2001-03-31,2001-03-31,2001-03-31,2019-05-23,-27800000.0,13337800000.0,,4353300000.0,8984500000.0,,24.484,-304400000.0,518600000.0,518600000.0,808500000.0,111800000.0,0.982,2.589,4273100000.0,1414800000.0,2858300000.0,4273100000.0,0.0,115800000.0,0.0,0.0,0.0,254300000.0,370100000.0,0.327,370100000.0,254300000.0,176300000.0,0.74,0.74,0.74,3716600000.0,,3716600000.0,10794219024.0,12.0,7.593,-109700000.0,-0.723,1.0,322000000.0,0.285,0.0,78000000.0,12658600000.0,,208100000.0,526900000.0,192400000.0,334500000.0,9621200000.0,4433700000.0,5187500000.0,6667419024.0,335900000.0,0.0,504400000.0,-36800000.0,-63200000.0,420100000.0,-278900000.0,34300000.0,194700000.0,0.0,111800000.0,111800000.0,111800000.0,0.0,0.0,0.099,104800000.0,217200000.0,445900000.0,0.0,1.794,17.318,17.294,6862900000.0,0.0,44.1,1.705,1.712,589000000.0,1685900000.0,1130500000.0,1130500000.0,0.0,,,,,0.0,0.0,1.0,151188640.0,151800000.0,151800000.0,7.447,13337800000.0,35000000.0,64500000.0,1478000000.0,87.864,-80400000.0
44,CEG,MRQ,2000-12-31,2000-12-31,2000-12-31,2019-05-23,0.0,12939300000.0,,1973500000.0,10965800000.0,,21.076,-430100000.0,182700000.0,182700000.0,704300000.0,86100000.0,0.766,3.077,4309500000.0,1150200000.0,3159300000.0,4309500000.0,0.0,113700000.0,0.0,0.0,0.0,232000000.0,345700000.0,0.366,345700000.0,232000000.0,141600000.0,0.57,0.57,0.57,3174000000.0,,3174000000.0,10734135452.0,13.0,7.764,-168000000.0,-1.116,1.0,240900000.0,0.255,0.0,90400000.0,14490400000.0,,229500000.0,542300000.0,189300000.0,353000000.0,9765300000.0,2575700000.0,7189600000.0,6783335452.0,132300000.0,0.0,0.0,304400000.0,-62200000.0,248300000.0,-378100000.0,51700000.0,262100000.0,0.0,86100000.0,86100000.0,86100000.0,0.0,0.0,0.091,106300000.0,134600000.0,750000000.0,0.0,2.137,19.645,19.592,6665500000.0,0.0,45.063,1.797,1.791,792600000.0,1592300000.0,945200000.0,945200000.0,0.0,,,,,0.0,0.0,1.0,150531716.0,150600000.0,150600000.0,6.276,12939300000.0,73500000.0,55500000.0,1454600000.0,85.918,-602200000.0
45,CEG,MRQ,2000-09-30,2000-09-30,2000-09-30,2019-05-23,41700000.0,11656000000.0,,3080500000.0,8575500000.0,,20.999,-276200000.0,50400000.0,50400000.0,547600000.0,147500000.0,0.884,2.698,4001200000.0,1165900000.0,2835300000.0,4001200000.0,0.0,122900000.0,0.0,0.0,0.0,309800000.0,432700000.0,0.447,432700000.0,309800000.0,243200000.0,0.98,0.98,0.98,3152000000.0,,3152000000.0,11354452871.0,16.0,8.799,-29700000.0,-0.198,1.0,421000000.0,0.435,0.0,66600000.0,12122800000.0,,257500000.0,604500000.0,180200000.0,424300000.0,8504000000.0,3484000000.0,5020000000.0,7449152871.0,-96000000.0,0.0,29900000.0,-51000000.0,-62900000.0,-72200000.0,-270300000.0,10600000.0,246500000.0,0.0,147500000.0,147500000.0,147500000.0,0.0,0.0,0.152,107600000.0,313400000.0,693700000.0,0.0,2.363,32.787,,6287900000.0,0.0,49.75,1.753,1.758,842100000.0,1569400000.0,968600000.0,968600000.0,0.0,,,,,0.0,0.0,1.0,149731716.0,150100000.0,150100000.0,6.453,11656000000.0,140200000.0,95700000.0,1468100000.0,77.655,-403500000.0
46,CEG,MRQ,2000-06-30,2000-06-30,2000-06-30,2019-05-23,24000000.0,10636400000.0,,2236200000.0,8400200000.0,,20.113,-280100000.0,146400000.0,146400000.0,603900000.0,39600000.0,0.885,2.533,4051700000.0,1098300000.0,2953400000.0,4051700000.0,0.0,141500000.0,43000000.0,0.0,0.0,131600000.0,273100000.0,0.315,273100000.0,131600000.0,66500000.0,0.26,0.26,0.26,3010900000.0,,3010900000.0,7352541696.0,11.0,5.874,-235800000.0,-1.575,1.0,262700000.0,0.303,0.0,65100000.0,12013600000.0,,222900000.0,324600000.0,156800000.0,167800000.0,7625500000.0,2528100000.0,5097400000.0,4871441696.0,78200000.0,-101500000.0,4500000.0,425600000.0,-62800000.0,364000000.0,-330100000.0,55900000.0,44300000.0,0.0,39600000.0,39600000.0,39600000.0,0.0,0.0,0.046,130600000.0,132100000.0,301700000.0,0.0,1.618,21.07,,5559500000.0,0.0,32.563,1.207,1.208,559700000.0,1485100000.0,866600000.0,866600000.0,0.0,,,,,0.0,0.0,1.0,149602816.0,149700000.0,149700000.0,5.789,10636400000.0,8800000.0,26900000.0,1418200000.0,71.051,-291900000.0
47,CEG,MRQ,2000-03-31,2000-03-31,2000-03-31,2019-05-23,0.0,7134100000.0,,564100000.0,6570000000.0,,15.674,-80600000.0,20000000.0,20000000.0,676900000.0,72100000.0,0.535,2.043,2501100000.0,632500000.0,1868600000.0,2501100000.0,0.0,146700000.0,41600000.0,0.0,0.0,184500000.0,331200000.0,0.333,331200000.0,184500000.0,124100000.0,0.48,0.48,0.48,2344800000.0,,2344800000.0,8431089760.0,12.0,6.863,217400000.0,1.453,1.0,317100000.0,0.319,0.0,60400000.0,8561500000.0,,208200000.0,0.0,0.0,0.0,4789300000.0,1053700000.0,3735600000.0,4768589760.0,-24500000.0,0.0,1500000.0,-129900000.0,-62800000.0,-194500000.0,-128000000.0,-43000000.0,298000000.0,0.0,72100000.0,72100000.0,72100000.0,0.0,0.0,0.073,132500000.0,184600000.0,190300000.0,0.0,2.034,19.12,,5511100000.0,0.0,31.875,1.238,1.238,294800000.0,849500000.0,994000000.0,994000000.0,0.0,,,,,0.0,0.0,1.0,149602816.0,149600000.0,149600000.0,6.644,7134100000.0,33900000.0,52000000.0,1187200000.0,47.688,-489600000.0
48,CEG,MRQ,1999-12-31,1999-12-31,1999-12-31,2019-05-23,0.0,9683800000.0,,1490200000.0,8193600000.0,,20.007,-299800000.0,92700000.0,92700000.0,1035100000.0,-42200000.0,0.744,2.235,3755200000.0,1179800000.0,2575400000.0,3755200000.0,0.0,189700000.0,0.0,0.0,0.0,63700000.0,253400000.0,0.179,253400000.0,63700000.0,-22000000.0,,,,2993000000.0,,2993000000.0,7164636064.0,10.0,5.969,-104300000.0,-0.697,1.0,384300000.0,0.271,0.0,85700000.0,11342900000.0,,244000000.0,387600000.0,136500000.0,251100000.0,6690800000.0,2003400000.0,4687400000.0,4337136064.0,36300000.0,0.0,100000.0,56700000.0,-62800000.0,14100000.0,-173300000.0,106300000.0,195500000.0,0.0,-42200000.0,-32000000.0,-32000000.0,0.0,0.0,-0.023,246600000.0,137700000.0,365100000.0,,1.449,16.675,16.667,5957500000.0,-10200000.0,29.0,1.129,1.13,578500000.0,1499100000.0,1419400000.0,1419400000.0,0.0,,,,,0.0,0.0,1.0,149556416.0,149600000.0,,9.488,9683800000.0,72400000.0,20200000.0,1417600000.0,64.731,-513200000.0
49,CEG,MRQ,1999-09-30,1999-09-30,1999-09-30,2019-05-23,0.0,7380500000.0,,707400000.0,6673100000.0,,16.463,-139600000.0,15500000.0,15500000.0,383700000.0,154900000.0,0.686,1.998,2843000000.0,637500000.0,2205500000.0,2843000000.0,0.0,107800000.0,39800000.0,0.0,0.0,286300000.0,394100000.0,0.521,394100000.0,286300000.0,238200000.0,,,,2462100000.0,,2462100000.0,7010674200.0,10.0,6.27,-26300000.0,-0.176,1.0,372300000.0,0.492,0.0,48100000.0,9177000000.0,,227300000.0,0.0,0.0,0.0,4918400000.0,1031000000.0,3887400000.0,4206274200.0,-47000000.0,-97700000.0,-100000.0,156900000.0,-62800000.0,86000000.0,-246300000.0,4500000.0,113300000.0,0.0,154900000.0,151500000.0,151500000.0,0.0,0.0,0.2,89000000.0,283300000.0,189800000.0,,1.708,13.778,,5656900000.0,3400000.0,28.125,1.298,1.298,352800000.0,968500000.0,756000000.0,756000000.0,0.0,,,,,0.0,0.0,1.0,149556416.0,149556416.0,,5.055,7380500000.0,101700000.0,83300000.0,1228800000.0,49.349,-323600000.0
50,CEG,MRQ,1999-06-30,1999-06-30,1999-06-30,2019-05-23,0.0,7164900000.0,,564200000.0,6600700000.0,,15.874,-122400000.0,13400000.0,13400000.0,452800000.0,61200000.0,0.878,2.018,2817800000.0,306700000.0,2511100000.0,2817800000.0,0.0,103700000.0,38300000.0,0.0,0.0,146100000.0,249800000.0,0.366,249800000.0,146100000.0,94300000.0,,,,2374100000.0,,2374100000.0,7732908824.0,11.0,6.714,-73100000.0,-0.489,1.0,229200000.0,0.336,0.0,51800000.0,9326600000.0,,210200000.0,0.0,0.0,0.0,4790800000.0,642700000.0,4148100000.0,4430608824.0,-240600000.0,0.0,0.0,-99500000.0,-62800000.0,-162000000.0,-127900000.0,4000000.0,49300000.0,0.0,61200000.0,57800000.0,57800000.0,0.0,0.0,0.085,88300000.0,140900000.0,188300000.0,,1.866,14.079,,5645100000.0,3400000.0,29.625,1.296,1.296,304000000.0,879800000.0,682000000.0,682000000.0,0.0,,,,,0.0,0.0,1.0,149556416.0,149556416.0,,4.56,7164900000.0,3500000.0,33100000.0,1175600000.0,47.908,-78500000.0
51,CEG,MRQ,1999-03-31,1999-03-31,1999-03-31,2019-05-23,2900000.0,9283600000.0,,1348000000.0,7935600000.0,,20.106,-54700000.0,344000000.0,344000000.0,695000000.0,86200000.0,1.111,2.089,3646300000.0,510400000.0,3135900000.0,3646300000.0,0.0,104700000.0,36900000.0,0.0,0.0,198500000.0,303200000.0,0.308,303200000.0,198500000.0,136100000.0,0.55,0.55,0.55,3005800000.0,,3005800000.0,,,,266200000.0,1.781,1.0,288400000.0,0.293,0.0,62400000.0,11373000000.0,,195500000.0,307400000.0,118500000.0,188900000.0,6277800000.0,1212900000.0,5064900000.0,3794994056.0,170300000.0,0.0,9600000.0,-24200000.0,-62700000.0,-83000000.0,-67600000.0,1900000.0,320900000.0,0.0,86200000.0,82800000.0,82800000.0,0.0,0.0,0.084,90300000.0,198100000.0,254600000.0,0.0,1.263,12.074,,5640000000.0,3400000.0,25.375,1.083,1.083,422700000.0,1510300000.0,983400000.0,983400000.0,0.0,,,,,0.0,0.0,1.0,149556416.0,149500000.0,149500000.0,6.578,9283600000.0,32000000.0,49900000.0,1481100000.0,62.098,135100000.0
52,CEG,MRQ,1998-12-31,1998-12-31,1998-12-31,2019-05-23,0.0,9275000000.0,,1169800000.0,8105200000.0,,20.077,-370500000.0,173700000.0,173700000.0,640400000.0,-5100000.0,1.01,2.111,3669800000.0,541700000.0,3128100000.0,3669800000.0,0.0,115000000.0,35500000.0,0.0,0.0,56100000.0,171100000.0,0.209,171100000.0,56100000.0,-1800000.0,,,,2981500000.0,,2981500000.0,,,,-243100000.0,-1.637,1.0,178300000.0,0.218,0.0,57900000.0,11613200000.0,,230500000.0,317700000.0,119700000.0,198000000.0,6293500000.0,1157900000.0,5135600000.0,,-41400000.0,0.0,19300000.0,70900000.0,-62500000.0,127400000.0,-296200000.0,23000000.0,127400000.0,0.0,-5100000.0,13200000.0,13200000.0,0.0,0.0,0.016,99900000.0,78400000.0,270500000.0,,,,14.988,5656700000.0,-18300000.0,30.875,,1.354,422700000.0,1490300000.0,818700000.0,818700000.0,0.0,,,,,0.0,0.0,1.0,,148500000.0,,5.513,9275000000.0,68800000.0,3300000.0,1433600000.0,62.458,11900000.0
53,CEG,MRQ,1998-09-30,1998-09-30,1998-09-30,2019-05-23,,,,,,,,-131400000.0,,,524000000.0,167700000.0,,,,,,,,103800000.0,,0.0,0.0,323900000.0,427700000.0,0.458,427700000.0,323900000.0,261500000.0,,,,,,,,,,126000000.0,,1.0,410000000.0,0.439,,62400000.0,,,,,,,,,,,-87400000.0,0.0,19900000.0,400000.0,-62300000.0,-179000000.0,-165800000.0,-2300000.0,257400000.0,0.0,167700000.0,160900000.0,160900000.0,0.0,0.0,0.172,89600000.0,320400000.0,,,,,,,6800000.0,33.375,,,,,934000000.0,934000000.0,0.0,,,,,0.0,0.0,1.0,,,,,,,93800000.0,,,
54,CEG,MRQ,1998-06-30,1998-06-30,1998-06-30,2019-05-23,,,,,,,,-127700000.0,,,521800000.0,63200000.0,,,,,,,,98700000.0,,0.0,0.0,157100000.0,255800000.0,0.333,255800000.0,157100000.0,98200000.0,,,,,,,,,,11300000.0,,1.0,245800000.0,0.32,,58900000.0,,,,,,,,,,,123200000.0,0.0,0.0,177700000.0,-60700000.0,120200000.0,-136000000.0,14200000.0,139000000.0,0.0,63200000.0,57400000.0,57400000.0,0.0,0.0,0.075,89600000.0,156200000.0,,,,,,,5800000.0,31.063,,,,,767600000.0,767600000.0,0.0,,,,,0.0,0.0,1.0,,,,,,,35000000.0,,,
55,CEG,MRQ,1998-03-31,1998-03-31,1998-03-31,2019-05-23,,,,,,,,-100600000.0,,,586200000.0,80200000.0,,,,,,,,110300000.0,,0.0,0.0,185300000.0,295600000.0,0.341,295600000.0,185300000.0,125800000.0,0.5,0.5,0.5,,,,,,,175400000.0,1.186,1.0,279900000.0,0.323,,59500000.0,,,,,,,,,,,16700000.0,0.0,12600000.0,-89000000.0,-60500000.0,-146000000.0,-113300000.0,1600000.0,276000000.0,0.0,80200000.0,74400000.0,74400000.0,0.0,0.0,0.086,96500000.0,183400000.0,,0.0,,,,,5800000.0,32.688,,,,,866100000.0,866100000.0,0.0,,,,,0.0,0.0,1.0,,147900000.0,147900000.0,5.856,,,45600000.0,,,
0,CEG,MRT,2011-12-31,2011-12-31,2011-12-31,2019-05-23,0.0,19412600000.0,19688150000.0,4818500000.0,14594100000.0,0.699,35.452,-1106800000.0,1011600000.0,1011600000.0,12527900000.0,-306800000.0,1.466,1.693,5059200000.0,214400000.0,4844800000.0,5059200000.0,0.0,589300000.0,95200000.0,0.0,0.0,-294600000.0,294700000.0,0.021,294700000.0,-294600000.0,-571200000.0,-1.7,-1.7,-1.7,7093900000.0,7758775000.0,7093900000.0,11657257725.0,-40.0,39.556,147600000.0,0.738,1.0,1230300000.0,0.089,282200000.0,276600000.0,19890200000.0,20128375000.0,552700000.0,2985700000.0,357900000.0,2627800000.0,12011800000.0,3287800000.0,8724000000.0,7996057725.0,-1064000000.0,-1501900000.0,21100000.0,246800000.0,-182600000.0,61800000.0,-2380200000.0,-30000000.0,1254400000.0,0.0,-340300000.0,-340300000.0,-340300000.0,0.0,33500000.0,-0.025,1504400000.0,-274100000.0,1102000000.0,0.0,1.127,-23.497,-23.335,10903300000.0,0.0,39.67,0.581,0.577,2155500000.0,,13758200000.0,13758200000.0,0.0,-0.017,-0.044,-0.015,-0.021,0.0,0.0,1.0,201564349.0,200100000.0,200100000.0,68.757,19130400000.0,288600000.0,-230900000.0,2419100000.0,95.604,1530700000.0
1,CEG,MRT,2011-09-30,2011-09-30,2011-09-30,2019-05-23,-680900000.0,20083000000.0,19839625000.0,4840300000.0,15242700000.0,0.702,39.767,-1149500000.0,1246100000.0,1246100000.0,12474800000.0,453500000.0,1.565,1.481,4907300000.0,353400000.0,4553900000.0,4907300000.0,0.0,588500000.0,0.0,0.0,0.0,995600000.0,1584100000.0,0.114,1584100000.0,995600000.0,725800000.0,2.01,1.99,2.01,7969400000.0,7942600000.0,7969400000.0,11191097927.0,11.0,7.065,735600000.0,3.671,1.0,1450900000.0,0.104,283300000.0,269800000.0,20368900000.0,19985325000.0,545300000.0,3655600000.0,233800000.0,3421800000.0,11802700000.0,3092000000.0,8710700000.0,7662297927.0,-124200000.0,-1516100000.0,18300000.0,623000000.0,-180800000.0,364200000.0,-2373500000.0,-30000000.0,1885100000.0,0.0,403100000.0,403100000.0,403100000.0,0.0,50400000.0,0.029,601500000.0,849400000.0,1169000000.0,0.0,0.961,19.008,18.935,10741600000.0,0.0,38.06,0.55,0.548,2167300000.0,5370600000.0,13925700000.0,13925700000.0,0.0,0.02,0.051,0.05,0.071,0.0,0.0,1.0,201321543.0,200400000.0,202400000.0,69.49,19799700000.0,45200000.0,322700000.0,2800400000.0,98.801,1748300000.0
2,CEG,MRT,2011-06-30,2011-06-30,2011-06-30,2019-05-23,-595900000.0,19713400000.0,19610275000.0,4742100000.0,14971300000.0,0.733,40.052,-1191600000.0,1002900000.0,1002900000.0,12978800000.0,-1019400000.0,1.638,1.424,4531700000.0,213400000.0,4318300000.0,4531700000.0,0.0,567800000.0,0.0,0.0,0.0,-1487100000.0,-919300000.0,-0.064,-919300000.0,-1487100000.0,-1752500000.0,-5.35,-5.36,-5.35,8014500000.0,7848600000.0,8014500000.0,10941668001.0,-7.0,-11.902,502800000.0,2.513,1.0,1394700000.0,0.097,180800000.0,265400000.0,20165800000.0,19692725000.0,530400000.0,3754400000.0,324300000.0,3430100000.0,11408900000.0,2895600000.0,8513300000.0,7618668001.0,-648400000.0,-1302500000.0,16500000.0,262400000.0,-182600000.0,-12400000.0,-2330400000.0,-15000000.0,1694400000.0,0.0,-1077100000.0,-1077100000.0,-1077100000.0,0.0,57700000.0,-0.075,3040900000.0,-1646200000.0,1138700000.0,0.0,0.951,-7.073,-7.095,10619200000.0,0.0,37.96,0.53,0.528,2226500000.0,5344900000.0,14373500000.0,14373500000.0,0.0,-0.055,-0.137,-0.076,-0.103,0.0,0.0,1.0,200702529.0,200100000.0,201900000.0,71.832,19532600000.0,81300000.0,-675400000.0,2798300000.0,97.614,1846500000.0
3,CEG,MRT,2011-03-31,2011-03-31,2011-03-31,2019-05-23,-587600000.0,19543600000.0,20109275000.0,4852500000.0,14691100000.0,0.712,39.906,-1091200000.0,1234900000.0,1234900000.0,13022600000.0,-1043700000.0,1.798,1.42,4557900000.0,115800000.0,4442100000.0,4557900000.0,0.0,541700000.0,0.0,0.0,0.0,-1554300000.0,-1012600000.0,-0.071,-1012600000.0,-1554300000.0,-1814900000.0,-5.49,-5.49,-5.49,7957300000.0,8100200000.0,7957300000.0,8875048306.0,-6.0,-8.765,670800000.0,3.364,1.0,1301000000.0,0.091,79900000.0,260600000.0,20088600000.0,20017225000.0,484600000.0,3775200000.0,350000000.0,3425200000.0,11301800000.0,2698100000.0,8603700000.0,6221348306.0,-780300000.0,-1529800000.0,8700000.0,270700000.0,-182800000.0,-52900000.0,-2489400000.0,0.0,1762000000.0,0.0,-1103700000.0,-1103700000.0,-1103700000.0,0.0,60000000.0,-0.077,3018500000.0,-1717500000.0,1039500000.0,0.0,0.782,-5.637,-5.67,10464300000.0,0.0,31.13,0.434,0.433,2108900000.0,5293800000.0,14323600000.0,14323600000.0,0.0,-0.055,-0.136,-0.078,-0.109,0.0,0.0,1.0,199850572.0,199400000.0,200700000.0,71.834,19463700000.0,33500000.0,-711200000.0,2730700000.0,97.611,2154400000.0
4,CEG,MRT,2010-12-31,2010-12-31,2010-12-31,2019-05-23,0.0,20018500000.0,20757650000.0,6452600000.0,13565900000.0,0.691,39.048,-1050300000.0,2132800000.0,2132800000.0,12857500000.0,-931800000.0,1.969,1.521,4786500000.0,337700000.0,4448800000.0,4786500000.0,0.0,519500000.0,87200000.0,0.0,0.0,-1337500000.0,-818000000.0,-0.057,-818000000.0,-1337500000.0,-1648300000.0,-4.9,-4.9,-4.9,7829200000.0,8301300000.0,7829200000.0,9064571157.0,-7.0,-11.081,-539000000.0,-2.688,1.0,1482500000.0,0.103,77000000.0,310800000.0,19318000000.0,20277900000.0,465400000.0,3976100000.0,534400000.0,3441700000.0,11910500000.0,3277200000.0,8633300000.0,6192671157.0,-1411500000.0,-445800000.0,14000000.0,-128100000.0,-183300000.0,-477600000.0,-1445200000.0,0.0,511300000.0,0.0,-982600000.0,-982600000.0,-982600000.0,0.0,50800000.0,-0.069,2996300000.0,-1513800000.0,1262400000.0,0.0,0.791,-6.302,-6.251,9278800000.0,0.0,30.63,0.432,0.428,2368100000.0,5270800000.0,14340000000.0,14340000000.0,0.0,-0.047,-0.118,-0.066,-0.093,0.0,0.0,1.0,202176662.0,200500000.0,200500000.0,71.521,19941500000.0,152700000.0,-665700000.0,2644900000.0,99.459,3175400000.0
5,CEG,MRT,2010-09-30,2010-09-30,2010-09-30,2019-05-23,-863000000.0,19165600000.0,21639125000.0,5514700000.0,13650900000.0,0.659,37.759,-1038700000.0,1420100000.0,1420100000.0,12852300000.0,3327500000.0,1.96,1.488,4292000000.0,95100000.0,4196900000.0,4292000000.0,0.0,585200000.0,0.0,0.0,0.0,5650600000.0,6235800000.0,0.437,6235800000.0,5650600000.0,5292700000.0,16.51,16.4,16.51,7593400000.0,8518275000.0,7593400000.0,9109333892.0,2.0,1.461,-644100000.0,-3.203,1.0,1416700000.0,0.099,25500000.0,357900000.0,19198500000.0,20680425000.0,425300000.0,4174600000.0,546100000.0,3628500000.0,11295200000.0,2813500000.0,8481700000.0,6511233892.0,552600000.0,2933900000.0,20900000.0,-1153400000.0,-187200000.0,-1641300000.0,1799300000.0,0.0,394600000.0,0.0,3278800000.0,3278800000.0,3278800000.0,0.0,48700000.0,0.23,3116000000.0,-1699300000.0,1134800000.0,0.0,0.857,1.986,1.953,9135200000.0,0.0,32.24,0.456,0.454,2285000000.0,5159400000.0,14269000000.0,14269000000.0,0.0,0.152,0.385,0.273,0.396,0.0,0.0,1.0,201961349.0,201100000.0,201100000.0,70.955,19140100000.0,14500000.0,2013900000.0,2274600000.0,95.177,2701200000.0
6,CEG,MRT,2010-06-30,2010-06-30,2010-06-30,2019-05-23,-878400000.0,21709400000.0,21774225000.0,5569700000.0,16139700000.0,0.658,44.925,-1145600000.0,1679100000.0,1679100000.0,12448900000.0,4869900000.0,1.976,1.379,4277200000.0,87100000.0,4190100000.0,4277200000.0,0.0,611500000.0,0.0,0.0,0.0,8480100000.0,9091600000.0,0.635,9091600000.0,8480100000.0,8082200000.0,24.19,24.08,24.19,9020900000.0,7628175000.0,9020900000.0,8752424957.0,1.0,0.963,74200000.0,0.37,1.0,1878900000.0,0.131,25500000.0,397900000.0,21463800000.0,20928875000.0,458300000.0,6672900000.0,558200000.0,6114700000.0,12439800000.0,2818200000.0,9621600000.0,6504224957.0,641600000.0,2913100000.0,29100000.0,-1656500000.0,-186900000.0,-2336900000.0,1758700000.0,0.0,1219800000.0,0.0,4822900000.0,4822900000.0,4822900000.0,0.0,47000000.0,0.337,705200000.0,1173700000.0,1140300000.0,0.0,0.721,1.349,1.333,8986300000.0,0.0,32.25,0.454,0.452,2172300000.0,6614500000.0,14327800000.0,14327800000.0,0.0,0.221,0.632,0.405,0.592,0.0,0.0,1.0,201681394.0,200800000.0,202600000.0,71.354,21683900000.0,88000000.0,3259300000.0,3270200000.0,107.988,2751500000.0
7,CEG,MRT,2010-03-31,2010-03-31,2010-03-31,2019-05-23,-1100500000.0,22137100000.0,21346475000.0,6122100000.0,16015000000.0,0.697,43.743,-1328500000.0,2049800000.0,2049800000.0,12745000000.0,4814400000.0,1.896,1.499,4298000000.0,77800000.0,4220200000.0,4298000000.0,0.0,634700000.0,0.0,0.0,0.0,8526600000.0,9161300000.0,0.616,9161300000.0,8526600000.0,8083000000.0,23.87,23.76,23.87,8761700000.0,6255925000.0,8761700000.0,8510211576.0,1.0,0.929,1509100000.0,7.534,1.0,2137000000.0,0.144,25500000.0,443600000.0,21131300000.0,20485275000.0,368200000.0,7054000000.0,686000000.0,6368000000.0,13131100000.0,3228500000.0,9902600000.0,7060311576.0,1391100000.0,3286000000.0,39100000.0,-2419900000.0,-188600000.0,-2155300000.0,708800000.0,0.0,2837600000.0,0.0,4758400000.0,4758400000.0,4758400000.0,0.0,56000000.0,0.32,818200000.0,1318800000.0,1225300000.0,0.0,0.806,1.484,1.471,8496200000.0,0.0,35.11,0.474,0.473,2232500000.0,6591400000.0,14882000000.0,14882000000.0,0.0,0.223,0.761,0.416,0.573,0.0,0.0,1.0,201091187.0,200300000.0,201900000.0,74.299,22111600000.0,172100000.0,3324600000.0,3380100000.0,110.392,2893600000.0
8,CEG,MRT,2009-12-31,2009-12-31,2009-12-31,2019-05-23,0.0,23544400000.0,21003700000.0,7460700000.0,16083700000.0,0.743,43.638,-1529700000.0,3467000000.0,3467000000.0,13654000000.0,4503400000.0,1.846,1.677,4916900000.0,102900000.0,4814000000.0,4916900000.0,0.0,651400000.0,103300000.0,0.0,0.0,7867400000.0,8518800000.0,0.546,8518800000.0,7867400000.0,7430200000.0,22.29,22.19,22.29,8697100000.0,4851650000.0,8697100000.0,12782228205.0,2.0,1.5,2861100000.0,14.356,1.0,1944800000.0,0.125,25500000.0,437200000.0,20928100000.0,20338875000.0,408200000.0,6920200000.0,639100000.0,6281100000.0,14582000000.0,4040700000.0,10541300000.0,7065628205.0,3237800000.0,3286000000.0,33900000.0,-2660400000.0,-228000000.0,-1828600000.0,675600000.0,0.0,4390800000.0,0.0,4443400000.0,4443400000.0,4443400000.0,0.0,60000000.0,0.285,934500000.0,1010300000.0,1150500000.0,0.0,0.812,1.59,1.578,8453800000.0,0.0,35.17,0.453,0.449,2137600000.0,6461000000.0,15598800000.0,15598800000.0,0.0,0.212,0.916,0.387,0.504,0.0,0.0,1.0,200899295.0,199300000.0,200300000.0,78.268,23518900000.0,127900000.0,2986800000.0,4114800000.0,118.008,3420000000.0
9,CEG,MRT,2009-09-30,2009-09-30,2009-09-30,2019-05-23,-1269400000.0,19706000000.0,20688625000.0,4820100000.0,14885900000.0,0.824,20.205,-1816800000.0,791500000.0,791500000.0,15080400000.0,-1344700000.0,0.926,3.821,6508100000.0,1668500000.0,4839600000.0,6508100000.0,0.0,605500000.0,105400000.0,0.0,0.0,-903800000.0,-298300000.0,-0.018,-298300000.0,-903800000.0,-1374400000.0,-7.74,-7.74,-7.74,4033000000.0,3472725000.0,4033000000.0,12494305692.0,-14.0,-41.885,1911800000.0,9.578,1.0,1964800000.0,0.115,25400000.0,470600000.0,20192300000.0,20389975000.0,528200000.0,1850500000.0,582800000.0,1267700000.0,15410500000.0,5204900000.0,10205600000.0,6494405692.0,-691400000.0,-19600000.0,24400000.0,-1691600000.0,-265200000.0,-710200000.0,-3709800000.0,-26000000.0,3728600000.0,0.0,-1383700000.0,-1383700000.0,-1383700000.0,0.0,39000000.0,-0.081,2293700000.0,-328900000.0,1368900000.0,0.0,1.61,-4.694,-4.182,11453800000.0,0.0,32.37,0.381,0.379,2217100000.0,2089400000.0,17045200000.0,17045200000.0,0.0,-0.067,-0.398,-0.044,-0.053,0.0,0.0,1.0,200630389.0,199600000.0,200800000.0,85.397,19680600000.0,346000000.0,9300000.0,1262800000.0,98.6,-384800000.0
10,CEG,MRT,2009-06-30,2009-06-30,2009-06-30,2019-05-23,-1662300000.0,19998400000.0,21600550000.0,5654400000.0,14344000000.0,0.849,17.73,-1873700000.0,987600000.0,987600000.0,16649900000.0,-1734200000.0,0.897,4.595,6987500000.0,2170500000.0,4817000000.0,6987500000.0,0.0,590500000.0,114900000.0,0.0,0.0,-1679700000.0,-1089200000.0,-0.059,-1089200000.0,-1679700000.0,-2147700000.0,-9.7,-9.7,-9.7,3531900000.0,3679125000.0,3531900000.0,12484723838.0,-7.0,-11.462,-710400000.0,-3.566,1.0,1691200000.0,0.092,4600000.0,468000000.0,19689400000.0,21114400000.0,532500000.0,2117200000.0,1036400000.0,1080800000.0,16230600000.0,6304300000.0,9926300000.0,5294523838.0,-269100000.0,-2900000.0,6700000.0,874800000.0,-305000000.0,2040900000.0,-3473300000.0,0.0,1163300000.0,0.0,-1747000000.0,-1747000000.0,-1747000000.0,0.0,12800000.0,-0.095,2783100000.0,-1091900000.0,1582500000.0,0.0,1.499,-3.031,-2.74,11188200000.0,0.0,26.58,0.289,0.289,2429200000.0,2002700000.0,18341100000.0,18341100000.0,0.0,-0.081,-0.475,-0.08,-0.092,0.0,0.0,1.0,199192018.0,199200000.0,200000000.0,92.074,19993800000.0,290200000.0,-400700000.0,978200000.0,100.37,-649900000.0
11,CEG,MRT,2009-03-31,2009-03-31,2009-03-31,2019-05-23,-2075200000.0,20766000000.0,23813925000.0,6568900000.0,14197100000.0,0.808,15.842,-1937800000.0,598000000.0,598000000.0,17726700000.0,-1587500000.0,0.887,5.537,7788200000.0,2654000000.0,5134200000.0,7788200000.0,0.0,583500000.0,146600000.0,0.0,0.0,-1544600000.0,-961100000.0,-0.05,-961100000.0,-1544600000.0,-1980000000.0,-8.78,-8.79,-8.78,3144600000.0,4408925000.0,3144600000.0,11427175059.0,-7.0,-11.89,-2557500000.0,-12.884,1.0,1506400000.0,0.078,4600000.0,435400000.0,20545700000.0,22159000000.0,672300000.0,2437300000.0,1257300000.0,1180000000.0,17410700000.0,7405900000.0,10004800000.0,4113975059.0,-115900000.0,-158400000.0,3300000.0,2745300000.0,-342700000.0,2973900000.0,-2470100000.0,0.0,-619700000.0,0.0,-1583600000.0,-1583600000.0,-1583600000.0,0.0,-3900000.0,-0.082,2703300000.0,-1196900000.0,2024100000.0,0.0,1.308,-2.598,-2.353,10939100000.0,0.0,20.66,0.214,0.213,3163600000.0,2042700000.0,19233100000.0,19233100000.0,0.0,-0.066,-0.359,-0.07,-0.08,0.0,0.0,1.0,199127544.0,198500000.0,198500000.0,96.892,20761400000.0,280600000.0,-396400000.0,522700000.0,104.591,-837000000.0
12,CEG,MRT,2008-12-31,2008-12-31,2008-12-31,2019-05-23,0.0,22284100000.0,24418600000.0,8194800000.0,14089300000.0,0.808,17.763,-1934100000.0,1232700000.0,1232700000.0,18201900000.0,-1318400000.0,0.969,5.938,8545900000.0,3447200000.0,5098700000.0,8545900000.0,0.0,583200000.0,120300000.0,0.0,0.0,-993600000.0,-410400000.0,-0.021,-410400000.0,-993600000.0,-1392700000.0,-7.34,-7.34,-7.34,3181400000.0,5099275000.0,3181400000.0,11137952623.0,-11.0,-27.139,-3195200000.0,-17.84,1.0,1540000000.0,0.078,4600000.0,399100000.0,21132500000.0,22207350000.0,942400000.0,2737800000.0,1465000000.0,1272800000.0,18892600000.0,8460200000.0,10432400000.0,4476452623.0,-893700000.0,-315300000.0,1400000.0,3447700000.0,-336300000.0,3110300000.0,-2742900000.0,0.0,-1261100000.0,0.0,-1314400000.0,-1314400000.0,-1314400000.0,0.0,-4000000.0,-0.067,2620000000.0,-1080000000.0,2370100000.0,0.0,1.407,-3.406,-3.418,10716500000.0,0.0,25.09,0.227,0.228,3389900000.0,2228700000.0,19741900000.0,19741900000.0,0.0,-0.054,-0.258,-0.045,-0.05,0.0,0.0,1.0,178415808.0,179100000.0,179100000.0,110.228,22279500000.0,268000000.0,-78300000.0,772200000.0,124.397,-265400000.0
13,CEG,MRT,2008-09-30,2008-09-30,2008-09-30,2019-05-23,-1448300000.0,23353700000.0,24283150000.0,9015900000.0,14337800000.0,0.833,27.234,-1735900000.0,1434000000.0,1434000000.0,18368200000.0,372400000.0,1.303,3.807,8095500000.0,1893700000.0,6201800000.0,8095500000.0,0.0,568800000.0,127800000.0,0.0,0.0,923300000.0,1492100000.0,0.074,1492100000.0,923300000.0,590900000.0,1.94,1.91,1.94,4858600000.0,5638975000.0,4858600000.0,9127764563.0,10.0,6.117,-2425700000.0,-13.597,1.0,1865000000.0,0.092,7500000.0,332400000.0,23090000000.0,21860350000.0,1140800000.0,3086100000.0,1604700000.0,1481400000.0,18495100000.0,6917700000.0,11577400000.0,4333464563.0,-117700000.0,-319900000.0,-276300000.0,3051100000.0,-329900000.0,2456700000.0,-1884600000.0,-5900000.0,-689800000.0,0.0,349600000.0,349600000.0,349600000.0,0.0,22800000.0,0.017,1154500000.0,710500000.0,2650500000.0,0.0,0.892,12.395,12.526,10609800000.0,0.0,24.3,0.214,0.214,4041700000.0,3720200000.0,20233200000.0,20233200000.0,0.0,0.014,0.062,0.042,0.046,0.0,0.0,1.0,178331875.0,178400000.0,179500000.0,113.415,23346200000.0,0.0,241300000.0,1149400000.0,130.864,2098200000.0
14,CEG,MRT,2008-06-30,2008-06-30,2008-06-30,2019-05-23,-158200000.0,28851900000.0,23882800000.0,12236600000.0,16615300000.0,0.869,36.161,-1605800000.0,1230700000.0,1230700000.0,18763200000.0,845900000.0,1.286,3.472,6025000000.0,290100000.0,5734900000.0,6025000000.0,0.0,608500000.0,492100000.0,0.0,0.0,1656600000.0,2265100000.0,0.109,2265100000.0,1656600000.0,1343900000.0,4.6,4.56,4.6,6451100000.0,5740975000.0,6451100000.0,18901991266.0,11.0,8.345,-534900000.0,-2.998,1.0,2002800000.0,0.096,266400000.0,312700000.0,23867800000.0,20863750000.0,1144700000.0,7222400000.0,3714700000.0,3507700000.0,22400800000.0,9512000000.0,12888800000.0,14645091266.0,-737300000.0,-409300000.0,-260900000.0,978400000.0,-323400000.0,352300000.0,-2160500000.0,-19000000.0,1070900000.0,0.0,826700000.0,826700000.0,826700000.0,-700000.0,19200000.0,0.04,638800000.0,1364000000.0,3638400000.0,0.0,2.27,17.715,17.848,10437000000.0,0.0,82.1,0.705,0.705,5356100000.0,4038100000.0,20766000000.0,20766000000.0,0.0,0.035,0.144,0.079,0.08,0.0,0.0,1.0,178381136.0,178400000.0,180200000.0,116.401,28585500000.0,0.0,517200000.0,1943600000.0,160.233,2724600000.0
15,CEG,MRT,2008-03-31,2008-03-31,2008-03-31,2019-05-23,-596800000.0,23184700000.0,22099225000.0,8416400000.0,14768300000.0,0.945,33.143,-1411400000.0,662600000.0,662600000.0,18959600000.0,787200000.0,1.307,2.926,4919500000.0,232800000.0,4686700000.0,4919500000.0,0.0,579700000.0,202200000.0,0.0,0.0,1518200000.0,2097900000.0,0.1,2097900000.0,1518200000.0,1207900000.0,4.29,4.25,4.29,5906000000.0,5417950000.0,5906000000.0,19664534444.0,13.0,9.373,-471000000.0,-2.643,1.0,1926600000.0,0.092,261300000.0,310300000.0,20739100000.0,19611125000.0,818100000.0,3856500000.0,1843000000.0,2013500000.0,17278700000.0,6441200000.0,10837500000.0,15705334444.0,-1274000000.0,-292400000.0,-285000000.0,-80300000.0,-316800000.0,119500000.0,-2333900000.0,-19000000.0,940400000.0,0.0,771500000.0,771500000.0,771500000.0,-700000.0,15700000.0,0.037,663400000.0,1263200000.0,2931800000.0,0.0,2.659,20.357,20.576,10109200000.0,0.0,88.27,0.752,0.753,4560500000.0,3958300000.0,20886200000.0,20886200000.0,0.0,0.035,0.142,0.077,0.073,0.0,0.0,1.0,177923807.0,178200000.0,180200000.0,117.207,22923400000.0,0.0,436400000.0,1559800000.0,128.639,1975200000.0
16,CEG,MRT,2007-12-31,2007-12-31,2007-12-31,2019-05-23,0.0,21742300000.0,21572075000.0,7685600000.0,14056700000.0,0.982,29.635,-1295700000.0,1137800000.0,1137800000.0,19210200000.0,833500000.0,1.359,3.071,5055100000.0,394600000.0,4660500000.0,5055100000.0,0.0,557800000.0,146600000.0,0.0,0.0,1561600000.0,2119400000.0,0.1,2119400000.0,1561600000.0,1249800000.0,4.55,4.5,4.55,5340200000.0,5284775000.0,5340200000.0,21958706431.0,14.0,10.361,-354700000.0,-1.968,1.0,1974900000.0,0.093,261300000.0,311800000.0,19744500000.0,18935000000.0,798800000.0,2333000000.0,760600000.0,1572400000.0,16402100000.0,5653800000.0,10748300000.0,18522406431.0,-1193200000.0,-347500000.0,-344400000.0,-33100000.0,-306000000.0,152300000.0,-2286500000.0,-19000000.0,941000000.0,0.0,821500000.0,821500000.0,821500000.0,900000.0,12000000.0,0.039,648600000.0,1326300000.0,2630100000.0,0.0,3.468,22.547,22.534,9767100000.0,0.0,102.53,0.874,0.872,4289500000.0,3919500000.0,21185100000.0,21185100000.0,0.0,0.038,0.155,0.082,0.074,0.0,0.0,1.0,180653530.0,180200000.0,182500000.0,117.564,21481000000.0,300700000.0,428300000.0,1639000000.0,119.206,2031800000.0
17,CEG,MRT,2007-09-30,2007-09-30,2007-09-30,2019-05-23,-1246500000.0,21752300000.0,21586900000.0,7830400000.0,13921900000.0,0.95,29.178,415500000.0,1551700000.0,1551700000.0,18629400000.0,968300000.0,1.347,3.13,4988000000.0,295500000.0,4692500000.0,4988000000.0,0.0,517900000.0,402300000.0,0.0,0.0,1668600000.0,2186500000.0,0.107,2186500000.0,1668600000.0,1347000000.0,5.37,5.31,5.37,5266600000.0,5102050000.0,5266600000.0,18488747145.0,11.0,8.456,1394400000.0,7.725,1.0,1867900000.0,0.091,273800000.0,321600000.0,19103600000.0,18332200000.0,719800000.0,524200000.0,0.0,524200000.0,16485700000.0,5811200000.0,10674500000.0,15484547145.0,1231000000.0,-348200000.0,-38500000.0,128700000.0,-295100000.0,717500000.0,-465400000.0,-30600000.0,978900000.0,0.0,968300000.0,968300000.0,968300000.0,-137400000.0,0.0,0.047,565700000.0,1302200000.0,2301500000.0,0.0,2.94,15.991,15.976,9557500000.0,0.0,85.79,0.755,0.755,3642800000.0,3763400000.0,20497300000.0,20497300000.0,0.0,0.045,0.19,0.091,0.081,0.0,0.0,1.0,180493614.0,180500000.0,182800000.0,113.558,21478500000.0,220800000.0,378700000.0,1362800000.0,118.994,2019200000.0
18,CEG,MRT,2007-06-30,2007-06-30,2007-06-30,2019-05-23,-1157200000.0,21717600000.0,21198650000.0,7987900000.0,13729700000.0,0.945,28.613,522800000.0,1968000000.0,1968000000.0,18036400000.0,1041300000.0,1.4,3.21,4972200000.0,303400000.0,4668800000.0,4972200000.0,0.0,475900000.0,494700000.0,0.0,0.0,1731300000.0,2207200000.0,0.11,2207200000.0,1731300000.0,1406900000.0,5.79,5.72,5.79,5159000000.0,4867800000.0,5159000000.0,18774190511.0,11.0,8.506,1877500000.0,10.413,1.0,1997900000.0,0.1,157700000.0,324400000.0,18857300000.0,18057050000.0,657400000.0,389600000.0,0.0,389600000.0,16558600000.0,5706800000.0,10851800000.0,15717190511.0,1739900000.0,-262000000.0,-31600000.0,400000.0,-283900000.0,618400000.0,-233200000.0,-108500000.0,1354700000.0,0.0,1041300000.0,1041300000.0,1041300000.0,-154800000.0,0.0,0.052,589900000.0,1408000000.0,2278100000.0,0.0,3.047,15.094,15.055,9526600000.0,0.0,87.17,0.785,0.784,3411500000.0,3593200000.0,20034300000.0,20034300000.0,0.0,0.049,0.214,0.096,0.086,0.0,0.0,1.0,180305042.0,180300000.0,182700000.0,111.116,21559900000.0,261800000.0,365600000.0,1413600000.0,119.578,2281100000.0
19,CEG,MRT,2007-03-31,2007-03-31,2007-03-31,2019-05-23,-907700000.0,21076100000.0,20572775000.0,7812500000.0,13263600000.0,0.95,29.752,579500000.0,1936600000.0,1936600000.0,17541400000.0,1018100000.0,1.315,2.922,4993600000.0,878800000.0,4114800000.0,4993600000.0,0.0,505600000.0,365300000.0,0.0,0.0,1729800000.0,2235400000.0,0.114,2235400000.0,1729800000.0,1397200000.0,5.66,5.6,5.66,5373300000.0,4630175000.0,5373300000.0,18522090524.0,11.0,8.286,1943000000.0,10.759,1.0,1995400000.0,0.102,157600000.0,332600000.0,18034600000.0,17874550000.0,574100000.0,0.0,0.0,0.0,15702800000.0,5940900000.0,9761900000.0,15710090524.0,1511800000.0,-248800000.0,10100000.0,-281000000.0,-272700000.0,-204700000.0,353000000.0,-65400000.0,1363500000.0,0.0,1018100000.0,1018100000.0,1018100000.0,-173900000.0,0.0,0.052,563500000.0,1431900000.0,2089500000.0,0.0,2.924,15.431,15.362,9555100000.0,0.0,86.95,0.804,0.804,3187400000.0,3574000000.0,19536800000.0,19536800000.0,0.0,0.049,0.22,0.097,0.089,0.0,0.0,1.0,180679592.0,180600000.0,182800000.0,108.177,20918500000.0,172000000.0,379100000.0,1432900000.0,115.828,1871600000.0
20,CEG,MRT,2006-12-31,2006-12-31,2006-12-31,2019-05-23,0.0,21801600000.0,20236150000.0,9100100000.0,12701500000.0,0.953,25.693,667800000.0,2289100000.0,2289100000.0,17387200000.0,936400000.0,1.278,3.73,5101100000.0,878800000.0,4222300000.0,5101100000.0,0.0,523900000.0,347200000.0,0.0,0.0,1616600000.0,2140500000.0,0.111,2140500000.0,1616600000.0,1287400000.0,5.22,5.16,5.22,4609300000.0,4367850000.0,4609300000.0,16963424583.0,10.0,7.925,1193100000.0,6.651,1.0,1897700000.0,0.098,157600000.0,329200000.0,17333300000.0,18108525000.0,799700000.0,2814200000.0,1556500000.0,1257700000.0,17192300000.0,7122700000.0,10069600000.0,12397124583.0,1476100000.0,-137600000.0,84400000.0,242200000.0,-264000000.0,390700000.0,560100000.0,-65400000.0,525300000.0,0.0,936400000.0,936400000.0,936400000.0,-187800000.0,0.0,0.049,564200000.0,1333500000.0,2137200000.0,0.0,2.69,13.239,13.193,9222100000.0,0.0,68.87,0.643,0.641,3248300000.0,3474300000.0,19284900000.0,19284900000.0,0.0,0.046,0.214,0.089,0.084,0.0,0.0,1.0,180007617.0,179400000.0,181400000.0,107.497,21644000000.0,674300000.0,351000000.0,1493000000.0,120.647,1977400000.0
21,CEG,MRT,2006-09-30,2006-09-30,2006-09-30,2019-05-23,-1506600000.0,20199300000.0,20154225000.0,6254800000.0,13944500000.0,0.974,24.093,-661700000.0,320700000.0,320700000.0,17882500000.0,726600000.0,0.947,3.665,4887000000.0,1371100000.0,3515900000.0,4887000000.0,0.0,531100000.0,419800000.0,0.0,0.0,1298500000.0,1829600000.0,0.093,1829600000.0,1298500000.0,982400000.0,4.07,4.03,4.07,4329600000.0,4444400000.0,4329600000.0,15405351458.0,12.0,8.42,-970700000.0,-5.402,1.0,1744300000.0,0.089,157100000.0,316100000.0,18003000000.0,18650900000.0,809900000.0,0.0,0.0,0.0,15869700000.0,6605500000.0,9264200000.0,10635851458.0,-819100000.0,-350200000.0,86600000.0,9300000.0,-255400000.0,820900000.0,-1331000000.0,-20900000.0,-309000000.0,0.0,726600000.0,726600000.0,726600000.0,-136500000.0,0.0,0.037,635300000.0,1109000000.0,1719900000.0,0.0,2.457,14.638,14.545,10385500000.0,0.0,59.2,0.542,0.542,2959500000.0,3137400000.0,19626800000.0,19626800000.0,0.0,0.036,0.163,0.07,0.066,0.0,0.0,1.0,179659653.0,179700000.0,181600000.0,109.22,20042200000.0,472000000.0,255800000.0,1327600000.0,111.531,-350700000.0
22,CEG,MRT,2006-06-30,2006-06-30,2006-06-30,2019-05-23,-1346300000.0,19214100000.0,20836450000.0,5563600000.0,13650500000.0,0.919,23.498,-581300000.0,228100000.0,228100000.0,17640900000.0,587700000.0,0.975,3.566,4997600000.0,1499000000.0,3498600000.0,4997600000.0,0.0,572400000.0,245400000.0,0.0,0.0,1073100000.0,1645500000.0,0.086,1645500000.0,1073100000.0,764400000.0,3.3,3.27,3.3,4208500000.0,4756575000.0,4208500000.0,14596091684.0,14.0,8.87,-852200000.0,-4.758,1.0,1514900000.0,0.079,151800000.0,308700000.0,18127300000.0,19033800000.0,731600000.0,0.0,0.0,0.0,15005600000.0,5704500000.0,9301100000.0,9756291684.0,-496500000.0,-343100000.0,92500000.0,140000000.0,-246900000.0,1008200000.0,-1233800000.0,42400000.0,-270900000.0,0.0,587700000.0,587700000.0,587700000.0,-119800000.0,0.0,0.031,619800000.0,895100000.0,1380900000.0,0.0,2.318,16.601,16.521,10284500000.0,0.0,54.52,0.509,0.51,2527000000.0,2881900000.0,19155800000.0,19155800000.0,0.0,0.028,0.124,0.056,0.056,0.0,0.0,1.0,178948857.0,179100000.0,180700000.0,106.956,19062300000.0,337100000.0,176700000.0,1189800000.0,106.434,-140900000.0
23,CEG,MRT,2006-03-31,2006-03-31,2006-03-31,2019-05-23,-1178000000.0,19729600000.0,20628875000.0,5967200000.0,13762400000.0,0.885,24.211,-511200000.0,424800000.0,424800000.0,16717400000.0,616300000.0,1.094,3.563,5264600000.0,1037800000.0,4226800000.0,5264600000.0,0.0,589400000.0,304700000.0,0.0,0.0,1087900000.0,1677300000.0,0.092,1677300000.0,1087900000.0,783700000.0,3.47,3.43,3.47,4324000000.0,4932550000.0,4324000000.0,13811569166.0,13.0,8.234,-722800000.0,-4.047,1.0,1538100000.0,0.084,146500000.0,304200000.0,18970500000.0,19230050000.0,623100000.0,0.0,0.0,0.0,15405600000.0,5452400000.0,9953200000.0,9763269166.0,-578100000.0,-334500000.0,89400000.0,86800000.0,-238400000.0,800600000.0,-1167100000.0,32400000.0,-211600000.0,0.0,616300000.0,616300000.0,616300000.0,-104600000.0,0.0,0.034,611500000.0,926600000.0,1657600000.0,0.0,2.258,15.842,15.767,10215400000.0,0.0,54.71,0.535,0.535,2657500000.0,2856500000.0,18255500000.0,18255500000.0,0.0,0.03,0.125,0.057,0.06,0.0,0.0,1.0,178454929.0,178600000.0,180400000.0,102.214,19583100000.0,193600000.0,167400000.0,1126500000.0,109.648,514800000.0
24,CEG,MRT,2005-12-31,2005-12-31,2005-12-31,2019-05-23,0.0,21473900000.0,20355975000.0,7421800000.0,14052100000.0,0.834,27.693,-470600000.0,813000000.0,813000000.0,15417400000.0,623100000.0,1.264,3.369,4861300000.0,492000000.0,4369300000.0,4861300000.0,0.0,606500000.0,458900000.0,0.0,0.0,1093900000.0,1700400000.0,0.1,1700400000.0,1093900000.0,787000000.0,3.51,3.47,3.51,4915500000.0,5108600000.0,4915500000.0,14023210323.0,13.0,8.247,156600000.0,0.882,1.0,1550900000.0,0.091,147100000.0,306900000.0,19502800000.0,19189125000.0,686500000.0,0.0,0.0,0.0,16558400000.0,5872300000.0,10686100000.0,10280510323.0,106700000.0,-237200000.0,96900000.0,-339600000.0,-228800000.0,653500000.0,-1174000000.0,-108400000.0,627200000.0,0.0,623100000.0,623100000.0,623100000.0,-94400000.0,0.0,0.037,606400000.0,944500000.0,1667900000.0,0.0,2.091,16.499,16.41,10066700000.0,0.0,57.6,0.606,0.603,2727900000.0,2810200000.0,16968300000.0,16968300000.0,0.0,0.031,0.122,0.057,0.064,0.0,0.0,1.0,178481082.0,177500000.0,179700000.0,95.596,21326800000.0,0.0,163900000.0,1396300000.0,120.151,1549500000.0
25,CEG,MRT,2005-09-30,2005-09-30,2005-09-30,2019-05-23,306400000.0,22928200000.0,19324275000.0,9139500000.0,13788700000.0,0.778,31.321,-611400000.0,1135000000.0,1135000000.0,13562800000.0,562800000.0,1.308,3.11,4877700000.0,200800000.0,4676900000.0,4877700000.0,0.0,670800000.0,791000000.0,0.0,0.0,1012300000.0,1683100000.0,0.112,1683100000.0,1012300000.0,704100000.0,3.18,3.15,3.18,5578300000.0,5061450000.0,5578300000.0,15229665806.0,15.0,9.049,825600000.0,4.636,1.0,1471700000.0,0.098,147100000.0,308200000.0,19534600000.0,18845225000.0,562100000.0,0.0,0.0,0.0,17349900000.0,6989200000.0,10360700000.0,10963465806.0,610900000.0,-93500000.0,88700000.0,-292700000.0,-219100000.0,85200000.0,-911300000.0,-165200000.0,1437000000.0,0.0,562800000.0,562800000.0,562800000.0,-84500000.0,0.0,0.037,594500000.0,877200000.0,2033000000.0,0.0,1.965,19.48,19.371,9917700000.0,0.0,61.6,0.729,0.73,2819100000.0,2674900000.0,15034500000.0,15034500000.0,0.0,0.029,0.111,0.054,0.067,0.0,0.0,1.0,177978341.0,178100000.0,180500000.0,84.416,22781100000.0,0.0,141300000.0,1761500000.0,127.912,2150300000.0
26,CEG,MRT,2005-06-30,2005-06-30,2005-06-30,2019-05-23,-204700000.0,18383800000.0,17776325000.0,4949600000.0,13434200000.0,0.758,27.66,-612600000.0,724600000.0,724600000.0,11950000000.0,587700000.0,1.378,2.742,4990800000.0,195300000.0,4795500000.0,4990800000.0,0.0,656700000.0,325700000.0,0.0,0.0,1065100000.0,1721800000.0,0.128,1721800000.0,1065100000.0,752700000.0,3.34,3.31,3.34,4912400000.0,4871950000.0,4912400000.0,14508067855.0,14.0,8.426,291700000.0,1.642,1.0,1520900000.0,0.113,147100000.0,312400000.0,18912300000.0,18570200000.0,529500000.0,0.0,0.0,0.0,13471400000.0,3590600000.0,9880800000.0,10241667855.0,267600000.0,-120300000.0,308600000.0,-301600000.0,-207900000.0,268000000.0,-904700000.0,-154200000.0,904300000.0,0.0,587700000.0,587700000.0,587700000.0,-88700000.0,0.0,0.044,578500000.0,942400000.0,1583200000.0,0.0,2.085,17.427,17.272,10136700000.0,0.0,57.69,0.76,0.761,2191700000.0,2549200000.0,13470900000.0,13470900000.0,0.0,0.033,0.121,0.057,0.079,0.0,0.0,1.0,177529344.0,177600000.0,179700000.0,75.85,18236700000.0,0.0,165000000.0,1319300000.0,102.684,1359000000.0
27,CEG,MRT,2005-03-31,2005-03-31,2005-03-31,2019-05-23,-9900000.0,18638000000.0,17195150000.0,5535300000.0,13102700000.0,0.743,28.44,-603400000.0,1002900000.0,1002900000.0,11285800000.0,594200000.0,1.401,2.707,5269300000.0,465400000.0,4803900000.0,5269300000.0,0.0,656900000.0,319900000.0,0.0,0.0,1034900000.0,1691800000.0,0.132,1691800000.0,1034900000.0,713800000.0,3.41,3.39,3.41,5028200000.0,4754025000.0,5028200000.0,13730301636.0,13.0,8.116,501400000.0,2.836,1.0,1493900000.0,0.117,146200000.0,321100000.0,18806800000.0,18338025000.0,436700000.0,0.0,0.0,0.0,13609800000.0,3951400000.0,9658400000.0,9143001636.0,162100000.0,-460800000.0,305000000.0,-168000000.0,-196400000.0,321700000.0,-1264400000.0,-182600000.0,1104800000.0,0.0,594200000.0,594200000.0,594200000.0,-84800000.0,0.0,0.046,569400000.0,924500000.0,1447100000.0,0.0,1.818,15.387,15.161,9887800000.0,0.0,51.7,0.715,0.715,2078500000.0,2487600000.0,12779700000.0,12779700000.0,0.0,0.035,0.125,0.056,0.081,0.0,0.0,1.0,176847227.0,176800000.0,178600000.0,72.283,18491800000.0,0.0,119600000.0,1606900000.0,104.592,1583900000.0
28,CEG,MRT,2004-12-31,2004-12-31,2004-12-31,2019-05-23,0.0,17347100000.0,16569725000.0,4489400000.0,12857700000.0,0.732,27.466,-630900000.0,706300000.0,706300000.0,10657900000.0,539700000.0,1.226,2.67,5293600000.0,480400000.0,4813200000.0,5293600000.0,0.0,650300000.0,223800000.0,0.0,0.0,982500000.0,1632800000.0,0.135,1632800000.0,982500000.0,658100000.0,3.14,3.12,3.14,4726900000.0,4566400000.0,4726900000.0,12418613868.0,13.0,7.606,455900000.0,2.649,1.0,1469300000.0,0.121,144800000.0,324400000.0,18127200000.0,18011050000.0,502100000.0,0.0,0.0,0.0,12620200000.0,3662400000.0,8957800000.0,7686513868.0,-15000000.0,-457300000.0,293900000.0,-152800000.0,-189700000.0,50900000.0,-1152700000.0,-42500000.0,1086800000.0,0.0,539700000.0,539700000.0,539700000.0,-41300000.0,0.0,0.045,551200000.0,918100000.0,1424900000.0,0.0,1.626,14.242,13.92,10086600000.0,0.0,43.71,0.634,0.62,1979300000.0,2425900000.0,12127200000.0,12127200000.0,0.0,0.033,0.118,0.055,0.081,0.0,0.0,1.0,175852525.0,172100000.0,173100000.0,70.466,17202300000.0,0.0,118400000.0,1469500000.0,99.955,827000000.0
29,CEG,MRT,2004-09-30,2004-09-30,2004-09-30,2019-05-23,500000.0,16736400000.0,16131200000.0,3851000000.0,12885400000.0,0.709,27.466,-665900000.0,528900000.0,528900000.0,9856300000.0,523800000.0,1.332,2.472,5261000000.0,530200000.0,4730800000.0,5261000000.0,0.0,624200000.0,187400000.0,0.0,0.0,1024900000.0,1649100000.0,0.144,1649100000.0,1024900000.0,691300000.0,3.07,3.05,3.07,4820300000.0,4419800000.0,4820300000.0,11787576995.0,12.0,7.148,578700000.0,3.297,1.0,1580200000.0,0.138,142500000.0,333600000.0,18434500000.0,17776750000.0,528900000.0,0.0,0.0,0.0,11916100000.0,2891500000.0,9024600000.0,6990476995.0,105800000.0,-413600000.0,305100000.0,-198000000.0,-183200000.0,-57200000.0,-1081600000.0,15600000.0,1244600000.0,0.0,523800000.0,523800000.0,523800000.0,19500000.0,0.0,0.046,528500000.0,1051700000.0,849000000.0,0.0,1.45,13.346,12.977,10022800000.0,0.0,39.84,0.611,0.611,1392800000.0,2341200000.0,11436500000.0,11436500000.0,0.0,0.032,0.119,0.058,0.09,0.0,0.0,1.0,175463780.0,175500000.0,176400000.0,65.165,16593900000.0,0.0,167500000.0,1563300000.0,94.552,959500000.0
30,CEG,MRT,2004-06-30,2004-06-30,2004-06-30,2019-05-23,22100000.0,16059100000.0,15773550000.0,3308500000.0,12750600000.0,0.677,26.323,-636600000.0,457000000.0,457000000.0,9101100000.0,506300000.0,1.212,2.616,5254100000.0,539000000.0,4715100000.0,5254100000.0,0.0,618200000.0,318500000.0,0.0,0.0,1031500000.0,1649700000.0,0.154,1649700000.0,1031500000.0,692500000.0,3.03,3.01,3.03,4440700000.0,4195150000.0,4440700000.0,10927988207.0,11.0,6.624,698200000.0,4.139,1.0,1577200000.0,0.148,142500000.0,339000000.0,17983600000.0,17429625000.0,395000000.0,0.0,0.0,0.0,11618400000.0,2730100000.0,8888300000.0,6385788207.0,-294000000.0,-386600000.0,76300000.0,-493600000.0,-178200000.0,-584600000.0,-1044200000.0,-3400000.0,1334800000.0,0.0,506300000.0,506300000.0,506300000.0,25100000.0,0.0,0.047,520600000.0,1056600000.0,705500000.0,0.0,1.438,12.613,12.508,9987300000.0,0.0,37.9,0.598,0.599,1206800000.0,2180700000.0,10678300000.0,10678300000.0,0.0,0.032,0.121,0.059,0.097,0.0,0.0,1.0,168490454.0,168700000.0,169600000.0,63.298,15916600000.0,0.0,186200000.0,1548800000.0,94.349,578400000.0
31,CEG,MRT,2004-03-31,2004-03-31,2004-03-31,2019-05-23,-23100000.0,16136300000.0,15713600000.0,4057200000.0,12079100000.0,0.646,25.447,-661800000.0,840800000.0,840800000.0,8555100000.0,474900000.0,1.406,2.772,5383000000.0,370400000.0,5012600000.0,5383000000.0,0.0,612200000.0,235900000.0,0.0,0.0,1069300000.0,1681500000.0,0.166,1681500000.0,1069300000.0,730300000.0,2.85,2.83,2.85,4277700000.0,4038425000.0,4277700000.0,11386444093.0,11.0,6.772,484800000.0,2.884,1.0,1602500000.0,0.158,293800000.0,339000000.0,17498900000.0,17188100000.0,311800000.0,0.0,0.0,0.0,11858600000.0,2885800000.0,8972800000.0,6715744093.0,228600000.0,-546600000.0,100500000.0,403400000.0,-173100000.0,341400000.0,-1259400000.0,-33400000.0,1146600000.0,0.0,474900000.0,474900000.0,474900000.0,25100000.0,0.0,0.047,509200000.0,1093300000.0,1051100000.0,0.0,1.57,14.141,14.018,9533100000.0,0.0,39.95,0.661,0.661,1441100000.0,2100200000.0,10157600000.0,10157600000.0,0.0,0.03,0.118,0.062,0.105,0.0,0.0,1.0,168103732.0,168100000.0,169200000.0,60.426,15842500000.0,0.0,255400000.0,1543000000.0,94.244,1171400000.0
32,CEG,MRT,2003-12-31,2003-12-31,2003-12-31,2019-05-23,0.0,15593000000.0,15445350000.0,3642400000.0,11950600000.0,0.612,24.898,-635700000.0,721300000.0,721300000.0,7932300000.0,277300000.0,1.244,2.766,5392000000.0,352800000.0,5039200000.0,5392000000.0,0.0,596400000.0,194500000.0,0.0,0.0,864500000.0,1460900000.0,0.155,1460900000.0,864500000.0,527900000.0,1.67,1.66,1.67,4140500000.0,3886000000.0,4140500000.0,11467967056.0,13.0,7.85,422100000.0,2.538,1.0,1521800000.0,0.161,146300000.0,336600000.0,17190000000.0,16931825000.0,400000000.0,0.0,0.0,0.0,11452500000.0,2927400000.0,8525100000.0,6550367056.0,106300000.0,-546600000.0,95400000.0,274900000.0,-169200000.0,208800000.0,-1160300000.0,35200000.0,1057800000.0,0.0,277300000.0,277300000.0,277300000.0,-19000000.0,0.0,0.029,498700000.0,1023100000.0,1142000000.0,0.0,1.582,23.622,23.449,9601500000.0,0.0,39.16,0.693,0.689,1563000000.0,2081900000.0,9454100000.0,9454100000.0,0.0,0.018,0.071,0.051,0.091,0.0,0.0,1.0,167271886.0,166300000.0,166700000.0,56.85,15446700000.0,0.0,250600000.0,1390200000.0,92.885,715000000.0
33,CEG,MRT,2003-09-30,2003-09-30,2003-09-30,2019-05-23,-237700000.0,15305800000.0,15282925000.0,3537800000.0,11768000000.0,0.56,23.483,-662300000.0,423100000.0,423100000.0,7095600000.0,223300000.0,1.157,2.903,5340700000.0,324400000.0,5016300000.0,5340700000.0,0.0,601000000.0,160900000.0,0.0,0.0,798900000.0,1399900000.0,0.163,1399900000.0,798900000.0,464400000.0,1.33,1.32,1.33,3921700000.0,3816450000.0,3921700000.0,10865827354.0,14.0,7.762,250100000.0,1.498,1.0,1467100000.0,0.171,120600000.0,334500000.0,17046000000.0,16750250000.0,370300000.0,0.0,0.0,0.0,11384100000.0,3056800000.0,8327300000.0,5971427354.0,-35200000.0,-530900000.0,70900000.0,306500000.0,-165100000.0,205600000.0,-1153200000.0,57600000.0,912400000.0,0.0,223300000.0,223300000.0,223300000.0,0.0,0.0,0.026,521800000.0,945300000.0,1201100000.0,0.0,1.523,26.742,26.902,9420200000.0,0.0,35.78,0.697,0.698,1796500000.0,2006400000.0,8562700000.0,8562700000.0,0.0,0.015,0.059,0.048,0.093,0.0,0.0,1.0,166892883.0,167000000.0,167700000.0,51.274,15185200000.0,102500000.0,241100000.0,1451100000.0,90.929,481000000.0
34,CEG,MRT,2003-06-30,2003-06-30,2003-06-30,2019-05-23,-181900000.0,15819300000.0,14851475000.0,3970100000.0,11849200000.0,0.487,23.002,-712500000.0,751000000.0,751000000.0,5819900000.0,181100000.0,1.11,3.148,5645400000.0,581600000.0,5063800000.0,5645400000.0,0.0,600000000.0,272400000.0,0.0,0.0,727700000.0,1327700000.0,0.184,1327700000.0,727700000.0,400100000.0,1.09,1.09,1.09,3813800000.0,3828150000.0,3813800000.0,9975502917.0,14.0,7.513,344100000.0,2.075,1.0,1411800000.0,0.195,120100000.0,327600000.0,17017500000.0,16511500000.0,337500000.0,3400000.0,3400000.0,0.0,12005500000.0,3576100000.0,8429400000.0,5671002917.0,500000000.0,-738700000.0,67400000.0,920200000.0,-161200000.0,849100000.0,-1405700000.0,63100000.0,1056600000.0,0.0,181100000.0,181100000.0,181100000.0,0.0,0.0,0.025,545600000.0,866200000.0,1152800000.0,0.0,1.487,31.314,31.468,9392900000.0,0.0,34.3,0.784,0.786,1578800000.0,1856800000.0,7231700000.0,7231700000.0,0.0,0.012,0.047,0.044,0.101,0.0,0.0,1.0,165335362.0,165800000.0,166200000.0,43.617,15699200000.0,7400000.0,219000000.0,1326500000.0,94.688,394000000.0
35,CEG,MRT,2003-03-31,2003-03-31,2003-03-31,2019-05-23,-220500000.0,15063300000.0,14149900000.0,3276300000.0,11787000000.0,0.424,22.244,-736400000.0,612200000.0,612200000.0,4623400000.0,165600000.0,1.182,3.107,4916700000.0,304000000.0,4612700000.0,4916700000.0,0.0,572900000.0,356400000.0,0.0,0.0,703100000.0,1276000000.0,0.213,1276000000.0,703100000.0,376300000.0,1.01,1.01,1.01,3668000000.0,3854500000.0,3668000000.0,9004526573.0,13.0,7.057,77300000.0,0.469,1.0,1373100000.0,0.229,121100000.0,326800000.0,16473800000.0,16153400000.0,283200000.0,37700000.0,9300000.0,28400000.0,11395300000.0,2772900000.0,8622400000.0,4568926573.0,-429900000.0,-221400000.0,38600000.0,-392600000.0,-157700000.0,-494100000.0,-749500000.0,230100000.0,813700000.0,0.0,165600000.0,165600000.0,165600000.0,0.0,0.0,0.028,547800000.0,825300000.0,1373700000.0,0.0,1.246,27.59,27.455,8782600000.0,0.0,27.73,0.762,0.763,1799400000.0,1802100000.0,5996500000.0,5996500000.0,0.0,0.012,0.043,0.044,0.117,0.0,0.0,1.0,164764752.0,164900000.0,164900000.0,36.364,14942200000.0,41800000.0,210700000.0,1301700000.0,90.614,503400000.0
36,CEG,MRT,2002-12-31,2002-12-31,2002-12-31,2019-05-23,0.0,14943300000.0,13847400000.0,3317200000.0,11626100000.0,0.341,23.522,-817700000.0,615000000.0,615000000.0,3324700000.0,525600000.0,1.245,2.869,5050600000.0,436700000.0,4613900000.0,5050600000.0,0.0,558000000.0,102800000.0,0.0,0.0,1147500000.0,1705500000.0,0.361,1705500000.0,1147500000.0,835200000.0,3.2,3.2,3.2,3862300000.0,3895425000.0,3862300000.0,9165091297.0,8.0,5.374,188100000.0,1.146,1.0,1393900000.0,0.295,250700000.0,312300000.0,16463700000.0,15888425000.0,335100000.0,0.0,0.0,0.0,11081000000.0,2664500000.0,8416500000.0,4582991297.0,542600000.0,-221400000.0,28500000.0,-62900000.0,-137800000.0,-157600000.0,-305600000.0,751100000.0,1005800000.0,0.0,525600000.0,525600000.0,525600000.0,0.0,0.0,0.111,569000000.0,824900000.0,943400000.0,0.0,1.187,8.72,8.694,8659600000.0,0.0,27.82,0.971,0.968,1244100000.0,1977600000.0,4718600000.0,4718600000.0,0.0,0.038,0.135,0.072,0.243,0.0,0.0,1.0,164737286.0,164200000.0,164200000.0,28.737,14692600000.0,57100000.0,309600000.0,1431400000.0,89.48,652700000.0
37,CEG,MRT,2002-09-30,2002-09-30,2002-09-30,2019-05-23,-52500000.0,13580000000.0,13638925000.0,2262800000.0,11317200000.0,0.31,24.139,-969700000.0,458300000.0,458300000.0,2876100000.0,200500000.0,1.151,2.422,5040400000.0,648700000.0,4391700000.0,5040400000.0,0.0,529400000.0,0.0,0.0,0.0,601600000.0,1131000000.0,0.267,1131000000.0,601600000.0,306200000.0,1.19,1.19,1.19,3968500000.0,3890750000.0,3968500000.0,8538146053.0,14.0,7.549,-384000000.0,-2.336,1.0,1356000000.0,0.32,106000000.0,295400000.0,16091000000.0,15662525000.0,347900000.0,113500000.0,76000000.0,37500000.0,9611500000.0,1965100000.0,7646400000.0,4074546053.0,394300000.0,-616700000.0,19600000.0,577200000.0,-118100000.0,489300000.0,-680700000.0,911500000.0,585700000.0,0.0,200500000.0,200500000.0,200500000.0,0.0,0.0,0.047,1036300000.0,319700000.0,541300000.0,0.0,1.027,20.322,20.832,7872800000.0,0.0,24.79,0.963,0.963,830800000.0,1952400000.0,4232100000.0,4232100000.0,0.0,0.015,0.052,0.038,0.142,0.0,0.0,1.0,164362487.0,164400000.0,164400000.0,25.743,13474000000.0,93300000.0,105700000.0,1386600000.0,81.959,297700000.0
38,CEG,MRT,2002-06-30,2002-06-30,2002-06-30,2019-05-23,17900000.0,13013000000.0,13510475000.0,1877400000.0,11135600000.0,0.297,23.898,-1108700000.0,251000000.0,251000000.0,2701100000.0,213400000.0,0.993,2.32,4714600000.0,653000000.0,4061600000.0,4714600000.0,0.0,492700000.0,0.0,0.0,0.0,608500000.0,1101200000.0,0.275,1101200000.0,608500000.0,325300000.0,1.27,1.27,1.27,3919200000.0,3919325000.0,3919200000.0,9074184093.0,15.0,8.24,-462900000.0,-2.823,1.0,1304800000.0,0.326,0.0,283200000.0,15585100000.0,14776050000.0,331600000.0,126500000.0,88200000.0,38300000.0,9093800000.0,1891500000.0,7202300000.0,4812684093.0,139200000.0,-408900000.0,10700000.0,199700000.0,-98300000.0,102100000.0,-608700000.0,926500000.0,645800000.0,0.0,213400000.0,213400000.0,213400000.0,0.0,0.0,0.053,976300000.0,328500000.0,616400000.0,0.0,1.228,22.552,23.102,7850100000.0,0.0,29.34,1.201,1.201,757900000.0,1841200000.0,4005900000.0,4005900000.0,0.0,0.016,0.054,0.041,0.152,0.0,0.0,1.0,164031496.0,164000000.0,164000000.0,24.426,13013000000.0,9100000.0,111900000.0,1424800000.0,79.348,-14100000.0
39,CEG,MRT,2002-03-31,2002-03-31,2002-03-31,2019-05-23,-12700000.0,13853300000.0,13691375000.0,3083200000.0,10770100000.0,0.278,23.407,-1224600000.0,1042100000.0,1042100000.0,2558100000.0,207700000.0,1.142,2.615,5303600000.0,905800000.0,4397800000.0,5303600000.0,0.0,477600000.0,0.0,0.0,0.0,589200000.0,1066800000.0,0.281,1066800000.0,589200000.0,316200000.0,1.23,1.23,1.23,3831700000.0,3930775000.0,3831700000.0,10072680526.0,17.0,9.442,-411100000.0,-2.511,1.0,1242500000.0,0.327,0.0,273000000.0,15413900000.0,14111450000.0,277900000.0,211400000.0,168700000.0,42700000.0,10021600000.0,2700900000.0,7320700000.0,5050880526.0,523500000.0,-382700000.0,0.0,629900000.0,-77200000.0,541600000.0,-831600000.0,789100000.0,813500000.0,0.0,207700000.0,207700000.0,207700000.0,0.0,0.0,0.055,947800000.0,294700000.0,747900000.0,0.0,1.318,24.318,25.081,7811400000.0,0.0,30.85,1.329,1.329,882100000.0,1800700000.0,3800600000.0,3800600000.0,0.0,0.015,0.053,0.042,0.155,0.0,0.0,1.0,163723842.0,163700000.0,163700000.0,23.217,13853300000.0,46800000.0,108500000.0,1530000000.0,84.626,382300000.0
40,CEG,MRT,2001-12-31,2001-12-31,2001-12-31,2019-05-23,0.0,14109400000.0,13562500000.0,1896200000.0,12213200000.0,0.286,23.918,-1302500000.0,72400000.0,72400000.0,2618800000.0,90900000.0,0.531,2.671,5094200000.0,2381700000.0,2712500000.0,5094200000.0,0.0,468900000.0,0.0,0.0,0.0,412000000.0,880900000.0,0.227,880900000.0,412000000.0,128800000.0,0.57,0.57,0.57,3843600000.0,3902000000.0,3843600000.0,8327246073.0,20.0,9.453,-729200000.0,-4.538,1.0,1260000000.0,0.325,0.0,283200000.0,15560100000.0,13422625000.0,320400000.0,681400000.0,178200000.0,503200000.0,10265800000.0,3571100000.0,6694700000.0,4346446073.0,-110300000.0,-382700000.0,504400000.0,396400000.0,-120700000.0,789100000.0,-1472700000.0,234500000.0,573300000.0,0.0,90900000.0,90900000.0,90900000.0,0.0,0.0,0.023,908400000.0,351600000.0,523300000.0,0.0,1.131,47.816,46.579,7693300000.0,0.0,26.55,1.121,1.1,738900000.0,1611500000.0,3878800000.0,3878800000.0,0.0,0.007,0.023,0.031,0.106,0.0,0.0,1.0,163707950.0,160700000.0,160700000.0,24.137,14109400000.0,64700000.0,37900000.0,1524400000.0,87.8,-1674900000.0
41,CEG,MRT,2001-09-30,2001-09-30,2001-09-30,2019-05-23,147500000.0,13066200000.0,13269975000.0,3445100000.0,9621100000.0,0.297,24.941,-1384500000.0,64000000.0,64000000.0,2706700000.0,437100000.0,0.765,2.2,4044800000.0,1794500000.0,2250300000.0,4044800000.0,0.0,456800000.0,0.0,0.0,0.0,1005400000.0,1462200000.0,0.371,1462200000.0,1005400000.0,698300000.0,2.77,2.77,2.77,4082800000.0,3734600000.0,4082800000.0,7964932390.0,8.0,5.447,-479100000.0,-2.927,1.0,1238500000.0,0.314,0.0,307100000.0,12545100000.0,13155200000.0,263700000.0,719700000.0,196600000.0,523100000.0,8983400000.0,4501900000.0,4481500000.0,3961732390.0,13600000.0,26200000.0,504400000.0,38600000.0,-163200000.0,394500000.0,-1286300000.0,101100000.0,905400000.0,0.0,437100000.0,437100000.0,437100000.0,0.0,0.0,0.111,416000000.0,822500000.0,708800000.0,0.0,0.97,9.064,8.736,7317600000.0,0.0,24.2,1.004,1.004,748100000.0,1891000000.0,3945200000.0,3945200000.0,0.0,0.033,0.117,0.076,0.255,0.0,0.0,1.0,163707950.0,163700000.0,163700000.0,24.1,13066200000.0,76500000.0,261200000.0,1535500000.0,79.818,-1056800000.0
42,CEG,MRT,2001-06-30,2001-06-30,2001-06-30,2019-05-23,165800000.0,13736600000.0,12917425000.0,4307000000.0,9429600000.0,0.3,24.221,-1326400000.0,111800000.0,111800000.0,2630600000.0,421000000.0,0.895,2.464,4115000000.0,1526000000.0,2589000000.0,4115000000.0,0.0,464200000.0,0.0,0.0,0.0,986800000.0,1451000000.0,0.375,1451000000.0,986800000.0,679300000.0,2.75,2.75,2.75,3965000000.0,3501900000.0,3965000000.0,10730066650.0,11.0,7.395,-556800000.0,-3.401,1.0,1239800000.0,0.32,0.0,307500000.0,12926700000.0,13049625000.0,251200000.0,707000000.0,201900000.0,505100000.0,9771600000.0,4813100000.0,4958500000.0,6975566650.0,-34600000.0,26200000.0,534300000.0,58000000.0,-206500000.0,412700000.0,-1216900000.0,100900000.0,769600000.0,0.0,421000000.0,421000000.0,421000000.0,0.0,0.0,0.109,420700000.0,819100000.0,640000000.0,0.0,1.759,16.569,15.491,7074400000.0,0.0,42.6,1.802,1.802,683800000.0,1749700000.0,3870400000.0,3870400000.0,0.0,0.033,0.12,0.076,0.255,0.0,0.0,1.0,163745696.0,163700000.0,163700000.0,23.643,13736600000.0,4100000.0,258300000.0,1553900000.0,83.913,-506100000.0
43,CEG,MRT,2001-03-31,2001-03-31,2001-03-31,2019-05-23,-27800000.0,13337800000.0,12142375000.0,4353300000.0,8984500000.0,0.322,24.484,-1290800000.0,518600000.0,518600000.0,2664300000.0,385000000.0,0.982,2.589,4273100000.0,1414800000.0,2858300000.0,4273100000.0,0.0,493900000.0,0.0,0.0,0.0,927700000.0,1421600000.0,0.363,1421600000.0,927700000.0,627600000.0,2.55,2.55,2.55,3716600000.0,3263375000.0,3716600000.0,10794219024.0,12.0,7.593,-543200000.0,-3.578,1.0,1246600000.0,0.319,0.0,300100000.0,12658600000.0,12821350000.0,208100000.0,526900000.0,192400000.0,334500000.0,9621200000.0,4433700000.0,5187500000.0,6667419024.0,450400000.0,-101500000.0,538800000.0,642200000.0,-251100000.0,960200000.0,-1257400000.0,152500000.0,747600000.0,0.0,385000000.0,385000000.0,385000000.0,0.0,0.0,0.098,449300000.0,797300000.0,445900000.0,0.0,1.794,17.318,17.294,6862900000.0,0.0,44.1,1.705,1.712,589000000.0,1685900000.0,3910900000.0,3910900000.0,0.0,0.032,0.118,0.072,0.237,0.0,0.0,1.0,151188640.0,151800000.0,151800000.0,25.764,13337800000.0,35000000.0,242600000.0,1478000000.0,87.864,-80400000.0
44,CEG,MRT,2000-12-31,2000-12-31,2000-12-31,2019-05-23,0.0,12939300000.0,10591450000.0,1973500000.0,10965800000.0,0.356,21.16,-1067000000.0,182700000.0,182700000.0,2532900000.0,345300000.0,0.766,3.077,4309500000.0,1150200000.0,3159300000.0,4309500000.0,0.0,524800000.0,0.0,0.0,0.0,857800000.0,1382600000.0,0.366,1382600000.0,857800000.0,575400000.0,2.3,2.3,2.3,3174000000.0,2920425000.0,3174000000.0,10734135452.0,13.0,7.764,-216100000.0,-1.441,1.0,1241500000.0,0.329,0.0,282400000.0,14490400000.0,11797075000.0,229500000.0,542300000.0,189300000.0,353000000.0,9765300000.0,2575700000.0,7189600000.0,6783335452.0,90000000.0,-101500000.0,35900000.0,549100000.0,-250700000.0,345600000.0,-1106500000.0,75200000.0,850900000.0,0.0,345300000.0,345300000.0,345300000.0,0.0,0.0,0.091,477000000.0,764500000.0,750000000.0,0.0,2.137,19.645,19.592,6665500000.0,0.0,45.063,1.797,1.791,792600000.0,1592300000.0,3774400000.0,3774400000.0,0.0,0.033,0.118,0.073,0.227,0.0,0.0,1.0,150531716.0,150000000.0,150000000.0,25.163,12939300000.0,73500000.0,230100000.0,1454600000.0,86.262,-602200000.0
45,CEG,MRT,2000-09-30,2000-09-30,2000-09-30,2019-05-23,41700000.0,11656000000.0,9777575000.0,3080500000.0,8575500000.0,0.435,20.999,-936700000.0,50400000.0,50400000.0,2863500000.0,217000000.0,0.884,2.698,4001200000.0,1165900000.0,2835300000.0,4001200000.0,0.0,600800000.0,0.0,0.0,0.0,689600000.0,1290400000.0,0.304,1290400000.0,689600000.0,411800000.0,,,,3152000000.0,2875175000.0,3152000000.0,11354452871.0,16.0,8.799,-152400000.0,-1.015,1.0,1385100000.0,0.326,0.0,277800000.0,12122800000.0,11010200000.0,257500000.0,604500000.0,180200000.0,424300000.0,8504000000.0,3484000000.0,5020000000.0,7449152871.0,-6000000.0,-101500000.0,36000000.0,301400000.0,-251300000.0,111400000.0,-901700000.0,129800000.0,784300000.0,0.0,217000000.0,227200000.0,227200000.0,0.0,0.0,0.053,617300000.0,767800000.0,693700000.0,,2.363,32.787,,6287900000.0,-10200000.0,49.75,1.753,1.758,842100000.0,1569400000.0,4248600000.0,4248600000.0,0.0,0.023,0.079,0.063,0.162,0.0,0.0,1.0,149731716.0,150100000.0,,28.305,11656000000.0,140200000.0,194800000.0,1468100000.0,77.655,-403500000.0
46,CEG,MRT,2000-06-30,2000-06-30,2000-06-30,2019-05-23,24000000.0,10636400000.0,8708700000.0,2236200000.0,8400200000.0,0.463,20.113,-800100000.0,146400000.0,146400000.0,2699600000.0,224400000.0,0.885,2.533,4051700000.0,1098300000.0,2953400000.0,4051700000.0,0.0,585700000.0,43000000.0,0.0,0.0,666100000.0,1251800000.0,0.31,1251800000.0,666100000.0,406800000.0,,,,3010900000.0,2702700000.0,3010900000.0,7352541696.0,11.0,5.874,-149000000.0,-0.995,1.0,1336400000.0,0.331,0.0,259300000.0,12013600000.0,10273750000.0,222900000.0,324600000.0,156800000.0,167800000.0,7625500000.0,2528100000.0,5097400000.0,4871441696.0,43000000.0,-199200000.0,6000000.0,509300000.0,-251200000.0,269600000.0,-877700000.0,123700000.0,651100000.0,0.0,224400000.0,231200000.0,231200000.0,0.0,0.0,0.057,598700000.0,737700000.0,301700000.0,,1.618,21.07,,5559500000.0,-6800000.0,32.563,1.207,1.208,559700000.0,1485100000.0,4036000000.0,4036000000.0,0.0,0.027,0.086,0.065,0.165,0.0,0.0,1.0,149602816.0,149700000.0,,26.961,10636400000.0,8800000.0,182400000.0,1418200000.0,71.051,-291900000.0
47,CEG,MRT,2000-03-31,2000-03-31,2000-03-31,2019-05-23,0.0,7134100000.0,7840825000.0,564100000.0,6570000000.0,0.491,15.674,-642400000.0,20000000.0,20000000.0,2548500000.0,246000000.0,0.535,2.043,2501100000.0,632500000.0,1868600000.0,2501100000.0,0.0,547900000.0,41600000.0,0.0,0.0,680600000.0,1228500000.0,0.319,1228500000.0,680600000.0,434600000.0,,,,2344800000.0,2543500000.0,2344800000.0,8431089760.0,12.0,6.863,13700000.0,0.092,1.0,1302900000.0,0.338,0.0,246000000.0,8561500000.0,9602000000.0,208200000.0,0.0,0.0,0.0,4789300000.0,1053700000.0,3735600000.0,4768589760.0,-275800000.0,-97700000.0,1500000.0,-15800000.0,-251200000.0,-256400000.0,-675500000.0,71800000.0,656100000.0,0.0,246000000.0,249400000.0,249400000.0,0.0,0.0,0.065,556400000.0,746500000.0,190300000.0,,2.034,19.12,,5511100000.0,-3400000.0,31.875,1.238,1.238,294800000.0,849500000.0,3851400000.0,3851400000.0,0.0,0.032,0.098,0.071,0.177,0.0,0.0,1.0,149602816.0,149600000.0,,25.745,7134100000.0,33900000.0,188600000.0,1187200000.0,47.688,-489600000.0
48,CEG,MRT,1999-12-31,1999-12-31,1999-12-31,2019-05-23,0.0,9683800000.0,8378200000.0,1490200000.0,8193600000.0,0.458,20.007,-616500000.0,92700000.0,92700000.0,2566900000.0,260100000.0,0.744,2.235,3755200000.0,1179800000.0,2575400000.0,3755200000.0,0.0,505900000.0,0.0,0.0,0.0,694500000.0,1200400000.0,0.313,1200400000.0,694500000.0,446500000.0,1.74,1.74,1.74,2993000000.0,2708750000.0,2993000000.0,7164636064.0,10.0,5.969,62500000.0,0.418,1.0,1274000000.0,0.332,0.0,248000000.0,11342900000.0,10304875000.0,244000000.0,387600000.0,136500000.0,251100000.0,6690800000.0,2003400000.0,4687400000.0,4337136064.0,-81000000.0,-97700000.0,9600000.0,89900000.0,-251100000.0,-144900000.0,-615100000.0,116700000.0,679000000.0,0.0,260100000.0,260100000.0,260100000.0,0.0,0.0,0.068,514100000.0,759900000.0,365100000.0,0.0,1.449,16.675,16.667,5957500000.0,0.0,29.0,1.129,1.13,578500000.0,1499100000.0,3840900000.0,3840900000.0,0.0,0.031,0.096,0.067,0.181,0.0,0.0,1.0,149556416.0,149600000.0,149600000.0,25.674,9683800000.0,72400000.0,186400000.0,1417600000.0,64.731,-513200000.0
49,CEG,MRT,1999-09-30,1999-09-30,1999-09-30,2019-05-23,0.0,7380500000.0,8276000000.0,707400000.0,6673100000.0,0.392,16.463,-687200000.0,15500000.0,15500000.0,2171900000.0,297200000.0,0.686,1.998,2843000000.0,637500000.0,2205500000.0,2843000000.0,0.0,431200000.0,39800000.0,0.0,0.0,687000000.0,1118200000.0,0.345,1118200000.0,687000000.0,466800000.0,,,,2462100000.0,2705875000.0,2462100000.0,7010674200.0,10.0,6.27,-76300000.0,-0.51,1.0,1068200000.0,0.33,0.0,220200000.0,9177000000.0,10372450000.0,227300000.0,0.0,0.0,0.0,4918400000.0,1031000000.0,3887400000.0,4206274200.0,-158700000.0,-97700000.0,28800000.0,104100000.0,-250800000.0,-31600000.0,-738000000.0,33400000.0,610900000.0,0.0,297200000.0,305300000.0,305300000.0,0.0,0.0,0.094,367500000.0,700700000.0,189800000.0,,1.708,13.778,,5656900000.0,-8100000.0,28.125,1.298,1.298,352800000.0,968500000.0,3240100000.0,3240100000.0,0.0,0.037,0.113,0.066,0.212,0.0,0.0,1.0,149556416.0,149556416.0,,21.665,7380500000.0,101700000.0,169600000.0,1228800000.0,49.349,-323600000.0
50,CEG,MRT,1999-06-30,1999-06-30,1999-06-30,2019-05-23,0.0,7164900000.0,,564200000.0,6600700000.0,,15.874,-679000000.0,13400000.0,13400000.0,2312200000.0,310000000.0,0.878,2.018,2817800000.0,306700000.0,2511100000.0,2817800000.0,0.0,427200000.0,38300000.0,0.0,0.0,724600000.0,1151800000.0,0.337,1151800000.0,724600000.0,490100000.0,,,,2374100000.0,,2374100000.0,7732908824.0,11.0,6.714,76000000.0,0.508,1.0,1105900000.0,0.324,0.0,234500000.0,9326600000.0,,210200000.0,0.0,0.0,0.0,4790800000.0,642700000.0,4148100000.0,4430608824.0,-199100000.0,0.0,48800000.0,-52400000.0,-250300000.0,-296600000.0,-657500000.0,26600000.0,755000000.0,0.0,310000000.0,314700000.0,314700000.0,0.0,0.0,0.092,368100000.0,737800000.0,188300000.0,,1.866,14.079,,5645100000.0,-4700000.0,29.625,1.296,1.296,304000000.0,879800000.0,3418100000.0,3418100000.0,0.0,,,,0.212,0.0,0.0,1.0,149556416.0,149556416.0,,22.855,7164900000.0,3500000.0,180100000.0,1175600000.0,47.908,-78500000.0
51,CEG,MRT,1999-03-31,1999-03-31,1999-03-31,2019-05-23,2900000.0,9283600000.0,,1348000000.0,7935600000.0,,20.106,-684300000.0,344000000.0,344000000.0,2381200000.0,312000000.0,1.111,2.089,3646300000.0,510400000.0,3135900000.0,3646300000.0,0.0,422200000.0,36900000.0,0.0,0.0,735600000.0,1157800000.0,0.33,1157800000.0,735600000.0,494000000.0,,,,3005800000.0,,3005800000.0,,,,160400000.0,1.073,1.0,1122500000.0,0.32,0.0,241600000.0,11373000000.0,,195500000.0,307400000.0,118500000.0,188900000.0,6277800000.0,1212900000.0,5064900000.0,3794994056.0,164700000.0,0.0,48800000.0,224800000.0,-248200000.0,-14400000.0,-665600000.0,36800000.0,844700000.0,0.0,312000000.0,314300000.0,314300000.0,0.0,0.0,0.09,369400000.0,753100000.0,254600000.0,,1.263,12.074,,5640000000.0,-2300000.0,25.375,1.083,1.083,422700000.0,1510300000.0,3503700000.0,3503700000.0,0.0,,,,0.21,0.0,0.0,1.0,149556416.0,149500000.0,,23.436,9283600000.0,32000000.0,182000000.0,1481100000.0,62.098,135100000.0
52,CEG,MRT,1998-12-31,1998-12-31,1998-12-31,2019-05-23,0.0,9275000000.0,,1169800000.0,8105200000.0,,20.077,-730200000.0,173700000.0,173700000.0,2272400000.0,305900000.0,1.01,2.111,3669800000.0,541700000.0,3128100000.0,3669800000.0,0.0,427800000.0,35500000.0,0.0,0.0,722400000.0,1150200000.0,0.34,1150200000.0,722400000.0,483600000.0,2.06,2.06,2.06,2981500000.0,,2981500000.0,,,,69600000.0,0.469,1.0,1114000000.0,0.329,0.0,238800000.0,11613200000.0,,230500000.0,317700000.0,119700000.0,198000000.0,6293500000.0,1157900000.0,5135600000.0,,11100000.0,0.0,51800000.0,160000000.0,-246000000.0,-77400000.0,-711300000.0,36500000.0,799800000.0,0.0,305900000.0,305900000.0,305900000.0,0.0,0.0,0.09,375500000.0,738500000.0,270500000.0,0.0,,,14.988,5656700000.0,0.0,30.875,,1.354,422700000.0,1490300000.0,3386400000.0,3386400000.0,0.0,,,,0.213,0.0,0.0,1.0,,148500000.0,148500000.0,22.804,9275000000.0,68800000.0,177700000.0,1433600000.0,62.458,11900000.0
53,CEG,MRT,1998-09-30,1998-09-30,1998-09-30,2019-05-23,,,,,,,,,,,,,,,,,,,,,,0.0,0.0,,,,,,,,,,,,,,,,,,1.0,,,,,,,,,,,,,,,,,,,,,,,,,,,,,,,,,,,,,,,,33.375,,,,,,,,,,,,,,1.0,,,,,,,,,,
54,CEG,MRT,1998-06-30,1998-06-30,1998-06-30,2019-05-23,,,,,,,,,,,,,,,,,,,,,,0.0,0.0,,,,,,,,,,,,,,,,,,1.0,,,,,,,,,,,,,,,,,,,,,,,,,,,,,,,,,,,,,,,,31.063,,,,,,,,,,,,,,1.0,,,,,,,,,,
55,CEG,MRT,1998-03-31,1998-03-31,1998-03-31,2019-05-23,,,,,,,,,,,,,,,,,,,,,,0.0,0.0,,,,,,,,,,,,,,,,,,1.0,,,,,,,,,,,,,,,,,,,,,,,,,,,,,,,,,,,,,,,,32.688,,,,,,,,,,,,,,1.0,,147900000.0,,,,,,,,
56,CEG,MRT,1997-12-31,1997-12-31,1997-12-31,2019-05-23,,,,,,,,-464000000.0,,,2241100000.0,254100000.0,,,,,,,,396800000.0,,0.0,0.0,642100000.0,1038900000.0,0.314,1038900000.0,642100000.0,412100000.0,1.72,1.72,1.72,,,,,,,232300000.0,1.573,1.0,1066500000.0,0.322,,230000000.0,,,,,,,,,,,95900000.0,0.0,0.0,261600000.0,-239200000.0,-79600000.0,-520800000.0,23100000.0,696300000.0,0.0,254100000.0,254100000.0,254100000.0,0.0,0.0,0.077,342900000.0,723600000.0,,0.0,,,19.84,,0.0,34.125,,1.524,,,3307600000.0,3307600000.0,0.0,,,,0.194,0.0,0.0,,,147700000.0,147700000.0,22.394,,,158000000.0,,,
