None,ticker,dimension,calendardate,datekey,reportperiod,lastupdated,accoci,assets,assetsavg,assetsc,assetsnc,assetturnover,bvps,capex,cashneq,cashnequsd,cor,consolinc,currentratio,de,debt,debtc,debtnc,debtusd,deferredrev,depamor,deposits,divyield,dps,ebit,ebitda,ebitdamargin,ebitdausd,ebitusd,ebt,eps,epsdil,epsusd,equity,equityavg,equityusd,ev,evebit,evebitda,fcf,fcfps,fxusd,gp,grossmargin,intangibles,intexp,invcap,invcapavg,inventory,investments,investmentsc,investmentsnc,liabilities,liabilitiesc,liabilitiesnc,marketcap,ncf,ncfbus,ncfcommon,ncfdebt,ncfdiv,ncff,ncfi,ncfinv,ncfo,ncfx,netinc,netinccmn,netinccmnusd,netincdis,netincnci,netmargin,opex,opinc,payables,payoutratio,pb,pe,pe1,ppnenet,prefdivis,price,ps,ps1,receivables,retearn,revenue,revenueusd,rnd,roa,roe,roic,ros,sbcomp,sgna,sharefactor,sharesbas,shareswa,shareswadil,sps,tangibles,taxassets,taxexp,taxliabilities,tbvps,workingcapital
0,PSX,MRY,2020-12-31,2020-12-31,2020-12-31,2021-08-03,-789000000.0,54721000000.0,54245000000.0,13276000000.0,41445000000.0,1.207,43.192,-2920000000.0,2514000000.0,2514000000.0,62734000000.0,-3714000000.0,1.395,1.749,15893000000.0,987000000.0,14906000000.0,15893000000.0,0.0,1395000000.0,0.0,0.051,3.6,-4726000000.0,-3331000000.0,-0.051,-3331000000.0,-4726000000.0,-5225000000.0,-9.06,-9.06,-9.06,18984000000.0,20198250000.0,18984000000.0,43613804939.0,-9.0,-13.093,-809000000.0,-1.841,1.0,2760000000.0,0.042,2268000000.0,499000000.0,56314000000.0,54498000000.0,3893000000.0,13624000000.0,0.0,13624000000.0,33198000000.0,9518000000.0,23680000000.0,30549804939.0,900000000.0,192000000.0,-435000000.0,4127000000.0,-1575000000.0,1791000000.0,-3079000000.0,-272000000.0,2111000000.0,77000000.0,-3975000000.0,-3975000000.0,-3975000000.0,0.0,261000000.0,-0.061,7191000000.0,-4431000000.0,5549000000.0,-0.397,1.609,-7.685,-7.72,23716000000.0,0.0,69.94,0.466,0.469,6522000000.0,16500000000.0,65494000000.0,65494000000.0,0.0,-0.073,-0.197,-0.087,-0.072,0.0,1544000000.0,1.0,436800185.0,439530000.0,439530000.0,149.009,52453000000.0,0.0,-1250000000.0,6995000000.0,119.339,3758000000.0
1,PSX,MRY,2019-12-31,2019-12-31,2019-12-31,2021-08-03,-788000000.0,58720000000.0,58274250000.0,14395000000.0,44325000000.0,1.88,55.188,-3873000000.0,1614000000.0,1614000000.0,101012000000.0,3377000000.0,1.236,1.267,11763000000.0,547000000.0,11216000000.0,11763000000.0,0.0,1341000000.0,0.0,0.031,3.5,4335000000.0,5676000000.0,0.052,5676000000.0,4335000000.0,3877000000.0,6.8,6.77,6.8,24910000000.0,24684000000.0,24910000000.0,59162877542.0,14.0,10.423,935000000.0,2.071,1.0,8547000000.0,0.078,4139000000.0,458000000.0,53084000000.0,52446000000.0,3776000000.0,14571000000.0,0.0,14571000000.0,31551000000.0,11646000000.0,19905000000.0,49505877542.0,-1405000000.0,71000000.0,-1618000000.0,476000000.0,-1570000000.0,-2511000000.0,-3688000000.0,-3000000.0,4808000000.0,-14000000.0,3076000000.0,3076000000.0,3076000000.0,0.0,301000000.0,0.028,3883000000.0,4664000000.0,8575000000.0,0.515,1.987,16.094,16.384,23786000000.0,0.0,111.41,0.452,0.459,8510000000.0,22064000000.0,109559000000.0,109559000000.0,0.0,0.053,0.125,0.083,0.04,0.0,1681000000.0,1.0,444357576.0,451364000.0,453888000.0,242.729,54581000000.0,0.0,801000000.0,6532000000.0,120.925,2749000000.0
2,PSX,MRY,2018-12-31,2018-12-31,2018-12-31,2021-08-03,-692000000.0,54302000000.0,54286000000.0,13209000000.0,41093000000.0,2.104,52.374,-2639000000.0,3019000000.0,3019000000.0,103235000000.0,5873000000.0,1.478,1.101,11160000000.0,67000000.0,11093000000.0,11160000000.0,0.0,1356000000.0,0.0,0.036,3.1,7671000000.0,9027000000.0,0.079,9027000000.0,7671000000.0,7167000000.0,11.87,11.8,11.87,24653000000.0,23107750000.0,24653000000.0,50138946404.0,7.0,5.554,4934000000.0,10.482,1.0,10982000000.0,0.096,4139000000.0,504000000.0,49369000000.0,49380000000.0,3543000000.0,14421000000.0,0.0,14421000000.0,27149000000.0,8935000000.0,18214000000.0,39725946404.0,-100000000.0,45000000.0,-4606000000.0,1040000000.0,-1436000000.0,-5167000000.0,-2471000000.0,-1000000.0,7573000000.0,-35000000.0,5595000000.0,5595000000.0,5595000000.0,0.0,278000000.0,0.049,3041000000.0,7941000000.0,6586000000.0,0.261,1.611,7.1,7.258,22018000000.0,0.0,86.15,0.348,0.355,6173000000.0,20489000000.0,114217000000.0,114217000000.0,0.0,0.103,0.242,0.155,0.067,0.0,1677000000.0,1.0,461125321.0,470708000.0,474047000.0,242.649,50163000000.0,0.0,1572000000.0,6391000000.0,106.569,4274000000.0
3,PSX,MRY,2017-12-31,2017-12-31,2017-12-31,2021-08-03,-617000000.0,54371000000.0,52579000000.0,14390000000.0,39981000000.0,1.99,48.7,-1832000000.0,3119000000.0,3119000000.0,97570000000.0,5248000000.0,1.424,1.074,10110000000.0,41000000.0,10069000000.0,10110000000.0,0.0,1318000000.0,0.0,0.027,2.73,3851000000.0,5169000000.0,0.049,5169000000.0,3851000000.0,3413000000.0,9.9,9.85,9.9,25085000000.0,23085000000.0,25085000000.0,59910800260.0,16.0,11.59,1816000000.0,3.526,1.0,7052000000.0,0.067,4146000000.0,438000000.0,47109000000.0,47055500000.0,3395000000.0,13941000000.0,0.0,13941000000.0,26943000000.0,10107000000.0,16836000000.0,51256800260.0,408000000.0,318000000.0,-1555000000.0,-170000000.0,-1395000000.0,-2111000000.0,-1146000000.0,316000000.0,3648000000.0,17000000.0,5106000000.0,5106000000.0,5106000000.0,0.0,142000000.0,0.049,3037000000.0,4015000000.0,8027000000.0,0.276,2.043,10.039,10.217,21460000000.0,0.0,101.15,0.49,0.498,7506000000.0,16306000000.0,104622000000.0,104622000000.0,0.0,0.097,0.221,0.082,0.037,0.0,1695000000.0,1.0,506740487.0,515090000.0,518508000.0,203.114,50225000000.0,0.0,-1693000000.0,6010000000.0,97.507,4283000000.0
4,PSX,MRY,2016-12-31,2016-12-31,2016-12-31,2021-08-03,-995000000.0,51653000000.0,50128500000.0,12680000000.0,38973000000.0,1.711,42.443,-2844000000.0,2711000000.0,2711000000.0,80431000000.0,1644000000.0,1.34,1.247,10138000000.0,550000000.0,9588000000.0,10138000000.0,0.0,1168000000.0,0.0,0.028,2.45,2440000000.0,3608000000.0,0.042,3608000000.0,2440000000.0,2102000000.0,2.94,2.92,2.94,22390000000.0,22731250000.0,22390000000.0,51527666214.0,21.0,14.282,119000000.0,0.226,1.0,5346000000.0,0.062,4158000000.0,338000000.0,45459000000.0,43539500000.0,3150000000.0,13534000000.0,0.0,13534000000.0,27928000000.0,9463000000.0,18465000000.0,45006666214.0,-363000000.0,0.0,-1008000000.0,1257000000.0,-1282000000.0,-178000000.0,-3158000000.0,-324000000.0,2963000000.0,10000000.0,1555000000.0,1555000000.0,1555000000.0,0.0,89000000.0,0.018,2811000000.0,2535000000.0,7061000000.0,0.833,2.01,28.943,29.391,20855000000.0,0.0,86.41,0.525,0.531,6397000000.0,12608000000.0,85777000000.0,85777000000.0,0.0,0.031,0.068,0.056,0.028,0.0,1638000000.0,1.0,520850205.0,527531000.0,530066000.0,162.601,47495000000.0,0.0,547000000.0,7548000000.0,90.033,3217000000.0
5,PSX,MRY,2015-12-31,2015-12-31,2015-12-31,2021-08-03,-653000000.0,48580000000.0,49236500000.0,12256000000.0,36324000000.0,2.05,42.592,-5764000000.0,3074000000.0,3074000000.0,91770000000.0,4280000000.0,1.627,1.067,8887000000.0,44000000.0,8843000000.0,8887000000.0,0.0,1078000000.0,0.0,0.027,2.18,6301000000.0,7379000000.0,0.073,7379000000.0,6301000000.0,5991000000.0,7.78,7.73,7.78,23100000000.0,22610750000.0,23100000000.0,47764414904.0,8.0,6.473,-51000000.0,-0.094,1.0,9179000000.0,0.091,4181000000.0,310000000.0,42681000000.0,40333000000.0,3477000000.0,12143000000.0,0.0,12143000000.0,24642000000.0,7531000000.0,17111000000.0,43635414904.0,-2133000000.0,0.0,-1481000000.0,243000000.0,-1172000000.0,-2117000000.0,-5738000000.0,0.0,5713000000.0,9000000.0,4227000000.0,4227000000.0,4227000000.0,0.0,53000000.0,0.042,2755000000.0,6424000000.0,5655000000.0,0.28,1.889,10.323,10.514,19721000000.0,0.0,81.8,0.432,0.439,5173000000.0,12348000000.0,100949000000.0,100949000000.0,0.0,0.086,0.187,0.156,0.062,0.0,1670000000.0,1.0,533440280.0,542355000.0,546977000.0,186.131,44399000000.0,0.0,1764000000.0,6919000000.0,81.863,4725000000.0
6,PSX,MRY,2014-12-31,2014-12-31,2014-12-31,2021-08-03,-531000000.0,48692000000.0,50002750000.0,16692000000.0,32000000000.0,3.282,38.151,-3773000000.0,5207000000.0,5207000000.0,155223000000.0,4797000000.0,1.505,1.235,8635000000.0,842000000.0,7793000000.0,8635000000.0,0.0,995000000.0,0.0,0.026,1.89,6683000000.0,7678000000.0,0.047,7678000000.0,6683000000.0,6416000000.0,8.4,8.33,8.4,21590000000.0,21558000000.0,21590000000.0,42791910923.0,6.0,5.573,-244000000.0,-0.431,1.0,8870000000.0,0.054,4174000000.0,267000000.0,36852000000.0,34380750000.0,3397000000.0,10189000000.0,0.0,10189000000.0,26655000000.0,11094000000.0,15561000000.0,39686910923.0,-193000000.0,0.0,-2281000000.0,2438000000.0,-1062000000.0,-1362000000.0,-2296000000.0,-3000000.0,3529000000.0,-64000000.0,4762000000.0,4762000000.0,4762000000.0,-706000000.0,35000000.0,0.029,2808000000.0,6062000000.0,8064000000.0,0.225,1.838,8.334,8.536,17346000000.0,0.0,71.7,0.242,0.247,7255000000.0,9309000000.0,164093000000.0,164093000000.0,0.0,0.095,0.221,0.194,0.041,0.0,1663000000.0,1.0,553513402.0,565902000.0,571504000.0,289.967,44518000000.0,0.0,1654000000.0,6369000000.0,78.667,5598000000.0
7,PSX,MRY,2013-12-31,2013-12-31,2013-12-31,2021-08-03,37000000.0,49798000000.0,50465250000.0,19237000000.0,30561000000.0,3.464,35.812,-1779000000.0,5400000000.0,5400000000.0,166570000000.0,3743000000.0,1.488,1.249,6155000000.0,24000000.0,6131000000.0,6155000000.0,0.0,947000000.0,0.0,0.021,1.64,5845000000.0,6792000000.0,0.039,6792000000.0,5845000000.0,5570000000.0,6.07,6.02,6.07,21950000000.0,21624750000.0,21950000000.0,46456245309.0,8.0,6.84,4248000000.0,6.931,1.0,8239000000.0,0.047,3794000000.0,275000000.0,33828000000.0,33745000000.0,3354000000.0,11220000000.0,0.0,11220000000.0,27406000000.0,12931000000.0,14475000000.0,46242245309.0,1926000000.0,0.0,-2240000000.0,-1020000000.0,-807000000.0,-3679000000.0,-444000000.0,100000000.0,6027000000.0,22000000.0,3726000000.0,3726000000.0,3726000000.0,0.0,17000000.0,0.021,2454000000.0,5785000000.0,11090000000.0,0.27,2.107,12.411,12.707,15398000000.0,0.0,77.13,0.265,0.27,9632000000.0,5622000000.0,174809000000.0,174809000000.0,0.0,0.074,0.172,0.173,0.033,0.0,1478000000.0,1.0,599536436.0,612918000.0,618989000.0,285.208,46004000000.0,0.0,1844000000.0,6997000000.0,75.057,6306000000.0
8,PSX,MRY,2012-12-31,2012-12-31,2012-12-31,2021-08-03,-314000000.0,48073000000.0,50469000000.0,17962000000.0,30111000000.0,3.621,33.037,-1701000000.0,3474000000.0,3474000000.0,172186000000.0,4131000000.0,1.439,1.312,6974000000.0,13000000.0,6961000000.0,6974000000.0,0.0,906000000.0,0.0,0.008,0.45,6843000000.0,7749000000.0,0.042,7749000000.0,6843000000.0,6597000000.0,6.55,6.48,6.55,20775000000.0,21302000000.0,20775000000.0,36778324300.0,5.0,4.746,2595000000.0,4.127,1.0,10566000000.0,0.058,4068000000.0,246000000.0,35023000000.0,34928500000.0,3430000000.0,10471000000.0,0.0,10471000000.0,27267000000.0,12482000000.0,14785000000.0,33230324300.0,3474000000.0,0.0,-309000000.0,6584000000.0,-282000000.0,699000000.0,-1535000000.0,-100000000.0,4296000000.0,14000000.0,4124000000.0,4124000000.0,4124000000.0,0.0,7000000.0,0.023,3767000000.0,6799000000.0,10710000000.0,0.069,1.6,8.058,8.107,15407000000.0,0.0,53.1,0.182,0.183,10403000000.0,2713000000.0,182752000000.0,182752000000.0,0.0,0.082,0.194,0.196,0.037,0.0,1703000000.0,1.0,625806484.0,628835000.0,636764000.0,290.62,44005000000.0,0.0,2473000000.0,6345000000.0,69.979,5480000000.0
9,PSX,MRY,2011-12-31,2011-12-31,2011-12-31,2021-08-03,122000000.0,43211000000.0,44083000000.0,13948000000.0,29263000000.0,4.547,37.067,-1016000000.0,0.0,0.0,191126000000.0,4780000000.0,1.126,0.856,391000000.0,30000000.0,361000000.0,391000000.0,0.0,902000000.0,0.0,,0.0,6614000000.0,7516000000.0,0.037,7516000000.0,6614000000.0,6597000000.0,7.61,7.52,7.61,23264000000.0,24632500000.0,23264000000.0,,,,3990000000.0,6.357,1.0,9331000000.0,0.047,4064000000.0,17000000.0,27154000000.0,27806500000.0,3466000000.0,10306000000.0,0.0,10306000000.0,19918000000.0,12384000000.0,7534000000.0,,0.0,0.0,0.0,-26000000.0,0.0,-7498000000.0,2492000000.0,550000000.0,5006000000.0,0.0,4775000000.0,4775000000.0,4775000000.0,0.0,5000000.0,0.024,2768000000.0,6563000000.0,10792000000.0,0.0,,,,14771000000.0,0.0,,,,10025000000.0,0.0,200457000000.0,200457000000.0,0.0,0.108,0.194,0.238,0.033,0.0,1394000000.0,1.0,625272302.0,627628000.0,634645000.0,319.388,39147000000.0,0.0,1822000000.0,6890000000.0,62.373,1564000000.0
10,PSX,MRY,2010-12-31,2010-12-31,2010-12-31,2021-08-03,214000000.0,44955000000.0,43917500000.0,14704000000.0,30251000000.0,3.385,41.427,-1150000000.0,0.0,0.0,143266000000.0,740000000.0,1.176,0.728,417000000.0,29000000.0,388000000.0,417000000.0,0.0,880000000.0,0.0,,0.0,1315000000.0,2195000000.0,0.015,2195000000.0,1315000000.0,1314000000.0,1.17,1.16,1.17,26001000000.0,26459000000.0,26001000000.0,,,,942000000.0,1.501,1.0,5390000000.0,0.036,4410000000.0,1000000.0,28459000000.0,29003000000.0,4113000000.0,10319000000.0,0.0,10319000000.0,18929000000.0,12503000000.0,6426000000.0,,0.0,0.0,0.0,-26000000.0,0.0,-1440000000.0,-652000000.0,-180000000.0,2092000000.0,0.0,735000000.0,735000000.0,735000000.0,0.0,5000000.0,0.005,3963000000.0,1427000000.0,10751000000.0,0.0,,,,15409000000.0,0.0,,,,10213000000.0,,148656000000.0,148656000000.0,0.0,0.017,0.028,0.045,0.009,0.0,1384000000.0,1.0,625272302.0,627628000.0,634645000.0,236.854,40545000000.0,0.0,579000000.0,5999000000.0,64.6,2201000000.0
11,PSX,MRY,2009-12-31,2009-12-31,2009-12-31,2021-08-03,329000000.0,42880000000.0,,11368000000.0,31512000000.0,,,-2461000000.0,0.0,0.0,110873000000.0,479000000.0,1.218,0.592,428000000.0,25000000.0,403000000.0,428000000.0,0.0,879000000.0,0.0,,0.0,845000000.0,1724000000.0,0.015,1724000000.0,845000000.0,844000000.0,,,,26917000000.0,,26917000000.0,,,,-1515000000.0,,1.0,3078000000.0,0.027,4426000000.0,1000000.0,29547000000.0,,3842000000.0,9751000000.0,0.0,9751000000.0,15940000000.0,9335000000.0,6605000000.0,,0.0,-350000000.0,0.0,-25000000.0,0.0,1027000000.0,-1973000000.0,1000000.0,946000000.0,0.0,476000000.0,476000000.0,476000000.0,0.0,3000000.0,0.004,2259000000.0,819000000.0,7715000000.0,,,,,17238000000.0,0.0,,,,6842000000.0,,113951000000.0,113951000000.0,0.0,,,,0.007,0.0,1314000000.0,1.0,,,,,38454000000.0,0.0,368000000.0,5995000000.0,,2033000000.0
12,PSX,MRY,2008-12-31,2008-12-31,2008-12-31,2021-08-03,,,,,,,,-2573000000.0,,,165967000000.0,2665000000.0,,,,,,,,904000000.0,,,0.0,4153000000.0,5057000000.0,0.029,5057000000.0,4153000000.0,4111000000.0,,,,,,,,,,303000000.0,,1.0,7952000000.0,0.046,,42000000.0,,,,,,,,,,,0.0,-3000000.0,0.0,-30000000.0,0.0,-879000000.0,-1997000000.0,0.0,2876000000.0,0.0,2662000000.0,2662000000.0,2662000000.0,0.0,3000000.0,0.015,3539000000.0,4413000000.0,,,,,,,0.0,,,,,,173919000000.0,173919000000.0,0.0,,,,0.024,0.0,1789000000.0,1.0,,,,,,,1449000000.0,,,
0,PSX,MRQ,2021-06-30,2021-06-30,2021-06-30,2021-08-03,-549000000.0,56977000000.0,,15780000000.0,41197000000.0,,41.253,-380000000.0,2207000000.0,2207000000.0,26512000000.0,374000000.0,1.084,2.004,15413000000.0,2489000000.0,12924000000.0,15413000000.0,0.0,364000000.0,0.0,0.042,0.9,501000000.0,865000000.0,0.031,865000000.0,501000000.0,358000000.0,0.66,0.66,0.66,18149000000.0,,18149000000.0,51648750574.0,-25.0,-86.514,1363000000.0,3.098,1.0,1373000000.0,0.049,2250000000.0,143000000.0,53382000000.0,,4752000000.0,13520000000.0,0.0,13520000000.0,36375000000.0,14551000000.0,21824000000.0,37577750574.0,856000000.0,100000000.0,4000000.0,-39000000.0,-394000000.0,-542000000.0,-352000000.0,-90000000.0,1743000000.0,7000000.0,296000000.0,296000000.0,296000000.0,0.0,78000000.0,0.011,797000000.0,576000000.0,8945000000.0,1.364,2.071,-22.157,-22.119,23688000000.0,0.0,85.82,0.453,0.456,8062000000.0,15345000000.0,27885000000.0,27885000000.0,0.0,,,,,0.0,433000000.0,1.0,437867054.0,439940000.0,440396000.0,63.384,54727000000.0,0.0,62000000.0,7241000000.0,124.397,1229000000.0
1,PSX,MRQ,2021-03-31,2021-03-31,2021-03-31,2021-08-03,-780000000.0,55496000000.0,,14418000000.0,41078000000.0,,40.907,-331000000.0,1351000000.0,1351000000.0,21584000000.0,-639000000.0,1.261,1.949,15422000000.0,516000000.0,14906000000.0,15422000000.0,0.0,356000000.0,0.0,0.044,0.9,-640000000.0,-284000000.0,-0.013,-284000000.0,-640000000.0,-786000000.0,-1.49,-1.49,-1.49,17979000000.0,,17979000000.0,49005950769.0,-17.0,-32.22,-60000000.0,-0.137,1.0,343000000.0,0.016,2261000000.0,146000000.0,55875000000.0,,4273000000.0,13376000000.0,0.0,13376000000.0,35039000000.0,11431000000.0,23608000000.0,35626950769.0,-1163000000.0,58000000.0,20000000.0,-475000000.0,-394000000.0,-945000000.0,-467000000.0,-155000000.0,271000000.0,-22000000.0,-654000000.0,-654000000.0,-654000000.0,0.0,15000000.0,-0.03,962000000.0,-619000000.0,8246000000.0,-0.604,1.982,-16.703,-16.743,23677000000.0,0.0,81.54,0.538,0.542,8165000000.0,15449000000.0,21927000000.0,21927000000.0,0.0,,,,,0.0,408000000.0,1.0,436926058.0,439504000.0,439504000.0,49.89,53235000000.0,0.0,-132000000.0,6696000000.0,121.125,2987000000.0
2,PSX,MRQ,2020-12-31,2020-12-31,2020-12-31,2021-08-03,-789000000.0,54721000000.0,,13276000000.0,41445000000.0,,43.233,-506000000.0,2514000000.0,2514000000.0,16417000000.0,-494000000.0,1.395,1.749,15893000000.0,987000000.0,14906000000.0,15893000000.0,0.0,358000000.0,0.0,0.051,0.9,-597000000.0,-239000000.0,-0.014,-239000000.0,-597000000.0,-736000000.0,-1.23,-1.23,-1.23,18984000000.0,,18984000000.0,43613804939.0,-9.0,-13.093,133000000.0,0.303,1.0,351000000.0,0.021,2268000000.0,139000000.0,56314000000.0,,3893000000.0,13624000000.0,0.0,13624000000.0,33198000000.0,9518000000.0,23680000000.0,30549804939.0,1052000000.0,53000000.0,2000000.0,1368000000.0,-393000000.0,872000000.0,-513000000.0,-65000000.0,639000000.0,54000000.0,-539000000.0,-539000000.0,-539000000.0,0.0,45000000.0,-0.032,896000000.0,-545000000.0,5549000000.0,-0.732,1.609,-7.685,-7.72,23716000000.0,0.0,69.94,0.466,0.469,6522000000.0,16500000000.0,16768000000.0,16768000000.0,0.0,,,,,0.0,432000000.0,1.0,436800185.0,439110000.0,439110000.0,38.186,52453000000.0,0.0,-197000000.0,6995000000.0,119.453,3758000000.0
3,PSX,MRQ,2020-09-30,2020-09-30,2020-09-30,2021-08-03,-967000000.0,54281000000.0,,12822000000.0,41459000000.0,,44.933,-552000000.0,1462000000.0,1462000000.0,15631000000.0,-726000000.0,1.22,1.621,14526000000.0,1860000000.0,12666000000.0,14526000000.0,0.0,352000000.0,0.0,0.069,0.9,-1291000000.0,-939000000.0,-0.058,-939000000.0,-1291000000.0,-1423000000.0,-1.82,-1.82,-1.82,19722000000.0,,19722000000.0,35194354854.0,-12.0,-21.395,-61000000.0,-0.139,1.0,668000000.0,0.041,2274000000.0,132000000.0,54558000000.0,,4897000000.0,13767000000.0,0.0,13767000000.0,31976000000.0,10513000000.0,21463000000.0,22638354854.0,-428000000.0,51000000.0,0.0,70000000.0,-393000000.0,-404000000.0,-542000000.0,-20000000.0,491000000.0,27000000.0,-799000000.0,-799000000.0,-799000000.0,0.0,73000000.0,-0.049,1876000000.0,-1208000000.0,5457000000.0,-0.495,1.148,-8.385,-8.416,23489000000.0,0.0,51.84,0.289,0.29,5963000000.0,17436000000.0,16299000000.0,16299000000.0,0.0,,,,,0.0,384000000.0,1.0,436696660.0,438916000.0,438916000.0,37.135,52007000000.0,0.0,-624000000.0,6736000000.0,118.49,2309000000.0
4,PSX,MRQ,2020-06-30,2020-06-30,2020-06-30,2021-08-03,-1148000000.0,54518000000.0,,12499000000.0,42019000000.0,,47.213,-939000000.0,1890000000.0,1890000000.0,10748000000.0,-67000000.0,1.247,1.507,14446000000.0,1783000000.0,12663000000.0,14446000000.0,0.0,343000000.0,0.0,0.05,0.9,-402000000.0,-59000000.0,-0.005,-59000000.0,-402000000.0,-519000000.0,-0.33,-0.33,-0.33,20715000000.0,,20715000000.0,43138911433.0,-57.0,71.779,-175000000.0,-0.399,1.0,435000000.0,0.039,2299000000.0,117000000.0,54752000000.0,,5136000000.0,13628000000.0,0.0,13628000000.0,31223000000.0,10023000000.0,21200000000.0,31396911433.0,669000000.0,50000000.0,0.0,1497000000.0,-393000000.0,1047000000.0,-1147000000.0,-179000000.0,764000000.0,5000000.0,-141000000.0,-141000000.0,-141000000.0,0.0,74000000.0,-0.013,752000000.0,-317000000.0,5368000000.0,-2.727,1.516,-26.406,-26.051,24282000000.0,0.0,71.9,0.35,0.351,4852000000.0,18631000000.0,11183000000.0,11183000000.0,0.0,,,,,0.0,409000000.0,1.0,436674707.0,438756000.0,438756000.0,25.488,52219000000.0,0.0,-378000000.0,6517000000.0,119.016,2476000000.0
5,PSX,MRQ,2020-03-31,2020-03-31,2020-03-31,2021-08-03,-991000000.0,53460000000.0,,11705000000.0,41755000000.0,,48.425,-923000000.0,1221000000.0,1221000000.0,19938000000.0,-2427000000.0,1.112,1.395,12963000000.0,2243000000.0,10720000000.0,12963000000.0,0.0,342000000.0,0.0,0.067,0.9,-2436000000.0,-2094000000.0,-0.099,-2094000000.0,-2436000000.0,-2547000000.0,-5.66,-5.66,-5.66,21372000000.0,,21372000000.0,33725269423.0,22.0,11.8,-706000000.0,-1.6,1.0,1306000000.0,0.061,2305000000.0,111000000.0,52368000000.0,,5331000000.0,13635000000.0,0.0,13635000000.0,29821000000.0,10529000000.0,19292000000.0,23576269423.0,-393000000.0,38000000.0,-437000000.0,1192000000.0,-396000000.0,276000000.0,-877000000.0,-8000000.0,217000000.0,-9000000.0,-2496000000.0,-2496000000.0,-2496000000.0,0.0,69000000.0,-0.117,3667000000.0,-2361000000.0,5322000000.0,-0.159,1.103,62.703,76.643,24051000000.0,0.0,53.65,0.22,0.221,4559000000.0,19168000000.0,21244000000.0,21244000000.0,0.0,,,,,0.0,319000000.0,1.0,439445842.0,441345000.0,441345000.0,48.135,51155000000.0,0.0,-51000000.0,6190000000.0,115.907,1176000000.0
6,PSX,MRQ,2019-12-31,2019-12-31,2019-12-31,2021-08-03,-788000000.0,58720000000.0,,14395000000.0,44325000000.0,,55.945,-1278000000.0,1614000000.0,1614000000.0,27589000000.0,810000000.0,1.236,1.267,11763000000.0,547000000.0,11216000000.0,11763000000.0,0.0,340000000.0,0.0,0.031,0.9,1107000000.0,1447000000.0,0.049,1447000000.0,1107000000.0,992000000.0,1.65,1.64,1.65,24910000000.0,,24910000000.0,59162877542.0,14.0,10.423,416000000.0,0.934,1.0,2023000000.0,0.068,4139000000.0,115000000.0,53084000000.0,,3776000000.0,14571000000.0,0.0,14571000000.0,31551000000.0,11646000000.0,19905000000.0,49505877542.0,-654000000.0,16000000.0,-395000000.0,-278000000.0,-398000000.0,-1109000000.0,-1256000000.0,-3000000.0,1694000000.0,17000000.0,736000000.0,736000000.0,736000000.0,0.0,74000000.0,0.025,836000000.0,1187000000.0,8575000000.0,0.545,1.987,16.094,16.384,23786000000.0,0.0,111.41,0.452,0.459,8510000000.0,22064000000.0,29612000000.0,29612000000.0,0.0,,,,,0.0,491000000.0,1.0,444357576.0,445262000.0,448122000.0,66.505,54581000000.0,0.0,256000000.0,6532000000.0,122.582,2749000000.0
7,PSX,MRQ,2019-09-30,2019-09-30,2019-09-30,2021-08-03,-871000000.0,58741000000.0,,15617000000.0,43124000000.0,,55.36,-867000000.0,2268000000.0,2268000000.0,25117000000.0,793000000.0,1.292,1.273,11925000000.0,842000000.0,11083000000.0,11925000000.0,0.0,336000000.0,0.0,0.033,0.9,971000000.0,1307000000.0,0.047,1307000000.0,971000000.0,862000000.0,1.58,1.58,1.58,24857000000.0,,24857000000.0,55550669773.0,9.0,7.378,795000000.0,1.771,1.0,2654000000.0,0.096,4142000000.0,109000000.0,52173000000.0,,5521000000.0,14147000000.0,0.0,14147000000.0,31649000000.0,12083000000.0,19566000000.0,45930669773.0,449000000.0,20000000.0,-433000000.0,491000000.0,-402000000.0,-331000000.0,-846000000.0,0.0,1662000000.0,-36000000.0,712000000.0,712000000.0,712000000.0,0.0,81000000.0,0.026,1605000000.0,1049000000.0,8373000000.0,0.57,1.848,10.029,10.291,22954000000.0,0.0,102.4,0.418,0.419,7086000000.0,21730000000.0,27771000000.0,27771000000.0,0.0,,,,,0.0,416000000.0,1.0,448541697.0,449005000.0,451001000.0,61.85,54599000000.0,0.0,150000000.0,6631000000.0,121.6,3534000000.0
8,PSX,MRQ,2019-06-30,2019-06-30,2019-06-30,2021-08-03,-767000000.0,57781000000.0,,14295000000.0,43486000000.0,,54.558,-631000000.0,1819000000.0,1819000000.0,25816000000.0,1504000000.0,1.28,1.231,11439000000.0,667000000.0,10772000000.0,11439000000.0,0.0,334000000.0,0.0,0.035,0.9,1864000000.0,2198000000.0,0.077,2198000000.0,1864000000.0,1749000000.0,3.13,3.12,3.13,24752000000.0,,24752000000.0,52470176068.0,7.0,6.107,1299000000.0,2.863,1.0,2702000000.0,0.095,4141000000.0,115000000.0,52089000000.0,,5093000000.0,15006000000.0,0.0,15006000000.0,30475000000.0,11171000000.0,19304000000.0,42425176068.0,566000000.0,14000000.0,-454000000.0,130000000.0,-406000000.0,-787000000.0,-574000000.0,0.0,1930000000.0,-3000000.0,1424000000.0,1424000000.0,1424000000.0,0.0,80000000.0,0.05,744000000.0,1958000000.0,8000000000.0,0.288,1.714,7.915,8.085,22503000000.0,0.0,93.54,0.377,0.377,6727000000.0,21423000000.0,28518000000.0,28518000000.0,0.0,,,,,0.0,408000000.0,1.0,453551166.0,453681000.0,455585000.0,62.859,53640000000.0,0.0,325000000.0,6619000000.0,118.233,3124000000.0
9,PSX,MRQ,2019-03-31,2019-03-31,2019-03-31,2021-08-03,-709000000.0,57855000000.0,,14815000000.0,43040000000.0,,52.922,-1097000000.0,1253000000.0,1253000000.0,22490000000.0,270000000.0,1.308,1.285,11298000000.0,30000000.0,11268000000.0,11298000000.0,0.0,331000000.0,0.0,0.034,0.8,393000000.0,724000000.0,0.031,724000000.0,393000000.0,274000000.0,0.44,0.44,0.44,24217000000.0,,24217000000.0,51435078490.0,7.0,5.956,-1575000000.0,-3.442,1.0,1168000000.0,0.049,4134000000.0,119000000.0,52438000000.0,,5344000000.0,14786000000.0,0.0,14786000000.0,31110000000.0,11328000000.0,19782000000.0,43294078490.0,-1766000000.0,21000000.0,-336000000.0,133000000.0,-364000000.0,-284000000.0,-1012000000.0,0.0,-478000000.0,8000000.0,204000000.0,204000000.0,204000000.0,0.0,66000000.0,0.009,698000000.0,470000000.0,9013000000.0,1.818,1.788,8.207,8.422,22263000000.0,0.0,95.17,0.38,0.383,7303000000.0,20408000000.0,23658000000.0,23658000000.0,0.0,,,,,0.0,366000000.0,1.0,454913087.0,457599000.0,459289000.0,51.7,53721000000.0,0.0,70000000.0,6396000000.0,117.398,3487000000.0
10,PSX,MRQ,2018-12-31,2018-12-31,2018-12-31,2021-08-03,-692000000.0,54302000000.0,,13209000000.0,41093000000.0,,53.413,-994000000.0,3019000000.0,3019000000.0,26042000000.0,2316000000.0,1.478,1.101,11160000000.0,67000000.0,11093000000.0,11160000000.0,0.0,337000000.0,0.0,0.036,0.8,2963000000.0,3300000000.0,0.111,3300000000.0,2963000000.0,2842000000.0,4.8,4.77,4.8,24653000000.0,,24653000000.0,50138946404.0,7.0,5.554,3145000000.0,6.814,1.0,3801000000.0,0.127,4139000000.0,121000000.0,49369000000.0,,3543000000.0,14421000000.0,0.0,14421000000.0,27149000000.0,8935000000.0,18214000000.0,39725946404.0,2095000000.0,45000000.0,-497000000.0,-180000000.0,-367000000.0,-1098000000.0,-931000000.0,0.0,4139000000.0,-15000000.0,2240000000.0,2240000000.0,2240000000.0,0.0,76000000.0,0.075,757000000.0,3044000000.0,6586000000.0,0.167,1.611,7.1,7.258,22018000000.0,0.0,86.15,0.348,0.355,6173000000.0,20489000000.0,29843000000.0,29843000000.0,0.0,,,,,0.0,419000000.0,1.0,461125321.0,461552000.0,464528000.0,64.658,50163000000.0,0.0,602000000.0,6391000000.0,108.683,4274000000.0
11,PSX,MRQ,2018-09-30,2018-09-30,2018-09-30,2021-08-03,-639000000.0,55884000000.0,,15314000000.0,40570000000.0,,50.029,-779000000.0,924000000.0,924000000.0,27700000000.0,1568000000.0,1.279,1.29,11337000000.0,316000000.0,11021000000.0,11337000000.0,0.0,346000000.0,0.0,0.027,0.8,2024000000.0,2370000000.0,0.077,2370000000.0,2024000000.0,1899000000.0,3.2,3.18,3.2,23319000000.0,,23319000000.0,61811658855.0,11.0,9.111,-197000000.0,-0.423,1.0,2892000000.0,0.095,4144000000.0,125000000.0,50179000000.0,,5544000000.0,14311000000.0,0.0,14311000000.0,30089000000.0,11974000000.0,18115000000.0,52331658855.0,-960000000.0,0.0,-396000000.0,-29000000.0,-370000000.0,-819000000.0,-719000000.0,0.0,582000000.0,-4000000.0,1492000000.0,1492000000.0,1492000000.0,0.0,76000000.0,0.049,787000000.0,2105000000.0,9355000000.0,0.25,2.244,7.986,8.443,21625000000.0,0.0,112.72,0.457,0.459,7971000000.0,18618000000.0,30592000000.0,30592000000.0,0.0,,,,,0.0,440000000.0,1.0,464262410.0,466109000.0,469440000.0,65.633,51740000000.0,0.0,407000000.0,6462000000.0,111.004,3340000000.0
12,PSX,MRQ,2018-06-30,2018-06-30,2018-06-30,2021-08-03,-680000000.0,54826000000.0,,14579000000.0,40247000000.0,,48.12,-538000000.0,1884000000.0,1884000000.0,26999000000.0,1404000000.0,1.243,1.325,11364000000.0,341000000.0,11023000000.0,11364000000.0,0.0,337000000.0,0.0,0.026,0.8,1905000000.0,2242000000.0,0.075,2242000000.0,1905000000.0,1770000000.0,2.86,2.84,2.86,22536000000.0,,22536000000.0,63097147405.0,13.0,10.356,1826000000.0,3.899,1.0,2737000000.0,0.092,4136000000.0,135000000.0,48438000000.0,,4901000000.0,14177000000.0,0.0,14177000000.0,29866000000.0,11732000000.0,18134000000.0,52318147405.0,1042000000.0,0.0,-210000000.0,-253000000.0,-372000000.0,-841000000.0,-464000000.0,0.0,2364000000.0,-17000000.0,1339000000.0,1339000000.0,1339000000.0,0.0,65000000.0,0.045,775000000.0,1962000000.0,9336000000.0,0.28,2.322,8.892,9.558,21465000000.0,0.0,112.31,0.475,0.478,7173000000.0,17500000000.0,29736000000.0,29736000000.0,0.0,,,,,0.0,432000000.0,1.0,465836946.0,468331000.0,471638000.0,63.494,50690000000.0,0.0,431000000.0,6324000000.0,108.235,2847000000.0
13,PSX,MRQ,2018-03-31,2018-03-31,2018-03-31,2021-08-03,-504000000.0,52132000000.0,,12125000000.0,40007000000.0,,45.01,-328000000.0,842000000.0,842000000.0,22494000000.0,585000000.0,1.313,1.27,11621000000.0,42000000.0,11579000000.0,11621000000.0,0.0,336000000.0,0.0,0.029,0.7,779000000.0,1115000000.0,0.046,1115000000.0,779000000.0,656000000.0,1.07,1.07,1.07,21923000000.0,,21923000000.0,55069685557.0,15.0,10.809,160000000.0,0.328,1.0,1552000000.0,0.065,4141000000.0,123000000.0,49534000000.0,,4743000000.0,13934000000.0,0.0,13934000000.0,27832000000.0,9236000000.0,18596000000.0,48078685557.0,-2277000000.0,0.0,-3503000000.0,1502000000.0,-327000000.0,-2409000000.0,-357000000.0,-1000000.0,488000000.0,1000000.0,524000000.0,524000000.0,524000000.0,0.0,61000000.0,0.022,722000000.0,830000000.0,7410000000.0,0.654,2.193,9.436,9.64,21500000000.0,0.0,95.92,0.458,0.445,6124000000.0,16537000000.0,24046000000.0,24046000000.0,0.0,,,,,0.0,386000000.0,1.0,501237339.0,487065000.0,489668000.0,49.369,47991000000.0,0.0,132000000.0,6127000000.0,98.531,2889000000.0
14,PSX,MRQ,2017-12-31,2017-12-31,2017-12-31,2021-08-03,-617000000.0,54371000000.0,,14390000000.0,39981000000.0,,49.37,-537000000.0,3119000000.0,3119000000.0,28566000000.0,3255000000.0,1.424,1.074,10110000000.0,41000000.0,10069000000.0,10110000000.0,0.0,346000000.0,0.0,0.027,0.7,711000000.0,1057000000.0,0.035,1057000000.0,711000000.0,597000000.0,6.22,6.19,6.22,25085000000.0,,25085000000.0,59910800260.0,16.0,11.59,1394000000.0,2.744,1.0,1557000000.0,0.052,4146000000.0,114000000.0,47109000000.0,,3395000000.0,13941000000.0,0.0,13941000000.0,26943000000.0,10107000000.0,16836000000.0,51256800260.0,1572000000.0,0.0,-451000000.0,-92000000.0,-353000000.0,91000000.0,-470000000.0,-9000000.0,1931000000.0,20000000.0,3198000000.0,3198000000.0,3198000000.0,0.0,57000000.0,0.106,789000000.0,768000000.0,8027000000.0,0.113,2.043,10.039,10.217,21460000000.0,0.0,101.15,0.49,0.498,7506000000.0,16306000000.0,30123000000.0,30123000000.0,0.0,,,,,0.0,437000000.0,1.0,506740487.0,508100000.0,512484000.0,59.286,50225000000.0,0.0,-2601000000.0,6010000000.0,98.849,4283000000.0
15,PSX,MRQ,2017-09-30,2017-09-30,2017-09-30,2021-08-03,-684000000.0,52712000000.0,,12935000000.0,39777000000.0,,43.911,-367000000.0,1547000000.0,1547000000.0,24053000000.0,849000000.0,1.306,1.277,10201000000.0,706000000.0,9495000000.0,10201000000.0,0.0,337000000.0,0.0,0.029,0.7,1342000000.0,1679000000.0,0.064,1679000000.0,1342000000.0,1230000000.0,1.6,1.6,1.6,22523000000.0,,22523000000.0,54663502739.0,17.0,12.051,34000000.0,0.066,1.0,2153000000.0,0.082,4154000000.0,112000000.0,47307000000.0,,4455000000.0,13899000000.0,0.0,13899000000.0,28753000000.0,9905000000.0,18848000000.0,46859502739.0,-614000000.0,0.0,-444000000.0,229000000.0,-356000000.0,-612000000.0,-381000000.0,0.0,401000000.0,-22000000.0,823000000.0,823000000.0,823000000.0,0.0,26000000.0,0.031,773000000.0,1380000000.0,7271000000.0,0.438,2.081,22.627,22.902,21303000000.0,0.0,91.61,0.477,0.479,6355000000.0,13464000000.0,26206000000.0,26206000000.0,0.0,,,,,0.0,435000000.0,1.0,511510782.0,512923000.0,515960000.0,51.091,48558000000.0,0.0,407000000.0,8506000000.0,94.669,3030000000.0
16,PSX,MRQ,2017-06-30,2017-06-30,2017-06-30,2021-08-03,-809000000.0,51828000000.0,,12456000000.0,39372000000.0,,43.199,-458000000.0,2161000000.0,2161000000.0,22846000000.0,581000000.0,1.404,1.253,9965000000.0,493000000.0,9472000000.0,9965000000.0,0.0,320000000.0,0.0,0.031,0.7,924000000.0,1244000000.0,0.051,1244000000.0,924000000.0,817000000.0,1.06,1.06,1.06,22368000000.0,,22368000000.0,51373163466.0,18.0,12.783,1407000000.0,2.717,1.0,1735000000.0,0.071,4159000000.0,107000000.0,46599000000.0,,4245000000.0,13507000000.0,0.0,13507000000.0,28022000000.0,8874000000.0,19148000000.0,42676163466.0,525000000.0,0.0,-379000000.0,-246000000.0,-360000000.0,-904000000.0,-453000000.0,0.0,1865000000.0,17000000.0,550000000.0,550000000.0,550000000.0,0.0,31000000.0,0.022,774000000.0,961000000.0,6555000000.0,0.66,1.908,24.262,24.537,21293000000.0,0.0,82.69,0.454,0.455,5594000000.0,13001000000.0,24581000000.0,24581000000.0,0.0,,,,,0.0,439000000.0,1.0,516098240.0,517785000.0,520160000.0,47.473,47669000000.0,0.0,267000000.0,8458000000.0,92.063,3582000000.0
17,PSX,MRQ,2017-03-31,2017-03-31,2017-03-31,2021-08-03,-952000000.0,51405000000.0,,12170000000.0,39235000000.0,,42.872,-470000000.0,1513000000.0,1513000000.0,22105000000.0,563000000.0,1.394,1.238,10210000000.0,609000000.0,9601000000.0,10210000000.0,0.0,315000000.0,0.0,0.032,0.63,874000000.0,1189000000.0,0.05,1189000000.0,874000000.0,769000000.0,1.02,1.02,1.02,22364000000.0,,22364000000.0,48448417505.0,18.0,12.591,-1019000000.0,-1.953,1.0,1607000000.0,0.068,4165000000.0,105000000.0,47207000000.0,,4387000000.0,13359000000.0,0.0,13359000000.0,27680000000.0,8730000000.0,18950000000.0,41021417505.0,-1075000000.0,318000000.0,-281000000.0,-61000000.0,-326000000.0,-686000000.0,158000000.0,325000000.0,-549000000.0,2000000.0,535000000.0,535000000.0,535000000.0,0.0,28000000.0,0.023,701000000.0,906000000.0,6372000000.0,0.618,1.834,24.059,24.375,21240000000.0,0.0,79.22,0.447,0.451,5690000000.0,12814000000.0,23712000000.0,23712000000.0,0.0,,,,,0.0,384000000.0,1.0,517816429.0,521647000.0,524520000.0,45.456,47240000000.0,0.0,234000000.0,8107000000.0,90.559,3440000000.0
18,PSX,MRQ,2016-12-31,2016-12-31,2016-12-31,2021-08-03,-995000000.0,51653000000.0,,12680000000.0,38973000000.0,,42.715,-813000000.0,2711000000.0,2711000000.0,22785000000.0,194000000.0,1.34,1.247,10138000000.0,550000000.0,9588000000.0,10138000000.0,0.0,305000000.0,0.0,0.028,0.63,119000000.0,424000000.0,0.018,424000000.0,119000000.0,31000000.0,0.32,0.31,0.32,22390000000.0,,22390000000.0,51527666214.0,21.0,14.282,-146000000.0,-0.279,1.0,883000000.0,0.037,4158000000.0,88000000.0,45459000000.0,,3150000000.0,13534000000.0,0.0,13534000000.0,27928000000.0,9463000000.0,18465000000.0,45006666214.0,374000000.0,0.0,-210000000.0,1275000000.0,-328000000.0,703000000.0,-995000000.0,-165000000.0,667000000.0,-1000000.0,163000000.0,163000000.0,163000000.0,0.0,31000000.0,0.007,726000000.0,157000000.0,7061000000.0,1.969,2.01,28.943,29.391,20855000000.0,0.0,86.41,0.525,0.531,6397000000.0,12608000000.0,23668000000.0,23668000000.0,0.0,,,,,0.0,420000000.0,1.0,520850205.0,524174000.0,525314000.0,45.153,47495000000.0,0.0,-132000000.0,7548000000.0,90.609,3217000000.0
19,PSX,MRQ,2016-09-30,2016-09-30,2016-09-30,2021-08-03,-792000000.0,50254000000.0,,11964000000.0,38290000000.0,,43.546,-661000000.0,2337000000.0,2337000000.0,20446000000.0,536000000.0,1.185,1.133,8858000000.0,1583000000.0,7275000000.0,8858000000.0,0.0,293000000.0,0.0,0.03,0.63,869000000.0,1162000000.0,0.053,1162000000.0,869000000.0,788000000.0,0.97,0.96,0.97,22905000000.0,,22905000000.0,48745513290.0,15.0,11.193,222000000.0,0.422,1.0,1596000000.0,0.072,4159000000.0,81000000.0,42516000000.0,,3905000000.0,13277000000.0,0.0,13277000000.0,25943000000.0,10100000000.0,15843000000.0,42115513290.0,105000000.0,0.0,-174000000.0,-2000000.0,-329000000.0,-230000000.0,-551000000.0,23000000.0,883000000.0,3000000.0,511000000.0,511000000.0,511000000.0,0.0,25000000.0,0.023,706000000.0,890000000.0,6562000000.0,0.649,1.839,20.625,20.922,20447000000.0,0.0,80.55,0.501,0.504,5001000000.0,12775000000.0,22042000000.0,22042000000.0,0.0,,,,,0.0,411000000.0,1.0,522849327.0,525991000.0,528798000.0,41.906,46095000000.0,0.0,277000000.0,7437000000.0,87.635,1864000000.0
20,PSX,MRQ,2016-06-30,2016-06-30,2016-06-30,2021-08-03,-752000000.0,50361000000.0,,12643000000.0,37718000000.0,,43.241,-620000000.0,2232000000.0,2232000000.0,20786000000.0,516000000.0,1.216,1.151,8862000000.0,1532000000.0,7330000000.0,8862000000.0,0.0,290000000.0,0.0,0.029,0.63,783000000.0,1073000000.0,0.048,1073000000.0,783000000.0,700000000.0,0.94,0.93,0.94,22842000000.0,,22842000000.0,48811632878.0,10.0,8.303,535000000.0,1.013,1.0,1521000000.0,0.068,4171000000.0,83000000.0,42420000000.0,,3993000000.0,12936000000.0,0.0,12936000000.0,26295000000.0,10400000000.0,15895000000.0,41699632878.0,509000000.0,0.0,-237000000.0,34000000.0,-329000000.0,132000000.0,-750000000.0,-107000000.0,1155000000.0,-28000000.0,496000000.0,496000000.0,496000000.0,0.0,20000000.0,0.022,713000000.0,808000000.0,7084000000.0,0.67,1.826,13.413,13.679,20247000000.0,0.0,79.34,0.471,0.474,5597000000.0,12597000000.0,22307000000.0,22307000000.0,0.0,,,,,0.0,421000000.0,1.0,525581458.0,528247000.0,531060000.0,42.228,46190000000.0,0.0,204000000.0,7145000000.0,87.44,2243000000.0
21,PSX,MRQ,2016-03-31,2016-03-31,2016-03-31,2021-08-03,-657000000.0,48246000000.0,,11216000000.0,37030000000.0,,42.856,-750000000.0,1723000000.0,1723000000.0,16414000000.0,398000000.0,1.512,1.08,8835000000.0,32000000.0,8803000000.0,8835000000.0,0.0,280000000.0,0.0,0.026,0.56,669000000.0,949000000.0,0.053,949000000.0,669000000.0,583000000.0,0.72,0.72,0.72,22788000000.0,,22788000000.0,51485752221.0,9.0,7.788,-492000000.0,-0.925,1.0,1346000000.0,0.076,4176000000.0,86000000.0,43763000000.0,,4108000000.0,12449000000.0,0.0,12449000000.0,24603000000.0,7419000000.0,17184000000.0,45672752221.0,-1351000000.0,0.0,-387000000.0,-50000000.0,-296000000.0,-783000000.0,-862000000.0,-75000000.0,258000000.0,36000000.0,385000000.0,385000000.0,385000000.0,0.0,13000000.0,0.022,666000000.0,680000000.0,5767000000.0,0.778,2.004,12.599,12.905,20075000000.0,0.0,86.59,0.479,0.483,4737000000.0,12434000000.0,17760000000.0,17760000000.0,0.0,,,,,0.0,386000000.0,1.0,527459894.0,531739000.0,534709000.0,33.4,44070000000.0,0.0,198000000.0,6909000000.0,82.879,3797000000.0
22,PSX,MRQ,2015-12-31,2015-12-31,2015-12-31,2021-08-03,-653000000.0,48580000000.0,,12256000000.0,36324000000.0,,43.07,-2478000000.0,3074000000.0,3074000000.0,20401000000.0,666000000.0,1.627,1.067,8887000000.0,44000000.0,8843000000.0,8887000000.0,0.0,281000000.0,0.0,0.027,0.56,890000000.0,1171000000.0,0.053,1171000000.0,890000000.0,816000000.0,1.22,1.21,1.22,23100000000.0,,23100000000.0,47764414904.0,8.0,6.473,-981000000.0,-1.829,1.0,1628000000.0,0.074,4181000000.0,74000000.0,42681000000.0,,3477000000.0,12143000000.0,0.0,12143000000.0,24642000000.0,7531000000.0,17111000000.0,43635414904.0,-1748000000.0,0.0,-348000000.0,-8000000.0,-298000000.0,-717000000.0,-2522000000.0,0.0,1497000000.0,-6000000.0,650000000.0,650000000.0,650000000.0,0.0,16000000.0,0.03,718000000.0,910000000.0,5655000000.0,0.459,1.889,10.323,10.514,19721000000.0,0.0,81.8,0.432,0.439,5173000000.0,12348000000.0,22029000000.0,22029000000.0,0.0,,,,,0.0,433000000.0,1.0,533440280.0,536334000.0,540806000.0,41.073,44399000000.0,0.0,166000000.0,6919000000.0,82.782,4725000000.0
23,PSX,MRQ,2015-09-30,2015-09-30,2015-09-30,2021-08-03,-588000000.0,49415000000.0,,15049000000.0,34366000000.0,,42.923,-992000000.0,4822000000.0,4822000000.0,23273000000.0,1592000000.0,1.696,1.094,8951000000.0,43000000.0,8908000000.0,8951000000.0,0.0,270000000.0,0.0,0.028,0.56,2416000000.0,2686000000.0,0.102,2686000000.0,2416000000.0,2345000000.0,2.92,2.9,2.92,23194000000.0,,23194000000.0,45189763126.0,7.0,5.717,445000000.0,0.824,1.0,3144000000.0,0.119,4154000000.0,71000000.0,40515000000.0,,4388000000.0,10601000000.0,0.0,10601000000.0,25383000000.0,8875000000.0,16508000000.0,41313763126.0,-267000000.0,0.0,-375000000.0,-14000000.0,-300000000.0,-699000000.0,-964000000.0,0.0,1437000000.0,-41000000.0,1578000000.0,1578000000.0,1578000000.0,0.0,14000000.0,0.06,708000000.0,2436000000.0,6862000000.0,0.192,1.781,8.746,8.904,19257000000.0,0.0,76.84,0.361,0.363,5198000000.0,12000000000.0,26417000000.0,26417000000.0,0.0,,,,,0.0,437000000.0,1.0,537659593.0,540357000.0,544696000.0,48.888,45261000000.0,0.0,767000000.0,6381000000.0,83.761,6174000000.0
24,PSX,MRQ,2015-06-30,2015-06-30,2015-06-30,2021-08-03,-469000000.0,49874000000.0,,16534000000.0,33340000000.0,,41.11,-1213000000.0,5089000000.0,5089000000.0,26845000000.0,1025000000.0,1.641,1.19,8965000000.0,42000000.0,8923000000.0,8965000000.0,0.0,274000000.0,0.0,0.026,0.56,1531000000.0,1805000000.0,0.062,1805000000.0,1531000000.0,1452000000.0,1.85,1.84,1.85,22389000000.0,,22389000000.0,47192880284.0,8.0,6.514,214000000.0,0.393,1.0,2232000000.0,0.077,4155000000.0,79000000.0,39520000000.0,,4126000000.0,10070000000.0,0.0,10070000000.0,26651000000.0,10075000000.0,16576000000.0,43633880284.0,-301000000.0,0.0,-334000000.0,-9000000.0,-302000000.0,-643000000.0,-1214000000.0,50000000.0,1427000000.0,129000000.0,1012000000.0,1012000000.0,1012000000.0,0.0,13000000.0,0.035,682000000.0,1550000000.0,8484000000.0,0.303,1.949,10.086,10.302,18765000000.0,0.0,80.56,0.338,0.34,6567000000.0,10726000000.0,29077000000.0,29077000000.0,0.0,,,,,0.0,406000000.0,1.0,541632079.0,544617000.0,548926000.0,53.39,45719000000.0,0.0,440000000.0,6221000000.0,83.947,6459000000.0
25,PSX,MRQ,2015-03-31,2015-03-31,2015-03-31,2021-08-03,-694000000.0,49077000000.0,,16144000000.0,32933000000.0,,39.694,-1081000000.0,5390000000.0,5390000000.0,21251000000.0,997000000.0,1.637,1.217,8949000000.0,35000000.0,8914000000.0,8949000000.0,0.0,253000000.0,0.0,0.025,0.5,1464000000.0,1717000000.0,0.073,1717000000.0,1464000000.0,1378000000.0,1.8,1.79,1.8,21760000000.0,,21760000000.0,46195927237.0,8.0,6.511,271000000.0,0.494,1.0,2175000000.0,0.093,4156000000.0,86000000.0,38616000000.0,,4166000000.0,10529000000.0,0.0,10529000000.0,26482000000.0,9864000000.0,16618000000.0,42718927237.0,183000000.0,0.0,-424000000.0,274000000.0,-272000000.0,-58000000.0,-1038000000.0,-50000000.0,1352000000.0,-73000000.0,987000000.0,987000000.0,987000000.0,0.0,10000000.0,0.042,647000000.0,1528000000.0,7693000000.0,0.278,1.963,10.227,10.494,17918000000.0,0.0,78.6,0.292,0.294,5737000000.0,10021000000.0,23426000000.0,23426000000.0,0.0,,,,,0.0,394000000.0,1.0,543497802.0,548200000.0,552337000.0,42.733,44921000000.0,0.0,391000000.0,6595000000.0,81.943,6280000000.0
26,PSX,MRQ,2014-12-31,2014-12-31,2014-12-31,2021-08-03,-531000000.0,48692000000.0,,16692000000.0,32000000000.0,,38.934,-1126000000.0,5207000000.0,5207000000.0,33309000000.0,1158000000.0,1.505,1.235,8635000000.0,842000000.0,7793000000.0,8635000000.0,0.0,273000000.0,0.0,0.026,0.5,1423000000.0,1696000000.0,0.048,1696000000.0,1423000000.0,1350000000.0,2.06,2.05,2.06,21590000000.0,,21590000000.0,42791910923.0,6.0,5.573,-254000000.0,-0.458,1.0,2298000000.0,0.065,4174000000.0,73000000.0,36852000000.0,,3397000000.0,10189000000.0,0.0,10189000000.0,26655000000.0,11094000000.0,15561000000.0,39686910923.0,2099000000.0,0.0,-532000000.0,2468000000.0,-275000000.0,1649000000.0,-468000000.0,0.0,872000000.0,46000000.0,1147000000.0,1147000000.0,1147000000.0,0.0,11000000.0,0.032,855000000.0,1443000000.0,8064000000.0,0.243,1.838,8.334,8.536,17346000000.0,0.0,71.7,0.242,0.247,7255000000.0,9309000000.0,35607000000.0,35607000000.0,0.0,,,,,0.0,448000000.0,1.0,553513402.0,554532000.0,559249000.0,64.211,44518000000.0,0.0,203000000.0,6369000000.0,80.28,5598000000.0
27,PSX,MRQ,2014-09-30,2014-09-30,2014-09-30,2021-08-03,-25000000.0,49650000000.0,,18194000000.0,31456000000.0,,38.867,-1514000000.0,3108000000.0,3108000000.0,38580000000.0,1189000000.0,1.321,1.263,6213000000.0,35000000.0,6178000000.0,6213000000.0,0.0,249000000.0,0.0,0.022,0.5,1778000000.0,2027000000.0,0.049,2027000000.0,1778000000.0,1718000000.0,2.11,2.09,2.11,21746000000.0,,21746000000.0,46699225399.0,7.0,6.214,-1085000000.0,-1.939,1.0,2468000000.0,0.06,4094000000.0,60000000.0,34892000000.0,,5673000000.0,10237000000.0,0.0,10237000000.0,27456000000.0,13769000000.0,13687000000.0,45443225399.0,-1848000000.0,0.0,-481000000.0,-13000000.0,-277000000.0,-778000000.0,-1381000000.0,0.0,429000000.0,-118000000.0,1180000000.0,1180000000.0,1180000000.0,0.0,9000000.0,0.029,662000000.0,1806000000.0,11470000000.0,0.237,2.09,10.233,10.56,16951000000.0,0.0,81.31,0.264,0.264,8766000000.0,8439000000.0,41048000000.0,41048000000.0,0.0,,,,,0.0,401000000.0,1.0,558888518.0,559492000.0,564958000.0,73.367,45556000000.0,0.0,538000000.0,6577000000.0,81.424,4425000000.0
28,PSX,MRQ,2014-06-30,2014-06-30,2014-06-30,2021-08-03,186000000.0,50822000000.0,,20605000000.0,30217000000.0,,38.019,-561000000.0,4956000000.0,4956000000.0,44225000000.0,872000000.0,1.363,1.342,6212000000.0,38000000.0,6174000000.0,6212000000.0,0.0,239000000.0,0.0,0.02,0.5,1416000000.0,1655000000.0,0.036,1655000000.0,1416000000.0,1350000000.0,1.52,1.51,1.52,21511000000.0,,21511000000.0,46401977855.0,8.0,7.028,269000000.0,0.475,1.0,2114000000.0,0.046,3875000000.0,66000000.0,33083000000.0,,4928000000.0,10038000000.0,0.0,10038000000.0,28867000000.0,15120000000.0,13747000000.0,45510977855.0,-370000000.0,0.0,-608000000.0,-9000000.0,-281000000.0,-878000000.0,-361000000.0,-3000000.0,830000000.0,39000000.0,863000000.0,863000000.0,863000000.0,0.0,9000000.0,0.019,654000000.0,1460000000.0,12849000000.0,0.329,2.116,11.989,12.431,16092000000.0,0.0,80.43,0.258,0.258,10110000000.0,7541000000.0,46339000000.0,46339000000.0,0.0,,,,,0.0,412000000.0,1.0,565845802.0,565799000.0,571285000.0,81.9,46947000000.0,0.0,487000000.0,6771000000.0,82.975,5485000000.0
29,PSX,MRQ,2014-03-31,2014-03-31,2014-03-31,2021-08-03,77000000.0,50847000000.0,,21059000000.0,29788000000.0,,36.615,-572000000.0,5326000000.0,5326000000.0,39109000000.0,1578000000.0,1.389,1.357,6217000000.0,40000000.0,6177000000.0,6217000000.0,0.0,234000000.0,0.0,0.018,0.39,2066000000.0,2300000000.0,0.056,2300000000.0,2066000000.0,1998000000.0,2.69,2.67,2.69,21385000000.0,,21385000000.0,46037328481.0,8.0,6.861,826000000.0,1.414,1.0,1990000000.0,0.048,3878000000.0,68000000.0,32696000000.0,,5908000000.0,10001000000.0,0.0,10001000000.0,29018000000.0,15164000000.0,13854000000.0,45282328481.0,-74000000.0,0.0,-660000000.0,-8000000.0,-229000000.0,-1355000000.0,-86000000.0,0.0,1398000000.0,-31000000.0,1572000000.0,1572000000.0,1572000000.0,0.0,6000000.0,0.038,637000000.0,1353000000.0,12623000000.0,0.145,2.117,11.638,11.855,15751000000.0,0.0,77.06,0.261,0.259,9120000000.0,6962000000.0,41099000000.0,41099000000.0,0.0,,,,,0.0,402000000.0,1.0,587624299.0,584053000.0,589575000.0,70.369,46969000000.0,0.0,426000000.0,7283000000.0,80.419,5895000000.0
30,PSX,MRQ,2013-12-31,2013-12-31,2013-12-31,2021-08-03,37000000.0,49798000000.0,,19237000000.0,30561000000.0,,36.662,-623000000.0,5400000000.0,5400000000.0,41902000000.0,833000000.0,1.488,1.249,6155000000.0,24000000.0,6131000000.0,6155000000.0,0.0,243000000.0,0.0,0.021,0.39,1290000000.0,1533000000.0,0.035,1533000000.0,1290000000.0,1222000000.0,1.38,1.37,1.38,21950000000.0,,21950000000.0,46456245309.0,8.0,6.84,274000000.0,0.458,1.0,1941000000.0,0.044,3794000000.0,68000000.0,33828000000.0,,3354000000.0,11220000000.0,0.0,11220000000.0,27406000000.0,12931000000.0,14475000000.0,46242245309.0,-542000000.0,0.0,-634000000.0,-5000000.0,-232000000.0,-882000000.0,-497000000.0,65000000.0,897000000.0,-60000000.0,826000000.0,826000000.0,826000000.0,0.0,7000000.0,0.019,680000000.0,1261000000.0,11090000000.0,0.283,2.107,12.411,12.707,15398000000.0,0.0,77.13,0.265,0.27,9632000000.0,5622000000.0,43843000000.0,43843000000.0,0.0,,,,,0.0,434000000.0,1.0,599536436.0,598710000.0,604418000.0,73.229,46004000000.0,0.0,396000000.0,6997000000.0,76.839,6306000000.0
31,PSX,MRQ,2013-09-30,2013-09-30,2013-09-30,2021-08-03,-367000000.0,50983000000.0,,21085000000.0,29898000000.0,,35.39,-408000000.0,5942000000.0,5942000000.0,43333000000.0,540000000.0,1.436,1.345,6156000000.0,24000000.0,6132000000.0,6156000000.0,0.0,233000000.0,0.0,0.026,0.312,881000000.0,1114000000.0,0.025,1114000000.0,881000000.0,813000000.0,0.88,0.87,0.88,21550000000.0,,21550000000.0,37578785592.0,6.0,5.557,1541000000.0,2.531,1.0,1461000000.0,0.033,3941000000.0,68000000.0,32576000000.0,,4737000000.0,10728000000.0,0.0,10728000000.0,28989000000.0,14680000000.0,14309000000.0,35329785592.0,1722000000.0,0.0,-675000000.0,-510000000.0,-189000000.0,-971000000.0,642000000.0,-65000000.0,1949000000.0,102000000.0,535000000.0,535000000.0,535000000.0,0.0,5000000.0,0.012,583000000.0,878000000.0,12744000000.0,0.355,1.639,9.792,9.969,15077000000.0,0.0,57.82,0.201,0.201,9744000000.0,5030000000.0,44794000000.0,44794000000.0,0.0,,,,,0.0,349000000.0,1.0,611030536.0,608934000.0,614519000.0,73.561,47042000000.0,0.0,278000000.0,6522000000.0,77.253,6405000000.0
32,PSX,MRQ,2013-06-30,2013-06-30,2013-06-30,2021-08-03,-566000000.0,49929000000.0,,20529000000.0,29400000000.0,,34.976,-366000000.0,4220000000.0,4220000000.0,41790000000.0,960000000.0,1.466,1.304,6469000000.0,14000000.0,6455000000.0,6469000000.0,0.0,229000000.0,0.0,0.024,0.312,1534000000.0,1763000000.0,0.04,1763000000.0,1534000000.0,1465000000.0,1.55,1.53,1.55,21655000000.0,,21655000000.0,38696983217.0,5.0,4.608,602000000.0,0.972,1.0,2108000000.0,0.048,3944000000.0,69000000.0,34229000000.0,,5033000000.0,10624000000.0,0.0,10624000000.0,28239000000.0,14005000000.0,14234000000.0,36478983217.0,-533000000.0,0.0,-543000000.0,-502000000.0,-192000000.0,-1241000000.0,-266000000.0,45000000.0,968000000.0,6000000.0,958000000.0,958000000.0,958000000.0,0.0,2000000.0,0.022,598000000.0,1510000000.0,12328000000.0,0.201,1.685,7.808,7.907,14679000000.0,0.0,58.91,0.209,0.209,9793000000.0,4687000000.0,43898000000.0,43898000000.0,0.0,,,,,0.0,368000000.0,1.0,619232443.0,619143000.0,624907000.0,70.901,45985000000.0,0.0,507000000.0,6305000000.0,74.272,6524000000.0
33,PSX,MRQ,2013-03-31,2013-03-31,2013-03-31,2021-08-03,-622000000.0,51151000000.0,,21170000000.0,29981000000.0,,34.149,-382000000.0,4753000000.0,4753000000.0,39545000000.0,1410000000.0,1.416,1.395,6971000000.0,13000000.0,6958000000.0,6971000000.0,0.0,242000000.0,0.0,0.015,0.625,2140000000.0,2382000000.0,0.056,2382000000.0,2140000000.0,2070000000.0,2.25,2.23,2.25,21344000000.0,,21344000000.0,46987027482.0,6.0,5.318,1831000000.0,2.929,1.0,2729000000.0,0.065,4071000000.0,70000000.0,34347000000.0,,5811000000.0,10498000000.0,0.0,10498000000.0,29773000000.0,14951000000.0,14822000000.0,43487027482.0,1279000000.0,0.0,-388000000.0,-3000000.0,-194000000.0,-585000000.0,-323000000.0,55000000.0,2213000000.0,-26000000.0,1407000000.0,1407000000.0,1407000000.0,0.0,3000000.0,0.033,593000000.0,2136000000.0,13138000000.0,0.278,2.037,8.884,8.994,15257000000.0,0.0,69.97,0.244,0.245,9910000000.0,3923000000.0,42274000000.0,42274000000.0,0.0,,,,,0.0,327000000.0,1.0,621509611.0,625030000.0,631288000.0,67.635,47080000000.0,0.0,663000000.0,6517000000.0,75.324,6219000000.0
34,PSX,MRQ,2012-12-31,2012-12-31,2012-12-31,2021-08-03,-314000000.0,48073000000.0,,17962000000.0,30111000000.0,,33.054,-874000000.0,3474000000.0,3474000000.0,42006000000.0,710000000.0,1.439,1.312,6974000000.0,13000000.0,6961000000.0,6974000000.0,0.0,237000000.0,0.0,0.008,0.25,1266000000.0,1503000000.0,0.034,1503000000.0,1266000000.0,1190000000.0,1.12,1.11,1.12,20775000000.0,,20775000000.0,36778324300.0,5.0,4.746,431000000.0,0.686,1.0,2492000000.0,0.056,4068000000.0,76000000.0,35023000000.0,,3430000000.0,10471000000.0,0.0,10471000000.0,27267000000.0,12482000000.0,14785000000.0,33230324300.0,-956000000.0,0.0,-221000000.0,-1004000000.0,-157000000.0,-1381000000.0,-867000000.0,0.0,1305000000.0,-13000000.0,708000000.0,708000000.0,708000000.0,0.0,2000000.0,0.016,1271000000.0,1221000000.0,10710000000.0,0.223,1.6,8.058,8.107,15407000000.0,0.0,53.1,0.182,0.183,10403000000.0,2713000000.0,44498000000.0,44498000000.0,0.0,,,,,0.0,442000000.0,1.0,625806484.0,628520000.0,637301000.0,70.798,44005000000.0,0.0,482000000.0,6345000000.0,70.014,5480000000.0
35,PSX,MRQ,2012-09-30,2012-09-30,2012-09-30,2021-08-03,-129000000.0,52230000000.0,,21873000000.0,30357000000.0,,32.621,-339000000.0,4430000000.0,4430000000.0,40483000000.0,1601000000.0,1.335,1.537,7978000000.0,585000000.0,7393000000.0,7978000000.0,0.0,229000000.0,0.0,0.004,0.2,2521000000.0,2750000000.0,0.063,2750000000.0,2521000000.0,2447000000.0,2.53,2.51,2.53,20573000000.0,,20573000000.0,33952405506.0,4.0,3.852,1579000000.0,2.504,1.0,3424000000.0,0.078,4070000000.0,74000000.0,35322000000.0,,5743000000.0,10800000000.0,0.0,10800000000.0,31624000000.0,16386000000.0,15238000000.0,29070405506.0,1326000000.0,0.0,-90000000.0,-8000000.0,-125000000.0,-196000000.0,-420000000.0,-100000000.0,1918000000.0,24000000.0,1599000000.0,1599000000.0,1599000000.0,0.0,2000000.0,0.036,909000000.0,2515000000.0,13452000000.0,0.079,1.413,5.357,5.373,15311000000.0,0.0,46.37,0.154,0.155,10793000000.0,2164000000.0,43907000000.0,43907000000.0,0.0,,,,,0.0,432000000.0,1.0,626922698.0,630672000.0,637913000.0,69.619,48160000000.0,0.0,848000000.0,6828000000.0,76.363,5487000000.0
36,PSX,MRQ,2012-06-30,2012-06-30,2012-06-30,2021-08-03,-358000000.0,48575000000.0,,18526000000.0,30049000000.0,,30.147,-270000000.0,3104000000.0,3104000000.0,44857000000.0,1182000000.0,1.289,1.562,7986000000.0,590000000.0,7396000000.0,7986000000.0,0.0,224000000.0,0.0,0.0,0.0,1976000000.0,2200000000.0,0.046,2200000000.0,1976000000.0,1893000000.0,1.88,1.86,1.88,18948000000.0,,18948000000.0,20912051318.0,3.0,2.668,1164000000.0,1.852,1.0,2970000000.0,0.062,4072000000.0,83000000.0,35014000000.0,,5496000000.0,10640000000.0,0.0,10640000000.0,29596000000.0,14371000000.0,15225000000.0,20784051318.0,3104000000.0,0.0,2000000.0,1809000000.0,0.0,1703000000.0,-36000000.0,0.0,1434000000.0,3000000.0,1181000000.0,1181000000.0,1181000000.0,0.0,1000000.0,0.025,979000000.0,1991000000.0,11474000000.0,0.0,1.097,4.262,4.278,15169000000.0,0.0,33.24,0.106,0.107,9213000000.0,692000000.0,47827000000.0,47827000000.0,0.0,,,,,0.0,480000000.0,1.0,625272302.0,628510000.0,635157000.0,76.096,44503000000.0,0.0,712000000.0,6588000000.0,70.807,4155000000.0
37,PSX,MRQ,2012-03-31,2012-03-31,2012-03-31,2021-08-03,160000000.0,52998000000.0,,23128000000.0,29870000000.0,,39.692,-218000000.0,6050000000.0,6050000000.0,44840000000.0,638000000.0,1.572,1.126,6178000000.0,207000000.0,5971000000.0,6178000000.0,0.0,216000000.0,0.0,,0.0,1080000000.0,1296000000.0,0.028,1296000000.0,1080000000.0,1067000000.0,1.01,1.0,1.01,24912000000.0,,24912000000.0,,,,-579000000.0,-0.923,1.0,1680000000.0,0.036,4059000000.0,13000000.0,34355000000.0,,5040000000.0,10795000000.0,0.0,10795000000.0,28055000000.0,14712000000.0,13343000000.0,,0.0,0.0,0.0,5787000000.0,0.0,573000000.0,-212000000.0,0.0,-361000000.0,0.0,636000000.0,636000000.0,636000000.0,0.0,2000000.0,0.014,608000000.0,1072000000.0,12814000000.0,0.0,,,,14854000000.0,0.0,,,,11320000000.0,,46520000000.0,46520000000.0,0.0,,,,,0.0,349000000.0,1.0,625272302.0,627628000.0,634645000.0,74.12,48939000000.0,0.0,431000000.0,7203000000.0,77.975,8416000000.0
38,PSX,MRQ,2011-12-31,2011-12-31,2011-12-31,2021-08-03,122000000.0,43211000000.0,,13948000000.0,29263000000.0,,37.067,-363000000.0,0.0,0.0,47401000000.0,2012000000.0,1.126,0.856,391000000.0,30000000.0,361000000.0,391000000.0,0.0,235000000.0,0.0,,0.0,2334000000.0,2569000000.0,0.051,2569000000.0,2334000000.0,2328000000.0,3.21,3.16,3.21,23264000000.0,,23264000000.0,,,,2368000000.0,3.773,1.0,2890000000.0,0.057,4064000000.0,6000000.0,27154000000.0,,3466000000.0,10306000000.0,0.0,10306000000.0,19918000000.0,12384000000.0,7534000000.0,,0.0,0.0,0.0,-6000000.0,0.0,-5066000000.0,2335000000.0,0.0,2731000000.0,0.0,2011000000.0,2011000000.0,2011000000.0,0.0,1000000.0,0.04,571000000.0,2319000000.0,10792000000.0,0.0,,,,14771000000.0,0.0,,,,10025000000.0,0.0,50291000000.0,50291000000.0,0.0,,,,,0.0,352000000.0,1.0,625272302.0,627628000.0,634645000.0,80.129,39147000000.0,0.0,317000000.0,6890000000.0,62.373,1564000000.0
39,PSX,MRQ,2011-09-30,2011-09-30,2011-09-30,2021-08-03,,,,,,,,-260000000.0,,,48606000000.0,1051000000.0,,,,,,,,222000000.0,,,0.0,1552000000.0,1774000000.0,0.035,1774000000.0,1552000000.0,1548000000.0,1.67,1.65,1.67,,,,,,,477000000.0,0.76,1.0,2657000000.0,0.052,,4000000.0,,,,,,,,,,,0.0,0.0,0.0,-7000000.0,0.0,-751000000.0,14000000.0,150000000.0,737000000.0,0.0,1049000000.0,1049000000.0,1049000000.0,0.0,2000000.0,0.02,1080000000.0,1577000000.0,,0.0,,,,,0.0,,,,,,51263000000.0,51263000000.0,0.0,,,,,0.0,372000000.0,1.0,625272302.0,627628000.0,634645000.0,81.677,,,499000000.0,,,
40,PSX,MRQ,2011-06-30,2011-06-30,2011-06-30,2021-08-03,,,,,,,,-228000000.0,,,51249000000.0,1040000000.0,,,,,,,,226000000.0,,,0.0,1630000000.0,1856000000.0,0.035,1856000000.0,1630000000.0,1627000000.0,1.66,1.64,1.66,,,,,,,2810000000.0,4.477,1.0,2181000000.0,0.041,,3000000.0,,,,,,,,,,,0.0,0.0,0.0,-7000000.0,0.0,-3314000000.0,276000000.0,400000000.0,3038000000.0,0.0,1039000000.0,1039000000.0,1039000000.0,0.0,1000000.0,0.019,575000000.0,1606000000.0,,0.0,,,,,0.0,,,,,,53430000000.0,53430000000.0,0.0,,,,,0.0,347000000.0,1.0,625272302.0,627628000.0,634645000.0,85.13,,,588000000.0,,,
41,PSX,MRQ,2011-03-31,2011-03-31,2011-03-31,2021-08-03,,,,,,,,-165000000.0,,,43870000000.0,677000000.0,,,,,,,,219000000.0,,,0.0,1098000000.0,1317000000.0,0.029,1317000000.0,1098000000.0,1094000000.0,,,,,,,,,,-1665000000.0,-2.663,1.0,1603000000.0,0.035,,4000000.0,,,,,,,,,,,0.0,0.0,0.0,-6000000.0,0.0,1633000000.0,-133000000.0,0.0,-1500000000.0,0.0,676000000.0,676000000.0,676000000.0,0.0,1000000.0,0.015,542000000.0,1061000000.0,,,,,,,0.0,,,,,,45473000000.0,45473000000.0,0.0,,,,,0.0,323000000.0,1.0,625272302.0,625272302.0,,72.725,,,418000000.0,,,
42,PSX,MRQ,2010-12-31,2010-12-31,2010-12-31,2021-08-03,214000000.0,44955000000.0,,14704000000.0,30251000000.0,,41.427,,0.0,0.0,,,1.176,0.728,417000000.0,29000000.0,388000000.0,417000000.0,0.0,,0.0,,0.0,,,,,,,,,,26001000000.0,,26001000000.0,,,,,,1.0,,,4410000000.0,,28459000000.0,,4113000000.0,10319000000.0,0.0,10319000000.0,18929000000.0,12503000000.0,6426000000.0,,,,,,,,,,,,,,,,,,,,10751000000.0,,,,,15409000000.0,,,,,10213000000.0,,,,,,,,,,,1.0,625272302.0,627628000.0,,,40545000000.0,0.0,,5999000000.0,64.6,2201000000.0
43,PSX,MRQ,2009-12-31,2009-12-31,2009-12-31,2021-08-03,329000000.0,42880000000.0,,11368000000.0,31512000000.0,,,,0.0,0.0,,,1.218,0.592,428000000.0,25000000.0,403000000.0,428000000.0,0.0,,0.0,,0.0,,,,,,,,,,26917000000.0,,26917000000.0,,,,,,1.0,,,4426000000.0,,29547000000.0,,3842000000.0,9751000000.0,0.0,9751000000.0,15940000000.0,9335000000.0,6605000000.0,,,,,,,,,,,,,,,,,,,,7715000000.0,,,,,17238000000.0,,,,,6842000000.0,,,,,,,,,,,1.0,,,,,38454000000.0,0.0,,5995000000.0,,2033000000.0
0,PSX,MRT,2021-06-30,2021-06-30,2021-06-30,2021-08-03,-549000000.0,56977000000.0,55368750000.0,15780000000.0,41197000000.0,1.497,41.253,-1769000000.0,2207000000.0,2207000000.0,80144000000.0,-1485000000.0,1.084,2.004,15413000000.0,2489000000.0,12924000000.0,15413000000.0,0.0,1430000000.0,0.0,0.042,3.6,-2027000000.0,-597000000.0,-0.007,-597000000.0,-2027000000.0,-2587000000.0,-3.88,-3.88,-3.88,18149000000.0,18708500000.0,18149000000.0,51648750574.0,-25.0,-86.514,1375000000.0,3.125,1.0,2735000000.0,0.033,2250000000.0,560000000.0,53382000000.0,55032250000.0,4752000000.0,13520000000.0,0.0,13520000000.0,36375000000.0,14551000000.0,21824000000.0,37577750574.0,317000000.0,262000000.0,26000000.0,924000000.0,-1574000000.0,-1019000000.0,-1874000000.0,-330000000.0,3144000000.0,66000000.0,-1696000000.0,-1696000000.0,-1696000000.0,0.0,211000000.0,-0.02,4531000000.0,-1796000000.0,8945000000.0,-0.928,2.071,-22.157,-22.119,23688000000.0,0.0,85.82,0.453,0.456,8062000000.0,15345000000.0,82879000000.0,82879000000.0,0.0,-0.031,-0.091,-0.037,-0.024,0.0,1657000000.0,1.0,437867054.0,439940000.0,440396000.0,188.387,54727000000.0,0.0,-891000000.0,7241000000.0,124.397,1229000000.0
1,PSX,MRT,2021-03-31,2021-03-31,2021-03-31,2021-08-03,-780000000.0,55496000000.0,54754000000.0,14418000000.0,41078000000.0,1.209,40.907,-2328000000.0,1351000000.0,1351000000.0,64380000000.0,-1926000000.0,1.261,1.949,15422000000.0,516000000.0,14906000000.0,15422000000.0,0.0,1409000000.0,0.0,0.044,3.6,-2930000000.0,-1521000000.0,-0.023,-1521000000.0,-2930000000.0,-3464000000.0,-4.87,-4.87,-4.87,17979000000.0,19350000000.0,17979000000.0,49005950769.0,-17.0,-32.22,-163000000.0,-0.371,1.0,1797000000.0,0.027,2261000000.0,534000000.0,55875000000.0,55374750000.0,4273000000.0,13376000000.0,0.0,13376000000.0,35039000000.0,11431000000.0,23608000000.0,35626950769.0,130000000.0,212000000.0,22000000.0,2460000000.0,-1573000000.0,570000000.0,-2669000000.0,-419000000.0,2165000000.0,64000000.0,-2133000000.0,-2133000000.0,-2133000000.0,0.0,207000000.0,-0.032,4486000000.0,-2689000000.0,8246000000.0,-0.739,1.982,-16.703,-16.743,23677000000.0,0.0,81.54,0.538,0.542,8165000000.0,15449000000.0,66177000000.0,66177000000.0,0.0,-0.039,-0.11,-0.053,-0.044,0.0,1633000000.0,1.0,436926058.0,439504000.0,439504000.0,150.572,53235000000.0,0.0,-1331000000.0,6696000000.0,121.125,2987000000.0
2,PSX,MRT,2020-12-31,2020-12-31,2020-12-31,2021-08-03,-789000000.0,54721000000.0,54245000000.0,13276000000.0,41445000000.0,1.207,43.192,-2920000000.0,2514000000.0,2514000000.0,62734000000.0,-3714000000.0,1.395,1.749,15893000000.0,987000000.0,14906000000.0,15893000000.0,0.0,1395000000.0,0.0,0.051,3.6,-4726000000.0,-3331000000.0,-0.051,-3331000000.0,-4726000000.0,-5225000000.0,-9.06,-9.06,-9.06,18984000000.0,20198250000.0,18984000000.0,43613804939.0,-9.0,-13.093,-809000000.0,-1.841,1.0,2760000000.0,0.042,2268000000.0,499000000.0,56314000000.0,54498000000.0,3893000000.0,13624000000.0,0.0,13624000000.0,33198000000.0,9518000000.0,23680000000.0,30549804939.0,900000000.0,192000000.0,-435000000.0,4127000000.0,-1575000000.0,1791000000.0,-3079000000.0,-272000000.0,2111000000.0,77000000.0,-3975000000.0,-3975000000.0,-3975000000.0,0.0,261000000.0,-0.061,7191000000.0,-4431000000.0,5549000000.0,-0.397,1.609,-7.685,-7.72,23716000000.0,0.0,69.94,0.466,0.469,6522000000.0,16500000000.0,65494000000.0,65494000000.0,0.0,-0.073,-0.197,-0.087,-0.072,0.0,1544000000.0,1.0,436800185.0,439530000.0,439530000.0,149.009,52453000000.0,0.0,-1250000000.0,6995000000.0,119.339,3758000000.0
3,PSX,MRT,2020-09-30,2020-09-30,2020-09-30,2021-08-03,-967000000.0,54281000000.0,55244750000.0,12822000000.0,41459000000.0,1.418,44.933,-3692000000.0,1462000000.0,1462000000.0,73906000000.0,-2410000000.0,1.22,1.621,14526000000.0,1860000000.0,12666000000.0,14526000000.0,0.0,1377000000.0,0.0,0.069,3.6,-3022000000.0,-1645000000.0,-0.021,-1645000000.0,-3022000000.0,-3497000000.0,-6.16,-6.17,-6.16,19722000000.0,21679750000.0,19722000000.0,35194354854.0,-12.0,-21.395,-526000000.0,-1.198,1.0,4432000000.0,0.057,2274000000.0,475000000.0,54558000000.0,53690500000.0,4897000000.0,13767000000.0,0.0,13767000000.0,31976000000.0,10513000000.0,21463000000.0,22638354854.0,-806000000.0,155000000.0,-832000000.0,2481000000.0,-1580000000.0,-190000000.0,-3822000000.0,-210000000.0,3166000000.0,40000000.0,-2700000000.0,-2700000000.0,-2700000000.0,0.0,290000000.0,-0.034,7131000000.0,-2699000000.0,5457000000.0,-0.584,1.148,-8.385,-8.416,23489000000.0,0.0,51.84,0.289,0.29,5963000000.0,17436000000.0,78338000000.0,78338000000.0,0.0,-0.049,-0.125,-0.056,-0.039,0.0,1603000000.0,1.0,436696660.0,438916000.0,438916000.0,178.481,52007000000.0,0.0,-797000000.0,6736000000.0,118.49,2309000000.0
4,PSX,MRT,2020-06-30,2020-06-30,2020-06-30,2021-08-03,-1148000000.0,54518000000.0,56359750000.0,12499000000.0,42019000000.0,1.594,47.213,-4007000000.0,1890000000.0,1890000000.0,83392000000.0,-891000000.0,1.247,1.507,14446000000.0,1783000000.0,12663000000.0,14446000000.0,0.0,1361000000.0,0.0,0.05,3.6,-760000000.0,601000000.0,0.007,601000000.0,-760000000.0,-1212000000.0,-2.76,-2.77,-2.76,20715000000.0,22963500000.0,20715000000.0,43138911433.0,-57.0,71.779,330000000.0,0.752,1.0,6418000000.0,0.071,2299000000.0,452000000.0,54752000000.0,53094250000.0,5136000000.0,13628000000.0,0.0,13628000000.0,31223000000.0,10023000000.0,21200000000.0,31396911433.0,71000000.0,124000000.0,-1265000000.0,2902000000.0,-1589000000.0,-117000000.0,-4126000000.0,-190000000.0,4337000000.0,-23000000.0,-1189000000.0,-1189000000.0,-1189000000.0,0.0,298000000.0,-0.013,6860000000.0,-442000000.0,5368000000.0,-1.304,1.516,-26.406,-26.051,24282000000.0,0.0,71.9,0.35,0.351,4852000000.0,18631000000.0,89810000000.0,89810000000.0,0.0,-0.021,-0.052,-0.014,-0.008,0.0,1635000000.0,1.0,436674707.0,438756000.0,438756000.0,204.692,52219000000.0,0.0,-23000000.0,6517000000.0,119.016,2476000000.0
5,PSX,MRT,2020-03-31,2020-03-31,2020-03-31,2021-08-03,-991000000.0,53460000000.0,57175500000.0,11705000000.0,41755000000.0,1.874,48.425,-3699000000.0,1221000000.0,1221000000.0,98460000000.0,680000000.0,1.112,1.395,12963000000.0,2243000000.0,10720000000.0,12963000000.0,0.0,1352000000.0,0.0,0.067,3.6,1506000000.0,2858000000.0,0.027,2858000000.0,1506000000.0,1056000000.0,0.7,0.68,0.7,21372000000.0,23972750000.0,21372000000.0,33725269423.0,22.0,11.8,1804000000.0,4.088,1.0,8685000000.0,0.081,2305000000.0,450000000.0,52368000000.0,52428500000.0,5331000000.0,13635000000.0,0.0,13635000000.0,29821000000.0,10529000000.0,19292000000.0,23576269423.0,-32000000.0,88000000.0,-1719000000.0,1535000000.0,-1602000000.0,-1951000000.0,-3553000000.0,-11000000.0,5503000000.0,-31000000.0,376000000.0,376000000.0,376000000.0,0.0,304000000.0,0.004,6852000000.0,1833000000.0,5322000000.0,5.143,1.103,62.703,76.643,24051000000.0,0.0,53.65,0.22,0.221,4559000000.0,19168000000.0,107145000000.0,107145000000.0,0.0,0.007,0.016,0.029,0.014,0.0,1634000000.0,1.0,439445842.0,441345000.0,441345000.0,242.769,51155000000.0,0.0,680000000.0,6190000000.0,115.907,1176000000.0
6,PSX,MRT,2019-12-31,2019-12-31,2019-12-31,2021-08-03,-788000000.0,58720000000.0,58274250000.0,14395000000.0,44325000000.0,1.88,55.188,-3873000000.0,1614000000.0,1614000000.0,101012000000.0,3377000000.0,1.236,1.267,11763000000.0,547000000.0,11216000000.0,11763000000.0,0.0,1341000000.0,0.0,0.031,3.5,4335000000.0,5676000000.0,0.052,5676000000.0,4335000000.0,3877000000.0,6.8,6.77,6.8,24910000000.0,24684000000.0,24910000000.0,59162877542.0,14.0,10.423,935000000.0,2.071,1.0,8547000000.0,0.078,4139000000.0,458000000.0,53084000000.0,52446000000.0,3776000000.0,14571000000.0,0.0,14571000000.0,31551000000.0,11646000000.0,19905000000.0,49505877542.0,-1405000000.0,71000000.0,-1618000000.0,476000000.0,-1570000000.0,-2511000000.0,-3688000000.0,-3000000.0,4808000000.0,-14000000.0,3076000000.0,3076000000.0,3076000000.0,0.0,301000000.0,0.028,3883000000.0,4664000000.0,8575000000.0,0.515,1.987,16.094,16.384,23786000000.0,0.0,111.41,0.452,0.459,8510000000.0,22064000000.0,109559000000.0,109559000000.0,0.0,0.053,0.125,0.083,0.04,0.0,1681000000.0,1.0,444357576.0,451364000.0,453888000.0,242.729,54581000000.0,0.0,801000000.0,6532000000.0,120.925,2749000000.0
7,PSX,MRT,2019-09-30,2019-09-30,2019-09-30,2021-08-03,-871000000.0,58741000000.0,57169750000.0,15617000000.0,43124000000.0,1.92,55.36,-3589000000.0,2268000000.0,2268000000.0,99465000000.0,4883000000.0,1.292,1.273,11925000000.0,842000000.0,11083000000.0,11925000000.0,0.0,1338000000.0,0.0,0.033,3.4,6191000000.0,7529000000.0,0.069,7529000000.0,6191000000.0,5727000000.0,9.95,9.91,9.95,24857000000.0,24619750000.0,24857000000.0,55550669773.0,9.0,7.378,3664000000.0,8.16,1.0,10325000000.0,0.094,4142000000.0,464000000.0,52173000000.0,51517250000.0,5521000000.0,14147000000.0,0.0,14147000000.0,31649000000.0,12083000000.0,19566000000.0,45930669773.0,1344000000.0,100000000.0,-1720000000.0,574000000.0,-1539000000.0,-2500000000.0,-3363000000.0,0.0,7253000000.0,-46000000.0,4580000000.0,4580000000.0,4580000000.0,0.0,303000000.0,0.042,3804000000.0,6521000000.0,8373000000.0,0.342,1.848,10.029,10.291,22954000000.0,0.0,102.4,0.418,0.419,7086000000.0,21730000000.0,109790000000.0,109790000000.0,0.0,0.08,0.186,0.12,0.056,0.0,1609000000.0,1.0,448541697.0,449005000.0,451001000.0,244.518,54599000000.0,0.0,1147000000.0,6631000000.0,121.6,3534000000.0
8,PSX,MRT,2019-06-30,2019-06-30,2019-06-30,2021-08-03,-767000000.0,57781000000.0,56455500000.0,14295000000.0,43486000000.0,1.995,54.558,-3501000000.0,1819000000.0,1819000000.0,102048000000.0,5658000000.0,1.28,1.231,11439000000.0,667000000.0,10772000000.0,11439000000.0,0.0,1348000000.0,0.0,0.035,3.3,7244000000.0,8592000000.0,0.076,8592000000.0,7244000000.0,6764000000.0,11.57,11.51,11.57,24752000000.0,24235250000.0,24752000000.0,52470176068.0,7.0,6.107,2672000000.0,5.89,1.0,10563000000.0,0.094,4141000000.0,480000000.0,52089000000.0,51018750000.0,5093000000.0,15006000000.0,0.0,15006000000.0,30475000000.0,11171000000.0,19304000000.0,42425176068.0,-65000000.0,80000000.0,-1683000000.0,54000000.0,-1507000000.0,-2988000000.0,-3236000000.0,0.0,6173000000.0,-14000000.0,5360000000.0,5360000000.0,5360000000.0,0.0,298000000.0,0.048,2986000000.0,7577000000.0,8000000000.0,0.285,1.714,7.915,8.085,22503000000.0,0.0,93.54,0.377,0.377,6727000000.0,21423000000.0,112611000000.0,112611000000.0,0.0,0.095,0.221,0.142,0.064,0.0,1633000000.0,1.0,453551166.0,453681000.0,455585000.0,248.216,53640000000.0,0.0,1404000000.0,6619000000.0,118.233,3124000000.0
9,PSX,MRT,2019-03-31,2019-03-31,2019-03-31,2021-08-03,-709000000.0,57855000000.0,55716750000.0,14815000000.0,43040000000.0,2.043,52.922,-3408000000.0,1253000000.0,1253000000.0,103231000000.0,5558000000.0,1.308,1.285,11298000000.0,30000000.0,11268000000.0,11298000000.0,0.0,1351000000.0,0.0,0.034,3.2,7285000000.0,8636000000.0,0.076,8636000000.0,7285000000.0,6785000000.0,11.3,11.23,11.3,24217000000.0,23681250000.0,24217000000.0,51435078490.0,7.0,5.956,3199000000.0,6.991,1.0,10598000000.0,0.093,4134000000.0,500000000.0,52438000000.0,50106000000.0,5344000000.0,14786000000.0,0.0,14786000000.0,31110000000.0,11328000000.0,19782000000.0,43294078490.0,411000000.0,66000000.0,-1439000000.0,-329000000.0,-1473000000.0,-3042000000.0,-3126000000.0,0.0,6607000000.0,-28000000.0,5275000000.0,5275000000.0,5275000000.0,0.0,283000000.0,0.046,3017000000.0,7581000000.0,9013000000.0,0.283,1.788,8.207,8.422,22263000000.0,0.0,95.17,0.38,0.383,7303000000.0,20408000000.0,113829000000.0,113829000000.0,0.0,0.095,0.223,0.145,0.064,0.0,1657000000.0,1.0,454913087.0,457599000.0,459289000.0,248.753,53721000000.0,0.0,1510000000.0,6396000000.0,117.398,3487000000.0
10,PSX,MRT,2018-12-31,2018-12-31,2018-12-31,2021-08-03,-692000000.0,54302000000.0,54286000000.0,13209000000.0,41093000000.0,2.104,52.374,-2639000000.0,3019000000.0,3019000000.0,103235000000.0,5873000000.0,1.478,1.101,11160000000.0,67000000.0,11093000000.0,11160000000.0,0.0,1356000000.0,0.0,0.036,3.1,7671000000.0,9027000000.0,0.079,9027000000.0,7671000000.0,7167000000.0,11.87,11.8,11.87,24653000000.0,23107750000.0,24653000000.0,50138946404.0,7.0,5.554,4934000000.0,10.482,1.0,10982000000.0,0.096,4139000000.0,504000000.0,49369000000.0,49380000000.0,3543000000.0,14421000000.0,0.0,14421000000.0,27149000000.0,8935000000.0,18214000000.0,39725946404.0,-100000000.0,45000000.0,-4606000000.0,1040000000.0,-1436000000.0,-5167000000.0,-2471000000.0,-1000000.0,7573000000.0,-35000000.0,5595000000.0,5595000000.0,5595000000.0,0.0,278000000.0,0.049,3041000000.0,7941000000.0,6586000000.0,0.261,1.611,7.1,7.258,22018000000.0,0.0,86.15,0.348,0.355,6173000000.0,20489000000.0,114217000000.0,114217000000.0,0.0,0.103,0.242,0.155,0.067,0.0,1677000000.0,1.0,461125321.0,470708000.0,474047000.0,242.649,50163000000.0,0.0,1572000000.0,6391000000.0,106.569,4274000000.0
11,PSX,MRT,2018-09-30,2018-09-30,2018-09-30,2021-08-03,-639000000.0,55884000000.0,54303250000.0,15314000000.0,40570000000.0,2.108,50.029,-2182000000.0,924000000.0,924000000.0,105759000000.0,6812000000.0,1.279,1.29,11337000000.0,316000000.0,11021000000.0,11337000000.0,0.0,1365000000.0,0.0,0.027,3.0,5419000000.0,6784000000.0,0.059,6784000000.0,5419000000.0,4922000000.0,13.35,13.28,13.35,23319000000.0,23215750000.0,23319000000.0,61811658855.0,11.0,9.111,3183000000.0,6.829,1.0,8738000000.0,0.076,4144000000.0,497000000.0,50179000000.0,48815000000.0,5544000000.0,14311000000.0,0.0,14311000000.0,30089000000.0,11974000000.0,18115000000.0,52331658855.0,-623000000.0,0.0,-4560000000.0,1128000000.0,-1422000000.0,-3978000000.0,-2010000000.0,-10000000.0,5365000000.0,0.0,6553000000.0,6553000000.0,6553000000.0,0.0,259000000.0,0.057,3073000000.0,5665000000.0,9355000000.0,0.225,2.244,7.986,8.443,21625000000.0,0.0,112.72,0.457,0.459,7971000000.0,18618000000.0,114497000000.0,114497000000.0,0.0,0.121,0.282,0.111,0.047,0.0,1695000000.0,1.0,464262410.0,466109000.0,469440000.0,245.644,51740000000.0,0.0,-1631000000.0,6462000000.0,111.004,3340000000.0
12,PSX,MRT,2018-06-30,2018-06-30,2018-06-30,2021-08-03,-680000000.0,54826000000.0,53510250000.0,14579000000.0,40247000000.0,2.058,48.12,-1770000000.0,1884000000.0,1884000000.0,102112000000.0,6093000000.0,1.243,1.325,11364000000.0,341000000.0,11023000000.0,11364000000.0,0.0,1356000000.0,0.0,0.026,2.9,4737000000.0,6093000000.0,0.055,6093000000.0,4737000000.0,4253000000.0,11.75,11.7,11.75,22536000000.0,23016750000.0,22536000000.0,63097147405.0,13.0,10.356,3414000000.0,7.29,1.0,7999000000.0,0.073,4136000000.0,484000000.0,48438000000.0,48097000000.0,4901000000.0,14177000000.0,0.0,14177000000.0,29866000000.0,11732000000.0,18134000000.0,52318147405.0,-277000000.0,0.0,-4608000000.0,1386000000.0,-1408000000.0,-3771000000.0,-1672000000.0,-10000000.0,5184000000.0,-18000000.0,5884000000.0,5884000000.0,5884000000.0,0.0,209000000.0,0.053,3059000000.0,4940000000.0,9336000000.0,0.247,2.322,8.892,9.558,21465000000.0,0.0,112.31,0.475,0.478,7173000000.0,17500000000.0,110111000000.0,110111000000.0,0.0,0.11,0.256,0.098,0.043,0.0,1690000000.0,1.0,465836946.0,468331000.0,471638000.0,235.114,50690000000.0,0.0,-1631000000.0,6324000000.0,108.235,2847000000.0
13,PSX,MRT,2018-03-31,2018-03-31,2018-03-31,2021-08-03,-504000000.0,52132000000.0,52760750000.0,12125000000.0,40007000000.0,1.989,45.01,-1690000000.0,842000000.0,842000000.0,97959000000.0,5270000000.0,1.313,1.27,11621000000.0,42000000.0,11579000000.0,11621000000.0,0.0,1339000000.0,0.0,0.029,2.8,3756000000.0,5095000000.0,0.049,5095000000.0,3756000000.0,3300000000.0,9.95,9.92,9.95,21923000000.0,22974750000.0,21923000000.0,55069685557.0,15.0,10.809,2995000000.0,6.149,1.0,6997000000.0,0.067,4141000000.0,456000000.0,49534000000.0,47637250000.0,4743000000.0,13934000000.0,0.0,13934000000.0,27832000000.0,9236000000.0,18596000000.0,48078685557.0,-794000000.0,0.0,-4777000000.0,1393000000.0,-1396000000.0,-3834000000.0,-1661000000.0,-10000000.0,4685000000.0,16000000.0,5095000000.0,5095000000.0,5095000000.0,0.0,175000000.0,0.049,3058000000.0,3939000000.0,7410000000.0,0.281,2.193,9.436,9.64,21500000000.0,0.0,95.92,0.458,0.445,6124000000.0,16537000000.0,104956000000.0,104956000000.0,0.0,0.097,0.222,0.079,0.036,0.0,1697000000.0,1.0,501237339.0,487065000.0,489668000.0,215.487,47991000000.0,0.0,-1795000000.0,6127000000.0,98.531,2889000000.0
14,PSX,MRT,2017-12-31,2017-12-31,2017-12-31,2021-08-03,-617000000.0,54371000000.0,52579000000.0,14390000000.0,39981000000.0,1.99,48.7,-1832000000.0,3119000000.0,3119000000.0,97570000000.0,5248000000.0,1.424,1.074,10110000000.0,41000000.0,10069000000.0,10110000000.0,0.0,1318000000.0,0.0,0.027,2.73,3851000000.0,5169000000.0,0.049,5169000000.0,3851000000.0,3413000000.0,9.9,9.85,9.9,25085000000.0,23085000000.0,25085000000.0,59910800260.0,16.0,11.59,1816000000.0,3.526,1.0,7052000000.0,0.067,4146000000.0,438000000.0,47109000000.0,47055500000.0,3395000000.0,13941000000.0,0.0,13941000000.0,26943000000.0,10107000000.0,16836000000.0,51256800260.0,408000000.0,318000000.0,-1555000000.0,-170000000.0,-1395000000.0,-2111000000.0,-1146000000.0,316000000.0,3648000000.0,17000000.0,5106000000.0,5106000000.0,5106000000.0,0.0,142000000.0,0.049,3037000000.0,4015000000.0,8027000000.0,0.276,2.043,10.039,10.217,21460000000.0,0.0,101.15,0.49,0.498,7506000000.0,16306000000.0,104622000000.0,104622000000.0,0.0,0.097,0.221,0.082,0.037,0.0,1695000000.0,1.0,506740487.0,515090000.0,518508000.0,203.114,50225000000.0,0.0,-1693000000.0,6010000000.0,97.507,4283000000.0
15,PSX,MRT,2017-09-30,2017-09-30,2017-09-30,2021-08-03,-684000000.0,52712000000.0,51899500000.0,12935000000.0,39777000000.0,1.891,43.911,-2108000000.0,1547000000.0,1547000000.0,91789000000.0,2187000000.0,1.306,1.277,10201000000.0,706000000.0,9495000000.0,10201000000.0,0.0,1277000000.0,0.0,0.029,2.66,3259000000.0,4536000000.0,0.046,4536000000.0,3259000000.0,2847000000.0,4.0,3.99,4.0,22523000000.0,22411250000.0,22523000000.0,54663502739.0,17.0,12.051,276000000.0,0.538,1.0,6378000000.0,0.065,4154000000.0,412000000.0,47307000000.0,46643000000.0,4455000000.0,13899000000.0,0.0,13899000000.0,28753000000.0,9905000000.0,18848000000.0,46859502739.0,-790000000.0,318000000.0,-1314000000.0,1197000000.0,-1370000000.0,-1499000000.0,-1671000000.0,160000000.0,2384000000.0,-4000000.0,2071000000.0,2071000000.0,2071000000.0,0.0,116000000.0,0.021,2974000000.0,3404000000.0,7271000000.0,0.665,2.081,22.627,22.902,21303000000.0,0.0,91.61,0.477,0.479,6355000000.0,13464000000.0,98167000000.0,98167000000.0,0.0,0.04,0.092,0.07,0.033,0.0,1678000000.0,1.0,511510782.0,512923000.0,515960000.0,191.387,48558000000.0,0.0,776000000.0,8506000000.0,94.669,3030000000.0
16,PSX,MRT,2017-06-30,2017-06-30,2017-06-30,2021-08-03,-809000000.0,51828000000.0,51285000000.0,12456000000.0,39372000000.0,1.833,43.199,-2402000000.0,2161000000.0,2161000000.0,88182000000.0,1874000000.0,1.404,1.253,9965000000.0,493000000.0,9472000000.0,9965000000.0,0.0,1233000000.0,0.0,0.031,2.59,2786000000.0,4019000000.0,0.043,4019000000.0,2786000000.0,2405000000.0,3.37,3.35,3.37,22368000000.0,22506750000.0,22368000000.0,51373163466.0,18.0,12.783,464000000.0,0.896,1.0,5821000000.0,0.062,4159000000.0,381000000.0,46599000000.0,45445250000.0,4245000000.0,13507000000.0,0.0,13507000000.0,28022000000.0,8874000000.0,19148000000.0,42676163466.0,-71000000.0,318000000.0,-1044000000.0,966000000.0,-1343000000.0,-1117000000.0,-1841000000.0,183000000.0,2866000000.0,21000000.0,1759000000.0,1759000000.0,1759000000.0,0.0,115000000.0,0.019,2907000000.0,2914000000.0,6555000000.0,0.769,1.908,24.262,24.537,21293000000.0,0.0,82.69,0.454,0.455,5594000000.0,13001000000.0,94003000000.0,94003000000.0,0.0,0.034,0.078,0.061,0.03,0.0,1654000000.0,1.0,516098240.0,517785000.0,520160000.0,181.548,47669000000.0,0.0,646000000.0,8458000000.0,92.063,3582000000.0
17,PSX,MRT,2017-03-31,2017-03-31,2017-03-31,2021-08-03,-952000000.0,51405000000.0,50918250000.0,12170000000.0,39235000000.0,1.801,42.872,-2564000000.0,1513000000.0,1513000000.0,86122000000.0,1809000000.0,1.394,1.238,10210000000.0,609000000.0,9601000000.0,10210000000.0,0.0,1203000000.0,0.0,0.032,2.52,2645000000.0,3848000000.0,0.042,3848000000.0,2645000000.0,2288000000.0,3.25,3.22,3.25,22364000000.0,22625250000.0,22364000000.0,48448417505.0,18.0,12.591,-408000000.0,-0.782,1.0,5607000000.0,0.061,4165000000.0,357000000.0,47207000000.0,44400500000.0,4387000000.0,13359000000.0,0.0,13359000000.0,27680000000.0,8730000000.0,18950000000.0,41021417505.0,-87000000.0,318000000.0,-902000000.0,1246000000.0,-1312000000.0,-81000000.0,-2138000000.0,76000000.0,2156000000.0,-24000000.0,1705000000.0,1705000000.0,1705000000.0,0.0,104000000.0,0.019,2846000000.0,2761000000.0,6372000000.0,0.775,1.834,24.059,24.375,21240000000.0,0.0,79.22,0.447,0.451,5690000000.0,12814000000.0,91729000000.0,91729000000.0,0.0,0.033,0.075,0.06,0.029,0.0,1636000000.0,1.0,517816429.0,521647000.0,524520000.0,175.845,47240000000.0,0.0,583000000.0,8107000000.0,90.559,3440000000.0
18,PSX,MRT,2016-12-31,2016-12-31,2016-12-31,2021-08-03,-995000000.0,51653000000.0,50128500000.0,12680000000.0,38973000000.0,1.711,42.443,-2844000000.0,2711000000.0,2711000000.0,80431000000.0,1644000000.0,1.34,1.247,10138000000.0,550000000.0,9588000000.0,10138000000.0,0.0,1168000000.0,0.0,0.028,2.45,2440000000.0,3608000000.0,0.042,3608000000.0,2440000000.0,2102000000.0,2.94,2.92,2.94,22390000000.0,22731250000.0,22390000000.0,51527666214.0,21.0,14.282,119000000.0,0.226,1.0,5346000000.0,0.062,4158000000.0,338000000.0,45459000000.0,43539500000.0,3150000000.0,13534000000.0,0.0,13534000000.0,27928000000.0,9463000000.0,18465000000.0,45006666214.0,-363000000.0,0.0,-1008000000.0,1257000000.0,-1282000000.0,-178000000.0,-3158000000.0,-324000000.0,2963000000.0,10000000.0,1555000000.0,1555000000.0,1555000000.0,0.0,89000000.0,0.018,2811000000.0,2535000000.0,7061000000.0,0.833,2.01,28.943,29.391,20855000000.0,0.0,86.41,0.525,0.531,6397000000.0,12608000000.0,85777000000.0,85777000000.0,0.0,0.031,0.068,0.056,0.028,0.0,1638000000.0,1.0,520850205.0,527531000.0,530066000.0,162.601,47495000000.0,0.0,547000000.0,7548000000.0,90.033,3217000000.0
19,PSX,MRT,2016-09-30,2016-09-30,2016-09-30,2021-08-03,-792000000.0,50254000000.0,49360250000.0,11964000000.0,38290000000.0,1.705,43.546,-4509000000.0,2337000000.0,2337000000.0,78047000000.0,2116000000.0,1.185,1.133,8858000000.0,1583000000.0,7275000000.0,8858000000.0,0.0,1144000000.0,0.0,0.03,2.38,3211000000.0,4355000000.0,0.052,4355000000.0,3211000000.0,2887000000.0,3.85,3.82,3.85,22905000000.0,22908750000.0,22905000000.0,48745513290.0,15.0,11.193,-716000000.0,-1.361,1.0,6091000000.0,0.072,4159000000.0,324000000.0,42516000000.0,42845000000.0,3905000000.0,13277000000.0,0.0,13277000000.0,25943000000.0,10100000000.0,15843000000.0,42115513290.0,-2485000000.0,0.0,-1146000000.0,-26000000.0,-1252000000.0,-1598000000.0,-4685000000.0,-159000000.0,3793000000.0,5000000.0,2042000000.0,2042000000.0,2042000000.0,0.0,74000000.0,0.024,2803000000.0,3288000000.0,6562000000.0,0.618,1.839,20.625,20.922,20447000000.0,0.0,80.55,0.501,0.504,5001000000.0,12775000000.0,84138000000.0,84138000000.0,0.0,0.041,0.089,0.075,0.038,0.0,1651000000.0,1.0,522849327.0,525991000.0,528798000.0,159.961,46095000000.0,0.0,845000000.0,7437000000.0,87.635,1864000000.0
20,PSX,MRT,2016-06-30,2016-06-30,2016-06-30,2021-08-03,-752000000.0,50361000000.0,49150500000.0,12643000000.0,37718000000.0,1.801,43.241,-4840000000.0,2232000000.0,2232000000.0,80874000000.0,3172000000.0,1.216,1.151,8862000000.0,1532000000.0,7330000000.0,8862000000.0,0.0,1121000000.0,0.0,0.029,2.31,4758000000.0,5879000000.0,0.066,5879000000.0,4758000000.0,4444000000.0,5.8,5.76,5.8,22842000000.0,22981000000.0,22842000000.0,48811632878.0,10.0,8.303,-493000000.0,-0.933,1.0,7639000000.0,0.086,4171000000.0,314000000.0,42420000000.0,42344750000.0,3993000000.0,12936000000.0,0.0,12936000000.0,26295000000.0,10400000000.0,15895000000.0,41699632878.0,-2857000000.0,0.0,-1347000000.0,-38000000.0,-1223000000.0,-2067000000.0,-5098000000.0,-182000000.0,4347000000.0,-39000000.0,3109000000.0,3109000000.0,3109000000.0,0.0,63000000.0,0.035,2805000000.0,4834000000.0,7084000000.0,0.398,1.826,13.413,13.679,20247000000.0,0.0,79.34,0.471,0.474,5597000000.0,12597000000.0,88513000000.0,88513000000.0,0.0,0.063,0.135,0.112,0.054,0.0,1677000000.0,1.0,525581458.0,528247000.0,531060000.0,167.56,46190000000.0,0.0,1335000000.0,7145000000.0,87.44,2243000000.0
21,PSX,MRT,2016-03-31,2016-03-31,2016-03-31,2021-08-03,-657000000.0,48246000000.0,49028750000.0,11216000000.0,37030000000.0,1.943,42.856,-5433000000.0,1723000000.0,1723000000.0,86933000000.0,3681000000.0,1.512,1.08,8835000000.0,32000000.0,8803000000.0,8835000000.0,0.0,1105000000.0,0.0,0.026,2.24,5506000000.0,6611000000.0,0.069,6611000000.0,5506000000.0,5196000000.0,6.71,6.67,6.71,22788000000.0,22867750000.0,22788000000.0,51485752221.0,9.0,7.788,-814000000.0,-1.531,1.0,8350000000.0,0.088,4176000000.0,310000000.0,43763000000.0,41619750000.0,4108000000.0,12449000000.0,0.0,12449000000.0,24603000000.0,7419000000.0,17184000000.0,45672752221.0,-3667000000.0,0.0,-1444000000.0,-81000000.0,-1196000000.0,-2842000000.0,-5562000000.0,-25000000.0,4619000000.0,118000000.0,3625000000.0,3625000000.0,3625000000.0,0.0,56000000.0,0.038,2774000000.0,5576000000.0,5767000000.0,0.334,2.004,12.599,12.905,20075000000.0,0.0,86.59,0.479,0.483,4737000000.0,12434000000.0,95283000000.0,95283000000.0,0.0,0.074,0.159,0.132,0.058,0.0,1662000000.0,1.0,527459894.0,531739000.0,534709000.0,179.191,44070000000.0,0.0,1571000000.0,6909000000.0,82.879,3797000000.0
22,PSX,MRT,2015-12-31,2015-12-31,2015-12-31,2021-08-03,-653000000.0,48580000000.0,49236500000.0,12256000000.0,36324000000.0,2.05,42.592,-5764000000.0,3074000000.0,3074000000.0,91770000000.0,4280000000.0,1.627,1.067,8887000000.0,44000000.0,8843000000.0,8887000000.0,0.0,1078000000.0,0.0,0.027,2.18,6301000000.0,7379000000.0,0.073,7379000000.0,6301000000.0,5991000000.0,7.78,7.73,7.78,23100000000.0,22610750000.0,23100000000.0,47764414904.0,8.0,6.473,-51000000.0,-0.094,1.0,9179000000.0,0.091,4181000000.0,310000000.0,42681000000.0,40333000000.0,3477000000.0,12143000000.0,0.0,12143000000.0,24642000000.0,7531000000.0,17111000000.0,43635414904.0,-2133000000.0,0.0,-1481000000.0,243000000.0,-1172000000.0,-2117000000.0,-5738000000.0,0.0,5713000000.0,9000000.0,4227000000.0,4227000000.0,4227000000.0,0.0,53000000.0,0.042,2755000000.0,6424000000.0,5655000000.0,0.28,1.889,10.323,10.514,19721000000.0,0.0,81.8,0.432,0.439,5173000000.0,12348000000.0,100949000000.0,100949000000.0,0.0,0.086,0.187,0.156,0.062,0.0,1670000000.0,1.0,533440280.0,542355000.0,546977000.0,186.131,44399000000.0,0.0,1764000000.0,6919000000.0,81.863,4725000000.0
23,PSX,MRT,2015-09-30,2015-09-30,2015-09-30,2021-08-03,-588000000.0,49415000000.0,49264500000.0,15049000000.0,34366000000.0,2.325,42.923,-4412000000.0,4822000000.0,4822000000.0,104678000000.0,4772000000.0,1.696,1.094,8951000000.0,43000000.0,8908000000.0,8951000000.0,0.0,1070000000.0,0.0,0.028,2.12,6834000000.0,7904000000.0,0.069,7904000000.0,6834000000.0,6525000000.0,8.63,8.58,8.63,23194000000.0,22233250000.0,23194000000.0,45189763126.0,7.0,5.717,676000000.0,1.251,1.0,9849000000.0,0.086,4154000000.0,309000000.0,40515000000.0,38875750000.0,4388000000.0,10601000000.0,0.0,10601000000.0,25383000000.0,8875000000.0,16508000000.0,41313763126.0,1714000000.0,0.0,-1665000000.0,2719000000.0,-1149000000.0,249000000.0,-3684000000.0,0.0,5088000000.0,61000000.0,4724000000.0,4724000000.0,4724000000.0,0.0,48000000.0,0.041,2892000000.0,6957000000.0,6862000000.0,0.246,1.781,8.746,8.904,19257000000.0,0.0,76.84,0.361,0.363,5198000000.0,12000000000.0,114527000000.0,114527000000.0,0.0,0.096,0.212,0.176,0.06,0.0,1685000000.0,1.0,537659593.0,540357000.0,544696000.0,211.947,45261000000.0,0.0,1801000000.0,6381000000.0,83.761,6174000000.0
24,PSX,MRT,2015-06-30,2015-06-30,2015-06-30,2021-08-03,-469000000.0,49874000000.0,49323250000.0,16534000000.0,33340000000.0,2.619,41.11,-4934000000.0,5089000000.0,5089000000.0,119985000000.0,4369000000.0,1.641,1.19,8965000000.0,42000000.0,8923000000.0,8965000000.0,0.0,1049000000.0,0.0,0.026,2.06,6196000000.0,7245000000.0,0.056,7245000000.0,6196000000.0,5898000000.0,7.82,7.77,7.82,22389000000.0,21871250000.0,22389000000.0,47192880284.0,8.0,6.514,-854000000.0,-1.568,1.0,9173000000.0,0.071,4155000000.0,298000000.0,39520000000.0,37470000000.0,4126000000.0,10070000000.0,0.0,10070000000.0,26651000000.0,10075000000.0,16576000000.0,43633880284.0,133000000.0,0.0,-1771000000.0,2720000000.0,-1126000000.0,170000000.0,-4101000000.0,0.0,4080000000.0,-16000000.0,4326000000.0,4326000000.0,4326000000.0,0.0,43000000.0,0.033,2846000000.0,6327000000.0,8484000000.0,0.263,1.949,10.086,10.302,18765000000.0,0.0,80.56,0.338,0.34,6567000000.0,10726000000.0,129158000000.0,129158000000.0,0.0,0.088,0.198,0.165,0.048,0.0,1649000000.0,1.0,541632079.0,544617000.0,548926000.0,237.154,45719000000.0,0.0,1572000000.0,6221000000.0,83.947,6459000000.0
25,PSX,MRT,2015-03-31,2015-03-31,2015-03-31,2021-08-03,-694000000.0,49077000000.0,49560250000.0,16144000000.0,32933000000.0,2.954,39.694,-4282000000.0,5390000000.0,5390000000.0,137365000000.0,4216000000.0,1.637,1.217,8949000000.0,35000000.0,8914000000.0,8949000000.0,0.0,1014000000.0,0.0,0.025,2.0,6081000000.0,7095000000.0,0.048,7095000000.0,6081000000.0,5796000000.0,7.49,7.44,7.49,21760000000.0,21651750000.0,21760000000.0,46195927237.0,8.0,6.511,-799000000.0,-1.457,1.0,9055000000.0,0.062,4156000000.0,285000000.0,38616000000.0,35860750000.0,4166000000.0,10529000000.0,0.0,10529000000.0,26482000000.0,9864000000.0,16618000000.0,42718927237.0,64000000.0,0.0,-2045000000.0,2720000000.0,-1105000000.0,-65000000.0,-3248000000.0,-53000000.0,3483000000.0,-106000000.0,4177000000.0,4177000000.0,4177000000.0,0.0,39000000.0,0.029,2818000000.0,6237000000.0,7693000000.0,0.267,1.963,10.227,10.494,17918000000.0,0.0,78.6,0.292,0.294,5737000000.0,10021000000.0,146420000000.0,146420000000.0,0.0,0.084,0.193,0.17,0.042,0.0,1655000000.0,1.0,543497802.0,548200000.0,552337000.0,267.092,44921000000.0,0.0,1619000000.0,6595000000.0,81.943,6280000000.0
26,PSX,MRT,2014-12-31,2014-12-31,2014-12-31,2021-08-03,-531000000.0,48692000000.0,50002750000.0,16692000000.0,32000000000.0,3.282,38.151,-3773000000.0,5207000000.0,5207000000.0,155223000000.0,4797000000.0,1.505,1.235,8635000000.0,842000000.0,7793000000.0,8635000000.0,0.0,995000000.0,0.0,0.026,1.89,6683000000.0,7678000000.0,0.047,7678000000.0,6683000000.0,6416000000.0,8.4,8.33,8.4,21590000000.0,21558000000.0,21590000000.0,42791910923.0,6.0,5.573,-244000000.0,-0.431,1.0,8870000000.0,0.054,4174000000.0,267000000.0,36852000000.0,34380750000.0,3397000000.0,10189000000.0,0.0,10189000000.0,26655000000.0,11094000000.0,15561000000.0,39686910923.0,-193000000.0,0.0,-2281000000.0,2438000000.0,-1062000000.0,-1362000000.0,-2296000000.0,-3000000.0,3529000000.0,-64000000.0,4762000000.0,4762000000.0,4762000000.0,-706000000.0,35000000.0,0.029,2808000000.0,6062000000.0,8064000000.0,0.225,1.838,8.334,8.536,17346000000.0,0.0,71.7,0.242,0.247,7255000000.0,9309000000.0,164093000000.0,164093000000.0,0.0,0.095,0.221,0.194,0.041,0.0,1663000000.0,1.0,553513402.0,565902000.0,571504000.0,289.967,44518000000.0,0.0,1654000000.0,6369000000.0,78.667,5598000000.0
27,PSX,MRT,2014-09-30,2014-09-30,2014-09-30,2021-08-03,-25000000.0,49650000000.0,50279250000.0,18194000000.0,31456000000.0,3.427,38.867,-3270000000.0,3108000000.0,3108000000.0,163816000000.0,4472000000.0,1.321,1.263,6213000000.0,35000000.0,6178000000.0,6213000000.0,0.0,965000000.0,0.0,0.022,1.78,6550000000.0,7515000000.0,0.044,7515000000.0,6550000000.0,6288000000.0,7.7,7.64,7.7,21746000000.0,21648000000.0,21746000000.0,46699225399.0,7.0,6.214,284000000.0,0.508,1.0,8513000000.0,0.049,4094000000.0,262000000.0,34892000000.0,33624750000.0,5673000000.0,10237000000.0,0.0,10237000000.0,27456000000.0,13769000000.0,13687000000.0,45443225399.0,-2834000000.0,0.0,-2383000000.0,-35000000.0,-1019000000.0,-3893000000.0,-2325000000.0,62000000.0,3554000000.0,-170000000.0,4441000000.0,4441000000.0,4441000000.0,0.0,31000000.0,0.026,2633000000.0,5880000000.0,11470000000.0,0.231,2.09,10.233,10.56,16951000000.0,0.0,81.31,0.264,0.264,8766000000.0,8439000000.0,172329000000.0,172329000000.0,0.0,0.088,0.205,0.195,0.038,0.0,1649000000.0,1.0,558888518.0,559492000.0,564958000.0,308.01,45556000000.0,0.0,1847000000.0,6577000000.0,81.424,4425000000.0
28,PSX,MRT,2014-06-30,2014-06-30,2014-06-30,2021-08-03,186000000.0,50822000000.0,50612500000.0,20605000000.0,30217000000.0,3.479,38.019,-2164000000.0,4956000000.0,4956000000.0,168569000000.0,3823000000.0,1.363,1.342,6212000000.0,38000000.0,6174000000.0,6212000000.0,0.0,949000000.0,0.0,0.02,1.593,5653000000.0,6602000000.0,0.037,6602000000.0,5653000000.0,5383000000.0,6.47,6.42,6.47,21511000000.0,21599000000.0,21511000000.0,46401977855.0,8.0,7.028,2910000000.0,5.143,1.0,7506000000.0,0.043,3875000000.0,270000000.0,33083000000.0,33045750000.0,4928000000.0,10038000000.0,0.0,10038000000.0,28867000000.0,15120000000.0,13747000000.0,45510977855.0,736000000.0,0.0,-2577000000.0,-532000000.0,-931000000.0,-4086000000.0,-302000000.0,-3000000.0,5074000000.0,50000000.0,3796000000.0,3796000000.0,3796000000.0,0.0,27000000.0,0.022,2554000000.0,4952000000.0,12849000000.0,0.246,2.116,11.989,12.431,16092000000.0,0.0,80.43,0.258,0.258,10110000000.0,7541000000.0,176075000000.0,176075000000.0,0.0,0.075,0.176,0.171,0.032,0.0,1597000000.0,1.0,565845802.0,565799000.0,571285000.0,311.197,46947000000.0,0.0,1587000000.0,6771000000.0,82.975,5485000000.0
29,PSX,MRT,2014-03-31,2014-03-31,2014-03-31,2021-08-03,77000000.0,50847000000.0,50389250000.0,21059000000.0,29788000000.0,3.446,36.615,-1969000000.0,5326000000.0,5326000000.0,166134000000.0,3911000000.0,1.389,1.357,6217000000.0,40000000.0,6177000000.0,6217000000.0,0.0,939000000.0,0.0,0.018,1.405,5771000000.0,6710000000.0,0.039,6710000000.0,5771000000.0,5498000000.0,6.5,6.44,6.5,21385000000.0,21635000000.0,21385000000.0,46037328481.0,8.0,6.861,3243000000.0,5.553,1.0,7500000000.0,0.043,3878000000.0,273000000.0,32696000000.0,33332250000.0,5908000000.0,10001000000.0,0.0,10001000000.0,29018000000.0,15164000000.0,13854000000.0,45282328481.0,573000000.0,0.0,-2512000000.0,-1025000000.0,-842000000.0,-4449000000.0,-207000000.0,45000000.0,5212000000.0,17000000.0,3891000000.0,3891000000.0,3891000000.0,0.0,20000000.0,0.022,2498000000.0,5002000000.0,12623000000.0,0.216,2.117,11.638,11.855,15751000000.0,0.0,77.06,0.261,0.259,9120000000.0,6962000000.0,173634000000.0,173634000000.0,0.0,0.077,0.18,0.173,0.033,0.0,1553000000.0,1.0,587624299.0,584053000.0,589575000.0,297.292,46969000000.0,0.0,1607000000.0,7283000000.0,80.419,5895000000.0
30,PSX,MRT,2013-12-31,2013-12-31,2013-12-31,2021-08-03,37000000.0,49798000000.0,50465250000.0,19237000000.0,30561000000.0,3.464,35.812,-1779000000.0,5400000000.0,5400000000.0,166570000000.0,3743000000.0,1.488,1.249,6155000000.0,24000000.0,6131000000.0,6155000000.0,0.0,947000000.0,0.0,0.021,1.64,5845000000.0,6792000000.0,0.039,6792000000.0,5845000000.0,5570000000.0,6.07,6.02,6.07,21950000000.0,21624750000.0,21950000000.0,46456245309.0,8.0,6.84,4248000000.0,6.931,1.0,8239000000.0,0.047,3794000000.0,275000000.0,33828000000.0,33745000000.0,3354000000.0,11220000000.0,0.0,11220000000.0,27406000000.0,12931000000.0,14475000000.0,46242245309.0,1926000000.0,0.0,-2240000000.0,-1020000000.0,-807000000.0,-3679000000.0,-444000000.0,100000000.0,6027000000.0,22000000.0,3726000000.0,3726000000.0,3726000000.0,0.0,17000000.0,0.021,2454000000.0,5785000000.0,11090000000.0,0.27,2.107,12.411,12.707,15398000000.0,0.0,77.13,0.265,0.27,9632000000.0,5622000000.0,174809000000.0,174809000000.0,0.0,0.074,0.172,0.173,0.033,0.0,1478000000.0,1.0,599536436.0,612918000.0,618989000.0,285.208,46004000000.0,0.0,1844000000.0,6997000000.0,75.057,6306000000.0
31,PSX,MRT,2013-09-30,2013-09-30,2013-09-30,2021-08-03,-367000000.0,50983000000.0,50034000000.0,21085000000.0,29898000000.0,3.507,35.39,-2030000000.0,5942000000.0,5942000000.0,166674000000.0,3620000000.0,1.436,1.345,6156000000.0,24000000.0,6132000000.0,6156000000.0,0.0,941000000.0,0.0,0.026,1.5,5821000000.0,6762000000.0,0.039,6762000000.0,5821000000.0,5538000000.0,5.8,5.74,5.8,21550000000.0,21331000000.0,21550000000.0,37578785592.0,6.0,5.557,4405000000.0,7.234,1.0,8790000000.0,0.05,3941000000.0,283000000.0,32576000000.0,34043750000.0,4737000000.0,10728000000.0,0.0,10728000000.0,28989000000.0,14680000000.0,14309000000.0,35329785592.0,1512000000.0,0.0,-1827000000.0,-2019000000.0,-732000000.0,-4178000000.0,-814000000.0,35000000.0,6435000000.0,69000000.0,3608000000.0,3608000000.0,3608000000.0,0.0,12000000.0,0.021,3045000000.0,5745000000.0,12744000000.0,0.259,1.639,9.792,9.969,15077000000.0,0.0,57.82,0.201,0.201,9744000000.0,5030000000.0,175464000000.0,175464000000.0,0.0,0.072,0.169,0.171,0.033,0.0,1486000000.0,1.0,611030536.0,608934000.0,614519000.0,288.149,47042000000.0,0.0,1930000000.0,6522000000.0,77.253,6405000000.0
32,PSX,MRT,2013-06-30,2013-06-30,2013-06-30,2021-08-03,-566000000.0,49929000000.0,50345750000.0,20529000000.0,29400000000.0,3.468,34.976,-1961000000.0,4220000000.0,4220000000.0,163824000000.0,4681000000.0,1.466,1.304,6469000000.0,14000000.0,6455000000.0,6469000000.0,0.0,937000000.0,0.0,0.024,1.387,7461000000.0,8398000000.0,0.048,8398000000.0,7461000000.0,7172000000.0,7.45,7.38,7.45,21655000000.0,21086750000.0,21655000000.0,38696983217.0,5.0,4.608,4443000000.0,7.176,1.0,10753000000.0,0.062,3944000000.0,289000000.0,34229000000.0,34730250000.0,5033000000.0,10624000000.0,0.0,10624000000.0,28239000000.0,14005000000.0,14234000000.0,36478983217.0,1116000000.0,0.0,-1242000000.0,-1517000000.0,-668000000.0,-3403000000.0,-1876000000.0,0.0,6404000000.0,-9000000.0,4672000000.0,4672000000.0,4672000000.0,0.0,9000000.0,0.027,3371000000.0,7382000000.0,12328000000.0,0.186,1.685,7.808,7.907,14679000000.0,0.0,58.91,0.209,0.209,9793000000.0,4687000000.0,174577000000.0,174577000000.0,0.0,0.093,0.222,0.215,0.043,0.0,1569000000.0,1.0,619232443.0,619143000.0,624907000.0,281.966,45985000000.0,0.0,2500000000.0,6305000000.0,74.272,6524000000.0
33,PSX,MRT,2013-03-31,2013-03-31,2013-03-31,2021-08-03,-622000000.0,51151000000.0,50007250000.0,21170000000.0,29981000000.0,3.57,34.149,-1865000000.0,4753000000.0,4753000000.0,166891000000.0,4903000000.0,1.416,1.395,6971000000.0,13000000.0,6958000000.0,6971000000.0,0.0,932000000.0,0.0,0.015,1.075,7903000000.0,8835000000.0,0.049,8835000000.0,7903000000.0,7600000000.0,7.78,7.71,7.78,21344000000.0,20410000000.0,21344000000.0,46987027482.0,6.0,5.318,5005000000.0,8.008,1.0,11615000000.0,0.065,4071000000.0,303000000.0,34347000000.0,34926500000.0,5811000000.0,10498000000.0,0.0,10498000000.0,29773000000.0,14951000000.0,14822000000.0,43487027482.0,4753000000.0,0.0,-697000000.0,794000000.0,-476000000.0,-459000000.0,-1646000000.0,-45000000.0,6870000000.0,-12000000.0,4895000000.0,4895000000.0,4895000000.0,0.0,8000000.0,0.027,3752000000.0,7863000000.0,13138000000.0,0.138,2.037,8.884,8.994,15257000000.0,0.0,69.97,0.244,0.245,9910000000.0,3923000000.0,178506000000.0,178506000000.0,0.0,0.098,0.24,0.226,0.044,0.0,1681000000.0,1.0,621509611.0,625030000.0,631288000.0,285.596,47080000000.0,0.0,2705000000.0,6517000000.0,75.324,6219000000.0
34,PSX,MRT,2012-12-31,2012-12-31,2012-12-31,2021-08-03,-314000000.0,48073000000.0,50469000000.0,17962000000.0,30111000000.0,3.621,33.037,-1701000000.0,3474000000.0,3474000000.0,172186000000.0,4131000000.0,1.439,1.312,6974000000.0,13000000.0,6961000000.0,6974000000.0,0.0,906000000.0,0.0,0.008,0.45,6843000000.0,7749000000.0,0.042,7749000000.0,6843000000.0,6597000000.0,6.55,6.48,6.55,20775000000.0,21302000000.0,20775000000.0,36778324300.0,5.0,4.746,2595000000.0,4.127,1.0,10566000000.0,0.058,4068000000.0,246000000.0,35023000000.0,34928500000.0,3430000000.0,10471000000.0,0.0,10471000000.0,27267000000.0,12482000000.0,14785000000.0,33230324300.0,3474000000.0,0.0,-309000000.0,6584000000.0,-282000000.0,699000000.0,-1535000000.0,-100000000.0,4296000000.0,14000000.0,4124000000.0,4124000000.0,4124000000.0,0.0,7000000.0,0.023,3767000000.0,6799000000.0,10710000000.0,0.069,1.6,8.058,8.107,15407000000.0,0.0,53.1,0.182,0.183,10403000000.0,2713000000.0,182752000000.0,182752000000.0,0.0,0.082,0.194,0.196,0.037,0.0,1703000000.0,1.0,625806484.0,628835000.0,636764000.0,290.62,44005000000.0,0.0,2473000000.0,6345000000.0,69.979,5480000000.0
35,PSX,MRT,2012-09-30,2012-09-30,2012-09-30,2021-08-03,-129000000.0,52230000000.0,49253500000.0,21873000000.0,30357000000.0,3.828,32.621,-1190000000.0,4430000000.0,4430000000.0,177581000000.0,5433000000.0,1.335,1.537,7978000000.0,585000000.0,7393000000.0,7978000000.0,0.0,904000000.0,0.0,0.004,0.2,7911000000.0,8815000000.0,0.047,8815000000.0,7911000000.0,7735000000.0,8.63,8.53,8.63,20573000000.0,21924250000.0,20573000000.0,33952405506.0,4.0,3.852,4532000000.0,7.186,1.0,10964000000.0,0.058,4070000000.0,176000000.0,35322000000.0,32961250000.0,5743000000.0,10800000000.0,0.0,10800000000.0,31624000000.0,16386000000.0,15238000000.0,29070405506.0,4430000000.0,0.0,-88000000.0,7582000000.0,-125000000.0,-2986000000.0,1667000000.0,-100000000.0,5722000000.0,27000000.0,5427000000.0,5427000000.0,5427000000.0,0.0,6000000.0,0.029,3067000000.0,7897000000.0,13452000000.0,0.023,1.413,5.357,5.373,15311000000.0,0.0,46.37,0.154,0.155,10793000000.0,2164000000.0,188545000000.0,188545000000.0,0.0,0.11,0.248,0.24,0.042,0.0,1613000000.0,1.0,626922698.0,630672000.0,637913000.0,298.959,48160000000.0,0.0,2308000000.0,6828000000.0,76.363,5487000000.0
36,PSX,MRT,2012-06-30,2012-06-30,2012-06-30,2021-08-03,-358000000.0,48575000000.0,,18526000000.0,30049000000.0,,30.147,-1111000000.0,3104000000.0,3104000000.0,185704000000.0,4883000000.0,1.289,1.562,7986000000.0,590000000.0,7396000000.0,7986000000.0,0.0,897000000.0,0.0,0.0,0.0,6942000000.0,7839000000.0,0.04,7839000000.0,6942000000.0,6836000000.0,7.77,7.67,7.77,18948000000.0,,18948000000.0,20912051318.0,3.0,2.668,3430000000.0,5.457,1.0,10197000000.0,0.052,4072000000.0,106000000.0,35014000000.0,,5496000000.0,10640000000.0,0.0,10640000000.0,29596000000.0,14371000000.0,15225000000.0,20784051318.0,3104000000.0,0.0,2000000.0,7583000000.0,0.0,-3541000000.0,2101000000.0,150000000.0,4541000000.0,3000000.0,4877000000.0,4877000000.0,4877000000.0,0.0,6000000.0,0.025,3238000000.0,6959000000.0,11474000000.0,0.0,1.097,4.262,4.278,15169000000.0,0.0,33.24,0.106,0.107,9213000000.0,692000000.0,195901000000.0,195901000000.0,0.0,,,,0.035,0.0,1553000000.0,1.0,625272302.0,628510000.0,635157000.0,311.691,44503000000.0,0.0,1959000000.0,6588000000.0,70.807,4155000000.0
37,PSX,MRT,2012-03-31,2012-03-31,2012-03-31,2021-08-03,160000000.0,52998000000.0,,23128000000.0,29870000000.0,,39.692,-1069000000.0,6050000000.0,6050000000.0,192096000000.0,4741000000.0,1.572,1.126,6178000000.0,207000000.0,5971000000.0,6178000000.0,0.0,899000000.0,0.0,,0.0,6596000000.0,7495000000.0,0.037,7495000000.0,6596000000.0,6570000000.0,7.55,7.45,7.55,24912000000.0,,24912000000.0,,,,5076000000.0,8.088,1.0,9408000000.0,0.047,4059000000.0,26000000.0,34355000000.0,,5040000000.0,10795000000.0,0.0,10795000000.0,28055000000.0,14712000000.0,13343000000.0,,0.0,0.0,0.0,5767000000.0,0.0,-8558000000.0,2413000000.0,550000000.0,6145000000.0,0.0,4735000000.0,4735000000.0,4735000000.0,0.0,6000000.0,0.023,2834000000.0,6574000000.0,12814000000.0,0.0,,,,14854000000.0,0.0,,,,11320000000.0,,201504000000.0,201504000000.0,0.0,,,,0.033,0.0,1420000000.0,1.0,625272302.0,627628000.0,634645000.0,321.056,48939000000.0,0.0,1835000000.0,7203000000.0,77.975,8416000000.0
38,PSX,MRT,2011-12-31,2011-12-31,2011-12-31,2021-08-03,122000000.0,43211000000.0,44083000000.0,13948000000.0,29263000000.0,4.547,37.067,-1016000000.0,0.0,0.0,191126000000.0,4780000000.0,1.126,0.856,391000000.0,30000000.0,361000000.0,391000000.0,0.0,902000000.0,0.0,,0.0,6614000000.0,7516000000.0,0.037,7516000000.0,6614000000.0,6597000000.0,7.61,7.52,7.61,23264000000.0,24632500000.0,23264000000.0,,,,3990000000.0,6.357,1.0,9331000000.0,0.047,4064000000.0,17000000.0,27154000000.0,27806500000.0,3466000000.0,10306000000.0,0.0,10306000000.0,19918000000.0,12384000000.0,7534000000.0,,0.0,0.0,0.0,-26000000.0,0.0,-7498000000.0,2492000000.0,550000000.0,5006000000.0,0.0,4775000000.0,4775000000.0,4775000000.0,0.0,5000000.0,0.024,2768000000.0,6563000000.0,10792000000.0,0.0,,,,14771000000.0,0.0,,,,10025000000.0,0.0,200457000000.0,200457000000.0,0.0,0.108,0.194,0.238,0.033,0.0,1394000000.0,1.0,625272302.0,627628000.0,634645000.0,319.388,39147000000.0,0.0,1822000000.0,6890000000.0,62.373,1564000000.0
39,PSX,MRT,2011-09-30,2011-09-30,2011-09-30,2021-08-03,,,,,,,,,,,,,,,,,,,,,,,0.0,,,,,,,,,,,,,,,,,,1.0,,,,,,,,,,,,,,,,,,,,,,,,,,,,,,,,,,,,,,,,,,,,,,,,,,,,,,1.0,625272302.0,627628000.0,,,,,,,,
40,PSX,MRT,2011-06-30,2011-06-30,2011-06-30,2021-08-03,,,,,,,,,,,,,,,,,,,,,,,0.0,,,,,,,,,,,,,,,,,,1.0,,,,,,,,,,,,,,,,,,,,,,,,,,,,,,,,,,,,,,,,,,,,,,,,,,,,,,1.0,625272302.0,627628000.0,,,,,,,,
41,PSX,MRT,2011-03-31,2011-03-31,2011-03-31,2021-08-03,,,,,,,,,,,,,,,,,,,,,,,0.0,,,,,,,,,,,,,,,,,,1.0,,,,,,,,,,,,,,,,,,,,,,,,,,,,,,,,,,,,,,,,,,,,,,,,,,,,,,1.0,625272302.0,625272302.0,,,,,,,,
42,PSX,MRT,2010-12-31,2010-12-31,2010-12-31,2021-08-03,214000000.0,44955000000.0,43917500000.0,14704000000.0,30251000000.0,3.385,41.427,-1150000000.0,0.0,0.0,143266000000.0,740000000.0,1.176,0.728,417000000.0,29000000.0,388000000.0,417000000.0,0.0,880000000.0,0.0,,0.0,1315000000.0,2195000000.0,0.015,2195000000.0,1315000000.0,1314000000.0,1.17,1.16,1.17,26001000000.0,26459000000.0,26001000000.0,,,,942000000.0,1.501,1.0,5390000000.0,0.036,4410000000.0,1000000.0,28459000000.0,29003000000.0,4113000000.0,10319000000.0,0.0,10319000000.0,18929000000.0,12503000000.0,6426000000.0,,0.0,0.0,0.0,-26000000.0,0.0,-1440000000.0,-652000000.0,-180000000.0,2092000000.0,0.0,735000000.0,735000000.0,735000000.0,0.0,5000000.0,0.005,3963000000.0,1427000000.0,10751000000.0,0.0,,,,15409000000.0,0.0,,,,10213000000.0,,148656000000.0,148656000000.0,0.0,0.017,0.028,0.045,0.009,0.0,1384000000.0,1.0,625272302.0,627628000.0,634645000.0,236.854,40545000000.0,0.0,579000000.0,5999000000.0,64.6,2201000000.0
43,PSX,MRT,2009-12-31,2009-12-31,2009-12-31,2021-08-03,329000000.0,42880000000.0,,11368000000.0,31512000000.0,,,-2461000000.0,0.0,0.0,110873000000.0,479000000.0,1.218,0.592,428000000.0,25000000.0,403000000.0,428000000.0,0.0,879000000.0,0.0,,0.0,845000000.0,1724000000.0,0.015,1724000000.0,845000000.0,844000000.0,,,,26917000000.0,,26917000000.0,,,,-1515000000.0,,1.0,3078000000.0,0.027,4426000000.0,1000000.0,29547000000.0,,3842000000.0,9751000000.0,0.0,9751000000.0,15940000000.0,9335000000.0,6605000000.0,,0.0,-350000000.0,0.0,-25000000.0,0.0,1027000000.0,-1973000000.0,1000000.0,946000000.0,0.0,476000000.0,476000000.0,476000000.0,0.0,3000000.0,0.004,2259000000.0,819000000.0,7715000000.0,,,,,17238000000.0,0.0,,,,6842000000.0,,113951000000.0,113951000000.0,0.0,,,,0.007,0.0,1314000000.0,1.0,,,,,38454000000.0,0.0,368000000.0,5995000000.0,,2033000000.0
44,PSX,MRT,2008-12-31,2008-12-31,2008-12-31,2021-08-03,,,,,,,,-2573000000.0,,,165967000000.0,2665000000.0,,,,,,,,904000000.0,,,0.0,4153000000.0,5057000000.0,0.029,5057000000.0,4153000000.0,4111000000.0,,,,,,,,,,303000000.0,,1.0,7952000000.0,0.046,,42000000.0,,,,,,,,,,,0.0,-3000000.0,0.0,-30000000.0,0.0,-879000000.0,-1997000000.0,0.0,2876000000.0,0.0,2662000000.0,2662000000.0,2662000000.0,0.0,3000000.0,0.015,3539000000.0,4413000000.0,,,,,,,0.0,,,,,,173919000000.0,173919000000.0,0.0,,,,0.024,0.0,1789000000.0,1.0,,,,,,,1449000000.0,,,
