None,ticker,dimension,calendardate,datekey,reportperiod,lastupdated,accoci,assets,assetsavg,assetsc,assetsnc,assetturnover,bvps,capex,cashneq,cashnequsd,cor,consolinc,currentratio,de,debt,debtc,debtnc,debtusd,deferredrev,depamor,deposits,divyield,dps,ebit,ebitda,ebitdamargin,ebitdausd,ebitusd,ebt,eps,epsdil,epsusd,equity,equityavg,equityusd,ev,evebit,evebitda,fcf,fcfps,fxusd,gp,grossmargin,intangibles,intexp,invcap,invcapavg,inventory,investments,investmentsc,investmentsnc,liabilities,liabilitiesc,liabilitiesnc,marketcap,ncf,ncfbus,ncfcommon,ncfdebt,ncfdiv,ncff,ncfi,ncfinv,ncfo,ncfx,netinc,netinccmn,netinccmnusd,netincdis,netincnci,netmargin,opex,opinc,payables,payoutratio,pb,pe,pe1,ppnenet,prefdivis,price,ps,ps1,receivables,retearn,revenue,revenueusd,rnd,roa,roe,roic,ros,sbcomp,sgna,sharefactor,sharesbas,shareswa,shareswadil,sps,tangibles,taxassets,taxexp,taxliabilities,tbvps,workingcapital
0,TDC,MRY,2020-12-31,2020-12-31,2020-12-31,2021-08-06,-143000000.0,2193000000.0,2140750000.0,1044000000.0,1149000000.0,0.858,3.66,-51000000.0,529000000.0,529000000.0,817000000.0,129000000.0,1.097,4.482,643000000.0,134000000.0,509000000.0,643000000.0,537000000.0,172000000.0,0.0,0.0,0.0,3000000.0,175000000.0,0.095,175000000.0,3000000.0,-24000000.0,1.18,1.16,1.18,400000000.0,369750000.0,400000000.0,2575971000.0,859.0,14.72,216000000.0,1.976,1.0,1019000000.0,0.555,499000000.0,27000000.0,856000000.0,891000000.0,29000000.0,0.0,0.0,0.0,1793000000.0,952000000.0,841000000.0,2455971000.0,37000000.0,0.0,-100000000.0,-95000000.0,0.0,-186000000.0,-51000000.0,0.0,267000000.0,7000000.0,129000000.0,129000000.0,129000000.0,0.0,0.0,0.07,1003000000.0,16000000.0,50000000.0,0.0,6.14,19.039,19.042,377000000.0,0.0,22.47,1.338,1.338,331000000.0,-1114000000.0,1836000000.0,1836000000.0,334000000.0,0.06,0.349,0.003,0.002,101000000.0,669000000.0,1.0,109300000.0,109300000,111600000.0,16.798,1694000000.0,222000000.0,-153000000.0,6000000.0,15.499,92000000.0
1,TDC,MRY,2019-12-31,2019-12-31,2019-12-31,2021-08-06,-141000000.0,2057000000.0,2111250000.0,1014000000.0,1043000000.0,0.899,2.294,-59000000.0,494000000.0,494000000.0,944000000.0,-20000000.0,1.144,6.851,667000000.0,100000000.0,567000000.0,667000000.0,533000000.0,150000000.0,0.0,0.0,0.0,13000000.0,163000000.0,0.086,163000000.0,13000000.0,-13000000.0,-0.18,-0.18,-0.18,262000000.0,356000000.0,262000000.0,3136625000.0,241.0,19.243,89000000.0,0.779,1.0,955000000.0,0.503,487000000.0,26000000.0,857000000.0,837250000.0,31000000.0,0.0,0.0,0.0,1795000000.0,886000000.0,909000000.0,3011625000.0,-220000000.0,0.0,-300000000.0,-52000000.0,0.0,-308000000.0,-59000000.0,0.0,148000000.0,-1000000.0,-20000000.0,-20000000.0,-20000000.0,0.0,0.0,-0.011,945000000.0,10000000.0,66000000.0,0.0,11.495,-150.581,-148.722,401000000.0,0.0,26.77,1.586,1.61,398000000.0,-1143000000.0,1899000000.0,1899000000.0,327000000.0,-0.009,-0.056,0.016,0.007,83000000.0,618000000.0,1.0,112500000.0,114200000,114200000.0,16.629,1570000000.0,87000000.0,7000000.0,6000000.0,13.748,128000000.0
2,TDC,MRY,2018-12-31,2018-12-31,2018-12-31,2021-08-06,-101000000.0,2360000000.0,2263500000.0,1428000000.0,932000000.0,0.956,4.153,-160000000.0,715000000.0,715000000.0,1138000000.0,30000000.0,1.415,3.768,544000000.0,36000000.0,508000000.0,544000000.0,595000000.0,130000000.0,0.0,0.0,0.0,49000000.0,179000000.0,0.083,179000000.0,49000000.0,27000000.0,0.25,0.25,0.25,495000000.0,567750000.0,495000000.0,4263152000.0,87.0,23.816,204000000.0,1.711,1.0,1026000000.0,0.474,521000000.0,22000000.0,659000000.0,583250000.0,28000000.0,0.0,0.0,0.0,1865000000.0,1009000000.0,856000000.0,4534152000.0,-373000000.0,0.0,-300000000.0,-285000000.0,0.0,-554000000.0,-163000000.0,0.0,364000000.0,-20000000.0,30000000.0,30000000.0,30000000.0,0.0,0.0,0.014,983000000.0,43000000.0,141000000.0,0.0,9.16,151.138,153.44,295000000.0,0.0,38.36,2.095,2.113,588000000.0,-823000000.0,2164000000.0,2164000000.0,317000000.0,0.013,0.053,0.084,0.023,65000000.0,666000000.0,1.0,118200000.0,119200000,121200000.0,18.154,1839000000.0,67000000.0,-3000000.0,3000000.0,15.428,419000000.0
3,TDC,MRY,2017-12-31,2017-12-31,2017-12-31,2021-08-06,-74000000.0,2556000000.0,2421000000.0,1750000000.0,806000000.0,0.891,5.31,-87000000.0,1089000000.0,1089000000.0,1132000000.0,-67000000.0,1.646,2.826,778000000.0,300000000.0,478000000.0,778000000.0,499000000.0,138000000.0,0.0,0.0,0.0,73000000.0,211000000.0,0.098,211000000.0,73000000.0,58000000.0,-0.53,-0.53,-0.53,668000000.0,803250000.0,668000000.0,4354660000.0,60.0,20.638,237000000.0,1.884,1.0,1024000000.0,0.475,543000000.0,15000000.0,639000000.0,518000000.0,30000000.0,0.0,0.0,0.0,1888000000.0,1063000000.0,825000000.0,4653660000.0,115000000.0,-21000000.0,-351000000.0,210000000.0,0.0,-109000000.0,-108000000.0,0.0,324000000.0,8000000.0,-67000000.0,-67000000.0,-67000000.0,0.0,0.0,-0.031,956000000.0,68000000.0,74000000.0,0.0,6.967,-69.458,-72.566,162000000.0,0.0,38.46,2.158,2.244,554000000.0,-579000000.0,2156000000.0,2156000000.0,305000000.0,-0.028,-0.083,0.141,0.034,68000000.0,651000000.0,1.0,121000000.0,125800000,125800000.0,17.138,2013000000.0,57000000.0,125000000.0,4000000.0,16.002,687000000.0
4,TDC,MRY,2016-12-31,2016-12-31,2016-12-31,2021-08-06,-89000000.0,2413000000.0,2393250000.0,1621000000.0,792000000.0,0.97,7.487,-113000000.0,974000000.0,974000000.0,1133000000.0,125000000.0,2.224,1.485,568000000.0,30000000.0,538000000.0,568000000.0,383000000.0,128000000.0,0.0,0.0,0.0,233000000.0,361000000.0,0.155,361000000.0,233000000.0,221000000.0,0.96,0.95,0.96,971000000.0,890250000.0,971000000.0,3116383000.0,13.0,8.633,333000000.0,2.567,1.0,1189000000.0,0.512,588000000.0,12000000.0,690000000.0,651000000.0,34000000.0,0.0,0.0,0.0,1442000000.0,729000000.0,713000000.0,3529383000.0,135000000.0,76000000.0,-82000000.0,-210000000.0,0.0,-262000000.0,-35000000.0,2000000.0,446000000.0,-14000000.0,125000000.0,125000000.0,125000000.0,0.0,0.0,0.054,954000000.0,235000000.0,103000000.0,0.0,3.635,28.235,28.302,138000000.0,0.0,27.17,1.52,1.518,548000000.0,-161000000.0,2322000000.0,2322000000.0,212000000.0,0.052,0.14,0.358,0.1,62000000.0,662000000.0,1.0,129900000.0,129700000,131500000.0,17.903,1825000000.0,49000000.0,96000000.0,33000000.0,14.071,892000000.0
5,TDC,MRY,2015-12-31,2015-12-31,2015-12-31,2021-08-06,-76000000.0,2527000000.0,2743500000.0,1734000000.0,793000000.0,0.922,6.082,-120000000.0,839000000.0,839000000.0,1254000000.0,-214000000.0,1.82,1.976,777000000.0,210000000.0,567000000.0,777000000.0,382000000.0,170000000.0,0.0,0.0,0.0,-135000000.0,35000000.0,0.014,35000000.0,-135000000.0,-144000000.0,-1.53,-1.53,-1.53,849000000.0,1118750000.0,849000000.0,3349860000.0,-25.0,95.71,281000000.0,2.013,1.0,1276000000.0,0.504,592000000.0,9000000.0,920000000.0,780000000.0,49000000.0,0.0,0.0,0.0,1678000000.0,953000000.0,725000000.0,3513860000.0,5000000.0,-17000000.0,-657000000.0,313000000.0,0.0,-324000000.0,-52000000.0,85000000.0,401000000.0,-20000000.0,-214000000.0,-214000000.0,-214000000.0,0.0,0.0,-0.085,1471000000.0,-195000000.0,96000000.0,0.0,4.139,-16.42,-17.268,143000000.0,0.0,26.42,1.389,1.458,580000000.0,-204000000.0,2530000000.0,2530000000.0,228000000.0,-0.078,-0.191,-0.173,-0.053,54000000.0,765000000.0,1.0,133000000.0,139600000,139600000.0,18.123,1935000000.0,41000000.0,70000000.0,28000000.0,13.861,781000000.0
6,TDC,MRY,2014-12-31,2014-12-31,2014-12-31,2021-08-06,-4000000.0,3132000000.0,3116000000.0,1572000000.0,1560000000.0,0.877,10.992,-129000000.0,834000000.0,834000000.0,1253000000.0,367000000.0,1.58,0.835,468000000.0,273000000.0,195000000.0,468000000.0,388000000.0,169000000.0,0.0,0.085,3.7,497000000.0,666000000.0,0.244,666000000.0,497000000.0,494000000.0,2.36,2.33,2.36,1707000000.0,1815000000.0,1707000000.0,6090040000.0,12.0,9.144,551000000.0,3.548,1.0,1479000000.0,0.541,1283000000.0,3000000.0,488000000.0,374000000.0,38000000.0,0.0,0.0,0.0,1425000000.0,995000000.0,430000000.0,6683040000.0,139000000.0,-69000000.0,-551000000.0,194000000.0,0.0,-326000000.0,-198000000.0,0.0,680000000.0,-17000000.0,367000000.0,367000000.0,367000000.0,0.0,0.0,0.134,976000000.0,503000000.0,126000000.0,1.568,3.915,18.21,18.508,159000000.0,0.0,43.68,2.446,2.483,619000000.0,656000000.0,2732000000.0,2732000000.0,206000000.0,0.118,0.202,1.329,0.182,48000000.0,770000000.0,1.0,153000000.0,155300000,157800000.0,17.592,1849000000.0,20000000.0,127000000.0,86000000.0,11.906,577000000.0
7,TDC,MRY,2013-12-31,2013-12-31,2013-12-31,2021-08-06,33000000.0,3096000000.0,3068250000.0,1563000000.0,1533000000.0,0.877,11.365,-138000000.0,695000000.0,695000000.0,1219000000.0,377000000.0,2.014,0.667,274000000.0,26000000.0,248000000.0,274000000.0,415000000.0,147000000.0,0.0,0.0,0.0,512000000.0,659000000.0,0.245,659000000.0,512000000.0,508000000.0,2.31,2.27,2.31,1857000000.0,1829500000.0,1857000000.0,6826066000.0,13.0,10.358,372000000.0,2.277,1.0,1473000000.0,0.547,1290000000.0,4000000.0,609000000.0,476250000.0,56000000.0,0.0,0.0,0.0,1239000000.0,776000000.0,463000000.0,7433066000.0,-34000000.0,-36000000.0,-382000000.0,-15000000.0,0.0,-362000000.0,-174000000.0,0.0,510000000.0,-8000000.0,377000000.0,377000000.0,377000000.0,0.0,0.0,0.14,941000000.0,532000000.0,114000000.0,0.0,4.003,19.716,19.693,161000000.0,0.0,45.49,2.761,2.761,717000000.0,2033000000.0,2692000000.0,2692000000.0,184000000.0,0.123,0.206,1.075,0.19,42000000.0,757000000.0,1.0,163400000.0,163400000,166400000.0,16.475,1806000000.0,24000000.0,131000000.0,87000000.0,11.053,787000000.0
8,TDC,MRY,2012-12-31,2012-12-31,2012-12-31,2021-08-06,29000000.0,3066000000.0,2961000000.0,1534000000.0,1532000000.0,0.9,10.577,-148000000.0,729000000.0,729000000.0,1174000000.0,419000000.0,1.903,0.723,274000000.0,0.0,274000000.0,274000000.0,405000000.0,126000000.0,0.0,0.0,0.0,578000000.0,704000000.0,0.264,704000000.0,578000000.0,578000000.0,2.49,2.44,2.49,1779000000.0,1758000000.0,1779000000.0,9834599000.0,17.0,13.97,427000000.0,2.539,1.0,1491000000.0,0.559,1291000000.0,0.0,514000000.0,415750000.0,47000000.0,0.0,0.0,0.0,1287000000.0,806000000.0,481000000.0,10465599000.0,-43000000.0,-274000000.0,-277000000.0,-11000000.0,0.0,-196000000.0,-422000000.0,0.0,575000000.0,0.0,419000000.0,419000000.0,419000000.0,0.0,0.0,0.157,911000000.0,580000000.0,141000000.0,0.0,5.883,24.978,24.855,150000000.0,0.0,61.89,3.927,3.906,668000000.0,1656000000.0,2665000000.0,2665000000.0,183000000.0,0.142,0.238,1.39,0.217,6000000.0,728000000.0,1.0,169100000.0,168200000,171700000.0,15.844,1775000000.0,29000000.0,159000000.0,83000000.0,10.553,728000000.0
9,TDC,MRY,2011-12-31,2011-12-31,2011-12-31,2021-08-06,16000000.0,2616000000.0,2480500000.0,1412000000.0,1204000000.0,0.952,8.888,-110000000.0,772000000.0,772000000.0,1069000000.0,353000000.0,2.032,0.751,290000000.0,0.0,290000000.0,290000000.0,363000000.0,102000000.0,0.0,0.0,0.0,481000000.0,583000000.0,0.247,583000000.0,481000000.0,481000000.0,2.1,2.05,2.1,1494000000.0,1383500000.0,1494000000.0,7722574000.0,16.0,13.246,403000000.0,2.397,1.0,1293000000.0,0.547,1045000000.0,0.0,394000000.0,389000000.0,61000000.0,0.0,0.0,0.0,1122000000.0,695000000.0,427000000.0,8120574000.0,-111000000.0,-722000000.0,-127000000.0,300000000.0,0.0,212000000.0,-832000000.0,0.0,513000000.0,-4000000.0,353000000.0,353000000.0,353000000.0,0.0,0.0,0.149,837000000.0,456000000.0,97000000.0,0.0,5.435,23.004,23.1,120000000.0,0.0,48.51,3.438,3.452,494000000.0,1237000000.0,2362000000.0,2362000000.0,174000000.0,0.142,0.255,1.237,0.204,21000000.0,663000000.0,1.0,167400000.0,168100000,171900000.0,14.051,1571000000.0,28000000.0,128000000.0,20000000.0,9.346,717000000.0
10,TDC,MRY,2010-12-31,2010-12-31,2010-12-31,2021-08-06,12000000.0,1883000000.0,1719000000.0,1406000000.0,477000000.0,1.126,7.103,-83000000.0,883000000.0,883000000.0,848000000.0,301000000.0,2.471,0.584,0.0,0.0,0.0,0.0,263000000.0,60000000.0,0.0,0.0,0.0,414000000.0,474000000.0,0.245,474000000.0,414000000.0,414000000.0,1.8,1.77,1.8,1189000000.0,1049000000.0,1189000000.0,6153300000.0,15.0,12.982,330000000.0,1.971,1.0,1088000000.0,0.562,264000000.0,0.0,167000000.0,157750000.0,65000000.0,0.0,0.0,0.0,694000000.0,569000000.0,125000000.0,6894300000.0,222000000.0,-62000000.0,-88000000.0,0.0,0.0,-47000000.0,-145000000.0,0.0,413000000.0,1000000.0,301000000.0,301000000.0,301000000.0,0.0,0.0,0.155,673000000.0,415000000.0,102000000.0,0.0,5.798,22.905,22.867,105000000.0,0.0,41.16,3.561,3.559,402000000.0,884000000.0,1936000000.0,1936000000.0,147000000.0,0.175,0.287,2.624,0.214,16000000.0,526000000.0,1.0,167500000.0,167400000,170400000.0,11.565,1619000000.0,59000000.0,113000000.0,0.0,9.671,837000000.0
11,TDC,MRY,2009-12-31,2009-12-31,2009-12-31,2021-08-06,14000000.0,1569000000.0,1517750000.0,1152000000.0,417000000.0,1.126,5.294,-88000000.0,661000000.0,661000000.0,771000000.0,254000000.0,2.122,0.724,0.0,0.0,0.0,0.0,256000000.0,63000000.0,0.0,0.0,0.0,334000000.0,397000000.0,0.232,397000000.0,334000000.0,334000000.0,1.48,1.46,1.48,910000000.0,874000000.0,910000000.0,4676816000.0,14.0,11.78,367000000.0,2.135,1.0,938000000.0,0.549,211000000.0,0.0,154000000.0,154750000.0,47000000.0,0.0,0.0,0.0,659000000.0,543000000.0,116000000.0,5380816000.0,259000000.0,-9000000.0,-174000000.0,0.0,0.0,-144000000.0,-57000000.0,40000000.0,455000000.0,5000000.0,254000000.0,254000000.0,254000000.0,0.0,0.0,0.149,600000000.0,338000000.0,102000000.0,0.0,5.913,21.184,21.236,95000000.0,0.0,31.43,3.149,3.161,387000000.0,583000000.0,1709000000.0,1709000000.0,117000000.0,0.167,0.291,2.158,0.195,18000000.0,483000000.0,1.0,171200000.0,171900000,173900000.0,9.942,1358000000.0,84000000.0,80000000.0,0.0,7.9,609000000.0
12,TDC,MRY,2008-12-31,2008-12-31,2008-12-31,2021-08-06,11000000.0,1430000000.0,1345000000.0,1015000000.0,415000000.0,1.31,4.363,-71000000.0,402000000.0,402000000.0,813000000.0,250000000.0,1.88,0.84,0.0,0.0,0.0,0.0,255000000.0,60000000.0,0.0,0.0,0.0,338000000.0,398000000.0,0.226,398000000.0,338000000.0,338000000.0,1.4,1.39,1.4,777000000.0,706750000.0,777000000.0,2282080000.0,7.0,5.734,369000000.0,2.072,1.0,949000000.0,0.539,190000000.0,0.0,298000000.0,278750000.0,44000000.0,40000000.0,40000000.0,0.0,653000000.0,540000000.0,113000000.0,2610080000.0,132000000.0,-25000000.0,-176000000.0,0.0,0.0,-167000000.0,-136000000.0,-40000000.0,440000000.0,-5000000.0,250000000.0,250000000.0,250000000.0,0.0,0.0,0.142,616000000.0,333000000.0,99000000.0,0.0,3.359,10.44,10.593,88000000.0,0.0,14.83,1.481,1.499,451000000.0,329000000.0,1762000000.0,1762000000.0,108000000.0,0.186,0.354,1.213,0.192,20000000.0,508000000.0,1.0,176000000.0,178100000,179800000.0,9.893,1240000000.0,109000000.0,88000000.0,0.0,6.962,475000000.0
13,TDC,MRY,2007-12-31,2007-12-31,2007-12-31,2021-08-06,-5000000.0,1294000000.0,1090000000.0,873000000.0,421000000.0,1.561,3.49,-95000000.0,270000000.0,270000000.0,786000000.0,200000000.0,1.526,1.051,0.0,0.0,0.0,0.0,246000000.0,68000000.0,0.0,0.0,0.0,322000000.0,390000000.0,0.229,390000000.0,322000000.0,322000000.0,1.11,1.1,1.11,631000000.0,568500000.0,631000000.0,4765210000.0,15.0,12.218,292000000.0,1.615,1.0,916000000.0,0.538,151000000.0,0.0,301000000.0,364000000.0,51000000.0,0.0,0.0,0.0,663000000.0,572000000.0,91000000.0,4961210000.0,270000000.0,-9000000.0,0.0,0.0,0.0,-14000000.0,-104000000.0,0.0,387000000.0,1000000.0,200000000.0,200000000.0,200000000.0,0.0,0.0,0.118,596000000.0,320000000.0,120000000.0,0.0,7.862,24.806,24.694,94000000.0,0.0,27.41,2.915,2.912,507000000.0,79000000.0,1702000000.0,1702000000.0,126000000.0,0.183,0.352,0.885,0.189,16000000.0,470000000.0,1.0,181000000.0,180800000,181300000.0,9.414,1143000000.0,140000000.0,122000000.0,0.0,6.322,301000000.0
14,TDC,MRY,2006-12-31,2006-12-31,2006-12-31,2021-08-06,18000000.0,1003000000.0,957000000.0,502000000.0,501000000.0,1.617,3.271,-66000000.0,0.0,0.0,718000000.0,192000000.0,1.277,0.697,0.0,0.0,0.0,0.0,194000000.0,55000000.0,0.0,,0.0,302000000.0,357000000.0,0.231,357000000.0,302000000.0,302000000.0,1.06,1.06,1.06,591000000.0,554000000.0,591000000.0,,,,153000000.0,0.847,1.0,829000000.0,0.536,149000000.0,0.0,461000000.0,438000000.0,39000000.0,0.0,0.0,0.0,412000000.0,393000000.0,19000000.0,,0.0,-21000000.0,0.0,0.0,0.0,-130000000.0,-89000000.0,0.0,219000000.0,0.0,192000000.0,192000000.0,192000000.0,0.0,0.0,0.124,527000000.0,302000000.0,67000000.0,0.0,,,,64000000.0,0.0,,,,379000000.0,0.0,1547000000.0,1547000000.0,117000000.0,0.201,0.347,0.689,0.195,9000000.0,410000000.0,1.0,181000000.0,180700000,180700000.0,8.561,854000000.0,265000000.0,110000000.0,0.0,4.726,109000000.0
15,TDC,MRY,2005-12-31,2005-12-31,2005-12-31,2021-08-06,15000000.0,911000000.0,,444000000.0,467000000.0,,2.861,-55000000.0,0.0,0.0,672000000.0,206000000.0,1.2,0.762,0.0,0.0,0.0,0.0,180000000.0,55000000.0,0.0,,0.0,284000000.0,339000000.0,0.231,339000000.0,284000000.0,284000000.0,1.14,1.14,1.14,517000000.0,,517000000.0,,,,137000000.0,0.758,1.0,795000000.0,0.542,126000000.0,0.0,415000000.0,,29000000.0,0.0,0.0,0.0,394000000.0,370000000.0,24000000.0,,0.0,0.0,0.0,0.0,0.0,-129000000.0,-63000000.0,0.0,192000000.0,0.0,206000000.0,206000000.0,206000000.0,0.0,0.0,0.14,511000000.0,284000000.0,63000000.0,0.0,,,,60000000.0,0.0,,,,350000000.0,,1467000000.0,1467000000.0,120000000.0,,,,0.194,1000000.0,391000000.0,1.0,,180700000,180700000.0,8.118,785000000.0,263000000.0,78000000.0,23000000.0,4.344,74000000.0
16,TDC,MRY,2004-12-31,2004-12-31,2004-12-31,2021-08-06,,,,,,,,-57000000.0,,,641000000.0,138000000.0,,,,,,,,48000000.0,,,0.0,199000000.0,247000000.0,0.183,247000000.0,199000000.0,199000000.0,0.77,0.76,0.77,,,,,,,124000000.0,0.69,1.0,708000000.0,0.525,,0.0,,,,,,,,,,,0.0,0.0,0.0,0.0,0.0,-124000000.0,-57000000.0,0.0,181000000.0,0.0,138000000.0,138000000.0,138000000.0,0.0,0.0,0.102,509000000.0,199000000.0,,0.0,,,,,0.0,,,,,,1349000000.0,1349000000.0,118000000.0,,,,0.148,1000000.0,391000000.0,1.0,,179700000,181100000.0,7.507,,,61000000.0,,,
0,TDC,MRQ,2021-06-30,2021-06-30,2021-06-30,2021-08-06,-135000000.0,2245000000.0,,1146000000.0,1099000000.0,,4.321,-6000000.0,684000000.0,684000000.0,181000000.0,44000000.0,1.148,3.766,629000000.0,162000000.0,467000000.0,629000000.0,585000000.0,37000000.0,0.0,0.0,0.0,66000000.0,103000000.0,0.21,103000000.0,66000000.0,59000000.0,0.4,0.39,0.4,471000000.0,,471000000.0,5603712000.0,37.0,17.846,219000000.0,2.009,1.0,310000000.0,0.631,496000000.0,7000000.0,696000000.0,,20000000.0,0.0,0.0,0.0,1774000000.0,998000000.0,776000000.0,5476712000.0,145000000.0,0.0,-38000000.0,-42000000.0,0.0,-75000000.0,-6000000.0,0.0,225000000.0,1000000.0,44000000.0,44000000.0,44000000.0,0.0,0.0,0.09,240000000.0,70000000.0,91000000.0,0.0,11.628,54.225,53.731,352000000.0,0.0,49.97,2.842,2.827,299000000.0,-1138000000.0,491000000.0,491000000.0,79000000.0,,,,,31000000.0,161000000.0,1.0,109600000.0,109000000,112700000.0,4.505,1749000000.0,208000000.0,15000000.0,6000000.0,16.046,148000000.0
1,TDC,MRQ,2021-03-31,2021-03-31,2021-03-31,2021-08-06,-146000000.0,2203000000.0,,1075000000.0,1128000000.0,,3.836,-5000000.0,538000000.0,538000000.0,184000000.0,53000000.0,1.126,4.283,665000000.0,156000000.0,509000000.0,665000000.0,600000000.0,39000000.0,0.0,0.0,0.0,79000000.0,118000000.0,0.24,118000000.0,79000000.0,72000000.0,0.49,0.47,0.49,417000000.0,,417000000.0,4314860000.0,48.0,16.724,105000000.0,0.966,1.0,307000000.0,0.625,498000000.0,7000000.0,877000000.0,,16000000.0,0.0,0.0,0.0,1786000000.0,955000000.0,831000000.0,4200860000.0,9000000.0,0.0,-83000000.0,-21000000.0,0.0,-91000000.0,-5000000.0,0.0,110000000.0,-5000000.0,53000000.0,53000000.0,53000000.0,0.0,0.0,0.108,226000000.0,81000000.0,55000000.0,0.0,10.074,300.061,296.462,378000000.0,0.0,38.54,2.219,2.213,367000000.0,-1146000000.0,491000000.0,491000000.0,77000000.0,,,,,21000000.0,149000000.0,1.0,109000000.0,108700000,112800000.0,4.517,1705000000.0,209000000.0,19000000.0,7000000.0,15.685,120000000.0
2,TDC,MRQ,2020-12-31,2020-12-31,2020-12-31,2021-08-06,-143000000.0,2193000000.0,,1044000000.0,1149000000.0,,3.66,-11000000.0,529000000.0,529000000.0,207000000.0,5000000.0,1.097,4.482,643000000.0,134000000.0,509000000.0,643000000.0,537000000.0,46000000.0,0.0,0.0,0.0,9000000.0,55000000.0,0.112,55000000.0,9000000.0,3000000.0,0.05,0.04,0.05,400000000.0,,400000000.0,2575971000.0,859.0,14.72,45000000.0,0.412,1.0,284000000.0,0.578,499000000.0,6000000.0,856000000.0,,29000000.0,0.0,0.0,0.0,1793000000.0,952000000.0,841000000.0,2455971000.0,-1000000.0,0.0,-25000000.0,-33000000.0,0.0,-56000000.0,-11000000.0,0.0,56000000.0,10000000.0,5000000.0,5000000.0,5000000.0,0.0,0.0,0.01,271000000.0,13000000.0,50000000.0,0.0,6.14,19.039,19.042,377000000.0,0.0,22.47,1.338,1.338,331000000.0,-1114000000.0,491000000.0,491000000.0,88000000.0,,,,,22000000.0,183000000.0,1.0,109300000.0,109300000,113700000.0,4.492,1694000000.0,222000000.0,-2000000.0,6000000.0,15.499,92000000.0
3,TDC,MRQ,2020-09-30,2020-09-30,2020-09-30,2021-08-06,-155000000.0,2117000000.0,,965000000.0,1152000000.0,,3.52,-13000000.0,533000000.0,533000000.0,200000000.0,-1000000.0,1.078,4.513,653000000.0,130000000.0,523000000.0,653000000.0,520000000.0,41000000.0,0.0,0.0,0.0,-3000000.0,38000000.0,0.084,38000000.0,-3000000.0,-10000000.0,-0.01,-0.01,-0.01,384000000.0,,384000000.0,2642300000.0,-240.0,17.384,58000000.0,0.532,1.0,254000000.0,0.559,505000000.0,7000000.0,837000000.0,,14000000.0,0.0,0.0,0.0,1733000000.0,895000000.0,838000000.0,2474300000.0,39000000.0,0.0,0.0,-24000000.0,0.0,-23000000.0,-13000000.0,0.0,71000000.0,4000000.0,-1000000.0,-1000000.0,-1000000.0,0.0,0.0,-0.002,253000000.0,1000000.0,59000000.0,0.0,6.443,23.565,24.149,378000000.0,0.0,22.7,1.345,1.347,321000000.0,-1094000000.0,454000000.0,454000000.0,90000000.0,,,,,27000000.0,163000000.0,1.0,109000000.0,109100000,109100000.0,4.161,1612000000.0,238000000.0,-9000000.0,6000000.0,14.775,70000000.0
4,TDC,MRQ,2020-06-30,2020-06-30,2020-06-30,2021-08-06,-165000000.0,2102000000.0,,948000000.0,1154000000.0,,3.189,-15000000.0,494000000.0,494000000.0,201000000.0,-43000000.0,1.062,5.075,662000000.0,118000000.0,544000000.0,662000000.0,559000000.0,43000000.0,0.0,0.0,0.0,4000000.0,47000000.0,0.103,47000000.0,4000000.0,-3000000.0,-0.4,-0.4,-0.4,346000000.0,,346000000.0,2524800000.0,631.0,15.585,115000000.0,1.06,1.0,256000000.0,0.56,508000000.0,7000000.0,869000000.0,,26000000.0,0.0,0.0,0.0,1756000000.0,893000000.0,863000000.0,2256800000.0,99000000.0,0.0,-2000000.0,-23000000.0,0.0,-19000000.0,-15000000.0,0.0,130000000.0,3000000.0,-43000000.0,-43000000.0,-43000000.0,0.0,0.0,-0.094,248000000.0,8000000.0,62000000.0,0.0,6.523,19.455,20.0,383000000.0,0.0,20.8,1.224,1.224,339000000.0,-1093000000.0,457000000.0,457000000.0,83000000.0,,,,,31000000.0,165000000.0,1.0,108500000.0,108500000,108500000.0,4.212,1594000000.0,236000000.0,40000000.0,6000000.0,14.691,55000000.0
5,TDC,MRQ,2020-03-31,2020-03-31,2020-03-31,2021-08-06,-169000000.0,2151000000.0,,974000000.0,1177000000.0,,3.164,-12000000.0,394000000.0,394000000.0,209000000.0,168000000.0,1.075,5.163,662000000.0,102000000.0,560000000.0,662000000.0,599000000.0,42000000.0,0.0,0.0,0.0,-7000000.0,35000000.0,0.081,35000000.0,-7000000.0,-14000000.0,1.52,1.51,1.52,349000000.0,,349000000.0,2447390000.0,188.0,14.568,-2000000.0,-0.018,1.0,225000000.0,0.518,511000000.0,7000000.0,1002000000.0,,28000000.0,0.0,0.0,0.0,1802000000.0,906000000.0,896000000.0,2274390000.0,-100000000.0,0.0,-73000000.0,-15000000.0,0.0,-88000000.0,-12000000.0,0.0,10000000.0,-10000000.0,168000000.0,168000000.0,168000000.0,0.0,0.0,0.387,231000000.0,-6000000.0,96000000.0,0.0,6.517,14.395,14.329,383000000.0,0.0,20.49,1.22,1.212,448000000.0,-1050000000.0,434000000.0,434000000.0,73000000.0,,,,,21000000.0,158000000.0,1.0,111000000.0,110300000,111300000.0,3.935,1640000000.0,253000000.0,-182000000.0,6000000.0,14.869,68000000.0
6,TDC,MRQ,2019-12-31,2019-12-31,2019-12-31,2021-08-06,-141000000.0,2057000000.0,,1014000000.0,1043000000.0,,2.356,-13000000.0,494000000.0,494000000.0,246000000.0,-19000000.0,1.144,6.851,667000000.0,100000000.0,567000000.0,667000000.0,533000000.0,37000000.0,0.0,0.0,0.0,-5000000.0,32000000.0,0.065,32000000.0,-5000000.0,-12000000.0,-0.17,-0.17,-0.17,262000000.0,,262000000.0,3136625000.0,241.0,19.243,41000000.0,0.369,1.0,248000000.0,0.502,487000000.0,7000000.0,857000000.0,,31000000.0,0.0,0.0,0.0,1795000000.0,886000000.0,909000000.0,3011625000.0,-33000000.0,0.0,-61000000.0,-22000000.0,0.0,-79000000.0,-13000000.0,0.0,54000000.0,5000000.0,-19000000.0,-19000000.0,-19000000.0,0.0,0.0,-0.038,253000000.0,-5000000.0,66000000.0,0.0,11.495,-150.581,-148.722,401000000.0,0.0,26.77,1.586,1.61,398000000.0,-1143000000.0,494000000.0,494000000.0,82000000.0,,,,,24000000.0,171000000.0,1.0,112500000.0,111200000,111200000.0,4.442,1570000000.0,87000000.0,7000000.0,6000000.0,14.119,128000000.0
7,TDC,MRQ,2019-09-30,2019-09-30,2019-09-30,2021-08-06,-127000000.0,1979000000.0,,978000000.0,1001000000.0,,2.898,-17000000.0,528000000.0,528000000.0,212000000.0,10000000.0,1.267,5.034,653000000.0,86000000.0,567000000.0,653000000.0,476000000.0,36000000.0,0.0,0.0,0.0,12000000.0,48000000.0,0.105,48000000.0,12000000.0,4000000.0,0.09,0.09,0.09,328000000.0,,328000000.0,3543100000.0,72.0,17.985,-27000000.0,-0.239,1.0,247000000.0,0.538,447000000.0,8000000.0,885000000.0,,36000000.0,0.0,0.0,0.0,1651000000.0,772000000.0,879000000.0,3537100000.0,-108000000.0,0.0,-64000000.0,-15000000.0,0.0,-75000000.0,-17000000.0,0.0,-10000000.0,-6000000.0,10000000.0,10000000.0,10000000.0,0.0,0.0,0.022,237000000.0,10000000.0,103000000.0,0.0,10.784,252.65,281.818,386000000.0,0.0,31.0,1.775,1.761,328000000.0,-1063000000.0,459000000.0,459000000.0,86000000.0,,,,,22000000.0,151000000.0,1.0,114100000.0,113200000,114200000.0,4.055,1532000000.0,67000000.0,-6000000.0,4000000.0,13.534,206000000.0
8,TDC,MRQ,2019-06-30,2019-06-30,2019-06-30,2021-08-06,-116000000.0,2123000000.0,,1129000000.0,994000000.0,,3.177,-13000000.0,635000000.0,635000000.0,242000000.0,-1000000.0,1.305,4.785,641000000.0,77000000.0,564000000.0,641000000.0,580000000.0,40000000.0,0.0,0.0,0.0,13000000.0,53000000.0,0.111,53000000.0,13000000.0,5000000.0,-0.01,-0.01,-0.01,367000000.0,,367000000.0,4096035000.0,77.0,20.898,42000000.0,0.364,1.0,236000000.0,0.494,457000000.0,8000000.0,807000000.0,,35000000.0,0.0,0.0,0.0,1756000000.0,865000000.0,891000000.0,4198035000.0,-87000000.0,0.0,-119000000.0,-12000000.0,0.0,-128000000.0,-13000000.0,0.0,55000000.0,-1000000.0,-1000000.0,-1000000.0,-1000000.0,0.0,0.0,-0.002,226000000.0,10000000.0,102000000.0,0.0,11.439,190.82,210.882,375000000.0,0.0,35.85,2.038,2.01,377000000.0,-1009000000.0,478000000.0,478000000.0,81000000.0,,,,,22000000.0,145000000.0,1.0,117100000.0,115500000,115500000.0,4.139,1666000000.0,70000000.0,6000000.0,4000000.0,14.424,264000000.0
9,TDC,MRQ,2019-03-31,2019-03-31,2019-03-31,2021-08-06,-109000000.0,2286000000.0,,1302000000.0,984000000.0,,3.988,-16000000.0,723000000.0,723000000.0,244000000.0,-10000000.0,1.425,3.895,621000000.0,63000000.0,558000000.0,621000000.0,669000000.0,37000000.0,0.0,0.0,0.0,-1000000.0,36000000.0,0.077,36000000.0,-1000000.0,-10000000.0,-0.09,-0.09,-0.09,467000000.0,,467000000.0,4902145000.0,96.0,26.642,33000000.0,0.282,1.0,224000000.0,0.479,470000000.0,9000000.0,800000000.0,,52000000.0,0.0,0.0,0.0,1819000000.0,914000000.0,905000000.0,5120145000.0,8000000.0,0.0,-56000000.0,-3000000.0,0.0,-26000000.0,-16000000.0,0.0,49000000.0,1000000.0,-10000000.0,-10000000.0,-10000000.0,0.0,0.0,-0.021,229000000.0,-5000000.0,99000000.0,0.0,10.964,189.635,207.857,363000000.0,0.0,43.65,2.408,2.404,445000000.0,-891000000.0,468000000.0,468000000.0,78000000.0,,,,,15000000.0,151000000.0,1.0,117300000.0,117100000,117100000.0,3.997,1816000000.0,66000000.0,0.0,4000000.0,15.508,388000000.0
10,TDC,MRQ,2018-12-31,2018-12-31,2018-12-31,2021-08-06,-101000000.0,2360000000.0,,1428000000.0,932000000.0,,4.227,-63000000.0,715000000.0,715000000.0,299000000.0,15000000.0,1.415,3.768,544000000.0,36000000.0,508000000.0,544000000.0,595000000.0,35000000.0,0.0,0.0,0.0,25000000.0,60000000.0,0.102,60000000.0,25000000.0,19000000.0,0.12,0.13,0.12,495000000.0,,495000000.0,4263152000.0,87.0,23.816,44000000.0,0.376,1.0,289000000.0,0.491,521000000.0,6000000.0,659000000.0,,28000000.0,0.0,0.0,0.0,1865000000.0,1009000000.0,856000000.0,4534152000.0,-52000000.0,0.0,-94000000.0,-4000000.0,0.0,-90000000.0,-66000000.0,0.0,107000000.0,-3000000.0,15000000.0,15000000.0,15000000.0,0.0,0.0,0.026,266000000.0,23000000.0,141000000.0,0.0,9.16,151.138,153.44,295000000.0,0.0,38.36,2.095,2.113,588000000.0,-823000000.0,588000000.0,588000000.0,81000000.0,,,,,15000000.0,185000000.0,1.0,118200000.0,117100000,119400000.0,5.021,1839000000.0,67000000.0,4000000.0,3000000.0,15.705,419000000.0
11,TDC,MRQ,2018-09-30,2018-09-30,2018-09-30,2021-08-06,-93000000.0,2136000000.0,,1284000000.0,852000000.0,,4.718,-35000000.0,768000000.0,768000000.0,262000000.0,18000000.0,1.771,2.814,497000000.0,13000000.0,484000000.0,497000000.0,486000000.0,31000000.0,0.0,0.0,0.0,16000000.0,47000000.0,0.089,47000000.0,16000000.0,10000000.0,0.15,0.15,0.15,560000000.0,,560000000.0,4106261000.0,48.0,19.099,-68000000.0,-0.573,1.0,264000000.0,0.502,497000000.0,6000000.0,643000000.0,,45000000.0,0.0,0.0,0.0,1576000000.0,725000000.0,851000000.0,4491261000.0,-115000000.0,0.0,-49000000.0,-1000000.0,0.0,-45000000.0,-35000000.0,0.0,-33000000.0,-2000000.0,18000000.0,18000000.0,18000000.0,0.0,0.0,0.034,250000000.0,14000000.0,95000000.0,0.0,8.02,-76.123,-81.978,226000000.0,0.0,37.71,2.04,2.033,372000000.0,-745000000.0,526000000.0,526000000.0,84000000.0,,,,,15000000.0,166000000.0,1.0,119100000.0,118700000,120700000.0,4.431,1639000000.0,54000000.0,-8000000.0,4000000.0,13.808,559000000.0
12,TDC,MRQ,2018-06-30,2018-06-30,2018-06-30,2021-08-06,-91000000.0,2203000000.0,,1383000000.0,820000000.0,,4.787,-34000000.0,882000000.0,882000000.0,294000000.0,4000000.0,1.787,2.851,497000000.0,6000000.0,491000000.0,497000000.0,570000000.0,30000000.0,0.0,0.0,0.0,11000000.0,41000000.0,0.075,41000000.0,11000000.0,6000000.0,0.03,0.03,0.03,572000000.0,,572000000.0,4455195000.0,56.0,21.115,72000000.0,0.603,1.0,250000000.0,0.46,511000000.0,5000000.0,533000000.0,,28000000.0,0.0,0.0,0.0,1631000000.0,774000000.0,857000000.0,4870195000.0,-57000000.0,0.0,-97000000.0,-25000000.0,0.0,-114000000.0,-34000000.0,0.0,106000000.0,-15000000.0,4000000.0,4000000.0,4000000.0,0.0,0.0,0.007,240000000.0,10000000.0,83000000.0,0.0,8.514,-76.097,-80.3,187000000.0,0.0,40.15,2.212,2.179,369000000.0,-714000000.0,544000000.0,544000000.0,77000000.0,,,,,16000000.0,163000000.0,1.0,121300000.0,119500000,121500000.0,4.552,1692000000.0,54000000.0,2000000.0,8000000.0,14.159,609000000.0
13,TDC,MRQ,2018-03-31,2018-03-31,2018-03-31,2021-08-06,-70000000.0,2355000000.0,,1530000000.0,825000000.0,,5.305,-28000000.0,939000000.0,939000000.0,283000000.0,-7000000.0,1.676,2.657,524000000.0,68000000.0,456000000.0,524000000.0,604000000.0,34000000.0,0.0,0.0,0.0,-3000000.0,31000000.0,0.061,31000000.0,-3000000.0,-8000000.0,-0.06,-0.06,-0.06,644000000.0,,644000000.0,4528740000.0,66.0,22.091,156000000.0,1.285,1.0,223000000.0,0.441,529000000.0,5000000.0,498000000.0,,43000000.0,0.0,0.0,0.0,1711000000.0,913000000.0,798000000.0,4839740000.0,-149000000.0,0.0,-60000000.0,-255000000.0,0.0,-305000000.0,-28000000.0,0.0,184000000.0,0.0,-7000000.0,-7000000.0,-7000000.0,0.0,0.0,-0.014,227000000.0,-4000000.0,110000000.0,0.0,7.515,-67.219,-70.839,172000000.0,0.0,39.67,2.229,2.218,451000000.0,-637000000.0,506000000.0,506000000.0,75000000.0,,,,,19000000.0,152000000.0,1.0,122000000.0,121400000,121400000.0,4.168,1826000000.0,58000000.0,-1000000.0,9000000.0,15.041,617000000.0
14,TDC,MRQ,2017-12-31,2017-12-31,2017-12-31,2021-08-06,-74000000.0,2556000000.0,,1750000000.0,806000000.0,,5.507,-21000000.0,1089000000.0,1089000000.0,319000000.0,-74000000.0,1.646,2.826,778000000.0,300000000.0,478000000.0,778000000.0,499000000.0,35000000.0,0.0,0.0,0.0,61000000.0,96000000.0,0.153,96000000.0,61000000.0,57000000.0,-0.58,-0.58,-0.58,668000000.0,,668000000.0,4354660000.0,60.0,20.638,2000000.0,0.016,1.0,307000000.0,0.49,543000000.0,4000000.0,639000000.0,,30000000.0,0.0,0.0,0.0,1888000000.0,1063000000.0,825000000.0,4653660000.0,64000000.0,-3000000.0,0.0,53000000.0,0.0,65000000.0,-24000000.0,0.0,23000000.0,0.0,-74000000.0,-74000000.0,-74000000.0,0.0,0.0,-0.118,247000000.0,60000000.0,74000000.0,0.0,6.967,-69.458,-72.566,162000000.0,0.0,38.46,2.158,2.244,554000000.0,-579000000.0,626000000.0,626000000.0,77000000.0,,,,,17000000.0,170000000.0,1.0,121000000.0,121300000,115900000.0,5.161,2013000000.0,57000000.0,131000000.0,4000000.0,16.595,687000000.0
15,TDC,MRQ,2017-09-30,2017-09-30,2017-09-30,2021-08-06,-69000000.0,2307000000.0,,1508000000.0,799000000.0,,5.812,-32000000.0,1025000000.0,1025000000.0,276000000.0,13000000.0,1.611,2.209,726000000.0,233000000.0,493000000.0,726000000.0,381000000.0,33000000.0,0.0,0.0,0.0,10000000.0,43000000.0,0.082,43000000.0,10000000.0,6000000.0,0.11,0.1,0.11,719000000.0,,719000000.0,3725540000.0,35.0,15.523,-40000000.0,-0.323,1.0,250000000.0,0.475,557000000.0,4000000.0,515000000.0,,45000000.0,0.0,0.0,0.0,1588000000.0,936000000.0,652000000.0,4257540000.0,-60000000.0,0.0,-200000000.0,172000000.0,0.0,-20000000.0,-32000000.0,0.0,-8000000.0,0.0,13000000.0,13000000.0,13000000.0,0.0,0.0,0.025,241000000.0,9000000.0,106000000.0,0.0,5.921,65.501,67.58,159000000.0,0.0,33.79,1.975,1.939,366000000.0,-505000000.0,526000000.0,526000000.0,80000000.0,,,,,16000000.0,161000000.0,1.0,126000000.0,123700000,125800000.0,4.252,1750000000.0,53000000.0,-7000000.0,12000000.0,14.147,572000000.0
16,TDC,MRQ,2017-06-30,2017-06-30,2017-06-30,2021-08-06,-77000000.0,2338000000.0,,1548000000.0,790000000.0,,6.818,-16000000.0,1085000000.0,1085000000.0,271000000.0,-4000000.0,1.955,1.681,553000000.0,45000000.0,508000000.0,553000000.0,441000000.0,34000000.0,0.0,0.0,0.0,1000000.0,35000000.0,0.068,35000000.0,1000000.0,-3000000.0,-0.03,-0.03,-0.03,872000000.0,,872000000.0,3210057000.0,17.0,9.969,45000000.0,0.352,1.0,242000000.0,0.472,572000000.0,4000000.0,442000000.0,,42000000.0,0.0,0.0,0.0,1466000000.0,792000000.0,674000000.0,3813057000.0,-79000000.0,-18000000.0,-108000000.0,-7000000.0,0.0,-110000000.0,-34000000.0,0.0,61000000.0,4000000.0,-4000000.0,-4000000.0,-4000000.0,0.0,0.0,-0.008,243000000.0,-1000000.0,97000000.0,0.0,4.373,37.753,38.299,143000000.0,0.0,29.49,1.748,1.729,356000000.0,-318000000.0,513000000.0,513000000.0,78000000.0,,,,,19000000.0,165000000.0,1.0,129300000.0,127900000,127900000.0,4.011,1766000000.0,51000000.0,1000000.0,14000000.0,13.808,756000000.0
17,TDC,MRQ,2017-03-31,2017-03-31,2017-03-31,2021-08-06,-83000000.0,2483000000.0,,1704000000.0,779000000.0,,7.316,-18000000.0,1164000000.0,1164000000.0,266000000.0,-2000000.0,2.041,1.603,561000000.0,38000000.0,523000000.0,561000000.0,528000000.0,36000000.0,0.0,0.0,0.0,1000000.0,37000000.0,0.075,37000000.0,1000000.0,-2000000.0,-0.02,-0.02,-0.02,954000000.0,,954000000.0,3661383969.0,13.0,8.996,230000000.0,1.764,1.0,225000000.0,0.458,569000000.0,3000000.0,476000000.0,,40000000.0,0.0,0.0,0.0,1529000000.0,835000000.0,694000000.0,4067383969.0,190000000.0,0.0,-43000000.0,-8000000.0,0.0,-44000000.0,-18000000.0,0.0,248000000.0,4000000.0,-2000000.0,-2000000.0,-2000000.0,0.0,0.0,-0.004,225000000.0,0.0,89000000.0,0.0,4.264,24.067,24.124,142000000.0,0.0,31.12,1.793,1.789,442000000.0,-207000000.0,491000000.0,491000000.0,70000000.0,,,,,16000000.0,155000000.0,1.0,130699999.0,130400000,130400000.0,3.765,1914000000.0,50000000.0,0.0,25000000.0,14.678,869000000.0
18,TDC,MRQ,2016-12-31,2016-12-31,2016-12-31,2021-08-06,-89000000.0,2413000000.0,,1621000000.0,792000000.0,,7.469,-32000000.0,974000000.0,974000000.0,310000000.0,58000000.0,2.224,1.485,568000000.0,30000000.0,538000000.0,568000000.0,383000000.0,31000000.0,0.0,0.0,0.0,94000000.0,125000000.0,0.2,125000000.0,94000000.0,91000000.0,0.44,0.44,0.44,971000000.0,,971000000.0,3116383000.0,13.0,8.633,20000000.0,0.154,1.0,316000000.0,0.505,588000000.0,3000000.0,690000000.0,,34000000.0,0.0,0.0,0.0,1442000000.0,729000000.0,713000000.0,3529383000.0,-14000000.0,0.0,-13000000.0,-8000000.0,0.0,-19000000.0,-30000000.0,2000000.0,52000000.0,-17000000.0,58000000.0,58000000.0,58000000.0,0.0,0.0,0.093,215000000.0,101000000.0,103000000.0,0.0,3.635,28.235,28.302,138000000.0,0.0,27.17,1.52,1.518,548000000.0,-161000000.0,626000000.0,626000000.0,58000000.0,,,,,13000000.0,157000000.0,1.0,129900000.0,130000000,132100000.0,4.815,1825000000.0,49000000.0,33000000.0,33000000.0,14.038,892000000.0
19,TDC,MRQ,2016-09-30,2016-09-30,2016-09-30,2021-08-06,-66000000.0,2314000000.0,,1517000000.0,797000000.0,,7.186,-33000000.0,988000000.0,988000000.0,258000000.0,49000000.0,2.205,1.483,575000000.0,30000000.0,545000000.0,575000000.0,375000000.0,32000000.0,0.0,0.0,0.0,93000000.0,125000000.0,0.226,125000000.0,93000000.0,90000000.0,0.38,0.37,0.38,932000000.0,,932000000.0,3715400000.0,34.0,15.103,12000000.0,0.093,1.0,294000000.0,0.533,602000000.0,3000000.0,611000000.0,,44000000.0,0.0,0.0,0.0,1382000000.0,688000000.0,694000000.0,4042400000.0,79000000.0,80000000.0,-18000000.0,-7000000.0,0.0,-16000000.0,47000000.0,0.0,45000000.0,3000000.0,49000000.0,49000000.0,49000000.0,0.0,0.0,0.089,205000000.0,89000000.0,93000000.0,0.0,4.337,224.578,221.429,131000000.0,0.0,31.0,1.674,1.665,426000000.0,-206000000.0,552000000.0,552000000.0,46000000.0,,,,,16000000.0,159000000.0,1.0,130400000.0,129700000,131600000.0,4.256,1712000000.0,46000000.0,41000000.0,20000000.0,13.2,829000000.0
20,TDC,MRQ,2016-06-30,2016-06-30,2016-06-30,2021-08-06,-69000000.0,2382000000.0,,1595000000.0,787000000.0,,6.656,-22000000.0,909000000.0,909000000.0,289000000.0,64000000.0,1.947,1.757,582000000.0,30000000.0,552000000.0,582000000.0,446000000.0,31000000.0,0.0,0.0,0.0,89000000.0,120000000.0,0.2,120000000.0,89000000.0,85000000.0,0.49,0.49,0.49,864000000.0,,864000000.0,3012100000.0,24.0,10.796,77000000.0,0.593,1.0,310000000.0,0.518,591000000.0,4000000.0,645000000.0,,37000000.0,0.0,0.0,0.0,1518000000.0,819000000.0,699000000.0,3259100000.0,-8000000.0,-1000000.0,-4000000.0,-88000000.0,0.0,-82000000.0,-23000000.0,0.0,99000000.0,-2000000.0,64000000.0,64000000.0,64000000.0,0.0,0.0,0.107,223000000.0,87000000.0,104000000.0,0.0,3.772,69.343,78.344,129000000.0,0.0,25.07,1.32,1.318,465000000.0,-246000000.0,599000000.0,599000000.0,51000000.0,,,,,12000000.0,172000000.0,1.0,130000000.0,129800000,131500000.0,4.615,1791000000.0,48000000.0,21000000.0,17000000.0,13.798,776000000.0
21,TDC,MRQ,2016-03-31,2016-03-31,2016-03-31,2021-08-06,-68000000.0,2464000000.0,,1677000000.0,787000000.0,,6.136,-26000000.0,917000000.0,917000000.0,276000000.0,-46000000.0,1.732,2.103,670000000.0,110000000.0,560000000.0,670000000.0,521000000.0,34000000.0,0.0,0.0,0.0,-42000000.0,-8000000.0,-0.015,-8000000.0,-42000000.0,-45000000.0,-0.36,-0.36,-0.36,794000000.0,,794000000.0,3336456000.0,-16.0,-72.532,224000000.0,1.731,1.0,269000000.0,0.494,591000000.0,3000000.0,658000000.0,,54000000.0,0.0,0.0,0.0,1670000000.0,968000000.0,702000000.0,3395456000.0,78000000.0,-3000000.0,-47000000.0,-107000000.0,0.0,-145000000.0,-29000000.0,0.0,250000000.0,2000000.0,-46000000.0,-46000000.0,-46000000.0,0.0,0.0,-0.084,311000000.0,-42000000.0,83000000.0,0.0,4.276,-12.041,-12.863,131000000.0,0.0,26.24,1.362,1.362,519000000.0,-297000000.0,545000000.0,545000000.0,57000000.0,,,,,21000000.0,174000000.0,1.0,129400000.0,129400000,129400000.0,4.212,1873000000.0,48000000.0,1000000.0,20000000.0,14.474,709000000.0
22,TDC,MRQ,2015-12-31,2015-12-31,2015-12-31,2021-08-06,-76000000.0,2527000000.0,,1734000000.0,793000000.0,,6.427,-26000000.0,839000000.0,839000000.0,354000000.0,-49000000.0,1.82,1.976,777000000.0,210000000.0,567000000.0,777000000.0,382000000.0,41000000.0,0.0,0.0,0.0,-32000000.0,9000000.0,0.013,9000000.0,-32000000.0,-35000000.0,-0.37,-0.37,-0.37,849000000.0,,849000000.0,3349860000.0,-25.0,95.71,5000000.0,0.038,1.0,365000000.0,0.508,592000000.0,3000000.0,920000000.0,,49000000.0,0.0,0.0,0.0,1678000000.0,953000000.0,725000000.0,3513860000.0,-35000000.0,-8000000.0,-116000000.0,70000000.0,0.0,-44000000.0,-18000000.0,16000000.0,31000000.0,-4000000.0,-49000000.0,-49000000.0,-49000000.0,0.0,0.0,-0.068,405000000.0,-40000000.0,96000000.0,0.0,4.139,-16.42,-17.268,143000000.0,0.0,26.42,1.389,1.458,580000000.0,-204000000.0,719000000.0,719000000.0,55000000.0,,,,,11000000.0,212000000.0,1.0,133000000.0,132100000,132100000.0,5.443,1935000000.0,41000000.0,14000000.0,28000000.0,14.648,781000000.0
23,TDC,MRQ,2015-09-30,2015-09-30,2015-09-30,2021-08-06,-64000000.0,2609000000.0,,1514000000.0,1095000000.0,,7.155,-35000000.0,874000000.0,874000000.0,299000000.0,78000000.0,1.807,1.619,710000000.0,133000000.0,577000000.0,710000000.0,401000000.0,45000000.0,0.0,0.0,0.0,113000000.0,158000000.0,0.261,158000000.0,113000000.0,110000000.0,0.56,0.55,0.56,996000000.0,,996000000.0,3779736000.0,66.0,16.651,33000000.0,0.237,1.0,307000000.0,0.507,896000000.0,3000000.0,711000000.0,,52000000.0,0.0,0.0,0.0,1613000000.0,838000000.0,775000000.0,4100736000.0,-47000000.0,-23000000.0,-233000000.0,110000000.0,0.0,-119000000.0,11000000.0,69000000.0,68000000.0,-7000000.0,78000000.0,78000000.0,78000000.0,0.0,0.0,0.129,230000000.0,77000000.0,111000000.0,0.0,4.117,-87.25,-74.256,159000000.0,0.0,28.96,1.594,1.567,486000000.0,-57000000.0,606000000.0,606000000.0,51000000.0,,,,,13000000.0,179000000.0,1.0,141600000.0,139200000,141400000.0,4.353,1713000000.0,19000000.0,32000000.0,60000000.0,12.306,676000000.0
24,TDC,MRQ,2015-06-30,2015-06-30,2015-06-30,2021-08-06,-27000000.0,2735000000.0,,1577000000.0,1158000000.0,,8.358,-27000000.0,921000000.0,921000000.0,296000000.0,-265000000.0,2.083,1.306,600000000.0,15000000.0,585000000.0,600000000.0,461000000.0,42000000.0,0.0,0.041,0.0,-247000000.0,-205000000.0,-0.329,-205000000.0,-247000000.0,-249000000.0,-1.87,-1.87,-1.87,1186000000.0,,1186000000.0,4973000000.0,74.0,21.072,53000000.0,0.374,1.0,327000000.0,0.525,897000000.0,2000000.0,760000000.0,,46000000.0,0.0,0.0,0.0,1549000000.0,757000000.0,792000000.0,5254000000.0,40000000.0,14000000.0,-39000000.0,0.0,0.0,-31000000.0,-13000000.0,0.0,80000000.0,4000000.0,-265000000.0,-265000000.0,-265000000.0,0.0,0.0,-0.425,589000000.0,-262000000.0,103000000.0,0.0,4.43,-169.484,-108.824,160000000.0,0.0,37.0,1.995,1.994,511000000.0,114000000.0,623000000.0,623000000.0,59000000.0,,,,,13000000.0,190000000.0,1.0,142000000.0,141900000,141900000.0,4.39,1838000000.0,19000000.0,16000000.0,63000000.0,12.953,820000000.0
25,TDC,MRQ,2015-03-31,2015-03-31,2015-03-31,2021-08-06,-39000000.0,3103000000.0,,1591000000.0,1512000000.0,,9.945,-32000000.0,881000000.0,881000000.0,305000000.0,22000000.0,1.872,1.149,600000000.0,7000000.0,593000000.0,600000000.0,508000000.0,42000000.0,0.0,0.034,0.0,31000000.0,73000000.0,0.125,73000000.0,31000000.0,30000000.0,0.15,0.15,0.15,1444000000.0,,1444000000.0,6078440000.0,14.0,9.868,190000000.0,1.309,1.0,277000000.0,0.476,1243000000.0,1000000.0,729000000.0,,42000000.0,0.0,0.0,0.0,1659000000.0,850000000.0,809000000.0,6444440000.0,47000000.0,0.0,-269000000.0,133000000.0,0.0,-130000000.0,-32000000.0,0.0,222000000.0,-13000000.0,22000000.0,22000000.0,22000000.0,0.0,0.0,0.038,246000000.0,31000000.0,148000000.0,0.0,4.463,19.529,20.626,162000000.0,0.0,44.14,2.399,2.386,583000000.0,405000000.0,582000000.0,582000000.0,63000000.0,,,,,17000000.0,184000000.0,1.0,146000000.0,145200000,147700000.0,4.008,1860000000.0,19000000.0,8000000.0,74000000.0,12.81,741000000.0
26,TDC,MRQ,2014-12-31,2014-12-31,2014-12-31,2021-08-06,-4000000.0,3132000000.0,,1572000000.0,1560000000.0,,11.275,-35000000.0,834000000.0,834000000.0,336000000.0,118000000.0,1.58,0.835,468000000.0,273000000.0,195000000.0,468000000.0,388000000.0,41000000.0,0.0,0.085,0.0,160000000.0,201000000.0,0.264,201000000.0,160000000.0,157000000.0,0.77,0.76,0.77,1707000000.0,,1707000000.0,6090040000.0,12.0,9.144,62000000.0,0.41,1.0,425000000.0,0.558,1283000000.0,3000000.0,488000000.0,,38000000.0,0.0,0.0,0.0,1425000000.0,995000000.0,430000000.0,6683040000.0,-14000000.0,-20000000.0,-269000000.0,213000000.0,0.0,-47000000.0,-55000000.0,0.0,97000000.0,-9000000.0,118000000.0,118000000.0,118000000.0,0.0,0.0,0.155,267000000.0,158000000.0,126000000.0,0.0,3.915,18.21,18.508,159000000.0,0.0,43.68,2.446,2.483,619000000.0,656000000.0,761000000.0,761000000.0,54000000.0,,,,,14000000.0,213000000.0,1.0,153000000.0,151400000,153900000.0,5.026,1849000000.0,20000000.0,39000000.0,86000000.0,12.213,577000000.0
27,TDC,MRQ,2014-09-30,2014-09-30,2014-09-30,2021-08-06,4000000.0,3018000000.0,,1506000000.0,1512000000.0,,11.922,-36000000.0,848000000.0,848000000.0,317000000.0,94000000.0,1.953,0.638,255000000.0,45000000.0,210000000.0,255000000.0,402000000.0,44000000.0,0.0,0.088,1.5,123000000.0,167000000.0,0.25,167000000.0,123000000.0,123000000.0,0.61,0.6,0.61,1842000000.0,,1842000000.0,5788600000.0,12.0,8.757,66000000.0,0.427,1.0,350000000.0,0.525,1286000000.0,0.0,368000000.0,,44000000.0,0.0,0.0,0.0,1176000000.0,771000000.0,405000000.0,6497600000.0,-86000000.0,-42000000.0,-98000000.0,-8000000.0,0.0,-99000000.0,-78000000.0,0.0,102000000.0,-11000000.0,94000000.0,94000000.0,94000000.0,0.0,0.0,0.141,227000000.0,123000000.0,118000000.0,2.459,3.527,17.999,18.386,157000000.0,0.0,41.92,2.371,2.364,522000000.0,2282000000.0,667000000.0,667000000.0,46000000.0,,,,,10000000.0,181000000.0,1.0,155000000.0,154500000,157100000.0,4.317,1732000000.0,23000000.0,29000000.0,68000000.0,11.21,735000000.0
28,TDC,MRQ,2014-06-30,2014-06-30,2014-06-30,2021-08-06,34000000.0,3136000000.0,,1637000000.0,1499000000.0,,11.867,-25000000.0,934000000.0,934000000.0,305000000.0,96000000.0,1.935,0.684,225000000.0,0.0,225000000.0,225000000.0,468000000.0,43000000.0,0.0,0.055,0.0,132000000.0,175000000.0,0.259,175000000.0,132000000.0,132000000.0,0.61,0.6,0.61,1862000000.0,,1862000000.0,5657540000.0,11.0,8.508,113000000.0,0.72,1.0,371000000.0,0.549,1272000000.0,0.0,309000000.0,,50000000.0,0.0,0.0,0.0,1274000000.0,846000000.0,428000000.0,6339540000.0,12000000.0,-3000000.0,-98000000.0,-7000000.0,0.0,-98000000.0,-28000000.0,0.0,138000000.0,0.0,96000000.0,96000000.0,96000000.0,0.0,0.0,0.142,238000000.0,133000000.0,112000000.0,0.0,3.405,17.369,17.709,156000000.0,0.0,40.2,2.315,2.303,550000000.0,2188000000.0,676000000.0,676000000.0,50000000.0,,,,,13000000.0,188000000.0,1.0,157700000.0,156900000,159400000.0,4.308,1864000000.0,24000000.0,36000000.0,73000000.0,11.88,791000000.0
29,TDC,MRQ,2014-03-31,2014-03-31,2014-03-31,2021-08-06,32000000.0,3178000000.0,,1659000000.0,1519000000.0,,11.673,-33000000.0,922000000.0,922000000.0,295000000.0,59000000.0,1.881,0.719,240000000.0,0.0,240000000.0,240000000.0,523000000.0,41000000.0,0.0,0.045,2.2,82000000.0,123000000.0,0.196,123000000.0,82000000.0,82000000.0,0.37,0.37,0.37,1849000000.0,,1849000000.0,7384048000.0,14.0,10.972,310000000.0,1.957,1.0,333000000.0,0.53,1283000000.0,0.0,331000000.0,,42000000.0,0.0,0.0,0.0,1329000000.0,882000000.0,447000000.0,7831048000.0,227000000.0,-4000000.0,-86000000.0,-4000000.0,0.0,-82000000.0,-37000000.0,0.0,343000000.0,3000000.0,59000000.0,59000000.0,59000000.0,0.0,0.0,0.094,244000000.0,89000000.0,97000000.0,5.946,4.235,20.772,21.203,159000000.0,0.0,49.19,2.865,2.851,607000000.0,2092000000.0,628000000.0,628000000.0,56000000.0,,,,,11000000.0,188000000.0,1.0,159200000.0,158400000,160900000.0,3.965,1895000000.0,24000000.0,23000000.0,78000000.0,11.963,777000000.0
30,TDC,MRQ,2013-12-31,2013-12-31,2013-12-31,2021-08-06,33000000.0,3096000000.0,,1563000000.0,1533000000.0,,11.491,-38000000.0,695000000.0,695000000.0,338000000.0,112000000.0,2.014,0.667,274000000.0,26000000.0,248000000.0,274000000.0,415000000.0,38000000.0,0.0,0.0,0.0,158000000.0,196000000.0,0.255,196000000.0,158000000.0,154000000.0,0.69,0.68,0.69,1857000000.0,,1857000000.0,6826066000.0,13.0,10.358,25000000.0,0.155,1.0,431000000.0,0.56,1290000000.0,4000000.0,609000000.0,,56000000.0,0.0,0.0,0.0,1239000000.0,776000000.0,463000000.0,7433066000.0,-167000000.0,3000000.0,-195000000.0,-4000000.0,0.0,-194000000.0,-35000000.0,0.0,63000000.0,-1000000.0,112000000.0,112000000.0,112000000.0,0.0,0.0,0.146,254000000.0,177000000.0,114000000.0,0.0,4.003,19.716,19.693,161000000.0,0.0,45.49,2.761,2.761,717000000.0,2033000000.0,769000000.0,769000000.0,44000000.0,,,,,10000000.0,210000000.0,1.0,163400000.0,161600000,164300000.0,4.759,1806000000.0,24000000.0,42000000.0,87000000.0,11.176,787000000.0
31,TDC,MRQ,2013-09-30,2013-09-30,2013-09-30,2021-08-06,21000000.0,3118000000.0,,1560000000.0,1558000000.0,,11.752,-35000000.0,862000000.0,862000000.0,308000000.0,98000000.0,2.161,0.626,255000000.0,0.0,255000000.0,255000000.0,400000000.0,39000000.0,0.0,0.0,0.0,132000000.0,171000000.0,0.257,171000000.0,132000000.0,132000000.0,0.6,0.59,0.6,1918000000.0,,1918000000.0,8479264000.0,17.0,13.146,29000000.0,0.178,1.0,358000000.0,0.538,1293000000.0,0.0,496000000.0,,67000000.0,0.0,0.0,0.0,1200000000.0,722000000.0,478000000.0,9042264000.0,36000000.0,0.0,-3000000.0,-3000000.0,0.0,5000000.0,-35000000.0,0.0,64000000.0,2000000.0,98000000.0,98000000.0,98000000.0,0.0,0.0,0.147,226000000.0,132000000.0,98000000.0,0.0,4.714,23.985,24.21,157000000.0,0.0,55.44,3.396,3.398,546000000.0,1921000000.0,666000000.0,666000000.0,43000000.0,,,,,9000000.0,183000000.0,1.0,163100000.0,163200000,166400000.0,4.081,1825000000.0,25000000.0,34000000.0,87000000.0,11.183,838000000.0
32,TDC,MRQ,2013-06-30,2013-06-30,2013-06-30,2021-08-06,12000000.0,3042000000.0,,1493000000.0,1549000000.0,,10.955,-38000000.0,826000000.0,826000000.0,291000000.0,108000000.0,1.929,0.699,263000000.0,0.0,263000000.0,263000000.0,451000000.0,36000000.0,0.0,0.0,0.0,147000000.0,183000000.0,0.273,183000000.0,147000000.0,147000000.0,0.66,0.65,0.66,1790000000.0,,1790000000.0,7625582000.0,15.0,11.75,102000000.0,0.624,1.0,379000000.0,0.566,1284000000.0,0.0,421000000.0,,70000000.0,0.0,0.0,0.0,1252000000.0,774000000.0,478000000.0,8207582000.0,-27000000.0,-39000000.0,-91000000.0,-4000000.0,0.0,-86000000.0,-77000000.0,0.0,140000000.0,-4000000.0,108000000.0,108000000.0,108000000.0,0.0,0.0,0.161,232000000.0,147000000.0,105000000.0,0.0,4.585,21.43,21.745,156000000.0,0.0,50.23,3.104,3.104,514000000.0,1823000000.0,670000000.0,670000000.0,47000000.0,,,,,13000000.0,185000000.0,1.0,163400000.0,163400000,166300000.0,4.1,1758000000.0,24000000.0,39000000.0,86000000.0,10.759,719000000.0
33,TDC,MRQ,2013-03-31,2013-03-31,2013-03-31,2021-08-06,17000000.0,3017000000.0,,1509000000.0,1508000000.0,,10.599,-27000000.0,853000000.0,853000000.0,282000000.0,59000000.0,1.927,0.721,271000000.0,0.0,271000000.0,271000000.0,489000000.0,34000000.0,0.0,0.0,0.0,75000000.0,109000000.0,0.186,109000000.0,75000000.0,75000000.0,0.36,0.35,0.36,1753000000.0,,1753000000.0,9245958000.0,18.0,14.073,216000000.0,1.306,1.0,305000000.0,0.52,1273000000.0,0.0,379000000.0,,65000000.0,0.0,0.0,0.0,1264000000.0,783000000.0,481000000.0,9700958000.0,124000000.0,0.0,-93000000.0,-4000000.0,0.0,-87000000.0,-27000000.0,0.0,243000000.0,-5000000.0,59000000.0,59000000.0,59000000.0,0.0,0.0,0.101,229000000.0,76000000.0,111000000.0,0.0,5.534,25.067,25.329,148000000.0,0.0,58.51,3.676,3.667,510000000.0,1715000000.0,587000000.0,587000000.0,50000000.0,,,,,10000000.0,179000000.0,1.0,165800000.0,165400000,168500000.0,3.549,1744000000.0,25000000.0,16000000.0,85000000.0,10.544,726000000.0
34,TDC,MRQ,2012-12-31,2012-12-31,2012-12-31,2021-08-06,29000000.0,3066000000.0,,1534000000.0,1532000000.0,,10.615,-39000000.0,729000000.0,729000000.0,330000000.0,112000000.0,1.903,0.723,274000000.0,0.0,274000000.0,274000000.0,405000000.0,33000000.0,0.0,0.0,0.0,149000000.0,182000000.0,0.246,182000000.0,149000000.0,149000000.0,0.67,0.66,0.67,1779000000.0,,1779000000.0,9834599000.0,17.0,13.97,85000000.0,0.507,1.0,410000000.0,0.554,1291000000.0,0.0,514000000.0,,47000000.0,0.0,0.0,0.0,1287000000.0,806000000.0,481000000.0,10465599000.0,-180000000.0,-35000000.0,-238000000.0,-3000000.0,0.0,-230000000.0,-74000000.0,0.0,124000000.0,0.0,112000000.0,112000000.0,112000000.0,0.0,0.0,0.151,260000000.0,150000000.0,141000000.0,0.0,5.883,24.978,24.855,150000000.0,0.0,61.89,3.927,3.906,668000000.0,1656000000.0,740000000.0,740000000.0,50000000.0,,,,,8000000.0,210000000.0,1.0,169100000.0,167600000,170500000.0,4.415,1775000000.0,29000000.0,37000000.0,83000000.0,10.591,728000000.0
35,TDC,MRQ,2012-09-30,2012-09-30,2012-09-30,2021-08-06,22000000.0,3051000000.0,,1553000000.0,1498000000.0,,11.126,-40000000.0,909000000.0,909000000.0,286000000.0,104000000.0,2.238,0.625,278000000.0,0.0,278000000.0,278000000.0,382000000.0,32000000.0,0.0,0.0,0.0,143000000.0,175000000.0,0.27,175000000.0,143000000.0,143000000.0,0.62,0.6,0.62,1878000000.0,,1878000000.0,12175126000.0,22.0,17.826,67000000.0,0.397,1.0,361000000.0,0.558,1288000000.0,0.0,438000000.0,,41000000.0,0.0,0.0,0.0,1173000000.0,694000000.0,479000000.0,12714126000.0,88000000.0,-1000000.0,-2000000.0,-4000000.0,0.0,15000000.0,-41000000.0,0.0,107000000.0,7000000.0,104000000.0,104000000.0,104000000.0,0.0,0.0,0.161,218000000.0,143000000.0,107000000.0,0.0,6.77,31.393,31.421,143000000.0,0.0,75.41,4.894,4.9,524000000.0,1544000000.0,647000000.0,647000000.0,44000000.0,,,,,1000000.0,174000000.0,1.0,168600000.0,168800000,172400000.0,3.833,1763000000.0,34000000.0,39000000.0,0.0,10.444,859000000.0
36,TDC,MRQ,2012-06-30,2012-06-30,2012-06-30,2021-08-06,11000000.0,2915000000.0,,1440000000.0,1475000000.0,,10.285,-39000000.0,821000000.0,821000000.0,283000000.0,112000000.0,2.003,0.68,282000000.0,0.0,282000000.0,282000000.0,410000000.0,31000000.0,0.0,0.0,0.0,160000000.0,191000000.0,0.287,191000000.0,160000000.0,160000000.0,0.66,0.65,0.66,1735000000.0,,1735000000.0,11456087000.0,21.0,17.201,113000000.0,0.67,1.0,382000000.0,0.574,1277000000.0,0.0,380000000.0,,35000000.0,0.0,0.0,0.0,1180000000.0,719000000.0,461000000.0,12148087000.0,-157000000.0,-238000000.0,-37000000.0,-4000000.0,0.0,-22000000.0,-277000000.0,0.0,152000000.0,-10000000.0,112000000.0,112000000.0,112000000.0,0.0,0.0,0.168,222000000.0,160000000.0,100000000.0,0.0,7.002,31.31,31.309,134000000.0,0.0,72.01,4.758,4.758,505000000.0,1440000000.0,665000000.0,665000000.0,43000000.0,,,,,3000000.0,179000000.0,1.0,168700000.0,168700000,172300000.0,3.942,1638000000.0,33000000.0,48000000.0,0.0,9.71,721000000.0
37,TDC,MRQ,2012-03-31,2012-03-31,2012-03-31,2021-08-06,21000000.0,2812000000.0,,1614000000.0,1198000000.0,,9.768,-30000000.0,978000000.0,978000000.0,275000000.0,91000000.0,2.166,0.715,286000000.0,0.0,286000000.0,286000000.0,454000000.0,30000000.0,0.0,0.0,0.0,126000000.0,156000000.0,0.254,156000000.0,126000000.0,126000000.0,0.54,0.53,0.54,1640000000.0,,1640000000.0,10926310000.0,21.0,17.399,162000000.0,0.965,1.0,338000000.0,0.551,1044000000.0,0.0,331000000.0,,54000000.0,0.0,0.0,0.0,1172000000.0,745000000.0,427000000.0,11408310000.0,206000000.0,0.0,0.0,0.0,0.0,41000000.0,-30000000.0,0.0,192000000.0,3000000.0,91000000.0,91000000.0,91000000.0,0.0,0.0,0.148,211000000.0,127000000.0,97000000.0,0.0,6.956,30.101,30.289,122000000.0,0.0,68.15,4.621,4.634,499000000.0,1328000000.0,613000000.0,613000000.0,46000000.0,,,,,-6000000.0,165000000.0,1.0,167400000.0,167900000,171600000.0,3.651,1768000000.0,16000000.0,35000000.0,0.0,10.53,869000000.0
38,TDC,MRQ,2011-12-31,2011-12-31,2011-12-31,2021-08-06,16000000.0,2616000000.0,,1412000000.0,1204000000.0,,8.919,-23000000.0,772000000.0,772000000.0,299000000.0,98000000.0,2.032,0.751,290000000.0,0.0,290000000.0,290000000.0,363000000.0,28000000.0,0.0,0.0,0.0,133000000.0,161000000.0,0.239,161000000.0,133000000.0,133000000.0,0.58,0.57,0.58,1494000000.0,,1494000000.0,7722574000.0,16.0,13.246,103000000.0,0.615,1.0,374000000.0,0.556,1045000000.0,0.0,394000000.0,,61000000.0,0.0,0.0,0.0,1122000000.0,695000000.0,427000000.0,8120574000.0,81000000.0,0.0,-32000000.0,0.0,0.0,-22000000.0,-23000000.0,0.0,126000000.0,0.0,98000000.0,98000000.0,98000000.0,0.0,0.0,0.146,241000000.0,133000000.0,97000000.0,0.0,5.435,23.004,23.1,120000000.0,0.0,48.51,3.438,3.452,494000000.0,1237000000.0,673000000.0,673000000.0,56000000.0,,,,,6000000.0,185000000.0,1.0,167400000.0,167500000,171300000.0,4.018,1571000000.0,28000000.0,35000000.0,20000000.0,9.379,717000000.0
39,TDC,MRQ,2011-09-30,2011-09-30,2011-09-30,2021-08-06,10000000.0,2486000000.0,,1261000000.0,1225000000.0,,8.344,-27000000.0,691000000.0,691000000.0,274000000.0,87000000.0,1.879,0.774,293000000.0,0.0,293000000.0,293000000.0,353000000.0,37000000.0,0.0,0.0,0.0,121000000.0,158000000.0,0.262,158000000.0,121000000.0,121000000.0,0.52,0.51,0.52,1401000000.0,,1401000000.0,8622099000.0,19.0,15.535,75000000.0,0.447,1.0,328000000.0,0.545,1047000000.0,0.0,370000000.0,,64000000.0,0.0,0.0,0.0,1085000000.0,671000000.0,414000000.0,9009099000.0,9000000.0,-3000000.0,-57000000.0,0.0,0.0,-53000000.0,-30000000.0,0.0,102000000.0,-10000000.0,87000000.0,87000000.0,87000000.0,0.0,0.0,0.145,206000000.0,122000000.0,96000000.0,0.0,6.43,26.497,26.369,119000000.0,0.0,53.53,4.027,4.018,441000000.0,1139000000.0,602000000.0,602000000.0,43000000.0,,,,,7000000.0,163000000.0,1.0,168300000.0,167900000,171700000.0,3.585,1439000000.0,48000000.0,34000000.0,0.0,8.571,590000000.0
40,TDC,MRQ,2011-06-30,2011-06-30,2011-06-30,2021-08-06,18000000.0,2461000000.0,,1222000000.0,1239000000.0,,8.091,-33000000.0,682000000.0,682000000.0,265000000.0,103000000.0,1.8,0.803,295000000.0,0.0,295000000.0,295000000.0,392000000.0,16000000.0,0.0,0.0,0.0,137000000.0,153000000.0,0.263,153000000.0,137000000.0,137000000.0,0.61,0.6,0.61,1365000000.0,,1365000000.0,9683760000.0,22.0,18.695,146000000.0,0.865,1.0,316000000.0,0.544,1052000000.0,0.0,343000000.0,,59000000.0,0.0,0.0,0.0,1096000000.0,679000000.0,417000000.0,10161760000.0,-96000000.0,-220000000.0,-38000000.0,0.0,0.0,-24000000.0,-253000000.0,0.0,179000000.0,2000000.0,103000000.0,103000000.0,103000000.0,0.0,0.0,0.177,206000000.0,110000000.0,87000000.0,0.0,7.445,30.981,30.714,119000000.0,0.0,60.2,4.784,4.781,416000000.0,1052000000.0,581000000.0,581000000.0,41000000.0,,,,,2000000.0,165000000.0,1.0,168800000.0,168700000,172400000.0,3.444,1409000000.0,58000000.0,34000000.0,0.0,8.352,543000000.0
41,TDC,MRQ,2011-03-31,2011-03-31,2011-03-31,2021-08-06,16000000.0,2359000000.0,,1367000000.0,992000000.0,,7.565,-27000000.0,778000000.0,778000000.0,231000000.0,65000000.0,2.071,0.852,300000000.0,0.0,300000000.0,300000000.0,400000000.0,21000000.0,0.0,0.0,0.0,90000000.0,111000000.0,0.219,111000000.0,90000000.0,90000000.0,0.39,0.38,0.39,1274000000.0,,1274000000.0,7644740000.0,18.0,15.762,79000000.0,0.469,1.0,275000000.0,0.543,772000000.0,0.0,449000000.0,,66000000.0,0.0,0.0,0.0,1085000000.0,660000000.0,425000000.0,8527740000.0,-105000000.0,-499000000.0,0.0,300000000.0,0.0,311000000.0,-526000000.0,0.0,106000000.0,4000000.0,65000000.0,65000000.0,65000000.0,0.0,0.0,0.128,184000000.0,91000000.0,98000000.0,0.0,6.694,28.521,28.324,111000000.0,0.0,50.7,4.236,4.241,467000000.0,949000000.0,506000000.0,506000000.0,34000000.0,,,,,6000000.0,150000000.0,1.0,168200000.0,168400000,171800000.0,3.005,1587000000.0,62000000.0,25000000.0,0.0,9.424,707000000.0
42,TDC,MRQ,2010-12-31,2010-12-31,2010-12-31,2021-08-06,12000000.0,1883000000.0,,1406000000.0,477000000.0,,7.09,-21000000.0,883000000.0,883000000.0,243000000.0,85000000.0,2.471,0.584,0.0,0.0,0.0,0.0,263000000.0,17000000.0,0.0,0.0,0.0,116000000.0,133000000.0,0.243,133000000.0,116000000.0,116000000.0,0.51,0.5,0.51,1189000000.0,,1189000000.0,6153300000.0,15.0,12.982,127000000.0,0.757,1.0,305000000.0,0.557,264000000.0,0.0,167000000.0,,65000000.0,0.0,0.0,0.0,694000000.0,569000000.0,125000000.0,6894300000.0,142000000.0,-1000000.0,0.0,0.0,0.0,17000000.0,-22000000.0,0.0,148000000.0,-1000000.0,85000000.0,85000000.0,85000000.0,0.0,0.0,0.155,188000000.0,117000000.0,102000000.0,0.0,5.798,22.905,22.867,105000000.0,0.0,41.16,3.561,3.559,402000000.0,884000000.0,548000000.0,548000000.0,39000000.0,,,,,1000000.0,149000000.0,1.0,167500000.0,167700000,171300000.0,3.268,1619000000.0,59000000.0,31000000.0,0.0,9.654,837000000.0
43,TDC,MRQ,2010-09-30,2010-09-30,2010-09-30,2021-08-06,18000000.0,1755000000.0,,1272000000.0,483000000.0,,6.483,-18000000.0,741000000.0,741000000.0,210000000.0,75000000.0,2.313,0.619,0.0,0.0,0.0,0.0,265000000.0,15000000.0,0.0,0.0,0.0,106000000.0,121000000.0,0.247,121000000.0,106000000.0,106000000.0,0.45,0.44,0.45,1084000000.0,,1084000000.0,5727088000.0,14.0,12.343,47000000.0,0.281,1.0,279000000.0,0.571,250000000.0,0.0,214000000.0,,65000000.0,0.0,0.0,0.0,671000000.0,550000000.0,121000000.0,6451088000.0,17000000.0,-29000000.0,-17000000.0,0.0,0.0,-7000000.0,-47000000.0,0.0,65000000.0,6000000.0,75000000.0,75000000.0,75000000.0,0.0,0.0,0.153,173000000.0,106000000.0,88000000.0,0.0,5.951,21.504,21.663,103000000.0,0.0,38.56,3.424,3.422,411000000.0,800000000.0,489000000.0,489000000.0,40000000.0,,,,,6000000.0,133000000.0,1.0,167300000.0,167200000,170100000.0,2.925,1505000000.0,69000000.0,31000000.0,0.0,9.001,722000000.0
44,TDC,MRQ,2010-06-30,2010-06-30,2010-06-30,2021-08-06,15000000.0,1662000000.0,,1208000000.0,454000000.0,,6.024,-23000000.0,724000000.0,724000000.0,202000000.0,74000000.0,2.225,0.652,0.0,0.0,0.0,0.0,307000000.0,14000000.0,0.0,0.0,0.0,106000000.0,120000000.0,0.255,120000000.0,106000000.0,106000000.0,0.44,0.44,0.44,1006000000.0,,1006000000.0,4375112000.0,11.0,9.81,39000000.0,0.234,1.0,268000000.0,0.57,248000000.0,0.0,147000000.0,,46000000.0,0.0,0.0,0.0,656000000.0,543000000.0,113000000.0,5087112000.0,12000000.0,-32000000.0,0.0,0.0,0.0,8000000.0,-55000000.0,0.0,62000000.0,-3000000.0,74000000.0,74000000.0,74000000.0,0.0,0.0,0.157,162000000.0,106000000.0,82000000.0,0.0,5.057,17.664,17.929,101000000.0,0.0,30.48,2.795,2.797,381000000.0,725000000.0,470000000.0,470000000.0,36000000.0,,,,,5000000.0,126000000.0,1.0,166900000.0,167000000,169800000.0,2.814,1414000000.0,74000000.0,32000000.0,0.0,8.467,665000000.0
45,TDC,MRQ,2010-03-31,2010-03-31,2010-03-31,2021-08-06,15000000.0,1576000000.0,,1160000000.0,416000000.0,,5.465,-21000000.0,712000000.0,712000000.0,193000000.0,67000000.0,2.136,0.719,0.0,0.0,0.0,0.0,326000000.0,14000000.0,0.0,0.0,0.0,86000000.0,100000000.0,0.233,100000000.0,86000000.0,86000000.0,0.4,0.39,0.4,917000000.0,,917000000.0,4206965000.0,12.0,9.946,117000000.0,0.697,1.0,236000000.0,0.55,218000000.0,0.0,103000000.0,,56000000.0,0.0,0.0,0.0,659000000.0,543000000.0,116000000.0,4867965000.0,51000000.0,0.0,-71000000.0,0.0,0.0,-65000000.0,-21000000.0,0.0,138000000.0,-1000000.0,67000000.0,67000000.0,67000000.0,0.0,0.0,0.156,150000000.0,86000000.0,81000000.0,0.0,5.309,17.638,17.833,96000000.0,0.0,28.89,2.749,2.737,334000000.0,650000000.0,429000000.0,429000000.0,32000000.0,,,,,4000000.0,118000000.0,1.0,168500000.0,167800000,170500000.0,2.557,1358000000.0,75000000.0,19000000.0,0.0,8.093,617000000.0
46,TDC,MRQ,2009-12-31,2009-12-31,2009-12-31,2021-08-06,14000000.0,1569000000.0,,1152000000.0,417000000.0,,5.34,-27000000.0,661000000.0,661000000.0,218000000.0,84000000.0,2.122,0.724,0.0,0.0,0.0,0.0,256000000.0,17000000.0,0.0,0.0,0.0,106000000.0,123000000.0,0.248,123000000.0,106000000.0,106000000.0,0.49,0.48,0.49,910000000.0,,910000000.0,4676816000.0,14.0,11.78,64000000.0,0.376,1.0,278000000.0,0.56,211000000.0,0.0,154000000.0,,47000000.0,0.0,0.0,0.0,659000000.0,543000000.0,116000000.0,5380816000.0,-43000000.0,-15000000.0,-103000000.0,0.0,0.0,-89000000.0,-42000000.0,0.0,91000000.0,-3000000.0,84000000.0,84000000.0,84000000.0,0.0,0.0,0.169,172000000.0,106000000.0,102000000.0,0.0,5.913,21.184,21.236,95000000.0,0.0,31.43,3.149,3.161,387000000.0,583000000.0,496000000.0,496000000.0,34000000.0,,,,,3000000.0,138000000.0,1.0,171200000.0,170400000,173300000.0,2.911,1358000000.0,84000000.0,22000000.0,0.0,7.969,609000000.0
47,TDC,MRQ,2009-09-30,2009-09-30,2009-09-30,2021-08-06,18000000.0,1539000000.0,,1147000000.0,392000000.0,,5.329,-21000000.0,704000000.0,704000000.0,198000000.0,63000000.0,2.236,0.682,0.0,0.0,0.0,0.0,265000000.0,19000000.0,0.0,0.0,0.0,84000000.0,103000000.0,0.242,103000000.0,84000000.0,84000000.0,0.37,0.36,0.37,915000000.0,,915000000.0,4089936000.0,12.0,10.487,75000000.0,0.437,1.0,227000000.0,0.534,207000000.0,0.0,115000000.0,,46000000.0,0.0,0.0,0.0,624000000.0,513000000.0,111000000.0,4727936000.0,66000000.0,0.0,-21000000.0,0.0,0.0,-14000000.0,-21000000.0,0.0,96000000.0,5000000.0,63000000.0,63000000.0,63000000.0,0.0,0.0,0.148,139000000.0,88000000.0,81000000.0,0.0,5.167,18.988,19.111,90000000.0,0.0,27.52,2.771,2.77,326000000.0,499000000.0,425000000.0,425000000.0,26000000.0,,,,,5000000.0,113000000.0,1.0,171800000.0,171700000,174100000.0,2.475,1332000000.0,81000000.0,21000000.0,0.0,7.758,634000000.0
48,TDC,MRQ,2009-06-30,2009-06-30,2009-06-30,2021-08-06,15000000.0,1504000000.0,,1098000000.0,406000000.0,,4.98,-20000000.0,638000000.0,638000000.0,188000000.0,62000000.0,2.037,0.753,0.0,0.0,0.0,0.0,302000000.0,13000000.0,0.0,0.0,0.0,84000000.0,97000000.0,0.23,97000000.0,84000000.0,84000000.0,0.36,0.36,0.36,858000000.0,,858000000.0,3540361000.0,11.0,9.172,83000000.0,0.482,1.0,233000000.0,0.553,201000000.0,0.0,126000000.0,,45000000.0,0.0,0.0,0.0,646000000.0,539000000.0,107000000.0,4046361000.0,132000000.0,6000000.0,-30000000.0,0.0,0.0,-24000000.0,47000000.0,65000000.0,103000000.0,6000000.0,62000000.0,62000000.0,62000000.0,0.0,0.0,0.147,149000000.0,84000000.0,81000000.0,0.0,4.716,16.449,16.617,91000000.0,0.0,23.43,2.353,2.347,342000000.0,437000000.0,421000000.0,421000000.0,27000000.0,,,,,5000000.0,122000000.0,1.0,172700000.0,172300000,173900000.0,2.443,1303000000.0,92000000.0,22000000.0,0.0,7.562,559000000.0
49,TDC,MRQ,2009-03-31,2009-03-31,2009-03-31,2021-08-06,15000000.0,1459000000.0,,1049000000.0,410000000.0,,4.691,-20000000.0,506000000.0,506000000.0,167000000.0,45000000.0,1.953,0.795,0.0,0.0,0.0,0.0,321000000.0,14000000.0,0.0,0.0,0.0,60000000.0,74000000.0,0.202,74000000.0,60000000.0,60000000.0,0.26,0.26,0.26,813000000.0,,813000000.0,2413792000.0,7.0,6.05,145000000.0,0.837,1.0,200000000.0,0.545,192000000.0,0.0,224000000.0,,52000000.0,65000000.0,65000000.0,0.0,646000000.0,537000000.0,109000000.0,2815792000.0,104000000.0,0.0,-20000000.0,0.0,0.0,-17000000.0,-41000000.0,-25000000.0,165000000.0,-3000000.0,45000000.0,45000000.0,45000000.0,0.0,0.0,0.123,140000000.0,60000000.0,80000000.0,0.0,3.463,11.13,11.343,91000000.0,0.0,16.22,1.605,1.603,359000000.0,374000000.0,367000000.0,367000000.0,30000000.0,,,,,5000000.0,110000000.0,1.0,173600000.0,173300000,174300000.0,2.118,1267000000.0,100000000.0,15000000.0,0.0,7.311,512000000.0
50,TDC,MRQ,2008-12-31,2008-12-31,2008-12-31,2021-08-06,11000000.0,1430000000.0,,1015000000.0,415000000.0,,4.437,-13000000.0,402000000.0,402000000.0,224000000.0,79000000.0,1.88,0.84,0.0,0.0,0.0,0.0,255000000.0,13000000.0,0.0,0.0,0.0,103000000.0,116000000.0,0.235,116000000.0,103000000.0,103000000.0,0.45,0.45,0.45,777000000.0,,777000000.0,2282080000.0,7.0,5.734,105000000.0,0.6,1.0,269000000.0,0.546,190000000.0,0.0,298000000.0,,44000000.0,40000000.0,40000000.0,0.0,653000000.0,540000000.0,113000000.0,2610080000.0,74000000.0,-1000000.0,-39000000.0,0.0,0.0,-37000000.0,-4000000.0,10000000.0,118000000.0,-3000000.0,79000000.0,79000000.0,79000000.0,0.0,0.0,0.16,167000000.0,102000000.0,99000000.0,0.0,3.359,10.44,10.593,88000000.0,0.0,14.83,1.481,1.499,451000000.0,329000000.0,493000000.0,493000000.0,30000000.0,,,,,6000000.0,137000000.0,1.0,176000000.0,175100000,176200000.0,2.816,1240000000.0,109000000.0,24000000.0,0.0,7.082,475000000.0
51,TDC,MRQ,2008-09-30,2008-09-30,2008-09-30,2021-08-06,4000000.0,1296000000.0,,858000000.0,438000000.0,,4.023,-15000000.0,328000000.0,328000000.0,202000000.0,60000000.0,1.74,0.815,0.0,0.0,0.0,0.0,237000000.0,14000000.0,0.0,0.0,0.0,85000000.0,99000000.0,0.226,99000000.0,85000000.0,85000000.0,0.34,0.33,0.34,714000000.0,,714000000.0,3163750000.0,10.0,7.969,79000000.0,0.445,1.0,237000000.0,0.54,185000000.0,0.0,290000000.0,,42000000.0,50000000.0,50000000.0,0.0,582000000.0,493000000.0,89000000.0,3480750000.0,11000000.0,-2000000.0,-65000000.0,0.0,0.0,-63000000.0,-15000000.0,0.0,94000000.0,-5000000.0,60000000.0,60000000.0,60000000.0,0.0,0.0,0.137,151000000.0,86000000.0,77000000.0,0.0,4.875,13.923,14.029,89000000.0,0.0,19.5,2.006,1.995,380000000.0,250000000.0,439000000.0,439000000.0,28000000.0,,,,,5000000.0,123000000.0,1.0,178500000.0,177500000,179400000.0,2.473,1111000000.0,129000000.0,25000000.0,0.0,6.259,365000000.0
52,TDC,MRQ,2008-06-30,2008-06-30,2008-06-30,2021-08-06,-4000000.0,1352000000.0,,909000000.0,443000000.0,,3.854,-23000000.0,317000000.0,317000000.0,206000000.0,69000000.0,1.617,0.957,0.0,0.0,0.0,0.0,283000000.0,16000000.0,0.0,0.0,0.0,94000000.0,110000000.0,0.242,110000000.0,94000000.0,94000000.0,0.38,0.38,0.38,691000000.0,,691000000.0,3819258000.0,12.0,9.998,62000000.0,0.346,1.0,249000000.0,0.547,180000000.0,0.0,293000000.0,,42000000.0,50000000.0,50000000.0,0.0,661000000.0,562000000.0,99000000.0,4158258000.0,-22000000.0,0.0,-34000000.0,0.0,0.0,-31000000.0,-75000000.0,-50000000.0,85000000.0,-1000000.0,69000000.0,69000000.0,69000000.0,0.0,0.0,0.152,157000000.0,92000000.0,94000000.0,0.0,6.018,18.987,19.124,94000000.0,0.0,23.14,2.397,2.391,445000000.0,190000000.0,455000000.0,455000000.0,25000000.0,,,,,5000000.0,132000000.0,1.0,179700000.0,179300000,181200000.0,2.538,1172000000.0,130000000.0,25000000.0,0.0,6.537,347000000.0
53,TDC,MRQ,2008-03-31,2008-03-31,2008-03-31,2021-08-06,-3000000.0,1302000000.0,,854000000.0,448000000.0,,3.575,-20000000.0,339000000.0,339000000.0,181000000.0,42000000.0,1.542,1.019,0.0,0.0,0.0,0.0,300000000.0,17000000.0,0.0,0.0,0.0,56000000.0,73000000.0,0.195,73000000.0,56000000.0,56000000.0,0.23,0.23,0.23,645000000.0,,645000000.0,3691976000.0,12.0,9.793,123000000.0,0.682,1.0,194000000.0,0.517,175000000.0,0.0,234000000.0,,48000000.0,0.0,0.0,0.0,657000000.0,554000000.0,103000000.0,3961976000.0,69000000.0,-22000000.0,-38000000.0,0.0,0.0,-36000000.0,-42000000.0,0.0,143000000.0,4000000.0,42000000.0,42000000.0,42000000.0,0.0,0.0,0.112,141000000.0,53000000.0,98000000.0,0.0,6.143,19.909,20.055,93000000.0,0.0,22.06,2.317,2.327,417000000.0,121000000.0,375000000.0,375000000.0,25000000.0,,,,,4000000.0,116000000.0,1.0,179600000.0,180400000,182300000.0,2.079,1127000000.0,142000000.0,14000000.0,0.0,6.247,300000000.0
54,TDC,MRQ,2007-12-31,2007-12-31,2007-12-31,2021-08-06,-5000000.0,1294000000.0,,873000000.0,421000000.0,,3.484,-31000000.0,270000000.0,270000000.0,205000000.0,79000000.0,1.526,1.051,0.0,0.0,0.0,0.0,246000000.0,17000000.0,0.0,0.0,0.0,98000000.0,115000000.0,0.247,115000000.0,98000000.0,98000000.0,0.44,0.43,0.44,631000000.0,,631000000.0,4765210000.0,15.0,12.218,67000000.0,0.37,1.0,261000000.0,0.56,151000000.0,0.0,301000000.0,,51000000.0,0.0,0.0,0.0,663000000.0,572000000.0,91000000.0,4961210000.0,74000000.0,-5000000.0,0.0,0.0,0.0,6000000.0,-31000000.0,0.0,98000000.0,1000000.0,79000000.0,79000000.0,79000000.0,0.0,0.0,0.17,165000000.0,96000000.0,120000000.0,0.0,7.862,24.806,24.694,94000000.0,0.0,27.41,2.915,2.912,507000000.0,79000000.0,466000000.0,466000000.0,34000000.0,,,,,5000000.0,131000000.0,1.0,181000000.0,181100000,183100000.0,2.573,1143000000.0,140000000.0,19000000.0,0.0,6.311,301000000.0
55,TDC,MRQ,2007-09-30,2007-09-30,2007-09-30,2021-08-06,-13000000.0,1075000000.0,,673000000.0,402000000.0,,2.988,-18000000.0,196000000.0,196000000.0,210000000.0,29000000.0,1.492,0.991,0.0,0.0,0.0,0.0,236000000.0,18000000.0,0.0,,0.0,66000000.0,84000000.0,0.191,84000000.0,66000000.0,66000000.0,0.16,0.16,0.16,540000000.0,,540000000.0,,,,76000000.0,0.421,1.0,229000000.0,0.522,141000000.0,0.0,287000000.0,,39000000.0,0.0,0.0,0.0,535000000.0,451000000.0,84000000.0,,196000000.0,1000000.0,0.0,0.0,0.0,124000000.0,-22000000.0,0.0,94000000.0,0.0,29000000.0,29000000.0,29000000.0,0.0,0.0,0.066,163000000.0,66000000.0,75000000.0,0.0,,,,75000000.0,0.0,,,,394000000.0,0.0,439000000.0,439000000.0,35000000.0,,,,,4000000.0,128000000.0,1.0,181000000.0,180700000,180700000.0,2.429,934000000.0,140000000.0,37000000.0,0.0,5.169,222000000.0
56,TDC,MRQ,2007-06-30,2007-06-30,2007-06-30,2021-08-06,20000000.0,993000000.0,,492000000.0,501000000.0,,3.033,-27000000.0,0.0,0.0,200000000.0,49000000.0,1.169,0.812,0.0,0.0,0.0,0.0,244000000.0,17000000.0,0.0,,0.0,88000000.0,105000000.0,0.244,105000000.0,88000000.0,88000000.0,0.27,0.27,0.27,548000000.0,,548000000.0,,,,66000000.0,0.365,1.0,230000000.0,0.535,141000000.0,0.0,431000000.0,,35000000.0,0.0,0.0,0.0,445000000.0,421000000.0,24000000.0,,0.0,-5000000.0,0.0,0.0,0.0,-61000000.0,-32000000.0,0.0,93000000.0,0.0,49000000.0,49000000.0,49000000.0,0.0,0.0,0.114,142000000.0,88000000.0,62000000.0,0.0,,,,69000000.0,0.0,,,,378000000.0,,430000000.0,430000000.0,30000000.0,,,,,4000000.0,112000000.0,1.0,181000000.0,180700000,180700000.0,2.38,852000000.0,242000000.0,39000000.0,24000000.0,4.715,71000000.0
57,TDC,MRQ,2007-03-31,2007-03-31,2007-03-31,2021-08-06,19000000.0,998000000.0,,500000000.0,498000000.0,,3.071,-19000000.0,0.0,0.0,171000000.0,43000000.0,1.193,0.798,0.0,0.0,0.0,0.0,253000000.0,16000000.0,0.0,,0.0,70000000.0,86000000.0,0.234,86000000.0,70000000.0,70000000.0,0.24,0.24,0.24,555000000.0,,555000000.0,,,,83000000.0,0.459,1.0,196000000.0,0.534,142000000.0,0.0,437000000.0,,39000000.0,0.0,0.0,0.0,443000000.0,419000000.0,24000000.0,,0.0,0.0,0.0,0.0,0.0,-83000000.0,-19000000.0,0.0,102000000.0,0.0,43000000.0,43000000.0,43000000.0,0.0,0.0,0.117,126000000.0,70000000.0,54000000.0,0.0,,,,66000000.0,0.0,,,,375000000.0,,367000000.0,367000000.0,27000000.0,,,,,3000000.0,99000000.0,1.0,181000000.0,180700000,180700000.0,2.031,856000000.0,253000000.0,27000000.0,24000000.0,4.737,81000000.0
58,TDC,MRQ,2006-12-31,2006-12-31,2006-12-31,2021-08-06,18000000.0,1003000000.0,,502000000.0,501000000.0,,3.271,-18000000.0,0.0,0.0,212000000.0,62000000.0,1.277,0.697,0.0,0.0,0.0,0.0,194000000.0,14000000.0,0.0,,0.0,96000000.0,110000000.0,0.243,110000000.0,96000000.0,96000000.0,0.34,0.34,0.34,591000000.0,,591000000.0,,,,35000000.0,0.194,1.0,241000000.0,0.532,149000000.0,0.0,461000000.0,,39000000.0,0.0,0.0,0.0,412000000.0,393000000.0,19000000.0,,0.0,-21000000.0,0.0,0.0,0.0,-27000000.0,-26000000.0,0.0,53000000.0,0.0,62000000.0,62000000.0,62000000.0,0.0,0.0,0.137,145000000.0,96000000.0,67000000.0,0.0,,,,64000000.0,0.0,,,,379000000.0,0.0,453000000.0,453000000.0,30000000.0,,,,,1000000.0,115000000.0,1.0,181000000.0,180700000,180700000.0,2.507,854000000.0,265000000.0,34000000.0,0.0,4.726,109000000.0
59,TDC,MRQ,2006-09-30,2006-09-30,2006-09-30,2021-08-06,,,,,,,,-18000000.0,,,176000000.0,43000000.0,,,,,,,,14000000.0,,,0.0,68000000.0,82000000.0,0.219,82000000.0,68000000.0,68000000.0,0.24,0.24,0.24,,,,,,,15000000.0,0.083,1.0,199000000.0,0.531,,0.0,,,,,,,,,,,0.0,0.0,0.0,0.0,0.0,-15000000.0,-18000000.0,0.0,33000000.0,0.0,43000000.0,43000000.0,43000000.0,0.0,0.0,0.115,131000000.0,68000000.0,,0.0,,,,,0.0,,,,,,375000000.0,375000000.0,27000000.0,,,,,3000000.0,104000000.0,1.0,,180700000,180700000.0,2.075,,,25000000.0,,,
60,TDC,MRQ,2006-06-30,2006-06-30,2006-06-30,2021-08-06,,,,,,,,-16000000.0,,,187000000.0,50000000.0,,,,,,,,14000000.0,,,0.0,80000000.0,94000000.0,0.237,94000000.0,80000000.0,80000000.0,0.27,0.28,0.27,,,,,,,36000000.0,0.2,1.0,209000000.0,0.528,,0.0,,,,,,,,,,,0.0,0.0,0.0,0.0,0.0,-25000000.0,-27000000.0,0.0,52000000.0,0.0,50000000.0,50000000.0,50000000.0,0.0,0.0,0.126,129000000.0,80000000.0,,0.0,,,,,0.0,,,,,,396000000.0,396000000.0,27000000.0,,,,,3000000.0,102000000.0,1.0,,180100000,181500000.0,2.199,,,30000000.0,,,
61,TDC,MRQ,2006-03-31,2006-03-31,2006-03-31,2021-08-06,,,,,,,,-14000000.0,,,143000000.0,37000000.0,,,,,,,,13000000.0,,,0.0,58000000.0,71000000.0,0.22,71000000.0,58000000.0,58000000.0,0.21,0.2,0.21,,,,,,,67000000.0,0.374,1.0,180000000.0,0.557,,0.0,,,,,,,,,,,0.0,0.0,0.0,0.0,0.0,-63000000.0,-18000000.0,0.0,81000000.0,0.0,37000000.0,37000000.0,37000000.0,0.0,0.0,0.115,122000000.0,58000000.0,,0.0,,,,,0.0,,,,,,323000000.0,323000000.0,33000000.0,,,,,2000000.0,89000000.0,1.0,,179300000,180700000.0,1.801,,,21000000.0,,,
62,TDC,MRQ,2005-12-31,2005-12-31,2005-12-31,2021-08-06,15000000.0,911000000.0,,444000000.0,467000000.0,,2.861,,0.0,0.0,,,1.2,0.762,0.0,0.0,0.0,0.0,180000000.0,,0.0,,0.0,,,,,,,,,,517000000.0,,517000000.0,,,,,,1.0,,,126000000.0,,415000000.0,,29000000.0,0.0,0.0,0.0,394000000.0,370000000.0,24000000.0,,,,,,,,,,,,,,,,,,,,63000000.0,,,,,60000000.0,,,,,350000000.0,,,,,,,,,,,1.0,,180700000,,,785000000.0,263000000.0,,23000000.0,4.344,74000000.0
0,TDC,MRT,2021-06-30,2021-06-30,2021-06-30,2021-08-06,-135000000.0,2245000000.0,2189500000.0,1146000000.0,1099000000.0,0.88,4.321,-35000000.0,684000000.0,684000000.0,772000000.0,101000000.0,1.148,3.766,629000000.0,162000000.0,467000000.0,629000000.0,585000000.0,163000000.0,0.0,0.0,0.0,151000000.0,314000000.0,0.163,314000000.0,151000000.0,124000000.0,0.93,0.89,0.93,471000000.0,418000000.0,471000000.0,5603712000.0,37.0,17.846,427000000.0,3.917,1.0,1155000000.0,0.599,496000000.0,27000000.0,696000000.0,816500000.0,20000000.0,0.0,0.0,0.0,1774000000.0,998000000.0,776000000.0,5476712000.0,192000000.0,0.0,-146000000.0,-120000000.0,0.0,-245000000.0,-35000000.0,0.0,462000000.0,10000000.0,101000000.0,101000000.0,101000000.0,0.0,0.0,0.052,990000000.0,165000000.0,91000000.0,0.0,11.628,54.225,53.731,352000000.0,0.0,49.97,2.842,2.827,299000000.0,-1138000000.0,1927000000.0,1927000000.0,334000000.0,0.046,0.242,0.185,0.078,101000000.0,656000000.0,1.0,109600000.0,109000000,112700000.0,17.679,1749000000.0,208000000.0,23000000.0,6000000.0,16.046,148000000.0
1,TDC,MRT,2021-03-31,2021-03-31,2021-03-31,2021-08-06,-146000000.0,2203000000.0,2153750000.0,1075000000.0,1128000000.0,0.879,3.836,-44000000.0,538000000.0,538000000.0,792000000.0,14000000.0,1.126,4.283,665000000.0,156000000.0,509000000.0,665000000.0,600000000.0,169000000.0,0.0,0.0,0.0,89000000.0,258000000.0,0.136,258000000.0,89000000.0,62000000.0,0.13,0.1,0.13,417000000.0,386750000.0,417000000.0,4314860000.0,48.0,16.724,323000000.0,2.971,1.0,1101000000.0,0.582,498000000.0,27000000.0,877000000.0,859750000.0,16000000.0,0.0,0.0,0.0,1786000000.0,955000000.0,831000000.0,4200860000.0,146000000.0,0.0,-110000000.0,-101000000.0,0.0,-189000000.0,-44000000.0,0.0,367000000.0,12000000.0,14000000.0,14000000.0,14000000.0,0.0,0.0,0.007,998000000.0,103000000.0,55000000.0,0.0,10.074,300.061,296.462,378000000.0,0.0,38.54,2.219,2.213,367000000.0,-1146000000.0,1893000000.0,1893000000.0,338000000.0,0.007,0.036,0.104,0.047,101000000.0,660000000.0,1.0,109000000.0,108700000,112800000.0,17.415,1705000000.0,209000000.0,48000000.0,7000000.0,15.685,120000000.0
2,TDC,MRT,2020-12-31,2020-12-31,2020-12-31,2021-08-06,-143000000.0,2193000000.0,2140750000.0,1044000000.0,1149000000.0,0.858,3.66,-51000000.0,529000000.0,529000000.0,817000000.0,129000000.0,1.097,4.482,643000000.0,134000000.0,509000000.0,643000000.0,537000000.0,172000000.0,0.0,0.0,0.0,3000000.0,175000000.0,0.095,175000000.0,3000000.0,-24000000.0,1.18,1.16,1.18,400000000.0,369750000.0,400000000.0,2575971000.0,859.0,14.72,216000000.0,1.976,1.0,1019000000.0,0.555,499000000.0,27000000.0,856000000.0,891000000.0,29000000.0,0.0,0.0,0.0,1793000000.0,952000000.0,841000000.0,2455971000.0,37000000.0,0.0,-100000000.0,-95000000.0,0.0,-186000000.0,-51000000.0,0.0,267000000.0,7000000.0,129000000.0,129000000.0,129000000.0,0.0,0.0,0.07,1003000000.0,16000000.0,50000000.0,0.0,6.14,19.039,19.042,377000000.0,0.0,22.47,1.338,1.338,331000000.0,-1114000000.0,1836000000.0,1836000000.0,334000000.0,0.06,0.349,0.003,0.002,101000000.0,669000000.0,1.0,109300000.0,109300000,111600000.0,16.798,1694000000.0,222000000.0,-153000000.0,6000000.0,15.499,92000000.0
3,TDC,MRT,2020-09-30,2020-09-30,2020-09-30,2021-08-06,-155000000.0,2117000000.0,2106750000.0,965000000.0,1152000000.0,0.873,3.52,-53000000.0,533000000.0,533000000.0,856000000.0,105000000.0,1.078,4.513,653000000.0,130000000.0,523000000.0,653000000.0,520000000.0,163000000.0,0.0,0.0,0.0,-11000000.0,152000000.0,0.083,152000000.0,-11000000.0,-39000000.0,0.94,0.93,0.94,384000000.0,335250000.0,384000000.0,2642300000.0,-240.0,17.384,212000000.0,1.943,1.0,983000000.0,0.535,505000000.0,28000000.0,837000000.0,891250000.0,14000000.0,0.0,0.0,0.0,1733000000.0,895000000.0,838000000.0,2474300000.0,5000000.0,0.0,-136000000.0,-84000000.0,0.0,-209000000.0,-53000000.0,0.0,265000000.0,2000000.0,105000000.0,105000000.0,105000000.0,0.0,0.0,0.057,985000000.0,-2000000.0,59000000.0,0.0,6.443,23.565,24.149,378000000.0,0.0,22.7,1.345,1.347,321000000.0,-1094000000.0,1839000000.0,1839000000.0,328000000.0,0.05,0.313,-0.012,-0.006,103000000.0,657000000.0,1.0,109000000.0,109100000,109100000.0,16.856,1612000000.0,238000000.0,-144000000.0,6000000.0,14.775,70000000.0
4,TDC,MRT,2020-06-30,2020-06-30,2020-06-30,2021-08-06,-165000000.0,2102000000.0,2072250000.0,948000000.0,1154000000.0,0.89,3.189,-57000000.0,494000000.0,494000000.0,868000000.0,116000000.0,1.062,5.075,662000000.0,118000000.0,544000000.0,662000000.0,559000000.0,158000000.0,0.0,0.0,0.0,4000000.0,162000000.0,0.088,162000000.0,4000000.0,-25000000.0,1.04,1.03,1.04,346000000.0,321250000.0,346000000.0,2524800000.0,631.0,15.585,127000000.0,1.171,1.0,976000000.0,0.529,508000000.0,29000000.0,869000000.0,903250000.0,26000000.0,0.0,0.0,0.0,1756000000.0,893000000.0,863000000.0,2256800000.0,-142000000.0,0.0,-200000000.0,-75000000.0,0.0,-261000000.0,-57000000.0,0.0,184000000.0,-8000000.0,116000000.0,116000000.0,116000000.0,0.0,0.0,0.063,969000000.0,7000000.0,62000000.0,0.0,6.523,19.455,20.0,383000000.0,0.0,20.8,1.224,1.224,339000000.0,-1093000000.0,1844000000.0,1844000000.0,324000000.0,0.056,0.361,0.004,0.002,98000000.0,645000000.0,1.0,108500000.0,108500000,108500000.0,16.995,1594000000.0,236000000.0,-141000000.0,6000000.0,14.691,55000000.0
5,TDC,MRT,2020-03-31,2020-03-31,2020-03-31,2021-08-06,-169000000.0,2151000000.0,2077500000.0,974000000.0,1177000000.0,0.898,3.164,-55000000.0,394000000.0,394000000.0,909000000.0,158000000.0,1.075,5.163,662000000.0,102000000.0,560000000.0,662000000.0,599000000.0,155000000.0,0.0,0.0,0.0,13000000.0,168000000.0,0.09,168000000.0,13000000.0,-17000000.0,1.43,1.42,1.43,349000000.0,326500000.0,349000000.0,2447390000.0,188.0,14.568,54000000.0,0.49,1.0,956000000.0,0.513,511000000.0,30000000.0,1002000000.0,887750000.0,28000000.0,0.0,0.0,0.0,1802000000.0,906000000.0,896000000.0,2274390000.0,-328000000.0,0.0,-317000000.0,-64000000.0,0.0,-370000000.0,-55000000.0,0.0,109000000.0,-12000000.0,158000000.0,158000000.0,158000000.0,0.0,0.0,0.085,947000000.0,9000000.0,96000000.0,0.0,6.517,14.395,14.329,383000000.0,0.0,20.49,1.22,1.212,448000000.0,-1050000000.0,1865000000.0,1865000000.0,322000000.0,0.076,0.484,0.015,0.007,89000000.0,625000000.0,1.0,111000000.0,110300000,111300000.0,16.908,1640000000.0,253000000.0,-175000000.0,6000000.0,14.869,68000000.0
6,TDC,MRT,2019-12-31,2019-12-31,2019-12-31,2021-08-06,-141000000.0,2057000000.0,2111250000.0,1014000000.0,1043000000.0,0.899,2.294,-59000000.0,494000000.0,494000000.0,944000000.0,-20000000.0,1.144,6.851,667000000.0,100000000.0,567000000.0,667000000.0,533000000.0,150000000.0,0.0,0.0,0.0,13000000.0,163000000.0,0.086,163000000.0,13000000.0,-13000000.0,-0.18,-0.18,-0.18,262000000.0,356000000.0,262000000.0,3136625000.0,241.0,19.243,89000000.0,0.779,1.0,955000000.0,0.503,487000000.0,26000000.0,857000000.0,837250000.0,31000000.0,0.0,0.0,0.0,1795000000.0,886000000.0,909000000.0,3011625000.0,-220000000.0,0.0,-300000000.0,-52000000.0,0.0,-308000000.0,-59000000.0,0.0,148000000.0,-1000000.0,-20000000.0,-20000000.0,-20000000.0,0.0,0.0,-0.011,945000000.0,10000000.0,66000000.0,0.0,11.495,-150.581,-148.722,401000000.0,0.0,26.77,1.586,1.61,398000000.0,-1143000000.0,1899000000.0,1899000000.0,327000000.0,-0.009,-0.056,0.016,0.007,83000000.0,618000000.0,1.0,112500000.0,114200000,114200000.0,16.629,1570000000.0,87000000.0,7000000.0,6000000.0,13.748,128000000.0
7,TDC,MRT,2019-09-30,2019-09-30,2019-09-30,2021-08-06,-127000000.0,1979000000.0,2187000000.0,978000000.0,1001000000.0,0.911,2.898,-109000000.0,528000000.0,528000000.0,997000000.0,14000000.0,1.267,5.034,653000000.0,86000000.0,567000000.0,653000000.0,476000000.0,148000000.0,0.0,0.0,0.0,49000000.0,197000000.0,0.099,197000000.0,49000000.0,18000000.0,0.11,0.12,0.11,328000000.0,414250000.0,328000000.0,3543100000.0,72.0,17.985,92000000.0,0.813,1.0,996000000.0,0.5,447000000.0,31000000.0,885000000.0,787750000.0,36000000.0,0.0,0.0,0.0,1651000000.0,772000000.0,879000000.0,3537100000.0,-239000000.0,0.0,-333000000.0,-34000000.0,0.0,-319000000.0,-112000000.0,0.0,201000000.0,-9000000.0,14000000.0,14000000.0,14000000.0,0.0,0.0,0.007,958000000.0,38000000.0,103000000.0,0.0,10.784,252.65,281.818,386000000.0,0.0,31.0,1.775,1.761,328000000.0,-1063000000.0,1993000000.0,1993000000.0,326000000.0,0.006,0.034,0.062,0.025,74000000.0,632000000.0,1.0,114100000.0,113200000,114200000.0,17.606,1532000000.0,67000000.0,4000000.0,4000000.0,13.534,206000000.0
8,TDC,MRT,2019-06-30,2019-06-30,2019-06-30,2021-08-06,-116000000.0,2123000000.0,2226250000.0,1129000000.0,994000000.0,0.925,3.177,-127000000.0,635000000.0,635000000.0,1047000000.0,22000000.0,1.305,4.785,641000000.0,77000000.0,564000000.0,641000000.0,580000000.0,143000000.0,0.0,0.0,0.0,53000000.0,196000000.0,0.095,196000000.0,53000000.0,24000000.0,0.17,0.18,0.17,367000000.0,472250000.0,367000000.0,4096035000.0,77.0,20.898,51000000.0,0.442,1.0,1013000000.0,0.492,457000000.0,29000000.0,807000000.0,727250000.0,35000000.0,0.0,0.0,0.0,1756000000.0,865000000.0,891000000.0,4198035000.0,-246000000.0,0.0,-318000000.0,-20000000.0,0.0,-289000000.0,-130000000.0,0.0,178000000.0,-5000000.0,22000000.0,22000000.0,22000000.0,0.0,0.0,0.011,971000000.0,42000000.0,102000000.0,0.0,11.439,190.82,210.882,375000000.0,0.0,35.85,2.038,2.01,377000000.0,-1009000000.0,2060000000.0,2060000000.0,324000000.0,0.01,0.047,0.073,0.026,67000000.0,647000000.0,1.0,117100000.0,115500000,115500000.0,17.835,1666000000.0,70000000.0,2000000.0,4000000.0,14.424,264000000.0
9,TDC,MRT,2019-03-31,2019-03-31,2019-03-31,2021-08-06,-109000000.0,2286000000.0,2246250000.0,1302000000.0,984000000.0,0.946,3.988,-148000000.0,723000000.0,723000000.0,1099000000.0,27000000.0,1.425,3.895,621000000.0,63000000.0,558000000.0,621000000.0,669000000.0,133000000.0,0.0,0.0,0.0,51000000.0,184000000.0,0.087,184000000.0,51000000.0,25000000.0,0.21,0.22,0.21,467000000.0,523500000.0,467000000.0,4902145000.0,96.0,26.642,81000000.0,0.692,1.0,1027000000.0,0.483,470000000.0,26000000.0,800000000.0,658750000.0,52000000.0,0.0,0.0,0.0,1819000000.0,914000000.0,905000000.0,5120145000.0,-216000000.0,0.0,-296000000.0,-33000000.0,0.0,-275000000.0,-151000000.0,0.0,229000000.0,-19000000.0,27000000.0,27000000.0,27000000.0,0.0,0.0,0.013,985000000.0,42000000.0,99000000.0,0.0,10.964,189.635,207.857,363000000.0,0.0,43.65,2.408,2.404,445000000.0,-891000000.0,2126000000.0,2126000000.0,320000000.0,0.012,0.052,0.077,0.024,61000000.0,665000000.0,1.0,117300000.0,117100000,117100000.0,18.155,1816000000.0,66000000.0,-2000000.0,4000000.0,15.508,388000000.0
10,TDC,MRT,2018-12-31,2018-12-31,2018-12-31,2021-08-06,-101000000.0,2360000000.0,2263500000.0,1428000000.0,932000000.0,0.956,4.153,-160000000.0,715000000.0,715000000.0,1138000000.0,30000000.0,1.415,3.768,544000000.0,36000000.0,508000000.0,544000000.0,595000000.0,130000000.0,0.0,0.0,0.0,49000000.0,179000000.0,0.083,179000000.0,49000000.0,27000000.0,0.25,0.25,0.25,495000000.0,567750000.0,495000000.0,4263152000.0,87.0,23.816,204000000.0,1.711,1.0,1026000000.0,0.474,521000000.0,22000000.0,659000000.0,583250000.0,28000000.0,0.0,0.0,0.0,1865000000.0,1009000000.0,856000000.0,4534152000.0,-373000000.0,0.0,-300000000.0,-285000000.0,0.0,-554000000.0,-163000000.0,0.0,364000000.0,-20000000.0,30000000.0,30000000.0,30000000.0,0.0,0.0,0.014,983000000.0,43000000.0,141000000.0,0.0,9.16,151.138,153.44,295000000.0,0.0,38.36,2.095,2.113,588000000.0,-823000000.0,2164000000.0,2164000000.0,317000000.0,0.013,0.053,0.084,0.023,65000000.0,666000000.0,1.0,118200000.0,119200000,121200000.0,18.154,1839000000.0,67000000.0,-3000000.0,3000000.0,15.428,419000000.0
11,TDC,MRT,2018-09-30,2018-09-30,2018-09-30,2021-08-06,-93000000.0,2136000000.0,2312500000.0,1284000000.0,852000000.0,0.952,4.718,-118000000.0,768000000.0,768000000.0,1158000000.0,-59000000.0,1.771,2.814,497000000.0,13000000.0,484000000.0,497000000.0,486000000.0,130000000.0,0.0,0.0,0.0,85000000.0,215000000.0,0.098,215000000.0,85000000.0,65000000.0,-0.46,-0.46,-0.46,560000000.0,611000000.0,560000000.0,4106261000.0,48.0,19.099,162000000.0,1.365,1.0,1044000000.0,0.474,497000000.0,20000000.0,643000000.0,578250000.0,45000000.0,0.0,0.0,0.0,1576000000.0,725000000.0,851000000.0,4491261000.0,-257000000.0,-3000000.0,-206000000.0,-228000000.0,0.0,-399000000.0,-121000000.0,0.0,280000000.0,-17000000.0,-59000000.0,-59000000.0,-59000000.0,0.0,0.0,-0.027,964000000.0,80000000.0,95000000.0,0.0,8.02,-76.123,-81.978,226000000.0,0.0,37.71,2.04,2.033,372000000.0,-745000000.0,2202000000.0,2202000000.0,313000000.0,-0.026,-0.097,0.147,0.039,67000000.0,651000000.0,1.0,119100000.0,118700000,120700000.0,18.551,1639000000.0,54000000.0,124000000.0,4000000.0,13.808,559000000.0
12,TDC,MRT,2018-06-30,2018-06-30,2018-06-30,2021-08-06,-91000000.0,2203000000.0,2355250000.0,1383000000.0,820000000.0,0.935,4.787,-115000000.0,882000000.0,882000000.0,1172000000.0,-64000000.0,1.787,2.851,497000000.0,6000000.0,491000000.0,497000000.0,570000000.0,132000000.0,0.0,0.0,0.0,79000000.0,211000000.0,0.096,211000000.0,79000000.0,61000000.0,-0.5,-0.51,-0.5,572000000.0,650750000.0,572000000.0,4455195000.0,56.0,21.115,190000000.0,1.59,1.0,1030000000.0,0.468,511000000.0,18000000.0,533000000.0,546250000.0,28000000.0,0.0,0.0,0.0,1631000000.0,774000000.0,857000000.0,4870195000.0,-202000000.0,-3000000.0,-357000000.0,-55000000.0,0.0,-374000000.0,-118000000.0,0.0,305000000.0,-15000000.0,-64000000.0,-64000000.0,-64000000.0,0.0,0.0,-0.029,955000000.0,75000000.0,83000000.0,0.0,8.514,-76.097,-80.3,187000000.0,0.0,40.15,2.212,2.179,369000000.0,-714000000.0,2202000000.0,2202000000.0,309000000.0,-0.027,-0.098,0.145,0.036,68000000.0,646000000.0,1.0,121300000.0,119500000,121500000.0,18.427,1692000000.0,54000000.0,125000000.0,8000000.0,14.159,609000000.0
13,TDC,MRT,2018-03-31,2018-03-31,2018-03-31,2021-08-06,-70000000.0,2355000000.0,2389000000.0,1530000000.0,825000000.0,0.909,5.305,-97000000.0,939000000.0,939000000.0,1149000000.0,-72000000.0,1.676,2.657,524000000.0,68000000.0,456000000.0,524000000.0,604000000.0,136000000.0,0.0,0.0,0.0,69000000.0,205000000.0,0.094,205000000.0,69000000.0,52000000.0,-0.56,-0.57,-0.56,644000000.0,725750000.0,644000000.0,4528740000.0,66.0,22.091,163000000.0,1.343,1.0,1022000000.0,0.471,529000000.0,17000000.0,498000000.0,523500000.0,43000000.0,0.0,0.0,0.0,1711000000.0,913000000.0,798000000.0,4839740000.0,-224000000.0,-21000000.0,-368000000.0,-37000000.0,0.0,-370000000.0,-118000000.0,0.0,260000000.0,4000000.0,-72000000.0,-72000000.0,-72000000.0,0.0,0.0,-0.033,958000000.0,64000000.0,110000000.0,0.0,7.515,-67.219,-70.839,172000000.0,0.0,39.67,2.229,2.218,451000000.0,-637000000.0,2171000000.0,2171000000.0,310000000.0,-0.03,-0.099,0.132,0.032,71000000.0,648000000.0,1.0,122000000.0,121400000,121400000.0,17.883,1826000000.0,58000000.0,124000000.0,9000000.0,15.041,617000000.0
14,TDC,MRT,2017-12-31,2017-12-31,2017-12-31,2021-08-06,-74000000.0,2556000000.0,2421000000.0,1750000000.0,806000000.0,0.891,5.31,-87000000.0,1089000000.0,1089000000.0,1132000000.0,-67000000.0,1.646,2.826,778000000.0,300000000.0,478000000.0,778000000.0,499000000.0,138000000.0,0.0,0.0,0.0,73000000.0,211000000.0,0.098,211000000.0,73000000.0,58000000.0,-0.53,-0.53,-0.53,668000000.0,803250000.0,668000000.0,4354660000.0,60.0,20.638,237000000.0,1.884,1.0,1024000000.0,0.475,543000000.0,15000000.0,639000000.0,518000000.0,30000000.0,0.0,0.0,0.0,1888000000.0,1063000000.0,825000000.0,4653660000.0,115000000.0,-21000000.0,-351000000.0,210000000.0,0.0,-109000000.0,-108000000.0,0.0,324000000.0,8000000.0,-67000000.0,-67000000.0,-67000000.0,0.0,0.0,-0.031,956000000.0,68000000.0,74000000.0,0.0,6.967,-69.458,-72.566,162000000.0,0.0,38.46,2.158,2.244,554000000.0,-579000000.0,2156000000.0,2156000000.0,305000000.0,-0.028,-0.083,0.141,0.034,68000000.0,651000000.0,1.0,121000000.0,125800000,125800000.0,17.138,2013000000.0,57000000.0,125000000.0,4000000.0,16.002,687000000.0
15,TDC,MRT,2017-09-30,2017-09-30,2017-09-30,2021-08-06,-69000000.0,2307000000.0,2385250000.0,1508000000.0,799000000.0,0.904,5.812,-98000000.0,1025000000.0,1025000000.0,1123000000.0,65000000.0,1.611,2.209,726000000.0,233000000.0,493000000.0,726000000.0,381000000.0,134000000.0,0.0,0.0,0.0,106000000.0,240000000.0,0.111,240000000.0,106000000.0,92000000.0,0.5,0.49,0.5,719000000.0,879000000.0,719000000.0,3725540000.0,35.0,15.523,255000000.0,2.061,1.0,1033000000.0,0.479,557000000.0,14000000.0,515000000.0,530750000.0,45000000.0,0.0,0.0,0.0,1588000000.0,936000000.0,652000000.0,4257540000.0,37000000.0,-18000000.0,-364000000.0,149000000.0,0.0,-193000000.0,-114000000.0,2000000.0,353000000.0,-9000000.0,65000000.0,65000000.0,65000000.0,0.0,0.0,0.03,924000000.0,109000000.0,106000000.0,0.0,5.921,65.501,67.58,159000000.0,0.0,33.79,1.975,1.939,366000000.0,-505000000.0,2156000000.0,2156000000.0,286000000.0,0.027,0.074,0.2,0.049,64000000.0,638000000.0,1.0,126000000.0,123700000,125800000.0,17.429,1750000000.0,53000000.0,27000000.0,12000000.0,14.147,572000000.0
16,TDC,MRT,2017-06-30,2017-06-30,2017-06-30,2021-08-06,-77000000.0,2338000000.0,2387000000.0,1548000000.0,790000000.0,0.914,6.818,-99000000.0,1085000000.0,1085000000.0,1105000000.0,101000000.0,1.955,1.681,553000000.0,45000000.0,508000000.0,553000000.0,441000000.0,133000000.0,0.0,0.0,0.0,189000000.0,322000000.0,0.148,322000000.0,189000000.0,176000000.0,0.77,0.76,0.77,872000000.0,932250000.0,872000000.0,3210057000.0,17.0,9.969,307000000.0,2.4,1.0,1077000000.0,0.494,572000000.0,13000000.0,442000000.0,554750000.0,42000000.0,0.0,0.0,0.0,1466000000.0,792000000.0,674000000.0,3813057000.0,176000000.0,62000000.0,-182000000.0,-30000000.0,0.0,-189000000.0,-35000000.0,2000000.0,406000000.0,-6000000.0,101000000.0,101000000.0,101000000.0,0.0,0.0,0.046,888000000.0,189000000.0,97000000.0,0.0,4.373,37.753,38.299,143000000.0,0.0,29.49,1.748,1.729,356000000.0,-318000000.0,2182000000.0,2182000000.0,252000000.0,0.042,0.108,0.341,0.087,64000000.0,636000000.0,1.0,129300000.0,127900000,127900000.0,17.06,1766000000.0,51000000.0,75000000.0,14000000.0,13.808,756000000.0
17,TDC,MRT,2017-03-31,2017-03-31,2017-03-31,2021-08-06,-83000000.0,2483000000.0,2398000000.0,1704000000.0,779000000.0,0.946,7.316,-105000000.0,1164000000.0,1164000000.0,1123000000.0,169000000.0,2.041,1.603,561000000.0,38000000.0,523000000.0,561000000.0,528000000.0,130000000.0,0.0,0.0,0.0,277000000.0,407000000.0,0.179,407000000.0,277000000.0,264000000.0,1.29,1.28,1.29,954000000.0,930250000.0,954000000.0,3661383969.0,13.0,8.996,339000000.0,2.6,1.0,1145000000.0,0.505,569000000.0,13000000.0,476000000.0,605500000.0,40000000.0,0.0,0.0,0.0,1529000000.0,835000000.0,694000000.0,4067383969.0,247000000.0,79000000.0,-78000000.0,-111000000.0,0.0,-161000000.0,-24000000.0,2000000.0,444000000.0,-12000000.0,169000000.0,169000000.0,169000000.0,0.0,0.0,0.075,868000000.0,277000000.0,89000000.0,0.0,4.264,24.067,24.124,142000000.0,0.0,31.12,1.793,1.789,442000000.0,-207000000.0,2268000000.0,2268000000.0,225000000.0,0.07,0.182,0.457,0.122,57000000.0,643000000.0,1.0,130699999.0,130400000,130400000.0,17.393,1914000000.0,50000000.0,95000000.0,25000000.0,14.678,869000000.0
18,TDC,MRT,2016-12-31,2016-12-31,2016-12-31,2021-08-06,-89000000.0,2413000000.0,2393250000.0,1621000000.0,792000000.0,0.97,7.487,-113000000.0,974000000.0,974000000.0,1133000000.0,125000000.0,2.224,1.485,568000000.0,30000000.0,538000000.0,568000000.0,383000000.0,128000000.0,0.0,0.0,0.0,233000000.0,361000000.0,0.155,361000000.0,233000000.0,221000000.0,0.96,0.95,0.96,971000000.0,890250000.0,971000000.0,3116383000.0,13.0,8.633,333000000.0,2.567,1.0,1189000000.0,0.512,588000000.0,12000000.0,690000000.0,651000000.0,34000000.0,0.0,0.0,0.0,1442000000.0,729000000.0,713000000.0,3529383000.0,135000000.0,76000000.0,-82000000.0,-210000000.0,0.0,-262000000.0,-35000000.0,2000000.0,446000000.0,-14000000.0,125000000.0,125000000.0,125000000.0,0.0,0.0,0.054,954000000.0,235000000.0,103000000.0,0.0,3.635,28.235,28.302,138000000.0,0.0,27.17,1.52,1.518,548000000.0,-161000000.0,2322000000.0,2322000000.0,212000000.0,0.052,0.14,0.358,0.1,62000000.0,662000000.0,1.0,129900000.0,129700000,131500000.0,17.903,1825000000.0,49000000.0,96000000.0,33000000.0,14.071,892000000.0
19,TDC,MRT,2016-09-30,2016-09-30,2016-09-30,2021-08-06,-66000000.0,2314000000.0,2421750000.0,1517000000.0,797000000.0,0.997,7.186,-107000000.0,988000000.0,988000000.0,1177000000.0,18000000.0,2.205,1.483,575000000.0,30000000.0,545000000.0,575000000.0,375000000.0,138000000.0,0.0,0.0,0.0,108000000.0,246000000.0,0.102,246000000.0,108000000.0,95000000.0,0.14,0.13,0.14,932000000.0,859750000.0,932000000.0,3715400000.0,34.0,15.103,318000000.0,2.452,1.0,1238000000.0,0.513,602000000.0,13000000.0,611000000.0,708500000.0,44000000.0,0.0,0.0,0.0,1382000000.0,688000000.0,694000000.0,4042400000.0,114000000.0,68000000.0,-185000000.0,-132000000.0,0.0,-287000000.0,-23000000.0,16000000.0,425000000.0,-1000000.0,18000000.0,18000000.0,18000000.0,0.0,0.0,0.007,1144000000.0,94000000.0,93000000.0,0.0,4.337,224.578,221.429,131000000.0,0.0,31.0,1.674,1.665,426000000.0,-206000000.0,2415000000.0,2415000000.0,209000000.0,0.007,0.021,0.152,0.045,60000000.0,717000000.0,1.0,130400000.0,129700000,131600000.0,18.62,1712000000.0,46000000.0,77000000.0,20000000.0,13.2,829000000.0
20,TDC,MRT,2016-06-30,2016-06-30,2016-06-30,2021-08-06,-69000000.0,2382000000.0,2495500000.0,1595000000.0,787000000.0,0.989,6.656,-109000000.0,909000000.0,909000000.0,1218000000.0,47000000.0,1.947,1.757,582000000.0,30000000.0,552000000.0,582000000.0,446000000.0,151000000.0,0.0,0.0,0.0,128000000.0,279000000.0,0.113,279000000.0,128000000.0,115000000.0,0.32,0.31,0.32,864000000.0,875750000.0,864000000.0,3012100000.0,24.0,10.796,339000000.0,2.612,1.0,1251000000.0,0.507,591000000.0,13000000.0,645000000.0,733500000.0,37000000.0,0.0,0.0,0.0,1518000000.0,819000000.0,699000000.0,3259100000.0,-12000000.0,-35000000.0,-400000000.0,-15000000.0,0.0,-390000000.0,-59000000.0,85000000.0,448000000.0,-11000000.0,47000000.0,47000000.0,47000000.0,0.0,0.0,0.019,1169000000.0,82000000.0,104000000.0,0.0,3.772,69.343,78.344,129000000.0,0.0,25.07,1.32,1.318,465000000.0,-246000000.0,2469000000.0,2469000000.0,214000000.0,0.019,0.054,0.175,0.052,57000000.0,737000000.0,1.0,130000000.0,129800000,131500000.0,19.022,1791000000.0,48000000.0,68000000.0,17000000.0,13.798,776000000.0
21,TDC,MRT,2016-03-31,2016-03-31,2016-03-31,2021-08-06,-68000000.0,2464000000.0,2583750000.0,1677000000.0,787000000.0,0.965,6.136,-114000000.0,917000000.0,917000000.0,1225000000.0,-282000000.0,1.732,2.103,670000000.0,110000000.0,560000000.0,670000000.0,521000000.0,162000000.0,0.0,0.0,0.0,-208000000.0,-46000000.0,-0.018,-46000000.0,-208000000.0,-219000000.0,-2.04,-2.05,-2.04,794000000.0,956250000.0,794000000.0,3336456000.0,-16.0,-72.532,315000000.0,2.434,1.0,1268000000.0,0.509,591000000.0,11000000.0,658000000.0,762250000.0,54000000.0,0.0,0.0,0.0,1670000000.0,968000000.0,702000000.0,3395456000.0,36000000.0,-20000000.0,-435000000.0,73000000.0,0.0,-339000000.0,-49000000.0,85000000.0,429000000.0,-5000000.0,-282000000.0,-282000000.0,-282000000.0,0.0,0.0,-0.113,1535000000.0,-267000000.0,83000000.0,0.0,4.276,-12.041,-12.863,131000000.0,0.0,26.24,1.362,1.362,519000000.0,-297000000.0,2493000000.0,2493000000.0,222000000.0,-0.109,-0.295,-0.273,-0.083,58000000.0,755000000.0,1.0,129400000.0,129400000,129400000.0,19.266,1873000000.0,48000000.0,63000000.0,20000000.0,14.474,709000000.0
22,TDC,MRT,2015-12-31,2015-12-31,2015-12-31,2021-08-06,-76000000.0,2527000000.0,2743500000.0,1734000000.0,793000000.0,0.922,6.082,-120000000.0,839000000.0,839000000.0,1254000000.0,-214000000.0,1.82,1.976,777000000.0,210000000.0,567000000.0,777000000.0,382000000.0,170000000.0,0.0,0.0,0.0,-135000000.0,35000000.0,0.014,35000000.0,-135000000.0,-144000000.0,-1.53,-1.53,-1.53,849000000.0,1118750000.0,849000000.0,3349860000.0,-25.0,95.71,281000000.0,2.013,1.0,1276000000.0,0.504,592000000.0,9000000.0,920000000.0,780000000.0,49000000.0,0.0,0.0,0.0,1678000000.0,953000000.0,725000000.0,3513860000.0,5000000.0,-17000000.0,-657000000.0,313000000.0,0.0,-324000000.0,-52000000.0,85000000.0,401000000.0,-20000000.0,-214000000.0,-214000000.0,-214000000.0,0.0,0.0,-0.085,1471000000.0,-195000000.0,96000000.0,0.0,4.139,-16.42,-17.268,143000000.0,0.0,26.42,1.389,1.458,580000000.0,-204000000.0,2530000000.0,2530000000.0,228000000.0,-0.078,-0.191,-0.173,-0.053,54000000.0,765000000.0,1.0,133000000.0,139600000,139600000.0,18.123,1935000000.0,41000000.0,70000000.0,28000000.0,13.861,781000000.0
23,TDC,MRT,2015-09-30,2015-09-30,2015-09-30,2021-08-06,-64000000.0,2609000000.0,2894750000.0,1514000000.0,1095000000.0,0.889,7.155,-129000000.0,874000000.0,874000000.0,1236000000.0,-47000000.0,1.807,1.619,710000000.0,133000000.0,577000000.0,710000000.0,401000000.0,170000000.0,0.0,0.0,0.0,57000000.0,227000000.0,0.088,227000000.0,57000000.0,48000000.0,-0.39,-0.41,-0.39,996000000.0,1333250000.0,996000000.0,3779736000.0,66.0,16.651,338000000.0,2.428,1.0,1336000000.0,0.519,896000000.0,9000000.0,711000000.0,672000000.0,52000000.0,0.0,0.0,0.0,1613000000.0,838000000.0,775000000.0,4100736000.0,26000000.0,-29000000.0,-810000000.0,456000000.0,0.0,-327000000.0,-89000000.0,69000000.0,467000000.0,-25000000.0,-47000000.0,-47000000.0,-47000000.0,0.0,0.0,-0.018,1332000000.0,4000000.0,111000000.0,0.0,4.117,-87.25,-74.256,159000000.0,0.0,28.96,1.594,1.567,486000000.0,-57000000.0,2572000000.0,2572000000.0,227000000.0,-0.016,-0.035,0.085,0.022,57000000.0,766000000.0,1.0,141600000.0,139200000,141400000.0,18.477,1713000000.0,19000000.0,95000000.0,60000000.0,12.306,676000000.0
24,TDC,MRT,2015-06-30,2015-06-30,2015-06-30,2021-08-06,-27000000.0,2735000000.0,2997000000.0,1577000000.0,1158000000.0,0.879,8.358,-130000000.0,921000000.0,921000000.0,1254000000.0,-31000000.0,2.083,1.306,600000000.0,15000000.0,585000000.0,600000000.0,461000000.0,169000000.0,0.0,0.041,1.5,67000000.0,236000000.0,0.09,236000000.0,67000000.0,61000000.0,-0.34,-0.36,-0.34,1186000000.0,1544750000.0,1186000000.0,4973000000.0,74.0,21.072,371000000.0,2.615,1.0,1379000000.0,0.524,897000000.0,6000000.0,760000000.0,586250000.0,46000000.0,0.0,0.0,0.0,1549000000.0,757000000.0,792000000.0,5254000000.0,-13000000.0,-48000000.0,-675000000.0,338000000.0,0.0,-307000000.0,-178000000.0,0.0,501000000.0,-29000000.0,-31000000.0,-31000000.0,-31000000.0,0.0,0.0,-0.012,1329000000.0,50000000.0,103000000.0,-4.412,4.43,-169.484,-108.824,160000000.0,0.0,37.0,1.995,1.994,511000000.0,114000000.0,2633000000.0,2633000000.0,222000000.0,-0.01,-0.02,0.114,0.025,54000000.0,768000000.0,1.0,142000000.0,141900000,141900000.0,18.555,1838000000.0,19000000.0,92000000.0,63000000.0,12.953,820000000.0
25,TDC,MRT,2015-03-31,2015-03-31,2015-03-31,2021-08-06,-39000000.0,3103000000.0,3097250000.0,1591000000.0,1512000000.0,0.867,9.945,-128000000.0,881000000.0,881000000.0,1263000000.0,330000000.0,1.872,1.149,600000000.0,7000000.0,593000000.0,600000000.0,508000000.0,170000000.0,0.0,0.034,1.5,446000000.0,616000000.0,0.229,616000000.0,446000000.0,442000000.0,2.14,2.11,2.14,1444000000.0,1713750000.0,1444000000.0,6078440000.0,14.0,9.868,431000000.0,2.968,1.0,1423000000.0,0.53,1243000000.0,4000000.0,729000000.0,473500000.0,42000000.0,0.0,0.0,0.0,1659000000.0,850000000.0,809000000.0,6444440000.0,-41000000.0,-65000000.0,-734000000.0,331000000.0,0.0,-374000000.0,-193000000.0,0.0,559000000.0,-33000000.0,330000000.0,330000000.0,330000000.0,0.0,0.0,0.123,978000000.0,445000000.0,148000000.0,0.701,4.463,19.529,20.626,162000000.0,0.0,44.14,2.399,2.386,583000000.0,405000000.0,2686000000.0,2686000000.0,213000000.0,0.107,0.193,0.942,0.166,54000000.0,766000000.0,1.0,146000000.0,145200000,147700000.0,18.499,1860000000.0,19000000.0,112000000.0,74000000.0,12.81,741000000.0
26,TDC,MRT,2014-12-31,2014-12-31,2014-12-31,2021-08-06,-4000000.0,3132000000.0,3116000000.0,1572000000.0,1560000000.0,0.877,10.992,-129000000.0,834000000.0,834000000.0,1253000000.0,367000000.0,1.58,0.835,468000000.0,273000000.0,195000000.0,468000000.0,388000000.0,169000000.0,0.0,0.085,3.7,497000000.0,666000000.0,0.244,666000000.0,497000000.0,494000000.0,2.36,2.33,2.36,1707000000.0,1815000000.0,1707000000.0,6090040000.0,12.0,9.144,551000000.0,3.548,1.0,1479000000.0,0.541,1283000000.0,3000000.0,488000000.0,374000000.0,38000000.0,0.0,0.0,0.0,1425000000.0,995000000.0,430000000.0,6683040000.0,139000000.0,-69000000.0,-551000000.0,194000000.0,0.0,-326000000.0,-198000000.0,0.0,680000000.0,-17000000.0,367000000.0,367000000.0,367000000.0,0.0,0.0,0.134,976000000.0,503000000.0,126000000.0,1.568,3.915,18.21,18.508,159000000.0,0.0,43.68,2.446,2.483,619000000.0,656000000.0,2732000000.0,2732000000.0,206000000.0,0.118,0.202,1.329,0.182,48000000.0,770000000.0,1.0,153000000.0,155300000,157800000.0,17.592,1849000000.0,20000000.0,127000000.0,86000000.0,11.906,577000000.0
27,TDC,MRT,2014-09-30,2014-09-30,2014-09-30,2021-08-06,4000000.0,3018000000.0,3107000000.0,1506000000.0,1512000000.0,0.882,11.922,-132000000.0,848000000.0,848000000.0,1255000000.0,361000000.0,1.953,0.638,255000000.0,45000000.0,210000000.0,255000000.0,402000000.0,166000000.0,0.0,0.088,3.7,495000000.0,661000000.0,0.241,661000000.0,495000000.0,491000000.0,2.28,2.25,2.28,1842000000.0,1852500000.0,1842000000.0,5788600000.0,12.0,8.757,514000000.0,3.327,1.0,1485000000.0,0.542,1286000000.0,4000000.0,368000000.0,404250000.0,44000000.0,0.0,0.0,0.0,1176000000.0,771000000.0,405000000.0,6497600000.0,-14000000.0,-46000000.0,-477000000.0,-23000000.0,0.0,-473000000.0,-178000000.0,0.0,646000000.0,-9000000.0,361000000.0,361000000.0,361000000.0,0.0,0.0,0.132,963000000.0,522000000.0,118000000.0,1.623,3.527,17.999,18.386,157000000.0,0.0,41.92,2.371,2.364,522000000.0,2282000000.0,2740000000.0,2740000000.0,196000000.0,0.116,0.195,1.224,0.181,44000000.0,767000000.0,1.0,155000000.0,154500000,157100000.0,17.735,1732000000.0,23000000.0,130000000.0,68000000.0,11.21,735000000.0
28,TDC,MRT,2014-06-30,2014-06-30,2014-06-30,2021-08-06,34000000.0,3136000000.0,3132000000.0,1637000000.0,1499000000.0,0.875,11.867,-131000000.0,934000000.0,934000000.0,1246000000.0,365000000.0,1.935,0.684,225000000.0,0.0,225000000.0,225000000.0,468000000.0,161000000.0,0.0,0.055,2.2,504000000.0,665000000.0,0.243,665000000.0,504000000.0,500000000.0,2.27,2.24,2.27,1862000000.0,1871500000.0,1862000000.0,5657540000.0,11.0,8.508,477000000.0,3.04,1.0,1493000000.0,0.545,1272000000.0,4000000.0,309000000.0,436250000.0,50000000.0,0.0,0.0,0.0,1274000000.0,846000000.0,428000000.0,6339540000.0,108000000.0,-4000000.0,-382000000.0,-18000000.0,0.0,-369000000.0,-135000000.0,0.0,608000000.0,4000000.0,365000000.0,365000000.0,365000000.0,0.0,0.0,0.133,962000000.0,531000000.0,112000000.0,0.969,3.405,17.369,17.709,156000000.0,0.0,40.2,2.315,2.303,550000000.0,2188000000.0,2739000000.0,2739000000.0,193000000.0,0.117,0.195,1.155,0.184,43000000.0,769000000.0,1.0,157700000.0,156900000,159400000.0,17.457,1864000000.0,24000000.0,135000000.0,73000000.0,11.88,791000000.0
29,TDC,MRT,2014-03-31,2014-03-31,2014-03-31,2021-08-06,32000000.0,3178000000.0,3108500000.0,1659000000.0,1519000000.0,0.879,11.673,-144000000.0,922000000.0,922000000.0,1232000000.0,377000000.0,1.881,0.719,240000000.0,0.0,240000000.0,240000000.0,523000000.0,154000000.0,0.0,0.045,2.2,519000000.0,673000000.0,0.246,673000000.0,519000000.0,515000000.0,2.32,2.29,2.32,1849000000.0,1853500000.0,1849000000.0,7384048000.0,14.0,10.972,466000000.0,2.942,1.0,1501000000.0,0.549,1283000000.0,4000000.0,331000000.0,464250000.0,42000000.0,0.0,0.0,0.0,1329000000.0,882000000.0,447000000.0,7831048000.0,69000000.0,-40000000.0,-375000000.0,-15000000.0,0.0,-357000000.0,-184000000.0,0.0,610000000.0,0.0,377000000.0,377000000.0,377000000.0,0.0,0.0,0.138,956000000.0,545000000.0,97000000.0,0.948,4.235,20.772,21.203,159000000.0,0.0,49.19,2.865,2.851,607000000.0,2092000000.0,2733000000.0,2733000000.0,190000000.0,0.121,0.203,1.118,0.19,43000000.0,766000000.0,1.0,159200000.0,158400000,160900000.0,17.254,1895000000.0,24000000.0,138000000.0,78000000.0,11.963,777000000.0
30,TDC,MRT,2013-12-31,2013-12-31,2013-12-31,2021-08-06,33000000.0,3096000000.0,3068250000.0,1563000000.0,1533000000.0,0.877,11.365,-138000000.0,695000000.0,695000000.0,1219000000.0,377000000.0,2.014,0.667,274000000.0,26000000.0,248000000.0,274000000.0,415000000.0,147000000.0,0.0,0.0,0.0,512000000.0,659000000.0,0.245,659000000.0,512000000.0,508000000.0,2.31,2.27,2.31,1857000000.0,1829500000.0,1857000000.0,6826066000.0,13.0,10.358,372000000.0,2.277,1.0,1473000000.0,0.547,1290000000.0,4000000.0,609000000.0,476250000.0,56000000.0,0.0,0.0,0.0,1239000000.0,776000000.0,463000000.0,7433066000.0,-34000000.0,-36000000.0,-382000000.0,-15000000.0,0.0,-362000000.0,-174000000.0,0.0,510000000.0,-8000000.0,377000000.0,377000000.0,377000000.0,0.0,0.0,0.14,941000000.0,532000000.0,114000000.0,0.0,4.003,19.716,19.693,161000000.0,0.0,45.49,2.761,2.761,717000000.0,2033000000.0,2692000000.0,2692000000.0,184000000.0,0.123,0.206,1.075,0.19,42000000.0,757000000.0,1.0,163400000.0,163400000,166400000.0,16.475,1806000000.0,24000000.0,131000000.0,87000000.0,11.053,787000000.0
31,TDC,MRT,2013-09-30,2013-09-30,2013-09-30,2021-08-06,21000000.0,3118000000.0,3060750000.0,1560000000.0,1558000000.0,0.87,11.752,-139000000.0,862000000.0,862000000.0,1211000000.0,377000000.0,2.161,0.626,255000000.0,0.0,255000000.0,255000000.0,400000000.0,142000000.0,0.0,0.0,0.0,503000000.0,645000000.0,0.242,645000000.0,503000000.0,503000000.0,2.29,2.25,2.29,1918000000.0,1810000000.0,1918000000.0,8479264000.0,17.0,13.146,432000000.0,2.647,1.0,1452000000.0,0.545,1293000000.0,0.0,496000000.0,452500000.0,67000000.0,0.0,0.0,0.0,1200000000.0,722000000.0,478000000.0,9042264000.0,-47000000.0,-74000000.0,-425000000.0,-14000000.0,0.0,-398000000.0,-213000000.0,0.0,571000000.0,-7000000.0,377000000.0,377000000.0,377000000.0,0.0,0.0,0.142,947000000.0,505000000.0,98000000.0,0.0,4.714,23.985,24.21,157000000.0,0.0,55.44,3.396,3.398,546000000.0,1921000000.0,2663000000.0,2663000000.0,190000000.0,0.123,0.208,1.112,0.189,40000000.0,757000000.0,1.0,163100000.0,163200000,166400000.0,16.317,1825000000.0,25000000.0,126000000.0,87000000.0,11.183,838000000.0
32,TDC,MRT,2013-06-30,2013-06-30,2013-06-30,2021-08-06,12000000.0,3042000000.0,3044000000.0,1493000000.0,1549000000.0,0.869,10.955,-144000000.0,826000000.0,826000000.0,1189000000.0,383000000.0,1.929,0.699,263000000.0,0.0,263000000.0,263000000.0,451000000.0,135000000.0,0.0,0.0,0.0,514000000.0,649000000.0,0.245,649000000.0,514000000.0,514000000.0,2.31,2.26,2.31,1790000000.0,1800000000.0,1790000000.0,7625582000.0,15.0,11.75,470000000.0,2.876,1.0,1455000000.0,0.55,1284000000.0,0.0,421000000.0,438000000.0,70000000.0,0.0,0.0,0.0,1252000000.0,774000000.0,478000000.0,8207582000.0,5000000.0,-75000000.0,-424000000.0,-15000000.0,0.0,-388000000.0,-219000000.0,0.0,614000000.0,-2000000.0,383000000.0,383000000.0,383000000.0,0.0,0.0,0.145,939000000.0,516000000.0,105000000.0,0.0,4.585,21.43,21.745,156000000.0,0.0,50.23,3.104,3.104,514000000.0,1823000000.0,2644000000.0,2644000000.0,191000000.0,0.126,0.213,1.174,0.194,32000000.0,748000000.0,1.0,163400000.0,163400000,166300000.0,16.181,1758000000.0,24000000.0,131000000.0,86000000.0,10.759,719000000.0
33,TDC,MRT,2013-03-31,2013-03-31,2013-03-31,2021-08-06,17000000.0,3017000000.0,3012250000.0,1509000000.0,1508000000.0,0.876,10.599,-145000000.0,853000000.0,853000000.0,1181000000.0,387000000.0,1.927,0.721,271000000.0,0.0,271000000.0,271000000.0,489000000.0,130000000.0,0.0,0.0,0.0,527000000.0,657000000.0,0.249,657000000.0,527000000.0,527000000.0,2.31,2.26,2.31,1753000000.0,1786250000.0,1753000000.0,9245958000.0,18.0,14.073,481000000.0,2.908,1.0,1458000000.0,0.552,1273000000.0,0.0,379000000.0,427750000.0,65000000.0,0.0,0.0,0.0,1264000000.0,783000000.0,481000000.0,9700958000.0,-125000000.0,-274000000.0,-370000000.0,-15000000.0,0.0,-324000000.0,-419000000.0,0.0,626000000.0,-8000000.0,387000000.0,387000000.0,387000000.0,0.0,0.0,0.147,929000000.0,529000000.0,111000000.0,0.0,5.534,25.067,25.329,148000000.0,0.0,58.51,3.676,3.667,510000000.0,1715000000.0,2639000000.0,2639000000.0,187000000.0,0.128,0.217,1.232,0.2,22000000.0,742000000.0,1.0,165800000.0,165400000,168500000.0,15.955,1744000000.0,25000000.0,140000000.0,85000000.0,10.544,726000000.0
34,TDC,MRT,2012-12-31,2012-12-31,2012-12-31,2021-08-06,29000000.0,3066000000.0,2961000000.0,1534000000.0,1532000000.0,0.9,10.577,-148000000.0,729000000.0,729000000.0,1174000000.0,419000000.0,1.903,0.723,274000000.0,0.0,274000000.0,274000000.0,405000000.0,126000000.0,0.0,0.0,0.0,578000000.0,704000000.0,0.264,704000000.0,578000000.0,578000000.0,2.49,2.44,2.49,1779000000.0,1758000000.0,1779000000.0,9834599000.0,17.0,13.97,427000000.0,2.539,1.0,1491000000.0,0.559,1291000000.0,0.0,514000000.0,415750000.0,47000000.0,0.0,0.0,0.0,1287000000.0,806000000.0,481000000.0,10465599000.0,-43000000.0,-274000000.0,-277000000.0,-11000000.0,0.0,-196000000.0,-422000000.0,0.0,575000000.0,0.0,419000000.0,419000000.0,419000000.0,0.0,0.0,0.157,911000000.0,580000000.0,141000000.0,0.0,5.883,24.978,24.855,150000000.0,0.0,61.89,3.927,3.906,668000000.0,1656000000.0,2665000000.0,2665000000.0,183000000.0,0.142,0.238,1.39,0.217,6000000.0,728000000.0,1.0,169100000.0,168200000,171700000.0,15.844,1775000000.0,29000000.0,159000000.0,83000000.0,10.553,728000000.0
35,TDC,MRT,2012-09-30,2012-09-30,2012-09-30,2021-08-06,22000000.0,3051000000.0,2848500000.0,1553000000.0,1498000000.0,0.912,11.126,-132000000.0,909000000.0,909000000.0,1143000000.0,405000000.0,2.238,0.625,278000000.0,0.0,278000000.0,278000000.0,382000000.0,121000000.0,0.0,0.0,0.0,562000000.0,683000000.0,0.263,683000000.0,562000000.0,562000000.0,2.4,2.35,2.4,1878000000.0,1686750000.0,1878000000.0,12175126000.0,22.0,17.826,445000000.0,2.636,1.0,1455000000.0,0.56,1288000000.0,0.0,438000000.0,385750000.0,41000000.0,0.0,0.0,0.0,1173000000.0,694000000.0,479000000.0,12714126000.0,218000000.0,-239000000.0,-71000000.0,-8000000.0,0.0,12000000.0,-371000000.0,0.0,577000000.0,0.0,405000000.0,405000000.0,405000000.0,0.0,0.0,0.156,892000000.0,563000000.0,107000000.0,0.0,6.77,31.393,31.421,143000000.0,0.0,75.41,4.894,4.9,524000000.0,1544000000.0,2598000000.0,2598000000.0,189000000.0,0.142,0.24,1.457,0.216,4000000.0,703000000.0,1.0,168600000.0,168800000,172400000.0,15.391,1763000000.0,34000000.0,157000000.0,0.0,10.444,859000000.0
36,TDC,MRT,2012-06-30,2012-06-30,2012-06-30,2021-08-06,11000000.0,2915000000.0,2707250000.0,1440000000.0,1475000000.0,0.943,10.285,-119000000.0,821000000.0,821000000.0,1131000000.0,388000000.0,2.003,0.68,282000000.0,0.0,282000000.0,282000000.0,410000000.0,126000000.0,0.0,0.0,0.0,540000000.0,666000000.0,0.261,666000000.0,540000000.0,540000000.0,2.3,2.26,2.3,1735000000.0,1567500000.0,1735000000.0,11456087000.0,21.0,17.201,453000000.0,2.685,1.0,1422000000.0,0.557,1277000000.0,0.0,380000000.0,368750000.0,35000000.0,0.0,0.0,0.0,1180000000.0,719000000.0,461000000.0,12148087000.0,139000000.0,-241000000.0,-126000000.0,-4000000.0,0.0,-56000000.0,-360000000.0,0.0,572000000.0,-17000000.0,388000000.0,388000000.0,388000000.0,0.0,0.0,0.152,880000000.0,542000000.0,100000000.0,0.0,7.002,31.31,31.309,134000000.0,0.0,72.01,4.758,4.758,505000000.0,1440000000.0,2553000000.0,2553000000.0,188000000.0,0.143,0.248,1.464,0.212,10000000.0,692000000.0,1.0,168700000.0,168700000,172300000.0,15.133,1638000000.0,33000000.0,152000000.0,0.0,9.71,721000000.0
37,TDC,MRT,2012-03-31,2012-03-31,2012-03-31,2021-08-06,21000000.0,2812000000.0,2593750000.0,1614000000.0,1198000000.0,0.952,9.768,-113000000.0,978000000.0,978000000.0,1113000000.0,379000000.0,2.166,0.715,286000000.0,0.0,286000000.0,286000000.0,454000000.0,111000000.0,0.0,0.0,0.0,517000000.0,628000000.0,0.254,628000000.0,517000000.0,517000000.0,2.25,2.21,2.25,1640000000.0,1475000000.0,1640000000.0,10926310000.0,21.0,17.399,486000000.0,2.895,1.0,1356000000.0,0.549,1044000000.0,0.0,331000000.0,359500000.0,54000000.0,0.0,0.0,0.0,1172000000.0,745000000.0,427000000.0,11408310000.0,200000000.0,-223000000.0,-127000000.0,0.0,0.0,-58000000.0,-336000000.0,0.0,599000000.0,-5000000.0,379000000.0,379000000.0,379000000.0,0.0,0.0,0.154,864000000.0,492000000.0,97000000.0,0.0,6.956,30.101,30.289,122000000.0,0.0,68.15,4.621,4.634,499000000.0,1328000000.0,2469000000.0,2469000000.0,186000000.0,0.146,0.257,1.438,0.209,9000000.0,678000000.0,1.0,167400000.0,167900000,171600000.0,14.705,1768000000.0,16000000.0,138000000.0,0.0,10.53,869000000.0
38,TDC,MRT,2011-12-31,2011-12-31,2011-12-31,2021-08-06,16000000.0,2616000000.0,2480500000.0,1412000000.0,1204000000.0,0.952,8.888,-110000000.0,772000000.0,772000000.0,1069000000.0,353000000.0,2.032,0.751,290000000.0,0.0,290000000.0,290000000.0,363000000.0,102000000.0,0.0,0.0,0.0,481000000.0,583000000.0,0.247,583000000.0,481000000.0,481000000.0,2.1,2.05,2.1,1494000000.0,1383500000.0,1494000000.0,7722574000.0,16.0,13.246,403000000.0,2.397,1.0,1293000000.0,0.547,1045000000.0,0.0,394000000.0,389000000.0,61000000.0,0.0,0.0,0.0,1122000000.0,695000000.0,427000000.0,8120574000.0,-111000000.0,-722000000.0,-127000000.0,300000000.0,0.0,212000000.0,-832000000.0,0.0,513000000.0,-4000000.0,353000000.0,353000000.0,353000000.0,0.0,0.0,0.149,837000000.0,456000000.0,97000000.0,0.0,5.435,23.004,23.1,120000000.0,0.0,48.51,3.438,3.452,494000000.0,1237000000.0,2362000000.0,2362000000.0,174000000.0,0.142,0.255,1.237,0.204,21000000.0,663000000.0,1.0,167400000.0,168100000,171900000.0,14.051,1571000000.0,28000000.0,128000000.0,20000000.0,9.346,717000000.0
39,TDC,MRT,2011-09-30,2011-09-30,2011-09-30,2021-08-06,10000000.0,2486000000.0,2297250000.0,1261000000.0,1225000000.0,0.974,8.344,-108000000.0,691000000.0,691000000.0,1013000000.0,340000000.0,1.879,0.774,293000000.0,0.0,293000000.0,293000000.0,353000000.0,91000000.0,0.0,0.0,0.0,464000000.0,555000000.0,0.248,555000000.0,464000000.0,464000000.0,2.03,1.99,2.03,1401000000.0,1307250000.0,1401000000.0,8622099000.0,19.0,15.535,427000000.0,2.543,1.0,1224000000.0,0.547,1047000000.0,0.0,370000000.0,332250000.0,64000000.0,0.0,0.0,0.0,1085000000.0,671000000.0,414000000.0,9009099000.0,-50000000.0,-723000000.0,-95000000.0,300000000.0,0.0,251000000.0,-831000000.0,0.0,535000000.0,-5000000.0,340000000.0,340000000.0,340000000.0,0.0,0.0,0.152,784000000.0,440000000.0,96000000.0,0.0,6.43,26.497,26.369,119000000.0,0.0,53.53,4.027,4.018,441000000.0,1139000000.0,2237000000.0,2237000000.0,157000000.0,0.148,0.26,1.397,0.207,16000000.0,627000000.0,1.0,168300000.0,167900000,171700000.0,13.323,1439000000.0,48000000.0,124000000.0,0.0,8.571,590000000.0
40,TDC,MRT,2011-06-30,2011-06-30,2011-06-30,2021-08-06,18000000.0,2461000000.0,2114500000.0,1222000000.0,1239000000.0,1.004,8.091,-99000000.0,682000000.0,682000000.0,949000000.0,328000000.0,1.8,0.803,295000000.0,0.0,295000000.0,295000000.0,392000000.0,69000000.0,0.0,0.0,0.0,449000000.0,518000000.0,0.244,518000000.0,449000000.0,449000000.0,1.96,1.92,1.96,1365000000.0,1228000000.0,1365000000.0,9683760000.0,22.0,18.695,399000000.0,2.365,1.0,1175000000.0,0.553,1052000000.0,0.0,343000000.0,293250000.0,59000000.0,0.0,0.0,0.0,1096000000.0,679000000.0,417000000.0,10161760000.0,-42000000.0,-749000000.0,-55000000.0,300000000.0,0.0,297000000.0,-848000000.0,0.0,498000000.0,11000000.0,328000000.0,328000000.0,328000000.0,0.0,0.0,0.154,751000000.0,424000000.0,87000000.0,0.0,7.445,30.981,30.714,119000000.0,0.0,60.2,4.784,4.781,416000000.0,1052000000.0,2124000000.0,2124000000.0,154000000.0,0.155,0.267,1.531,0.211,15000000.0,597000000.0,1.0,168800000.0,168700000,172400000.0,12.59,1409000000.0,58000000.0,121000000.0,0.0,8.352,543000000.0
41,TDC,MRT,2011-03-31,2011-03-31,2011-03-31,2021-08-06,16000000.0,2359000000.0,1914750000.0,1367000000.0,992000000.0,1.051,7.565,-89000000.0,778000000.0,778000000.0,886000000.0,299000000.0,2.071,0.852,300000000.0,0.0,300000000.0,300000000.0,400000000.0,67000000.0,0.0,0.0,0.0,418000000.0,485000000.0,0.241,485000000.0,418000000.0,418000000.0,1.79,1.76,1.79,1274000000.0,1138250000.0,1274000000.0,7644740000.0,18.0,15.762,292000000.0,1.734,1.0,1127000000.0,0.56,772000000.0,0.0,449000000.0,244250000.0,66000000.0,0.0,0.0,0.0,1085000000.0,660000000.0,425000000.0,8527740000.0,66000000.0,-561000000.0,-17000000.0,300000000.0,0.0,329000000.0,-650000000.0,0.0,381000000.0,6000000.0,299000000.0,299000000.0,299000000.0,0.0,0.0,0.149,707000000.0,420000000.0,98000000.0,0.0,6.694,28.521,28.324,111000000.0,0.0,50.7,4.236,4.241,467000000.0,949000000.0,2013000000.0,2013000000.0,149000000.0,0.156,0.263,1.711,0.208,18000000.0,558000000.0,1.0,168200000.0,168400000,171800000.0,11.954,1587000000.0,62000000.0,119000000.0,0.0,9.424,707000000.0
42,TDC,MRT,2010-12-31,2010-12-31,2010-12-31,2021-08-06,12000000.0,1883000000.0,1719000000.0,1406000000.0,477000000.0,1.126,7.103,-83000000.0,883000000.0,883000000.0,848000000.0,301000000.0,2.471,0.584,0.0,0.0,0.0,0.0,263000000.0,60000000.0,0.0,0.0,0.0,414000000.0,474000000.0,0.245,474000000.0,414000000.0,414000000.0,1.8,1.77,1.8,1189000000.0,1049000000.0,1189000000.0,6153300000.0,15.0,12.982,330000000.0,1.971,1.0,1088000000.0,0.562,264000000.0,0.0,167000000.0,157750000.0,65000000.0,0.0,0.0,0.0,694000000.0,569000000.0,125000000.0,6894300000.0,222000000.0,-62000000.0,-88000000.0,0.0,0.0,-47000000.0,-145000000.0,0.0,413000000.0,1000000.0,301000000.0,301000000.0,301000000.0,0.0,0.0,0.155,673000000.0,415000000.0,102000000.0,0.0,5.798,22.905,22.867,105000000.0,0.0,41.16,3.561,3.559,402000000.0,884000000.0,1936000000.0,1936000000.0,147000000.0,0.175,0.287,2.624,0.214,16000000.0,526000000.0,1.0,167500000.0,167400000,170400000.0,11.565,1619000000.0,59000000.0,113000000.0,0.0,9.671,837000000.0
43,TDC,MRT,2010-09-30,2010-09-30,2010-09-30,2021-08-06,18000000.0,1755000000.0,1640500000.0,1272000000.0,483000000.0,1.148,6.483,-89000000.0,741000000.0,741000000.0,823000000.0,300000000.0,2.313,0.619,0.0,0.0,0.0,0.0,265000000.0,60000000.0,0.0,0.0,0.0,404000000.0,464000000.0,0.246,464000000.0,404000000.0,404000000.0,1.78,1.75,1.78,1084000000.0,979250000.0,1084000000.0,5727088000.0,14.0,12.343,267000000.0,1.597,1.0,1061000000.0,0.563,250000000.0,0.0,214000000.0,154500000.0,65000000.0,0.0,0.0,0.0,671000000.0,550000000.0,121000000.0,6451088000.0,37000000.0,-76000000.0,-191000000.0,0.0,0.0,-153000000.0,-165000000.0,0.0,356000000.0,-1000000.0,300000000.0,300000000.0,300000000.0,0.0,0.0,0.159,657000000.0,404000000.0,88000000.0,0.0,5.951,21.504,21.663,103000000.0,0.0,38.56,3.424,3.422,411000000.0,800000000.0,1884000000.0,1884000000.0,142000000.0,0.183,0.306,2.615,0.214,18000000.0,515000000.0,1.0,167300000.0,167200000,170100000.0,11.268,1505000000.0,69000000.0,104000000.0,0.0,9.001,722000000.0
44,TDC,MRT,2010-06-30,2010-06-30,2010-06-30,2021-08-06,15000000.0,1662000000.0,1586500000.0,1208000000.0,454000000.0,1.147,6.024,-92000000.0,724000000.0,724000000.0,811000000.0,288000000.0,2.225,0.652,0.0,0.0,0.0,0.0,307000000.0,64000000.0,0.0,0.0,0.0,382000000.0,446000000.0,0.245,446000000.0,382000000.0,382000000.0,1.7,1.67,1.7,1006000000.0,937000000.0,1006000000.0,4375112000.0,11.0,9.81,295000000.0,1.766,1.0,1009000000.0,0.554,248000000.0,0.0,147000000.0,129750000.0,46000000.0,0.0,0.0,0.0,656000000.0,543000000.0,113000000.0,5087112000.0,86000000.0,-47000000.0,-195000000.0,0.0,0.0,-160000000.0,-139000000.0,0.0,387000000.0,-2000000.0,288000000.0,288000000.0,288000000.0,0.0,0.0,0.158,623000000.0,386000000.0,82000000.0,0.0,5.057,17.664,17.929,101000000.0,0.0,30.48,2.795,2.797,381000000.0,725000000.0,1820000000.0,1820000000.0,128000000.0,0.182,0.307,2.944,0.21,17000000.0,495000000.0,1.0,166900000.0,167000000,169800000.0,10.898,1414000000.0,74000000.0,94000000.0,0.0,8.467,665000000.0
45,TDC,MRT,2010-03-31,2010-03-31,2010-03-31,2021-08-06,15000000.0,1576000000.0,1547000000.0,1160000000.0,416000000.0,1.145,5.465,-89000000.0,712000000.0,712000000.0,797000000.0,276000000.0,2.136,0.719,0.0,0.0,0.0,0.0,326000000.0,63000000.0,0.0,0.0,0.0,360000000.0,423000000.0,0.239,423000000.0,360000000.0,360000000.0,1.62,1.59,1.62,917000000.0,900000000.0,917000000.0,4206965000.0,12.0,9.946,339000000.0,2.02,1.0,974000000.0,0.55,218000000.0,0.0,103000000.0,124500000.0,56000000.0,0.0,0.0,0.0,659000000.0,543000000.0,116000000.0,4867965000.0,206000000.0,-9000000.0,-225000000.0,0.0,0.0,-192000000.0,-37000000.0,65000000.0,428000000.0,7000000.0,276000000.0,276000000.0,276000000.0,0.0,0.0,0.156,610000000.0,364000000.0,81000000.0,0.0,5.309,17.638,17.833,96000000.0,0.0,28.89,2.749,2.737,334000000.0,650000000.0,1771000000.0,1771000000.0,119000000.0,0.178,0.307,2.892,0.203,17000000.0,491000000.0,1.0,168500000.0,167800000,170500000.0,10.554,1358000000.0,75000000.0,84000000.0,0.0,8.093,617000000.0
46,TDC,MRT,2009-12-31,2009-12-31,2009-12-31,2021-08-06,14000000.0,1569000000.0,1517750000.0,1152000000.0,417000000.0,1.126,5.294,-88000000.0,661000000.0,661000000.0,771000000.0,254000000.0,2.122,0.724,0.0,0.0,0.0,0.0,256000000.0,63000000.0,0.0,0.0,0.0,334000000.0,397000000.0,0.232,397000000.0,334000000.0,334000000.0,1.48,1.46,1.48,910000000.0,874000000.0,910000000.0,4676816000.0,14.0,11.78,367000000.0,2.135,1.0,938000000.0,0.549,211000000.0,0.0,154000000.0,154750000.0,47000000.0,0.0,0.0,0.0,659000000.0,543000000.0,116000000.0,5380816000.0,259000000.0,-9000000.0,-174000000.0,0.0,0.0,-144000000.0,-57000000.0,40000000.0,455000000.0,5000000.0,254000000.0,254000000.0,254000000.0,0.0,0.0,0.149,600000000.0,338000000.0,102000000.0,0.0,5.913,21.184,21.236,95000000.0,0.0,31.43,3.149,3.161,387000000.0,583000000.0,1709000000.0,1709000000.0,117000000.0,0.167,0.291,2.158,0.195,18000000.0,483000000.0,1.0,171200000.0,171900000,173900000.0,9.942,1358000000.0,84000000.0,80000000.0,0.0,7.9,609000000.0
47,TDC,MRT,2009-09-30,2009-09-30,2009-09-30,2021-08-06,18000000.0,1539000000.0,1483000000.0,1147000000.0,392000000.0,1.15,5.329,-74000000.0,704000000.0,704000000.0,777000000.0,249000000.0,2.236,0.682,0.0,0.0,0.0,0.0,265000000.0,59000000.0,0.0,0.0,0.0,331000000.0,390000000.0,0.229,390000000.0,331000000.0,331000000.0,1.44,1.43,1.44,915000000.0,840750000.0,915000000.0,4089936000.0,12.0,10.487,408000000.0,2.376,1.0,929000000.0,0.545,207000000.0,0.0,115000000.0,190750000.0,46000000.0,0.0,0.0,0.0,624000000.0,513000000.0,111000000.0,4727936000.0,376000000.0,5000000.0,-110000000.0,0.0,0.0,-92000000.0,-19000000.0,50000000.0,482000000.0,5000000.0,249000000.0,249000000.0,249000000.0,0.0,0.0,0.146,595000000.0,334000000.0,81000000.0,0.0,5.167,18.988,19.111,90000000.0,0.0,27.52,2.771,2.77,326000000.0,499000000.0,1706000000.0,1706000000.0,113000000.0,0.168,0.296,1.735,0.194,21000000.0,482000000.0,1.0,171800000.0,171700000,174100000.0,9.936,1332000000.0,81000000.0,82000000.0,0.0,7.758,634000000.0
48,TDC,MRT,2009-06-30,2009-06-30,2009-06-30,2021-08-06,15000000.0,1504000000.0,1422250000.0,1098000000.0,406000000.0,1.209,4.98,-68000000.0,638000000.0,638000000.0,781000000.0,246000000.0,2.037,0.753,0.0,0.0,0.0,0.0,302000000.0,54000000.0,0.0,0.0,0.0,332000000.0,386000000.0,0.224,386000000.0,332000000.0,332000000.0,1.41,1.4,1.41,858000000.0,790500000.0,858000000.0,3540361000.0,11.0,9.172,412000000.0,2.391,1.0,939000000.0,0.546,201000000.0,0.0,126000000.0,234500000.0,45000000.0,0.0,0.0,0.0,646000000.0,539000000.0,107000000.0,4046361000.0,321000000.0,3000000.0,-154000000.0,0.0,0.0,-141000000.0,-13000000.0,50000000.0,480000000.0,-5000000.0,246000000.0,246000000.0,246000000.0,0.0,0.0,0.143,607000000.0,332000000.0,81000000.0,0.0,4.716,16.449,16.617,91000000.0,0.0,23.43,2.353,2.347,342000000.0,437000000.0,1720000000.0,1720000000.0,115000000.0,0.173,0.311,1.416,0.193,21000000.0,492000000.0,1.0,172700000.0,172300000,173900000.0,9.983,1303000000.0,92000000.0,86000000.0,0.0,7.562,559000000.0
49,TDC,MRT,2009-03-31,2009-03-31,2009-03-31,2021-08-06,15000000.0,1459000000.0,1384250000.0,1049000000.0,410000000.0,1.267,4.691,-71000000.0,506000000.0,506000000.0,799000000.0,253000000.0,1.953,0.795,0.0,0.0,0.0,0.0,321000000.0,57000000.0,0.0,0.0,0.0,342000000.0,399000000.0,0.227,399000000.0,342000000.0,342000000.0,1.43,1.42,1.43,813000000.0,748750000.0,813000000.0,2413792000.0,7.0,6.05,391000000.0,2.256,1.0,955000000.0,0.544,192000000.0,0.0,224000000.0,276250000.0,52000000.0,65000000.0,65000000.0,0.0,646000000.0,537000000.0,109000000.0,2815792000.0,167000000.0,-3000000.0,-158000000.0,0.0,0.0,-148000000.0,-135000000.0,-65000000.0,462000000.0,-12000000.0,253000000.0,253000000.0,253000000.0,0.0,0.0,0.144,615000000.0,340000000.0,80000000.0,0.0,3.463,11.13,11.343,91000000.0,0.0,16.22,1.605,1.603,359000000.0,374000000.0,1754000000.0,1754000000.0,113000000.0,0.183,0.338,1.238,0.195,21000000.0,502000000.0,1.0,173600000.0,173300000,174300000.0,10.121,1267000000.0,100000000.0,89000000.0,0.0,7.311,512000000.0
50,TDC,MRT,2008-12-31,2008-12-31,2008-12-31,2021-08-06,11000000.0,1430000000.0,1345000000.0,1015000000.0,415000000.0,1.31,4.363,-71000000.0,402000000.0,402000000.0,813000000.0,250000000.0,1.88,0.84,0.0,0.0,0.0,0.0,255000000.0,60000000.0,0.0,0.0,0.0,338000000.0,398000000.0,0.226,398000000.0,338000000.0,338000000.0,1.4,1.39,1.4,777000000.0,706750000.0,777000000.0,2282080000.0,7.0,5.734,369000000.0,2.072,1.0,949000000.0,0.539,190000000.0,0.0,298000000.0,278750000.0,44000000.0,40000000.0,40000000.0,0.0,653000000.0,540000000.0,113000000.0,2610080000.0,132000000.0,-25000000.0,-176000000.0,0.0,0.0,-167000000.0,-136000000.0,-40000000.0,440000000.0,-5000000.0,250000000.0,250000000.0,250000000.0,0.0,0.0,0.142,616000000.0,333000000.0,99000000.0,0.0,3.359,10.44,10.593,88000000.0,0.0,14.83,1.481,1.499,451000000.0,329000000.0,1762000000.0,1762000000.0,108000000.0,0.186,0.354,1.213,0.192,20000000.0,508000000.0,1.0,176000000.0,178100000,179800000.0,9.893,1240000000.0,109000000.0,88000000.0,0.0,6.962,475000000.0
51,TDC,MRT,2008-09-30,2008-09-30,2008-09-30,2021-08-06,4000000.0,1296000000.0,1311000000.0,858000000.0,438000000.0,1.323,4.023,-89000000.0,328000000.0,328000000.0,794000000.0,250000000.0,1.74,0.815,0.0,0.0,0.0,0.0,237000000.0,64000000.0,0.0,0.0,0.0,333000000.0,397000000.0,0.229,397000000.0,333000000.0,333000000.0,1.39,1.37,1.39,714000000.0,670250000.0,714000000.0,3163750000.0,10.0,7.969,331000000.0,1.865,1.0,941000000.0,0.542,185000000.0,0.0,290000000.0,279500000.0,42000000.0,50000000.0,50000000.0,0.0,582000000.0,493000000.0,89000000.0,3480750000.0,132000000.0,-29000000.0,-137000000.0,0.0,0.0,-124000000.0,-163000000.0,-50000000.0,420000000.0,-1000000.0,250000000.0,250000000.0,250000000.0,0.0,0.0,0.144,614000000.0,327000000.0,77000000.0,0.0,4.875,13.923,14.029,89000000.0,0.0,19.5,2.006,1.995,380000000.0,250000000.0,1735000000.0,1735000000.0,112000000.0,0.191,0.373,1.191,0.192,19000000.0,502000000.0,1.0,178500000.0,177500000,179400000.0,9.775,1111000000.0,129000000.0,83000000.0,0.0,6.259,365000000.0
52,TDC,MRT,2008-06-30,2008-06-30,2008-06-30,2021-08-06,-4000000.0,1352000000.0,1255750000.0,909000000.0,443000000.0,1.382,3.854,-92000000.0,317000000.0,317000000.0,802000000.0,219000000.0,1.617,0.957,0.0,0.0,0.0,0.0,283000000.0,68000000.0,0.0,0.0,0.0,314000000.0,382000000.0,0.22,382000000.0,314000000.0,314000000.0,1.21,1.2,1.21,691000000.0,626750000.0,691000000.0,3819258000.0,12.0,9.998,328000000.0,1.829,1.0,933000000.0,0.538,180000000.0,0.0,293000000.0,278750000.0,42000000.0,50000000.0,50000000.0,0.0,661000000.0,562000000.0,99000000.0,4158258000.0,317000000.0,-26000000.0,-72000000.0,0.0,0.0,63000000.0,-170000000.0,-50000000.0,420000000.0,4000000.0,219000000.0,219000000.0,219000000.0,0.0,0.0,0.126,626000000.0,307000000.0,94000000.0,0.0,6.018,18.987,19.124,94000000.0,0.0,23.14,2.397,2.391,445000000.0,190000000.0,1735000000.0,1735000000.0,119000000.0,0.174,0.349,1.126,0.181,18000000.0,507000000.0,1.0,179700000.0,179300000,181200000.0,9.677,1172000000.0,130000000.0,95000000.0,0.0,6.537,347000000.0
53,TDC,MRT,2008-03-31,2008-03-31,2008-03-31,2021-08-06,-3000000.0,1302000000.0,1166000000.0,854000000.0,448000000.0,1.467,3.575,-96000000.0,339000000.0,339000000.0,796000000.0,199000000.0,1.542,1.019,0.0,0.0,0.0,0.0,300000000.0,69000000.0,0.0,0.0,0.0,308000000.0,377000000.0,0.22,377000000.0,308000000.0,308000000.0,1.1,1.09,1.1,645000000.0,591000000.0,645000000.0,3691976000.0,12.0,9.793,332000000.0,1.84,1.0,914000000.0,0.535,175000000.0,0.0,234000000.0,313250000.0,48000000.0,0.0,0.0,0.0,657000000.0,554000000.0,103000000.0,3961976000.0,339000000.0,-31000000.0,-38000000.0,0.0,0.0,33000000.0,-127000000.0,0.0,428000000.0,5000000.0,199000000.0,199000000.0,199000000.0,0.0,0.0,0.116,611000000.0,303000000.0,98000000.0,0.0,6.143,19.909,20.055,93000000.0,0.0,22.06,2.317,2.327,417000000.0,121000000.0,1710000000.0,1710000000.0,124000000.0,0.171,0.337,0.983,0.18,17000000.0,487000000.0,1.0,179600000.0,180400000,182300000.0,9.479,1127000000.0,142000000.0,109000000.0,0.0,6.247,300000000.0
54,TDC,MRT,2007-12-31,2007-12-31,2007-12-31,2021-08-06,-5000000.0,1294000000.0,1090000000.0,873000000.0,421000000.0,1.561,3.49,-95000000.0,270000000.0,270000000.0,786000000.0,200000000.0,1.526,1.051,0.0,0.0,0.0,0.0,246000000.0,68000000.0,0.0,0.0,0.0,322000000.0,390000000.0,0.229,390000000.0,322000000.0,322000000.0,1.11,1.1,1.11,631000000.0,568500000.0,631000000.0,4765210000.0,15.0,12.218,292000000.0,1.615,1.0,916000000.0,0.538,151000000.0,0.0,301000000.0,364000000.0,51000000.0,0.0,0.0,0.0,663000000.0,572000000.0,91000000.0,4961210000.0,270000000.0,-9000000.0,0.0,0.0,0.0,-14000000.0,-104000000.0,0.0,387000000.0,1000000.0,200000000.0,200000000.0,200000000.0,0.0,0.0,0.118,596000000.0,320000000.0,120000000.0,0.0,7.862,24.806,24.694,94000000.0,0.0,27.41,2.915,2.912,507000000.0,79000000.0,1702000000.0,1702000000.0,126000000.0,0.183,0.352,0.885,0.189,16000000.0,470000000.0,1.0,181000000.0,180800000,181300000.0,9.414,1143000000.0,140000000.0,122000000.0,0.0,6.322,301000000.0
55,TDC,MRT,2007-09-30,2007-09-30,2007-09-30,2021-08-06,-13000000.0,1075000000.0,1017250000.0,673000000.0,402000000.0,1.66,2.988,-82000000.0,196000000.0,196000000.0,793000000.0,183000000.0,1.492,0.991,0.0,0.0,0.0,0.0,236000000.0,65000000.0,0.0,,0.0,320000000.0,385000000.0,0.228,385000000.0,320000000.0,320000000.0,1.01,1.01,1.01,540000000.0,558500000.0,540000000.0,,,,260000000.0,1.439,1.0,896000000.0,0.53,141000000.0,0.0,287000000.0,404000000.0,39000000.0,0.0,0.0,0.0,535000000.0,451000000.0,84000000.0,,196000000.0,-25000000.0,0.0,0.0,0.0,-47000000.0,-99000000.0,0.0,342000000.0,0.0,183000000.0,183000000.0,183000000.0,0.0,0.0,0.108,576000000.0,320000000.0,75000000.0,0.0,,,,75000000.0,0.0,,,,394000000.0,0.0,1689000000.0,1689000000.0,122000000.0,0.18,0.328,0.792,0.189,12000000.0,454000000.0,1.0,181000000.0,180700000,180700000.0,9.347,934000000.0,140000000.0,137000000.0,0.0,5.169,222000000.0
56,TDC,MRT,2007-06-30,2007-06-30,2007-06-30,2021-08-06,20000000.0,993000000.0,,492000000.0,501000000.0,,3.033,-82000000.0,0.0,0.0,759000000.0,197000000.0,1.169,0.812,0.0,0.0,0.0,0.0,244000000.0,61000000.0,0.0,,0.0,322000000.0,383000000.0,0.236,383000000.0,322000000.0,322000000.0,1.09,1.09,1.09,548000000.0,,548000000.0,,,,199000000.0,1.101,1.0,866000000.0,0.533,141000000.0,0.0,431000000.0,,35000000.0,0.0,0.0,0.0,445000000.0,421000000.0,24000000.0,,0.0,-26000000.0,0.0,0.0,0.0,-186000000.0,-95000000.0,0.0,281000000.0,0.0,197000000.0,197000000.0,197000000.0,0.0,0.0,0.121,544000000.0,322000000.0,62000000.0,0.0,,,,69000000.0,0.0,,,,378000000.0,,1625000000.0,1625000000.0,114000000.0,,,,0.198,11000000.0,430000000.0,1.0,181000000.0,180700000,180700000.0,8.993,852000000.0,242000000.0,125000000.0,24000000.0,4.715,71000000.0
57,TDC,MRT,2007-03-31,2007-03-31,2007-03-31,2021-08-06,19000000.0,998000000.0,,500000000.0,498000000.0,,3.071,-71000000.0,0.0,0.0,746000000.0,198000000.0,1.193,0.798,0.0,0.0,0.0,0.0,253000000.0,58000000.0,0.0,,0.0,314000000.0,372000000.0,0.234,372000000.0,314000000.0,314000000.0,1.09,1.1,1.09,555000000.0,,555000000.0,,,,169000000.0,0.935,1.0,845000000.0,0.531,142000000.0,0.0,437000000.0,,39000000.0,0.0,0.0,0.0,443000000.0,419000000.0,24000000.0,,0.0,-21000000.0,0.0,0.0,0.0,-150000000.0,-90000000.0,0.0,240000000.0,0.0,198000000.0,198000000.0,198000000.0,0.0,0.0,0.124,531000000.0,314000000.0,54000000.0,0.0,,,,66000000.0,0.0,,,,375000000.0,,1591000000.0,1591000000.0,111000000.0,,,,0.197,10000000.0,420000000.0,1.0,181000000.0,180700000,180700000.0,8.805,856000000.0,253000000.0,116000000.0,24000000.0,4.737,81000000.0
58,TDC,MRT,2006-12-31,2006-12-31,2006-12-31,2021-08-06,18000000.0,1003000000.0,957000000.0,502000000.0,501000000.0,1.617,3.271,-66000000.0,0.0,0.0,718000000.0,192000000.0,1.277,0.697,0.0,0.0,0.0,0.0,194000000.0,55000000.0,0.0,,0.0,302000000.0,357000000.0,0.231,357000000.0,302000000.0,302000000.0,1.06,1.06,1.06,591000000.0,554000000.0,591000000.0,,,,153000000.0,0.847,1.0,829000000.0,0.536,149000000.0,0.0,461000000.0,438000000.0,39000000.0,0.0,0.0,0.0,412000000.0,393000000.0,19000000.0,,0.0,-21000000.0,0.0,0.0,0.0,-130000000.0,-89000000.0,0.0,219000000.0,0.0,192000000.0,192000000.0,192000000.0,0.0,0.0,0.124,527000000.0,302000000.0,67000000.0,0.0,,,,64000000.0,0.0,,,,379000000.0,0.0,1547000000.0,1547000000.0,117000000.0,0.201,0.347,0.689,0.195,9000000.0,410000000.0,1.0,181000000.0,180700000,180700000.0,8.561,854000000.0,265000000.0,110000000.0,0.0,4.726,109000000.0
59,TDC,MRT,2006-09-30,2006-09-30,2006-09-30,2021-08-06,,,,,,,,,,,,,,,,,,,,,,,0.0,,,,,,,,,,,,,,,,,,1.0,,,,,,,,,,,,,,,,,,,,,,,,,,,,,,,,,,,,,,,,,,,,,,,,,,,,,,1.0,,180700000,,,,,,,,
60,TDC,MRT,2006-06-30,2006-06-30,2006-06-30,2021-08-06,,,,,,,,,,,,,,,,,,,,,,,0.0,,,,,,,,,,,,,,,,,,1.0,,,,,,,,,,,,,,,,,,,,,,,,,,,,,,,,,,,,,,,,,,,,,,,,,,,,,,1.0,,180100000,,,,,,,,
61,TDC,MRT,2006-03-31,2006-03-31,2006-03-31,2021-08-06,,,,,,,,,,,,,,,,,,,,,,,0.0,,,,,,,,,,,,,,,,,,1.0,,,,,,,,,,,,,,,,,,,,,,,,,,,,,,,,,,,,,,,,,,,,,,,,,,,,,,1.0,,179300000,,,,,,,,
62,TDC,MRT,2005-12-31,2005-12-31,2005-12-31,2021-08-06,15000000.0,911000000.0,,444000000.0,467000000.0,,2.861,-55000000.0,0.0,0.0,672000000.0,206000000.0,1.2,0.762,0.0,0.0,0.0,0.0,180000000.0,55000000.0,0.0,,0.0,284000000.0,339000000.0,0.231,339000000.0,284000000.0,284000000.0,1.14,1.14,1.14,517000000.0,,517000000.0,,,,137000000.0,0.758,1.0,795000000.0,0.542,126000000.0,0.0,415000000.0,,29000000.0,0.0,0.0,0.0,394000000.0,370000000.0,24000000.0,,0.0,0.0,0.0,0.0,0.0,-129000000.0,-63000000.0,0.0,192000000.0,0.0,206000000.0,206000000.0,206000000.0,0.0,0.0,0.14,511000000.0,284000000.0,63000000.0,0.0,,,,60000000.0,0.0,,,,350000000.0,,1467000000.0,1467000000.0,120000000.0,,,,0.194,1000000.0,391000000.0,1.0,,180700000,180700000.0,8.118,785000000.0,263000000.0,78000000.0,23000000.0,4.344,74000000.0
63,TDC,MRT,2004-12-31,2004-12-31,2004-12-31,2021-08-06,,,,,,,,-57000000.0,,,641000000.0,138000000.0,,,,,,,,48000000.0,,,0.0,199000000.0,247000000.0,0.183,247000000.0,199000000.0,199000000.0,0.77,0.76,0.77,,,,,,,124000000.0,0.69,1.0,708000000.0,0.525,,0.0,,,,,,,,,,,0.0,0.0,0.0,0.0,0.0,-124000000.0,-57000000.0,0.0,181000000.0,0.0,138000000.0,138000000.0,138000000.0,0.0,0.0,0.102,509000000.0,199000000.0,,0.0,,,,,0.0,,,,,,1349000000.0,1349000000.0,118000000.0,,,,0.148,1000000.0,391000000.0,1.0,,179700000,181100000.0,7.507,,,61000000.0,,,
