None,ticker,dimension,calendardate,datekey,reportperiod,lastupdated,accoci,assets,assetsavg,assetsc,assetsnc,assetturnover,bvps,capex,cashneq,cashnequsd,cor,consolinc,currentratio,de,debt,debtc,debtnc,debtusd,deferredrev,depamor,deposits,divyield,dps,ebit,ebitda,ebitdamargin,ebitdausd,ebitusd,ebt,eps,epsdil,epsusd,equity,equityavg,equityusd,ev,evebit,evebitda,fcf,fcfps,fxusd,gp,grossmargin,intangibles,intexp,invcap,invcapavg,inventory,investments,investmentsc,investmentsnc,liabilities,liabilitiesc,liabilitiesnc,marketcap,ncf,ncfbus,ncfcommon,ncfdebt,ncfdiv,ncff,ncfi,ncfinv,ncfo,ncfx,netinc,netinccmn,netinccmnusd,netincdis,netincnci,netmargin,opex,opinc,payables,payoutratio,pb,pe,pe1,ppnenet,prefdivis,price,ps,ps1,receivables,retearn,revenue,revenueusd,rnd,roa,roe,roic,ros,sbcomp,sgna,sharefactor,sharesbas,shareswa,shareswadil,sps,tangibles,taxassets,taxexp,taxliabilities,tbvps,workingcapital
0,HBI,MRY,2020-12-31,2021-01-02,2021-01-02,2021-08-06,-566959000.0,7719867000.0,7992739250.0,3429380000.0,4290487000.0,0.834,2.337,-53064000.0,900615000.0,900615000.0,4816086000.0,-75579000.0,1.614,8.484,4471457000.0,400446000.0,4071011000.0,4471457000.0,0.0,107728000.0,0.0,0.041,0.6,-16631000.0,91097000.0,0.014,91097000.0,-16631000.0,-183122000.0,-0.21,-0.21,-0.21,813958000.0,979095500.0,813958000.0,8828866261.0,-531.0,96.917,395405000.0,1.135,1.0,1848264000.0,0.277,2452785000.0,166491000.0,6713563000.0,7298435250.0,1367758000.0,0.0,0.0,0.0,6905909000.0,2124361000.0,4781548000.0,5078565261.0,580680000.0,0.0,-200269000.0,557306000.0,-210385000.0,142169000.0,-41082000.0,0.0,448469000.0,31124000.0,-75579000.0,-75579000.0,-75579000.0,0.0,0.0,-0.011,1841763000.0,6501000.0,891868000.0,-2.857,6.239,-67.195,-69.429,910452000.0,0.0,14.58,0.762,0.762,768221000.0,1069546000.0,6664350000.0,6664350000.0,0.0,-0.009,-0.077,-0.002,-0.002,18969000.0,1841763000.0,1.0,348324092.0,348324092.0,,19.133,5267082000.0,367976000.0,-107543000.0,0.0,15.121,1305019000.0
1,HBI,MRY,2019-12-31,2019-12-28,2019-12-28,2021-08-06,-617648000.0,7353986000.0,7687003500.0,3224565000.0,4129421000.0,0.906,3.419,-96200000.0,328876000.0,328876000.0,4247593000.0,600720000.0,1.82,4.947,3896400000.0,281249000.0,3615151000.0,3896400000.0,0.0,106099000.0,0.0,0.04,0.6,858306000.0,964405000.0,0.138,964405000.0,858306000.0,679727000.0,1.65,1.64,1.65,1236595000.0,1078266250.0,1236595000.0,9388461393.0,11.0,9.735,707232000.0,1.955,1.0,2719330000.0,0.39,2756511000.0,178579000.0,6393560000.0,6938121250.0,1905845000.0,0.0,0.0,0.0,6117391000.0,1771439000.0,4345952000.0,5363968393.0,-125809000.0,-25232000.0,0.0,-599730000.0,-216958000.0,-824010000.0,-109660000.0,0.0,803432000.0,4429000.0,600720000.0,600720000.0,600720000.0,0.0,0.0,0.086,1829600000.0,889730000.0,959006000.0,0.364,4.338,8.929,8.988,1075683000.0,0.0,14.83,0.77,0.77,815210000.0,1546224000.0,6966923000.0,6966923000.0,0.0,0.078,0.557,0.124,0.123,9277000.0,1829600000.0,1.0,361697127.0,361697127.0,,19.262,4597475000.0,203331000.0,79007000.0,0.0,12.711,1453126000.0
2,HBI,MRY,2018-12-31,2018-12-29,2018-12-29,2021-08-06,-495867000.0,7238240000.0,7362351750.0,3542115000.0,3696125000.0,0.924,2.418,-83736000.0,433022000.0,433022000.0,4150736000.0,539666000.0,1.731,7.3,3980591000.0,446408000.0,3534183000.0,3980591000.0,0.0,106126000.0,0.0,0.049,0.6,838256000.0,944382000.0,0.139,944382000.0,838256000.0,643581000.0,1.48,1.48,1.48,872126000.0,803900000.0,872126000.0,8382662698.0,10.0,8.876,559666000.0,1.551,1.0,2653219000.0,0.39,2797108000.0,194675000.0,5942763000.0,6559160250.0,2056838000.0,0.0,0.0,0.0,6366114000.0,2045938000.0,4320176000.0,4397331698.0,34166000.0,-334915000.0,0.0,34158000.0,-216316000.0,-200497000.0,-418651000.0,0.0,643402000.0,9912000.0,539666000.0,539666000.0,539666000.0,0.0,0.0,0.079,1788568000.0,864651000.0,1029933000.0,0.405,5.042,8.148,8.236,607688000.0,0.0,12.19,0.646,0.646,870878000.0,1079503000.0,6803955000.0,6803955000.0,0.0,0.073,0.671,0.128,0.123,21416000.0,1788568000.0,1.0,360732707.0,360732707.0,,18.861,4441132000.0,207449000.0,103915000.0,0.0,12.311,1496177000.0
3,HBI,MRY,2017-12-31,2017-12-30,2017-12-30,2021-08-06,-439206000.0,6894775000.0,7117099250.0,3386370000.0,3508405000.0,0.909,1.882,-82549000.0,421566000.0,421566000.0,3981959000.0,73881000.0,1.904,9.048,3963516000.0,261462000.0,3702054000.0,3963516000.0,0.0,97435000.0,0.0,0.029,0.6,701433000.0,798868000.0,0.123,798868000.0,701433000.0,526998000.0,0.2,0.2,0.2,686202000.0,988438750.0,686202000.0,11219316225.0,16.0,14.044,573169000.0,1.572,1.0,2489451000.0,0.385,2569864000.0,174435000.0,6088116000.0,6460702750.0,1874990000.0,0.0,0.0,0.0,6208573000.0,1778745000.0,4429828000.0,7623455225.0,-38679000.0,-21964000.0,-400017000.0,90952000.0,-219903000.0,-585768000.0,-104513000.0,0.0,655718000.0,-4116000.0,73881000.0,73881000.0,73881000.0,2097000.0,0.0,0.011,1725424000.0,764027000.0,867649000.0,3.0,11.11,103.186,104.55,623991000.0,0.0,20.91,1.178,1.178,903318000.0,850345000.0,6471410000.0,6471410000.0,0.0,0.01,0.075,0.109,0.108,23582000.0,1725424000.0,1.0,364584181.0,364584181.0,,17.75,4324911000.0,234932000.0,453117000.0,137226000.0,11.863,1607625000.0
4,HBI,MRY,2016-12-31,2016-12-31,2016-12-31,2021-08-06,-435991000.0,6930480000.0,6667881250.0,3321166000.0,3609314000.0,0.904,3.238,-2566000.0,460245000.0,460245000.0,3752151000.0,539382000.0,2.043,4.663,3742445000.0,234760000.0,3507685000.0,3742445000.0,0.0,103175000.0,0.0,0.02,0.44,726346000.0,829521000.0,0.138,829521000.0,726346000.0,573654000.0,1.41,1.4,1.41,1223914000.0,1103043000.0,1223914000.0,11830554533.0,16.0,14.262,603041000.0,1.596,1.0,2276048000.0,0.378,2383998000.0,152692000.0,6203014000.0,6294575500.0,1840565000.0,0.0,0.0,0.0,5706566000.0,1625668000.0,4080898000.0,8152277533.0,141076000.0,-964075000.0,-379901000.0,1073213000.0,-167375000.0,511054000.0,-966641000.0,0.0,605607000.0,-8944000.0,539382000.0,539382000.0,539382000.0,-2455000.0,0.0,0.089,1485997000.0,790051000.0,761647000.0,0.312,6.661,15.114,15.298,692464000.0,0.0,21.57,1.352,1.352,836924000.0,1396116000.0,6028199000.0,6028199000.0,0.0,0.081,0.489,0.115,0.12,31780000.0,1485997000.0,1.0,377945180.0,377945180.0,,15.95,4546482000.0,464872000.0,34272000.0,0.0,12.029,1695498000.0
5,HBI,MRY,2015-12-31,2016-01-02,2016-01-02,2021-08-06,-394933000.0,5597590000.0,5674324250.0,2917867000.0,2679723000.0,1.01,3.256,-83971000.0,319169000.0,319169000.0,3595217000.0,428855000.0,1.94,3.387,2603316000.0,370604000.0,2232712000.0,2603316000.0,0.0,103903000.0,0.0,0.014,0.4,591908000.0,695811000.0,0.121,695811000.0,591908000.0,473873000.0,1.07,1.06,1.07,1275891000.0,1345297750.0,1275891000.0,14026075011.0,24.0,20.158,143036000.0,0.365,1.0,2136332000.0,0.373,1534830000.0,118035000.0,4842998000.0,4949071250.0,1814602000.0,0.0,0.0,0.0,4321699000.0,1503909000.0,2817790000.0,11531309011.0,79314000.0,-192829000.0,-351495000.0,674380000.0,-161316000.0,132982000.0,-276800000.0,0.0,227007000.0,-3875000.0,428855000.0,428855000.0,428855000.0,0.0,0.0,0.075,1541214000.0,595118000.0,672972000.0,0.374,9.038,26.889,27.505,650462000.0,0.0,29.43,2.012,2.012,680417000.0,1389338000.0,5731549000.0,5731549000.0,0.0,0.076,0.319,0.12,0.103,29618000.0,1541214000.0,1.0,391821577.0,391821577.0,,14.628,4062760000.0,445179000.0,45018000.0,0.0,10.369,1413958000.0
6,HBI,MRY,2014-12-31,2015-01-03,2015-01-03,2021-08-06,-372589000.0,5208193000.0,4860156000.0,2550167000.0,2658026000.0,1.096,3.471,-57191000.0,239855000.0,239855000.0,3420339000.0,404519000.0,1.72,2.756,1983752000.0,369755000.0,1613997000.0,1983752000.0,0.0,98202000.0,0.0,0.011,0.3,561355000.0,659557000.0,0.124,659557000.0,561355000.0,464968000.0,1.01,0.99,1.01,1386772000.0,1369086750.0,1386772000.0,13124738278.0,23.0,19.899,450899000.0,1.128,1.0,1904407000.0,0.358,1414321000.0,96387000.0,4055355000.0,4097412250.0,1537200000.0,0.0,0.0,0.0,3821421000.0,1482414000.0,2339007000.0,11049068278.0,123992000.0,-360439000.0,0.0,109594000.0,-119607000.0,-23765000.0,-358315000.0,64380000.0,508090000.0,-2018000.0,404519000.0,404519000.0,404519000.0,0.0,0.0,0.076,1340453000.0,563954000.0,621220000.0,0.297,7.967,27.314,27.379,674379000.0,0.0,27.652,2.075,2.075,672048000.0,1464427000.0,5324746000.0,5324746000.0,0.0,0.083,0.295,0.137,0.105,30587000.0,1340453000.0,1.0,399568512.0,399568512.0,,13.326,3793872000.0,495824000.0,60449000.0,0.0,9.495,1067753000.0
7,HBI,MRY,2013-12-31,2013-12-28,2013-12-28,2021-08-06,-237017000.0,4090048000.0,3895430000.0,2243666000.0,1846382000.0,1.188,3.104,-37538000.0,115863000.0,115863000.0,3016109000.0,330494000.0,2.245,2.324,1684982000.0,217982000.0,1467000000.0,1684982000.0,0.0,90890000.0,0.0,0.009,0.15,497685000.0,588575000.0,0.127,588575000.0,497685000.0,395801000.0,0.83,0.81,0.83,1230623000.0,1093854750.0,1230623000.0,8162734758.0,16.0,13.869,553743000.0,1.397,1.0,1611693000.0,0.348,1004143000.0,101884000.0,3655746000.0,3789992500.0,1283331000.0,0.0,0.0,0.0,2859425000.0,999278000.0,1860147000.0,6873231758.0,73067000.0,-559855000.0,0.0,161972000.0,-59442000.0,93757000.0,-597393000.0,0.0,591281000.0,-14578000.0,330494000.0,330494000.0,330494000.0,0.0,0.0,0.071,1096507000.0,515186000.0,466270000.0,0.181,5.585,20.797,20.889,579883000.0,0.0,17.337,1.485,1.485,578558000.0,1181418000.0,4627802000.0,4627802000.0,0.0,0.085,0.302,0.131,0.108,24178000.0,1096507000.0,1.0,396437304.0,396437304.0,,11.673,3085905000.0,404686000.0,65307000.0,0.0,7.784,1244388000.0
8,HBI,MRY,2012-12-31,2012-12-29,2012-12-29,2021-08-06,-317613000.0,3631700000.0,3883381750.0,2027525000.0,1604175000.0,1.165,2.266,-40570000.0,42796000.0,42796000.0,3105674000.0,164681000.0,2.315,3.095,1517552000.0,200052000.0,1317500000.0,1517552000.0,0.0,93036000.0,0.0,0.0,0.0,332038000.0,425074000.0,0.094,425074000.0,332038000.0,195183000.0,0.417,0.41,0.417,886866000.0,744859000.0,886866000.0,5130795919.0,15.0,12.07,513037000.0,1.311,1.0,1420047000.0,0.314,553414000.0,136855000.0,3677374000.0,4189003500.0,1253136000.0,0.0,0.0,0.0,2744834000.0,875668000.0,1869166000.0,3423126919.0,7451000.0,12704000.0,8752000.0,-522808000.0,0.0,-517777000.0,-27866000.0,0.0,553607000.0,-513000.0,164681000.0,164681000.0,164681000.0,67762000.0,0.0,0.036,979932000.0,440115000.0,403644000.0,0.0,3.86,20.786,20.971,596158000.0,0.0,8.745,0.756,0.756,506278000.0,911467000.0,4525721000.0,4525721000.0,0.0,0.042,0.221,0.079,0.073,20496000.0,979932000.0,1.0,391438184.0,391438184.0,,11.562,3078286000.0,563718000.0,30502000.0,0.0,7.864,1151857000.0
9,HBI,MRY,2011-12-31,2011-12-31,2011-12-31,2021-08-06,-333251000.0,4034669000.0,4121238500.0,2330791000.0,1703878000.0,1.076,1.743,-76479000.0,35345000.0,35345000.0,2941083000.0,266688000.0,2.496,4.924,2037785000.0,230008000.0,1807777000.0,2037785000.0,0.0,90725000.0,0.0,0.0,0.0,464869000.0,555594000.0,0.125,555594000.0,464869000.0,308671000.0,0.682,0.672,0.682,681061000.0,677306250.0,681061000.0,4290997179.0,9.0,7.723,96999000.0,0.248,1.0,1493208000.0,0.337,603071000.0,156198000.0,4500319000.0,4660011750.0,1607555000.0,0.0,0.0,0.0,3353608000.0,933719000.0,2419889000.0,2124148179.0,-8326000.0,-9154000.0,17104000.0,-97813000.0,0.0,-95040000.0,-85633000.0,0.0,173478000.0,-1131000.0,266688000.0,266688000.0,266688000.0,-24119000.0,0.0,0.06,1046081000.0,447127000.0,451525000.0,0.0,3.119,7.965,8.013,635406000.0,0.0,5.465,0.479,0.482,470713000.0,746786000.0,4434291000.0,4434291000.0,0.0,0.065,0.394,0.1,0.105,16173000.0,1046081000.0,1.0,388682192.0,390840000.0,397004000.0,11.346,3431598000.0,548887000.0,41983000.0,0.0,8.78,1397072000.0
10,HBI,MRY,2010-12-31,2011-01-01,2011-01-01,2021-08-06,-213215000.0,3790002000.0,3649769750.0,2147671000.0,1642331000.0,1.136,1.458,-60598000.0,43671000.0,43671000.0,2770174000.0,211293000.0,2.59,5.736,2131413000.0,140678000.0,1990735000.0,2131413000.0,0.0,86612000.0,0.0,0.0,0.0,379325000.0,465937000.0,0.112,465937000.0,379325000.0,229182000.0,0.547,0.54,0.547,562674000.0,484897000.0,562674000.0,4421591172.0,12.0,9.49,72456000.0,0.188,1.0,1375838000.0,0.332,608766000.0,150143000.0,4439628000.0,4274806000.0,1322719000.0,0.0,0.0,0.0,3227328000.0,829350000.0,2397978000.0,2432764172.0,4728000.0,-222878000.0,5938000.0,148154000.0,0.0,155685000.0,-283995000.0,0.0,133054000.0,-16000.0,211293000.0,211293000.0,211293000.0,-18681000.0,0.0,0.051,994973000.0,380865000.0,412369000.0,0.0,4.324,11.514,11.609,631254000.0,0.0,6.35,0.587,0.591,503243000.0,480098000.0,4146012000.0,4146012000.0,0.0,0.058,0.436,0.089,0.091,19534000.0,994973000.0,1.0,383112468.0,386000000.0,391096000.0,10.741,3181236000.0,469229000.0,17889000.0,0.0,8.242,1318321000.0
11,HBI,MRY,2009-12-31,2010-01-02,2010-01-02,2021-08-06,-222995000.0,3326564000.0,3489878000.0,1822557000.0,1504007000.0,1.115,0.879,-88860000.0,38943000.0,38943000.0,2626001000.0,51283000.0,2.074,8.938,1958916000.0,231369000.0,1727547000.0,1958916000.0,0.0,96755000.0,0.0,0.0,0.0,221555000.0,318310000.0,0.082,318310000.0,221555000.0,58276000.0,0.135,0.135,0.135,334719000.0,263038750.0,334719000.0,4360323918.0,20.0,13.698,325644000.0,0.856,1.0,1265274000.0,0.325,458216000.0,163279000.0,3909346000.0,4271540250.0,1049204000.0,0.0,0.0,0.0,2991845000.0,878975000.0,2112870000.0,2294059918.0,-28399000.0,0.0,1179000.0,-354506000.0,0.0,-354174000.0,-88844000.0,0.0,414504000.0,115000.0,51283000.0,51283000.0,51283000.0,0.0,0.0,0.013,994418000.0,270856000.0,351971000.0,0.0,6.854,44.733,44.648,602826000.0,0.0,6.027,0.59,0.59,450541000.0,268805000.0,3891275000.0,3891275000.0,0.0,0.015,0.195,0.052,0.057,37697000.0,940530000.0,1.0,380598908.0,380632000.0,382672000.0,10.223,2868348000.0,496939000.0,6993000.0,0.0,7.536,943582000.0
12,HBI,MRY,2008-12-31,2009-01-03,2009-01-03,2021-08-06,-281469000.0,3534049000.0,3552349250.0,2110325000.0,1423724000.0,1.196,0.492,-161949000.0,67342000.0,67342000.0,2871420000.0,127169000.0,2.82,18.087,2238281000.0,107374000.0,2130907000.0,2238281000.0,0.0,115145000.0,0.0,0.0,0.0,318114000.0,433259000.0,0.102,433259000.0,318114000.0,163037000.0,0.338,0.335,0.338,185155000.0,317029500.0,185155000.0,3532636631.0,11.0,8.154,15448000.0,0.041,1.0,1377350000.0,0.324,469445000.0,155077000.0,4487259000.0,4587150500.0,1290530000.0,0.0,0.0,0.0,3348894000.0,748284000.0,2600610000.0,1232070631.0,-106894000.0,-14655000.0,-28084000.0,-94245000.0,0.0,-104738000.0,-177248000.0,0.0,177397000.0,-2305000.0,127169000.0,127169000.0,127169000.0,0.0,0.0,0.03,1059870000.0,317480000.0,347153000.0,0.0,6.654,9.688,9.749,588189000.0,0.0,3.295,0.29,0.292,404930000.0,217522000.0,4248770000.0,4248770000.0,0.0,0.036,0.401,0.069,0.075,31449000.0,1009607000.0,1.0,373921284.0,376684000.0,380656000.0,11.279,3064604000.0,502887000.0,35868000.0,0.0,8.136,1362041000.0
13,HBI,MRY,2007-12-31,2007-12-29,2007-12-29,2021-08-06,-28918000.0,3439483000.0,3471379500.0,2094334000.0,1345149000.0,1.289,0.753,-75053000.0,174236000.0,174236000.0,3033627000.0,126127000.0,3.04,10.905,2334827000.0,19577000.0,2315250000.0,2334827000.0,0.0,131676000.0,0.0,0.0,0.0,383334000.0,515010000.0,0.115,515010000.0,383334000.0,184126000.0,0.328,0.325,0.328,288904000.0,182353250.0,288904000.0,4884652851.0,13.0,9.485,283987000.0,0.74,1.0,1440910000.0,0.322,461691000.0,199208000.0,4449401000.0,4597188500.0,1117052000.0,0.0,0.0,0.0,3150579000.0,688982000.0,2461597000.0,2650636851.0,18263000.0,-20243000.0,-38284000.0,-203948000.0,0.0,-243379000.0,-101085000.0,0.0,359040000.0,3687000.0,126127000.0,126127000.0,126127000.0,0.0,0.0,0.028,1052341000.0,388569000.0,289166000.0,0.0,9.175,21.016,21.22,534286000.0,0.0,6.96,0.592,0.597,575069000.0,117849000.0,4474537000.0,4474537000.0,0.0,0.036,0.692,0.083,0.086,33625000.0,1040754000.0,1.0,380838628.0,383744000.0,386964000.0,11.66,2977792000.0,436066000.0,57999000.0,0.0,7.76,1405352000.0
14,HBI,MRY,2006-12-31,2006-07-01,2006-07-01,2021-08-06,-8384000.0,4891075000.0,4564114500.0,3755812000.0,1135263000.0,0.98,8.382,-104559000.0,298252000.0,298252000.0,2987500000.0,322493000.0,2.33,0.515,717245000.0,717245000.0,0.0,717245000.0,0.0,114204000.0,0.0,,0.0,433600000.0,547804000.0,0.122,547804000.0,433600000.0,416320000.0,0.838,0.838,0.838,3229134000.0,2915748000.0,3229134000.0,,,,406062000.0,1.054,1.0,1485332000.0,0.332,415019000.0,17280000.0,3283095000.0,2698138000.0,1236586000.0,0.0,0.0,0.0,1661941000.0,1611954000.0,49987000.0,,-782547000.0,-2436000.0,0.0,328652000.0,0.0,-1182336000.0,-110661000.0,0.0,510621000.0,-171000.0,322493000.0,322493000.0,322493000.0,0.0,0.0,0.072,1051732000.0,433600000.0,526148000.0,0.0,,,,617021000.0,0.0,,,,2069711000.0,0.0,4472832000.0,4472832000.0,0.0,0.071,0.111,0.161,0.097,0.0,1051833000.0,1.0,385224928.0,385224000.0,385224000.0,11.611,4476056000.0,254486000.0,93827000.0,0.0,11.619,2143858000.0
15,HBI,MRY,2005-12-31,2005-07-02,2005-07-02,2021-08-06,-18209000.0,4237154000.0,4319956000.0,3125740000.0,1111414000.0,1.084,6.755,-58176000.0,1080799000.0,1080799000.0,3223571000.0,218509000.0,1.977,0.628,962626000.0,956438000.0,6188000.0,962626000.0,0.0,117891000.0,0.0,,0.0,359480000.0,477371000.0,0.102,477371000.0,359480000.0,345516000.0,0.568,0.568,0.568,2602362000.0,2699866000.0,2602362000.0,,,,448695000.0,1.165,1.0,1460112000.0,0.312,424567000.0,13964000.0,2113181000.0,2384055500.0,1262557000.0,0.0,0.0,0.0,1634792000.0,1581233000.0,53559000.0,,406645000.0,-1700000.0,0.0,-35498000.0,0.0,-41377000.0,-60080000.0,0.0,506871000.0,1231000.0,218509000.0,218509000.0,218509000.0,0.0,0.0,0.047,1100632000.0,359480000.0,256398000.0,0.0,,,,558657000.0,0.0,,,,691839000.0,,4683683000.0,4683683000.0,0.0,0.051,0.081,0.151,0.077,0.0,1053654000.0,1.0,385224928.0,385224000.0,385224000.0,12.158,3812587000.0,149507000.0,127007000.0,8135000.0,9.897,1544507000.0
16,HBI,MRY,2004-12-31,2004-07-03,2004-07-03,2021-08-06,-32368000.0,4402758000.0,4159165500.0,3214674000.0,1188084000.0,1.114,,-59126000.0,674154000.0,674154000.0,3092026000.0,449552000.0,2.048,0.574,927204000.0,920004000.0,7200000.0,927204000.0,0.0,114229000.0,0.0,,0.0,438283000.0,552512000.0,0.119,552512000.0,438283000.0,400872000.0,,,,2797370000.0,2517409000.0,2797370000.0,,,,412310000.0,,1.0,1540715000.0,0.333,431424000.0,37411000.0,2654930000.0,2581990500.0,1312860000.0,0.0,0.0,0.0,1605388000.0,1569454000.0,35934000.0,,384338000.0,0.0,0.0,-28908000.0,0.0,-25813000.0,-61259000.0,0.0,471436000.0,-26000.0,449552000.0,449552000.0,449552000.0,0.0,0.0,0.097,1115430000.0,425285000.0,290080000.0,,,,,601224000.0,0.0,,,,1087278000.0,,4632741000.0,4632741000.0,0.0,0.108,0.179,0.17,0.095,0.0,1087964000.0,1.0,,,,,3971334000.0,180126000.0,-48680000.0,10890000.0,,1645220000.0
17,HBI,MRY,2003-12-31,2003-06-28,2003-06-28,2021-08-06,-30077000.0,3915573000.0,,2602863000.0,1312710000.0,,,-78240000.0,289816000.0,289816000.0,3010383000.0,428440000.0,1.598,0.75,959539000.0,949485000.0,10054000.0,959539000.0,0.0,108655000.0,0.0,,0.0,594245000.0,702900000.0,0.151,702900000.0,594245000.0,550000000.0,,,,2237448000.0,,2237448000.0,,,,415746000.0,,1.0,1659282000.0,0.355,447371000.0,44245000.0,2509051000.0,,1237238000.0,0.0,0.0,0.0,1678125000.0,1628874000.0,49251000.0,,183566000.0,0.0,0.0,-246439000.0,0.0,-233082000.0,-77296000.0,0.0,493986000.0,-42000.0,428440000.0,428440000.0,428440000.0,0.0,0.0,0.092,1111668000.0,547614000.0,277716000.0,,,,,653803000.0,0.0,,,,984944000.0,,4669665000.0,4669665000.0,0.0,,,,0.127,0.0,1126065000.0,1.0,,,,,3468202000.0,203530000.0,121560000.0,20038000.0,,973989000.0
0,HBI,MRQ,2021-06-30,2021-07-03,2021-07-03,2021-08-06,-580928000.0,7277989000.0,,3620614000.0,3657375000.0,,1.61,-7478000.0,667298000.0,667298000.0,1069682000.0,128676000.0,1.605,11.946,4113415000.0,166553000.0,3946862000.0,4113415000.0,0.0,22217000.0,0.0,0.032,0.15,196352000.0,218569000.0,0.125,218569000.0,196352000.0,153912000.0,0.37,0.37,0.37,562190000.0,,562190000.0,10077203431.0,-35.0,-55.397,187832000.0,0.538,1.0,681629000.0,0.389,2406804000.0,42440000.0,6061346000.0,,1530622000.0,0.0,0.0,0.0,6715799000.0,2255956000.0,4459843000.0,6476091431.0,134359000.0,0.0,0.0,-7508000.0,-52368000.0,-59498000.0,-2335000.0,0.0,195310000.0,882000.0,128676000.0,128676000.0,128676000.0,19187000.0,0.0,0.073,464235000.0,217394000.0,1171645000.0,0.405,11.519,-17.817,-18.01,844882000.0,0.0,18.55,0.943,0.943,960993000.0,829479000.0,1751311000.0,1751311000.0,0.0,,,,,0.0,464235000.0,1.0,349115441.0,349115441.0,,5.016,4871185000.0,351309000.0,25236000.0,0.0,13.953,1364658000.0
1,HBI,MRQ,2021-03-31,2021-04-03,2021-04-03,2021-08-06,-576885000.0,6989253000.0,,3284109000.0,3705144000.0,,1.389,-15398000.0,530403000.0,530403000.0,905348000.0,-263262000.0,1.639,13.426,4131515000.0,166502000.0,3965013000.0,4131515000.0,0.0,27162000.0,0.0,0.031,0.15,-204105000.0,-176943000.0,-0.117,-176943000.0,-204105000.0,-248565000.0,-0.75,-0.75,-0.75,484481000.0,,484481000.0,10358261777.0,-39.0,-67.64,1548000.0,0.004,1.0,602681000.0,0.4,2420070000.0,44460000.0,6166560000.0,,1489565000.0,0.0,0.0,0.0,6504772000.0,2003735000.0,4501037000.0,6756350777.0,-368743000.0,0.0,0.0,-299170000.0,-52351000.0,-354423000.0,-13604000.0,0.0,16946000.0,-17662000.0,-263262000.0,-263262000.0,-263262000.0,391666000.0,0.0,-0.175,412559000.0,190122000.0,976887000.0,-0.2,13.946,-20.414,-20.606,874570000.0,0.0,19.37,1.014,1.014,807738000.0,753785000.0,1508029000.0,1508029000.0,0.0,,,,,0.0,412559000.0,1.0,348804893.0,348804893.0,,4.323,4569183000.0,355826000.0,14697000.0,0.0,13.1,1280374000.0
2,HBI,MRQ,2020-12-31,2021-01-02,2021-01-02,2021-08-06,-566959000.0,7719867000.0,,3429380000.0,4290487000.0,,2.337,-4362000.0,900615000.0,900615000.0,1676036000.0,-332164000.0,1.614,8.484,4471457000.0,400446000.0,4071011000.0,4471457000.0,0.0,31961000.0,0.0,0.041,0.15,-450019000.0,-418058000.0,-0.232,-418058000.0,-450019000.0,-494134000.0,-0.94,-0.93,-0.94,813958000.0,,813958000.0,8828866261.0,-531.0,96.917,212885000.0,0.611,1.0,124807000.0,0.069,2452785000.0,44115000.0,6713563000.0,,1367758000.0,0.0,0.0,0.0,6905909000.0,2124361000.0,4781548000.0,5078565261.0,178049000.0,0.0,0.0,-4856000.0,-52253000.0,-61272000.0,2000.0,0.0,217247000.0,22072000.0,-332164000.0,-332164000.0,-332164000.0,0.0,0.0,-0.184,568543000.0,-443736000.0,891868000.0,-0.16,6.239,-67.195,-69.429,910452000.0,0.0,14.58,0.762,0.762,768221000.0,1069546000.0,1800843000.0,1800843000.0,0.0,,,,,5168000.0,568543000.0,1.0,348324092.0,348324092.0,,5.17,5267082000.0,367976000.0,-161970000.0,0.0,15.121,1305019000.0
3,HBI,MRQ,2020-09-30,2020-09-26,2020-09-26,2021-08-06,-614783000.0,8159684000.0,,4097221000.0,4062463000.0,,3.302,-2256000.0,731481000.0,731481000.0,1191553000.0,103278000.0,2.026,6.098,4481782000.0,161966000.0,4319816000.0,4481782000.0,0.0,25261000.0,0.0,0.039,0.15,169262000.0,194523000.0,0.108,194523000.0,169262000.0,125394000.0,0.29,0.29,0.29,1149533000.0,,1149533000.0,9346807620.0,14.0,12.319,246759000.0,0.709,1.0,616713000.0,0.341,2747274000.0,43868000.0,7139965000.0,,2170552000.0,0.0,0.0,0.0,7010151000.0,2022746000.0,4987405000.0,5399973620.0,48398000.0,0.0,0.0,-158522000.0,-52236000.0,-211877000.0,-461000.0,0.0,249015000.0,11721000.0,103278000.0,103278000.0,103278000.0,0.0,0.0,0.057,442142000.0,174571000.0,1144190000.0,0.517,4.698,12.229,12.508,1014865000.0,0.0,15.51,0.856,0.856,984571000.0,1454676000.0,1808266000.0,1808266000.0,0.0,,,,,4612000.0,442142000.0,1.0,348160775.0,348160775.0,,5.194,5412410000.0,200877000.0,22116000.0,0.0,15.546,2074475000.0
4,HBI,MRQ,2020-06-30,2020-06-27,2020-06-27,2021-08-06,-631009000.0,8123305000.0,,4042150000.0,4081155000.0,,3.101,-20753000.0,556099000.0,556099000.0,1029221000.0,161181000.0,2.008,6.526,4463649000.0,147419000.0,4316230000.0,4463649000.0,0.0,25248000.0,0.0,0.057,0.15,222093000.0,247341000.0,0.16,247341000.0,222093000.0,181018000.0,0.46,0.46,0.46,1079320000.0,,1079320000.0,7568722343.0,10.0,8.901,44670000.0,0.128,1.0,513862000.0,0.333,2341098000.0,41075000.0,7677165000.0,,1774139000.0,0.0,0.0,0.0,7043985000.0,2012592000.0,5031393000.0,3640449343.0,-400527000.0,0.0,0.0,-395816000.0,-52213000.0,-462196000.0,-16146000.0,0.0,65423000.0,12392000.0,161181000.0,161181000.0,161181000.0,-24613000.0,0.0,0.104,311729000.0,202133000.0,1101438000.0,0.326,3.373,6.956,7.164,935616000.0,0.0,10.46,0.572,0.572,1139130000.0,1404326000.0,1543083000.0,1543083000.0,0.0,,,,,0.0,311729000.0,1.0,348035310.0,348035310.0,,4.434,5782207000.0,193100000.0,19837000.0,0.0,16.614,2029558000.0
5,HBI,MRQ,2020-03-31,2020-03-28,2020-03-28,2021-08-06,-723425000.0,7968101000.0,,3975716000.0,3992385000.0,,2.41,-25693000.0,1069490000.0,1069490000.0,784902000.0,-7874000.0,2.192,8.121,4859344000.0,294644000.0,4564700000.0,4859344000.0,0.0,25258000.0,0.0,0.073,0.15,28860000.0,54118000.0,0.045,54118000.0,28860000.0,-7167000.0,-0.02,-0.02,-0.02,873571000.0,,873571000.0,6536036633.0,9.0,7.686,-108909000.0,-0.3,1.0,418168000.0,0.348,2280996000.0,36027000.0,7663048000.0,,1787660000.0,0.0,0.0,0.0,7094530000.0,1813911000.0,5280619000.0,2968512633.0,754760000.0,0.0,-200269000.0,1131334000.0,-53683000.0,877514000.0,-24477000.0,0.0,-83216000.0,-15061000.0,-7874000.0,-7874000.0,-7874000.0,12992000.0,0.0,-0.007,370215000.0,47953000.0,876394000.0,-7.5,3.398,5.801,5.809,936392000.0,0.0,8.19,0.451,0.451,666603000.0,1296060000.0,1203070000.0,1203070000.0,0.0,,,,,0.0,370215000.0,1.0,362455755.0,362455755.0,,3.319,5687105000.0,181807000.0,707000.0,0.0,15.69,2161805000.0
6,HBI,MRQ,2019-12-31,2019-12-28,2019-12-28,2021-08-06,-617648000.0,7353986000.0,,3224565000.0,4129421000.0,,3.419,-19780000.0,328876000.0,328876000.0,1044262000.0,184986000.0,1.82,4.947,3896400000.0,281249000.0,3615151000.0,3896400000.0,0.0,26966000.0,0.0,0.04,0.15,235757000.0,262723000.0,0.15,262723000.0,235757000.0,194850000.0,0.51,0.5,0.51,1236595000.0,,1236595000.0,9388461393.0,11.0,9.735,538952000.0,1.49,1.0,706743000.0,0.404,2756511000.0,40907000.0,6393560000.0,,1905845000.0,0.0,0.0,0.0,6117391000.0,1771439000.0,4345952000.0,5363968393.0,11879000.0,-3872000.0,0.0,-476948000.0,-54269000.0,-538394000.0,-11880000.0,0.0,558732000.0,3421000.0,184986000.0,184986000.0,184986000.0,0.0,0.0,0.106,463328000.0,243415000.0,959006000.0,0.294,4.338,8.929,8.988,1075683000.0,0.0,14.83,0.77,0.77,815210000.0,1546224000.0,1751005000.0,1751005000.0,0.0,,,,,483000.0,463328000.0,1.0,361697127.0,361697127.0,,4.841,4597475000.0,203331000.0,9864000.0,0.0,12.711,1453126000.0
7,HBI,MRQ,2019-09-30,2019-09-28,2019-09-28,2021-08-06,-611959000.0,7723832000.0,,3620169000.0,4103663000.0,,3.093,-18653000.0,317024000.0,317024000.0,1149934000.0,185091000.0,1.728,5.908,4341517000.0,509843000.0,3831674000.0,4341517000.0,0.0,27181000.0,0.0,0.04,0.15,259005000.0,286186000.0,0.153,286186000.0,259005000.0,215914000.0,0.51,0.51,0.51,1118093000.0,,1118093000.0,9743655779.0,11.0,10.109,283410000.0,0.784,1.0,717033000.0,0.384,2717185000.0,43091000.0,6936296000.0,,2095035000.0,0.0,0.0,0.0,6605739000.0,2094844000.0,4510895000.0,5462918779.0,37381000.0,-21360000.0,0.0,-167182000.0,-54240000.0,-221395000.0,-40013000.0,0.0,302063000.0,-3274000.0,185091000.0,185091000.0,185091000.0,0.0,0.0,0.099,449962000.0,267071000.0,997069000.0,0.294,4.886,9.687,9.812,1057008000.0,0.0,15.11,0.782,0.782,1033938000.0,1416109000.0,1866967000.0,1866967000.0,0.0,,,,,1547000.0,449962000.0,1.0,361543268.0,361543268.0,,5.164,5006647000.0,213649000.0,30823000.0,0.0,13.848,1525325000.0
8,HBI,MRQ,2019-06-30,2019-06-29,2019-06-29,2021-08-06,-572626000.0,7846037000.0,,3669252000.0,4176785000.0,,2.837,-32634000.0,257941000.0,257941000.0,1085404000.0,149555000.0,1.761,6.652,4538678000.0,495648000.0,4043030000.0,4538678000.0,0.0,26008000.0,0.0,0.035,0.15,221351000.0,247359000.0,0.14,247359000.0,221351000.0,174829000.0,0.41,0.41,0.41,1025386000.0,,1025386000.0,10549311792.0,12.0,11.216,104294000.0,0.289,1.0,675523000.0,0.384,2782159000.0,46522000.0,7260932000.0,,2223199000.0,0.0,0.0,0.0,6820651000.0,2083683000.0,4736968000.0,6224530792.0,-29456000.0,0.0,0.0,-81861000.0,-54228000.0,-135928000.0,-32634000.0,0.0,136928000.0,2178000.0,149555000.0,149555000.0,149555000.0,0.0,0.0,0.085,445923000.0,229600000.0,1026863000.0,0.366,6.07,11.312,11.48,1081612000.0,0.0,17.22,0.894,0.894,1011816000.0,1285842000.0,1760927000.0,1760927000.0,0.0,,,,,2069000.0,445923000.0,1.0,361471010.0,361471010.0,,4.872,5063878000.0,220927000.0,25274000.0,0.0,14.009,1585569000.0
9,HBI,MRQ,2019-03-31,2019-03-30,2019-03-30,2021-08-06,-567819000.0,7824159000.0,,3641686000.0,4182473000.0,,2.581,-25133000.0,287080000.0,287080000.0,967993000.0,81088000.0,1.656,7.386,4611861000.0,623003000.0,3988858000.0,4611861000.0,0.0,25944000.0,0.0,0.034,0.15,142193000.0,168137000.0,0.106,168137000.0,142193000.0,94134000.0,0.22,0.22,0.22,932991000.0,,932991000.0,10009830227.0,12.0,10.645,-219424000.0,-0.607,1.0,620031000.0,0.39,2788370000.0,48059000.0,7161697000.0,,2232719000.0,0.0,0.0,0.0,6891168000.0,2198873000.0,4692295000.0,6462261227.0,-145613000.0,0.0,0.0,126261000.0,-54221000.0,71707000.0,-25133000.0,0.0,-194291000.0,2104000.0,81088000.0,81088000.0,81088000.0,0.0,0.0,0.051,470387000.0,149644000.0,1007420000.0,0.682,6.926,11.937,12.081,1086142000.0,0.0,17.88,0.934,0.934,932875000.0,1191111000.0,1588024000.0,1588024000.0,0.0,,,,,5178000.0,470387000.0,1.0,361424006.0,361424006.0,,4.394,5035789000.0,213728000.0,13046000.0,0.0,13.933,1442813000.0
10,HBI,MRQ,2018-12-31,2018-12-29,2018-12-29,2021-08-06,-495867000.0,7238240000.0,,3542115000.0,3696125000.0,,2.418,-22043000.0,433022000.0,433022000.0,1066626000.0,148203000.0,1.731,7.3,3980591000.0,446408000.0,3534183000.0,3980591000.0,0.0,27356000.0,0.0,0.049,0.15,234862000.0,262218000.0,0.148,262218000.0,234862000.0,187175000.0,0.4,0.41,0.4,872126000.0,,872126000.0,8382662698.0,10.0,8.876,480070000.0,1.331,1.0,701675000.0,0.397,2797108000.0,47687000.0,5942763000.0,,2056838000.0,0.0,0.0,0.0,6366114000.0,2045938000.0,4320176000.0,4397331698.0,34025000.0,1000.0,0.0,-391456000.0,-54116000.0,-455079000.0,-22042000.0,0.0,502113000.0,9033000.0,148203000.0,148203000.0,148203000.0,0.0,0.0,0.084,460034000.0,241641000.0,1029933000.0,0.375,5.042,8.148,8.236,607688000.0,0.0,12.19,0.646,0.646,870878000.0,1079503000.0,1768301000.0,1768301000.0,0.0,,,,,16795000.0,460034000.0,1.0,360732707.0,360732707.0,,4.902,4441132000.0,207449000.0,38972000.0,0.0,12.311,1496177000.0
11,HBI,MRQ,2018-09-30,2018-09-29,2018-09-29,2021-08-06,-486498000.0,7455506000.0,,3737205000.0,3718301000.0,,2.415,-22893000.0,398499000.0,398499000.0,1136040000.0,171421000.0,1.844,7.564,4383830000.0,520250000.0,3863580000.0,4383830000.0,0.0,13277000.0,0.0,0.033,0.15,249604000.0,262881000.0,0.142,262881000.0,249604000.0,196809000.0,0.47,0.47,0.47,870588000.0,,870588000.0,10744654189.0,15.0,13.519,182794000.0,0.507,1.0,712667000.0,0.385,2838672000.0,52795000.0,6575037000.0,,2139281000.0,0.0,0.0,0.0,6584918000.0,2027128000.0,4557790000.0,6644149189.0,196000.0,0.0,0.0,-108197000.0,-54085000.0,-163301000.0,-22893000.0,0.0,205687000.0,-19297000.0,171421000.0,171421000.0,171421000.0,0.0,0.0,0.093,455778000.0,256889000.0,975138000.0,0.319,7.632,352.681,263.286,607649000.0,0.0,18.43,0.995,0.995,1044516000.0,1077808000.0,1848707000.0,1848707000.0,0.0,,,,,1588000.0,455778000.0,1.0,360507281.0,360507281.0,,5.128,4616834000.0,191649000.0,25388000.0,0.0,12.806,1710077000.0
12,HBI,MRQ,2018-06-30,2018-06-30,2018-06-30,2021-08-06,-472554000.0,7427886000.0,,3616746000.0,3811140000.0,,2.129,-20502000.0,397971000.0,397971000.0,1055487000.0,140633000.0,2.02,8.682,4498476000.0,349275000.0,4149201000.0,4498476000.0,0.0,33568000.0,0.0,0.027,0.15,213493000.0,247061000.0,0.144,247061000.0,213493000.0,165063000.0,0.39,0.39,0.39,767191000.0,,767191000.0,12087558569.0,17.0,14.832,43243000.0,0.12,1.0,659956000.0,0.385,2869577000.0,48430000.0,6868003000.0,,2112211000.0,0.0,0.0,0.0,6660695000.0,1790811000.0,4869884000.0,7935355569.0,21031000.0,-1000.0,0.0,14207000.0,-54062000.0,-41201000.0,-20503000.0,0.0,63745000.0,18990000.0,140633000.0,140633000.0,140633000.0,0.0,0.0,0.082,439893000.0,220063000.0,935176000.0,0.385,10.343,156.288,137.625,617302000.0,0.0,22.02,1.197,1.197,973807000.0,961020000.0,1715443000.0,1715443000.0,0.0,,,,,-1713000.0,439893000.0,1.0,360370371.0,360370371.0,,4.76,4558309000.0,218269000.0,24430000.0,0.0,12.649,1825935000.0
13,HBI,MRQ,2018-03-31,2018-03-31,2018-03-31,2021-08-06,-450699000.0,7327775000.0,,3399826000.0,3927949000.0,,1.959,-18298000.0,373662000.0,373662000.0,892583000.0,79409000.0,2.026,9.384,4525865000.0,340613000.0,4185252000.0,4525865000.0,0.0,31925000.0,0.0,0.033,0.15,140297000.0,172222000.0,0.117,172222000.0,140297000.0,94534000.0,0.22,0.22,0.22,705695000.0,,705695000.0,10177626742.0,14.0,12.338,-146441000.0,-0.407,1.0,578921000.0,0.393,2951380000.0,45763000.0,6850838000.0,,2044680000.0,0.0,0.0,0.0,6622080000.0,1677760000.0,4944320000.0,6635676742.0,-21086000.0,-334915000.0,0.0,519604000.0,-54053000.0,459084000.0,-353213000.0,0.0,-128143000.0,1186000.0,79409000.0,79409000.0,79409000.0,0.0,0.0,0.054,432863000.0,146058000.0,813981000.0,0.682,9.403,80.264,76.75,630669000.0,0.0,18.42,1.011,1.011,874684000.0,875035000.0,1471504000.0,1471504000.0,0.0,,,,,4746000.0,432863000.0,1.0,360243037.0,360243037.0,,4.085,4376395000.0,233279000.0,15125000.0,137226000.0,12.148,1722066000.0
14,HBI,MRQ,2017-12-31,2017-12-30,2017-12-30,2021-08-06,-439206000.0,6894775000.0,,3386370000.0,3508405000.0,,1.882,-26529000.0,421566000.0,421566000.0,1019614000.0,-372624000.0,1.904,9.048,3963516000.0,261462000.0,3702054000.0,3963516000.0,0.0,7673000.0,0.0,0.029,0.15,104940000.0,112613000.0,0.068,112613000.0,104940000.0,60689000.0,-1.01,-1.0,-1.01,686202000.0,,686202000.0,11219316225.0,16.0,14.044,298099000.0,0.818,1.0,625561000.0,0.38,2569864000.0,44251000.0,6088116000.0,,1874990000.0,0.0,0.0,0.0,6208573000.0,1778745000.0,4429828000.0,7623455225.0,21521000.0,-61725000.0,-100098000.0,-52504000.0,-54692000.0,-218170000.0,-88254000.0,0.0,324628000.0,3317000.0,-372624000.0,-372624000.0,-372624000.0,0.0,0.0,-0.226,480134000.0,145427000.0,867649000.0,-0.149,11.11,103.186,104.55,623991000.0,0.0,20.91,1.178,1.178,903318000.0,850345000.0,1645175000.0,1645175000.0,0.0,,,,,17231000.0,480134000.0,1.0,364584181.0,364584181.0,,4.512,4324911000.0,234932000.0,433313000.0,137226000.0,11.863,1607625000.0
15,HBI,MRQ,2017-09-30,2017-09-30,2017-09-30,2021-08-06,-426642000.0,7280723000.0,,3560026000.0,3720697000.0,,3.378,-29560000.0,400045000.0,400045000.0,1120813000.0,203356000.0,1.877,4.914,3995906000.0,429359000.0,3566547000.0,3995906000.0,0.0,31667000.0,0.0,0.023,0.15,251423000.0,283090000.0,0.157,283090000.0,251423000.0,207506000.0,0.56,0.55,0.56,1231167000.0,,1231167000.0,12757072213.0,16.0,13.873,267280000.0,0.733,1.0,678457000.0,0.377,2512949000.0,43917000.0,6467006000.0,,1953918000.0,0.0,0.0,0.0,6049556000.0,1896629000.0,4152927000.0,8980757213.0,-49370000.0,0.0,0.0,-256472000.0,-54682000.0,-312387000.0,-29560000.0,0.0,296840000.0,-4263000.0,203356000.0,203356000.0,203356000.0,0.0,0.0,0.113,419991000.0,258466000.0,852671000.0,0.268,7.295,14.878,15.117,624602000.0,0.0,24.64,1.403,1.403,1009188000.0,1386488000.0,1799270000.0,1799270000.0,0.0,,,,,1963000.0,419991000.0,1.0,364478783.0,364478783.0,,4.937,4767774000.0,504059000.0,4150000.0,0.0,13.081,1663397000.0
16,HBI,MRQ,2017-06-30,2017-07-01,2017-07-01,2021-08-06,-431693000.0,7236971000.0,,3578002000.0,3658969000.0,,2.961,-15014000.0,449415000.0,449415000.0,1000708000.0,172532000.0,2.012,5.711,4225730000.0,428485000.0,3797245000.0,4225730000.0,0.0,29330000.0,0.0,0.022,0.15,227651000.0,256981000.0,0.156,256981000.0,227651000.0,183521000.0,0.47,0.47,0.47,1078326000.0,,1078326000.0,12110077054.0,16.0,13.588,42034000.0,0.115,1.0,645902000.0,0.392,2479350000.0,44130000.0,6755348000.0,,2000436000.0,0.0,0.0,0.0,6158645000.0,1778588000.0,4380057000.0,8433757054.0,-14208000.0,2851000.0,0.0,40630000.0,-54654000.0,-59722000.0,-12163000.0,0.0,57048000.0,629000.0,172532000.0,172532000.0,172532000.0,-368000.0,0.0,0.105,412197000.0,233705000.0,784960000.0,0.319,7.821,14.69,15.137,619883000.0,0.0,23.16,1.325,1.325,935548000.0,1238368000.0,1646610000.0,1646610000.0,0.0,,,,,860000.0,412197000.0,1.0,364151859.0,364151859.0,,4.522,4757621000.0,480001000.0,10989000.0,0.0,13.065,1799414000.0
17,HBI,MRQ,2017-03-31,2017-04-01,2017-04-01,2021-08-06,-419765000.0,7055928000.0,,3458807000.0,3597121000.0,,2.53,-11446000.0,463623000.0,463623000.0,840824000.0,70617000.0,1.962,6.365,4139943000.0,376824000.0,3763119000.0,4139943000.0,0.0,28765000.0,0.0,0.023,0.15,117419000.0,146184000.0,0.106,146184000.0,117419000.0,75282000.0,0.19,0.19,0.19,958060000.0,,958060000.0,11144448998.0,15.0,13.409,-34244000.0,-0.09,1.0,539531000.0,0.391,2437413000.0,42137000.0,6532341000.0,,1998501000.0,0.0,0.0,0.0,6097868000.0,1762494000.0,4335374000.0,7862248998.0,3378000.0,36910000.0,-299919000.0,359298000.0,-55875000.0,4511000.0,25464000.0,0.0,-22798000.0,-3799000.0,70617000.0,70617000.0,70617000.0,2465000.0,0.0,0.051,413102000.0,126429000.0,756176000.0,0.789,8.206,14.842,14.829,620393000.0,0.0,20.76,1.27,1.27,800467000.0,1120541000.0,1380355000.0,1380355000.0,0.0,,,,,3528000.0,413102000.0,1.0,378721050.0,378721050.0,,3.645,4618515000.0,467993000.0,4665000.0,0.0,12.195,1696313000.0
18,HBI,MRQ,2016-12-31,2016-12-31,2016-12-31,2021-08-06,-435991000.0,6930480000.0,,3321166000.0,3609314000.0,,3.238,-5828000.0,460245000.0,460245000.0,963174000.0,157112000.0,2.043,4.663,3742445000.0,234760000.0,3507685000.0,3742445000.0,0.0,29460000.0,0.0,0.02,0.11,203844000.0,233304000.0,0.148,233304000.0,203844000.0,162691000.0,0.41,0.41,0.41,1223914000.0,,1223914000.0,11830554533.0,16.0,14.262,391488000.0,1.036,1.0,612135000.0,0.389,2383998000.0,41153000.0,6203014000.0,,1840565000.0,0.0,0.0,0.0,5706566000.0,1625668000.0,4080898000.0,8152277533.0,10032000.0,-948000.0,0.0,-313801000.0,-41577000.0,-368871000.0,-6776000.0,0.0,397316000.0,-11637000.0,157112000.0,157112000.0,157112000.0,-1387000.0,0.0,0.1,394051000.0,218084000.0,761647000.0,0.268,6.661,15.114,15.298,692464000.0,0.0,21.57,1.352,1.352,836924000.0,1396116000.0,1575309000.0,1575309000.0,0.0,,,,,15488000.0,394051000.0,1.0,377945180.0,377945180.0,,4.168,4546482000.0,464872000.0,5579000.0,0.0,12.029,1695498000.0
19,HBI,MRQ,2016-09-30,2016-10-01,2016-10-01,2021-08-06,-381242000.0,7304334000.0,,3562127000.0,3742207000.0,,3.141,30299000.0,450213000.0,450213000.0,1111653000.0,173858000.0,1.902,5.156,4128490000.0,444082000.0,3684408000.0,4128490000.0,0.0,26888000.0,0.0,0.017,0.11,227861000.0,254749000.0,0.145,254749000.0,227861000.0,184428000.0,0.46,0.45,0.46,1186525000.0,,1186525000.0,12706209247.0,19.0,16.269,367668000.0,0.973,1.0,649366000.0,0.369,2490059000.0,43433000.0,6619672000.0,,2004997000.0,0.0,0.0,0.0,6117809000.0,1872880000.0,4244929000.0,9539404247.0,-210784000.0,-769731000.0,0.0,231546000.0,-41564000.0,189244000.0,-739432000.0,0.0,337369000.0,2035000.0,173858000.0,173858000.0,173858000.0,-1068000.0,0.0,0.099,421014000.0,228352000.0,757720000.0,0.239,8.04,19.024,19.275,718999000.0,0.0,25.25,1.627,1.627,961659000.0,1281056000.0,1761019000.0,1761019000.0,0.0,,,,,8310000.0,421014000.0,1.0,377798188.0,377798188.0,,4.661,4814275000.0,471010000.0,10570000.0,0.0,12.743,1689247000.0
20,HBI,MRQ,2016-06-30,2016-07-02,2016-07-02,2021-08-06,-378529000.0,6614650000.0,,3633492000.0,2981158000.0,,2.781,-14464000.0,660997000.0,660997000.0,915440000.0,128143000.0,2.343,5.302,3827802000.0,361277000.0,3466525000.0,3827802000.0,0.0,24007000.0,0.0,0.016,0.11,172885000.0,196892000.0,0.134,196892000.0,172885000.0,136345000.0,0.34,0.34,0.34,1049692000.0,,1049692000.0,12673010259.0,19.0,16.701,141264000.0,0.374,1.0,557291000.0,0.378,1786104000.0,36540000.0,6444437000.0,,2006867000.0,0.0,0.0,0.0,5564958000.0,1550914000.0,4014044000.0,9664446259.0,328575000.0,-186334000.0,0.0,418828000.0,-41551000.0,375997000.0,-200798000.0,0.0,155728000.0,-2352000.0,128143000.0,128143000.0,128143000.0,0.0,0.0,0.087,336081000.0,221210000.0,664186000.0,0.324,9.207,19.734,20.317,672807000.0,0.0,25.6,1.698,1.698,857562000.0,1149236000.0,1472731000.0,1472731000.0,0.0,,,,,474000.0,336081000.0,1.0,377517432.0,377517432.0,,3.901,4828546000.0,461359000.0,8202000.0,0.0,12.79,2082578000.0
21,HBI,MRQ,2016-03-31,2016-04-02,2016-04-02,2021-08-06,-384717000.0,5822061000.0,,3117680000.0,2704381000.0,,2.431,-12573000.0,332422000.0,332422000.0,761884000.0,80269000.0,2.278,5.115,3340986000.0,377562000.0,2963424000.0,3340986000.0,0.0,22820000.0,0.0,0.014,0.11,121756000.0,144576000.0,0.119,144576000.0,121756000.0,90190000.0,0.21,0.21,0.21,952041000.0,,952041000.0,13440801000.0,22.0,18.507,-297379000.0,-0.759,1.0,457256000.0,0.375,1550934000.0,31566000.0,5911179000.0,,1969872000.0,0.0,0.0,0.0,4870020000.0,1368512000.0,3501508000.0,11135204000.0,13253000.0,-7062000.0,-379901000.0,736640000.0,-42683000.0,314684000.0,-19635000.0,0.0,-284806000.0,3010000.0,80269000.0,80269000.0,80269000.0,0.0,0.0,0.066,334851000.0,122405000.0,530436000.0,0.524,11.696,24.393,24.722,652126000.0,0.0,28.43,1.939,1.939,722103000.0,1057046000.0,1219140000.0,1219140000.0,0.0,,,,,7508000.0,334851000.0,1.0,391670911.0,391670911.0,,3.113,4271127000.0,452709000.0,9921000.0,0.0,10.905,1749168000.0
22,HBI,MRQ,2015-12-31,2016-01-02,2016-01-02,2021-08-06,-394933000.0,5597590000.0,,2917867000.0,2679723000.0,,3.256,-25450000.0,319169000.0,319169000.0,868431000.0,119163000.0,1.94,3.387,2603316000.0,370604000.0,2232712000.0,2603316000.0,0.0,28153000.0,0.0,0.014,0.1,156646000.0,184799000.0,0.131,184799000.0,156646000.0,125874000.0,0.3,0.3,0.3,1275891000.0,,1275891000.0,14026075011.0,24.0,20.158,288711000.0,0.737,1.0,541126000.0,0.384,1534830000.0,30772000.0,4842998000.0,,1814602000.0,0.0,0.0,0.0,4321699000.0,1503909000.0,2817790000.0,11531309011.0,34574000.0,0.0,-45401000.0,-163467000.0,-39603000.0,-253422000.0,-25450000.0,0.0,314161000.0,-715000.0,119163000.0,119163000.0,119163000.0,0.0,0.0,0.085,383200000.0,157926000.0,672972000.0,0.333,9.038,26.889,27.505,650462000.0,0.0,29.43,2.012,2.012,680417000.0,1389338000.0,1409557000.0,1409557000.0,0.0,,,,,19787000.0,383200000.0,1.0,391821577.0,391821577.0,,3.597,4062760000.0,445179000.0,6711000.0,0.0,10.369,1413958000.0
23,HBI,MRQ,2015-09-30,2015-10-03,2015-10-03,2021-08-06,-383382000.0,5819400000.0,,3265454000.0,2553946000.0,,3.107,-7428000.0,284595000.0,284595000.0,1010288000.0,162154000.0,2.077,3.654,2779361000.0,417754000.0,2361607000.0,2779361000.0,0.0,24943000.0,0.0,0.013,0.1,207610000.0,232553000.0,0.146,232553000.0,207610000.0,176254000.0,0.41,0.4,0.41,1250299000.0,,1250299000.0,13965690156.0,25.0,20.841,138486000.0,0.344,1.0,580750000.0,0.365,1549192000.0,31356000.0,5192837000.0,,1813510000.0,0.0,0.0,0.0,4569101000.0,1572137000.0,2996964000.0,11683901156.0,-30759000.0,632000.0,-306094000.0,185868000.0,-40243000.0,-170297000.0,-6796000.0,0.0,145914000.0,420000.0,162154000.0,162154000.0,162154000.0,0.0,0.0,0.102,372422000.0,208328000.0,637788000.0,0.244,9.345,29.273,29.03,652391000.0,0.0,29.03,1.999,1.999,850334000.0,1349059000.0,1591038000.0,1591038000.0,0.0,,,,,3371000.0,372422000.0,1.0,402476788.0,402476788.0,,3.953,4270208000.0,494381000.0,14100000.0,0.0,10.61,1693317000.0
24,HBI,MRQ,2015-06-30,2015-07-04,2015-07-04,2021-08-06,-368252000.0,5872381000.0,,3296322000.0,2576059000.0,,3.614,-19460000.0,315354000.0,315354000.0,953808000.0,94902000.0,2.178,3.045,2597143000.0,379383000.0,2217760000.0,2597143000.0,0.0,26234000.0,0.0,0.01,0.1,138103000.0,164337000.0,0.108,164337000.0,138103000.0,109083000.0,0.23,0.23,0.23,1451772000.0,,1451772000.0,15665210971.0,31.0,25.507,6817000.0,0.017,1.0,568225000.0,0.373,1548810000.0,29020000.0,5091670000.0,,1766761000.0,0.0,0.0,0.0,4420609000.0,1513690000.0,2906919000.0,13640586971.0,38287000.0,-193461000.0,0.0,272993000.0,-41387000.0,222947000.0,-212921000.0,0.0,26277000.0,1984000.0,94902000.0,94902000.0,94902000.0,0.0,0.0,0.062,429292000.0,138933000.0,661369000.0,0.435,9.396,38.325,38.157,658789000.0,0.0,33.96,2.412,2.412,835299000.0,1530495000.0,1522033000.0,1522033000.0,0.0,,,,,2308000.0,429292000.0,1.0,401666283.0,401666283.0,,3.789,4323571000.0,505541000.0,14181000.0,0.0,10.764,1782632000.0
25,HBI,MRQ,2015-03-31,2015-04-04,2015-04-04,2021-08-06,-367746000.0,5407926000.0,,3020688000.0,2387238000.0,,3.501,-31633000.0,277067000.0,277067000.0,762690000.0,52636000.0,2.156,2.854,2301691000.0,327815000.0,1973876000.0,2301691000.0,0.0,24573000.0,0.0,0.01,0.1,89549000.0,114122000.0,0.094,114122000.0,89549000.0,62662000.0,0.13,0.13,0.13,1403229000.0,,1403229000.0,15427161204.0,27.0,22.711,-290978000.0,-0.726,1.0,446231000.0,0.369,1363024000.0,26887000.0,4668780000.0,,1692712000.0,0.0,0.0,0.0,4004697000.0,1400746000.0,2603951000.0,13683264204.0,37212000.0,0.0,0.0,378986000.0,-40083000.0,333754000.0,-31633000.0,0.0,-259345000.0,-5564000.0,52636000.0,52636000.0,52636000.0,0.0,0.0,0.044,356300000.0,89931000.0,613261000.0,0.769,9.751,32.925,32.827,662809000.0,0.0,34.14,2.5,2.5,713113000.0,1476310000.0,1208921000.0,1208921000.0,0.0,,,,,4152000.0,356300000.0,1.0,400798600.0,400798600.0,,3.016,4044902000.0,504593000.0,10026000.0,0.0,10.092,1619942000.0
26,HBI,MRQ,2014-12-31,2015-01-03,2015-01-03,2021-08-06,-372589000.0,5208193000.0,,2550167000.0,2658026000.0,,3.471,-15644000.0,239855000.0,239855000.0,977035000.0,89437000.0,1.72,2.756,1983752000.0,369755000.0,1613997000.0,1983752000.0,0.0,28662000.0,0.0,0.011,0.075,130441000.0,159103000.0,0.104,159103000.0,130441000.0,100519000.0,0.23,0.22,0.23,1386772000.0,,1386772000.0,13124738278.0,23.0,19.899,277125000.0,0.694,1.0,545561000.0,0.358,1414321000.0,29922000.0,4055355000.0,,1537200000.0,0.0,0.0,0.0,3821421000.0,1482414000.0,2339007000.0,11049068278.0,24023000.0,-7453000.0,0.0,-278877000.0,-29969000.0,-316466000.0,44997000.0,64380000.0,292769000.0,2723000.0,89437000.0,89437000.0,89437000.0,0.0,0.0,0.059,414411000.0,131150000.0,621220000.0,0.326,7.967,27.314,27.379,674379000.0,0.0,27.652,2.075,2.075,672048000.0,1464427000.0,1522596000.0,1522596000.0,0.0,,,,,18589000.0,414411000.0,1.0,399568512.0,399568512.0,,3.811,3793872000.0,495824000.0,11082000.0,0.0,9.495,1067753000.0
27,HBI,MRQ,2014-09-30,2014-09-27,2014-09-27,2021-08-06,-235514000.0,5543494000.0,,3154420000.0,2389074000.0,,3.675,-21880000.0,215832000.0,215832000.0,903013000.0,118944000.0,1.882,2.785,2291502000.0,382769000.0,1908733000.0,2291502000.0,0.0,23500000.0,0.0,0.01,0.075,153097000.0,176597000.0,0.126,176597000.0,153097000.0,129569000.0,0.3,0.29,0.3,1464670000.0,,1464670000.0,12460169019.0,26.0,21.47,188503000.0,0.473,1.0,497715000.0,0.355,1436984000.0,23528000.0,4506225000.0,,1666008000.0,0.0,0.0,0.0,4078824000.0,1675955000.0,2402869000.0,10814984019.0,72215000.0,-352986000.0,0.0,283675000.0,-29907000.0,250083000.0,-383645000.0,0.0,210383000.0,-4606000.0,118944000.0,118944000.0,118944000.0,0.0,0.0,0.085,343823000.0,153892000.0,673937000.0,0.25,7.384,31.136,31.482,673295000.0,0.0,27.137,2.126,2.126,874922000.0,1405415000.0,1400728000.0,1400728000.0,0.0,,,,,3444000.0,343823000.0,1.0,398525436.0,398525436.0,,3.515,4106510000.0,417310000.0,10625000.0,0.0,10.304,1478465000.0
28,HBI,MRQ,2014-06-30,2014-06-28,2014-06-28,2021-08-06,-233830000.0,4415018000.0,,2587736000.0,1827282000.0,,3.461,-7498000.0,143617000.0,143617000.0,837698000.0,154578000.0,2.24,2.203,1788802000.0,265802000.0,1523000000.0,1788802000.0,0.0,22981000.0,0.0,0.01,0.075,206464000.0,229445000.0,0.171,229445000.0,206464000.0,185345000.0,0.38,0.38,0.38,1378428000.0,,1378428000.0,11455651796.0,22.0,19.047,59676000.0,0.15,1.0,504354000.0,0.376,994388000.0,21119000.0,3910477000.0,,1401615000.0,0.0,0.0,0.0,3036590000.0,1155338000.0,1881252000.0,9783420796.0,-7519000.0,0.0,0.0,-33771000.0,-29881000.0,-67573000.0,-7498000.0,0.0,67174000.0,378000.0,154578000.0,154578000.0,154578000.0,0.0,0.0,0.115,297230000.0,207124000.0,563758000.0,0.197,7.098,27.663,28.071,571744000.0,0.0,24.562,2.003,2.003,779520000.0,1316748000.0,1342052000.0,1342052000.0,0.0,,,,,5232000.0,297230000.0,1.0,398307208.0,398307208.0,,3.369,3420630000.0,406852000.0,30767000.0,0.0,8.588,1432398000.0
29,HBI,MRQ,2014-03-31,2014-03-29,2014-03-29,2021-08-06,-237798000.0,4273919000.0,,2440951000.0,1832968000.0,,3.133,-12169000.0,151136000.0,151136000.0,702593000.0,41560000.0,2.371,2.429,1823367000.0,203367000.0,1620000000.0,1823367000.0,0.0,23059000.0,0.0,0.012,0.075,71353000.0,94412000.0,0.089,94412000.0,71353000.0,49535000.0,0.1,0.1,0.1,1246477000.0,,1246477000.0,9149048898.0,19.0,15.909,-74405000.0,-0.187,1.0,356777000.0,0.337,999195000.0,21818000.0,3917592000.0,,1402122000.0,0.0,0.0,0.0,3027442000.0,1029363000.0,1998079000.0,7579929898.0,35273000.0,0.0,0.0,138567000.0,-29850000.0,110191000.0,-12169000.0,0.0,-62236000.0,-513000.0,41560000.0,41560000.0,41560000.0,0.0,0.0,0.039,284989000.0,71788000.0,492357000.0,0.75,6.081,23.637,23.816,572575000.0,0.0,19.052,1.599,1.599,611600000.0,1192618000.0,1059370000.0,1059370000.0,0.0,,,,,3322000.0,284989000.0,1.0,397844372.0,397844372.0,,2.663,3274724000.0,405405000.0,7975000.0,0.0,8.231,1411588000.0
30,HBI,MRQ,2013-12-31,2013-12-28,2013-12-28,2021-08-06,-237017000.0,4090048000.0,,2243666000.0,1846382000.0,,3.104,-12713000.0,115863000.0,115863000.0,858558000.0,32266000.0,2.245,2.324,1684982000.0,217982000.0,1467000000.0,1684982000.0,0.0,23689000.0,0.0,0.009,0.05,56207000.0,79896000.0,0.062,79896000.0,56207000.0,30169000.0,0.082,0.078,0.082,1230623000.0,,1230623000.0,8162734758.0,16.0,13.869,321583000.0,0.811,1.0,427232000.0,0.332,1004143000.0,26038000.0,3655746000.0,,1283331000.0,0.0,0.0,0.0,2859425000.0,999278000.0,1860147000.0,6873231758.0,-16457000.0,-559855000.0,0.0,257529000.0,-19827000.0,235176000.0,-572568000.0,0.0,334296000.0,-13361000.0,32266000.0,32266000.0,32266000.0,0.0,0.0,0.025,355534000.0,71698000.0,466270000.0,0.61,5.585,20.797,20.889,579883000.0,0.0,17.337,1.485,1.485,578558000.0,1181418000.0,1285790000.0,1285790000.0,0.0,,,,,16436000.0,355534000.0,1.0,396437304.0,396437304.0,,3.243,3085905000.0,404686000.0,-2097000.0,0.0,7.784,1244388000.0
31,HBI,MRQ,2013-09-30,2013-09-28,2013-09-28,2021-08-06,-318455000.0,3835017000.0,,2257053000.0,1577964000.0,,2.909,-8652000.0,132320000.0,132320000.0,775666000.0,125263000.0,2.47,2.329,1421823000.0,171823000.0,1250000000.0,1421823000.0,0.0,21571000.0,0.0,0.006,0.05,176103000.0,197674000.0,0.165,197674000.0,176103000.0,151101000.0,0.312,0.307,0.312,1152104000.0,,1152104000.0,7691557393.0,14.0,11.809,230007000.0,0.581,1.0,421680000.0,0.352,544818000.0,25002000.0,3666017000.0,,1313971000.0,0.0,0.0,0.0,2682913000.0,913685000.0,1769228000.0,6198578393.0,50015000.0,0.0,-5279000.0,-153483000.0,-19818000.0,-179974000.0,-8652000.0,0.0,238659000.0,-18000.0,125263000.0,125263000.0,125263000.0,0.0,0.0,0.105,244782000.0,176898000.0,440357000.0,0.16,5.38,16.372,16.442,566776000.0,0.0,15.652,1.379,1.379,585710000.0,1169345000.0,1197346000.0,1197346000.0,0.0,,,,,2739000.0,244782000.0,1.0,396012036.0,396012036.0,,3.024,3290199000.0,573473000.0,25838000.0,0.0,8.308,1343368000.0
32,HBI,MRQ,2013-06-30,2013-06-29,2013-06-29,2021-08-06,-319517000.0,3849530000.0,,2259964000.0,1589566000.0,,2.649,-9643000.0,82305000.0,82305000.0,763723000.0,121586000.0,2.528,2.687,1575284000.0,200784000.0,1374500000.0,1575284000.0,0.0,22409000.0,0.0,0.004,0.05,180696000.0,203105000.0,0.169,203105000.0,180696000.0,155475000.0,0.305,0.297,0.305,1044138000.0,,1044138000.0,6623158806.0,12.0,10.537,86591000.0,0.22,1.0,435482000.0,0.363,547475000.0,25221000.0,3901027000.0,,1337174000.0,0.0,0.0,0.0,2805392000.0,894007000.0,1911385000.0,5067129806.0,13760000.0,0.0,873000.0,-49124000.0,-19797000.0,-72085000.0,-9643000.0,0.0,96234000.0,-746000.0,121586000.0,121586000.0,121586000.0,0.0,0.0,0.101,254035000.0,181447000.0,442270000.0,0.164,4.853,13.95,14.019,576580000.0,0.0,12.855,1.122,1.122,616622000.0,1064266000.0,1199205000.0,1199205000.0,0.0,,,,,2493000.0,254035000.0,1.0,394175792.0,394175792.0,,3.042,3302055000.0,574987000.0,33889000.0,0.0,8.377,1365957000.0
33,HBI,MRQ,2013-03-31,2013-03-30,2013-03-30,2021-08-06,-316257000.0,3807125000.0,,2197558000.0,1609567000.0,,2.413,-6530000.0,68545000.0,68545000.0,618162000.0,51379000.0,2.51,3.014,1624574000.0,189574000.0,1435000000.0,1624574000.0,0.0,23221000.0,0.0,0.0,0.0,84679000.0,107900000.0,0.114,107900000.0,84679000.0,59056000.0,0.13,0.128,0.13,948554000.0,,948554000.0,5952829174.0,15.0,11.853,-84438000.0,-0.215,1.0,327299000.0,0.346,550412000.0,25623000.0,3937180000.0,,1346985000.0,0.0,0.0,0.0,2858571000.0,875562000.0,1983009000.0,4478073174.0,25749000.0,0.0,4406000.0,107050000.0,0.0,110640000.0,-6530000.0,0.0,-77908000.0,-453000.0,51379000.0,51379000.0,51379000.0,0.0,0.0,0.054,242156000.0,85143000.0,419302000.0,0.0,4.721,18.437,18.52,582382000.0,0.0,11.39,0.996,0.996,550650000.0,962846000.0,945461000.0,945461000.0,0.0,,,,,2510000.0,242156000.0,1.0,393158312.0,393158312.0,,2.405,3256713000.0,582882000.0,7677000.0,0.0,8.283,1321996000.0
34,HBI,MRQ,2012-12-31,2012-12-29,2012-12-29,2021-08-06,-317613000.0,3631700000.0,,2027525000.0,1604175000.0,,2.266,-11408000.0,42796000.0,42796000.0,755185000.0,80388000.0,2.315,3.095,1517552000.0,200052000.0,1317500000.0,1517552000.0,0.0,22940000.0,0.0,0.0,0.0,119698000.0,142638000.0,0.124,142638000.0,119698000.0,89346000.0,0.205,0.2,0.205,886866000.0,,886866000.0,5130795919.0,15.0,12.07,232794000.0,0.595,1.0,398071000.0,0.345,553414000.0,30352000.0,3677374000.0,,1253136000.0,0.0,0.0,0.0,2744834000.0,875668000.0,1869166000.0,3423126919.0,-139473000.0,-4000.0,4649000.0,-374864000.0,0.0,-371588000.0,-11412000.0,0.0,244202000.0,-675000.0,80388000.0,80388000.0,80388000.0,-2173000.0,0.0,0.07,245060000.0,153011000.0,403644000.0,0.0,3.86,20.786,20.971,596158000.0,0.0,8.745,0.756,0.756,506278000.0,911467000.0,1153256000.0,1153256000.0,0.0,,,,,13774000.0,245060000.0,1.0,391438184.0,391438184.0,,2.946,3078286000.0,563718000.0,8958000.0,0.0,7.864,1151857000.0
35,HBI,MRQ,2012-09-30,2012-09-29,2012-09-29,2021-08-06,-332251000.0,3939559000.0,,2318854000.0,1620705000.0,,1.968,-10157000.0,182269000.0,182269000.0,818751000.0,109892000.0,2.149,4.07,1889938000.0,389938000.0,1500000000.0,1889938000.0,0.0,23047000.0,0.0,0.0,0.0,151844000.0,174891000.0,0.144,174891000.0,151844000.0,118947000.0,0.278,0.273,0.278,777067000.0,,777067000.0,5107483166.0,18.0,13.477,286508000.0,0.726,1.0,399930000.0,0.328,556392000.0,32897000.0,4011960000.0,,1340776000.0,0.0,0.0,0.0,3162492000.0,1078876000.0,2083616000.0,3111569166.0,152607000.0,-195000.0,3372000.0,-136431000.0,0.0,-134575000.0,-10352000.0,0.0,296665000.0,869000.0,109892000.0,109892000.0,109892000.0,1291000.0,0.0,0.09,243422000.0,156508000.0,429166000.0,0.0,4.004,24.841,25.063,606011000.0,0.0,7.97,0.696,0.703,585490000.0,831079000.0,1218681000.0,1218681000.0,0.0,,,,,2873000.0,243422000.0,1.0,390410184.0,394828000.0,401888000.0,3.087,3383167000.0,553599000.0,9055000.0,0.0,8.569,1239978000.0
36,HBI,MRQ,2012-06-30,2012-06-30,2012-06-30,2021-08-06,-334733000.0,3886056000.0,,2255528000.0,1630528000.0,,1.668,-9989000.0,29662000.0,29662000.0,813719000.0,1231000.0,2.341,4.908,2025576000.0,364891000.0,1660685000.0,2025576000.0,0.0,23719000.0,0.0,0.0,0.0,53055000.0,76774000.0,0.065,76774000.0,53055000.0,16444000.0,0.003,0.003,0.003,657758000.0,,657758000.0,4811494174.0,17.0,12.785,96866000.0,0.246,1.0,366932000.0,0.311,558115000.0,36611000.0,4360412000.0,,1435850000.0,0.0,0.0,0.0,3228298000.0,963443000.0,2264855000.0,2705299174.0,-4938000.0,12903000.0,408000.0,-114404000.0,0.0,-113758000.0,2914000.0,0.0,106855000.0,-949000.0,1231000.0,1231000.0,1231000.0,66085000.0,0.0,0.001,246981000.0,119951000.0,394978000.0,0.0,4.113,25.474,25.487,612515000.0,0.0,6.933,0.609,0.616,585979000.0,721187000.0,1180651000.0,1180651000.0,0.0,,,,,2077000.0,246981000.0,1.0,390234284.0,394288000.0,400264000.0,2.994,3327941000.0,549236000.0,15213000.0,0.0,8.44,1292085000.0
37,HBI,MRQ,2012-03-31,2012-03-31,2012-03-31,2021-08-06,-330727000.0,4076212000.0,,2387554000.0,1688658000.0,,1.669,-9016000.0,34600000.0,34600000.0,718019000.0,-26830000.0,2.727,5.197,2140795000.0,205018000.0,1935777000.0,2140795000.0,0.0,23330000.0,0.0,0.0,0.0,7441000.0,30771000.0,0.032,30771000.0,7441000.0,-29554000.0,-0.068,-0.068,-0.068,657745000.0,,657745000.0,4884148442.0,13.0,10.48,-103131000.0,-0.262,1.0,255114000.0,0.262,600606000.0,36995000.0,4706268000.0,,1619242000.0,0.0,0.0,0.0,3418467000.0,875533000.0,2542934000.0,2881708442.0,-745000.0,0.0,323000.0,102891000.0,0.0,102144000.0,-9016000.0,0.0,-94115000.0,242000.0,-26830000.0,-26830000.0,-26830000.0,2559000.0,0.0,-0.028,244469000.0,10645000.0,401476000.0,0.0,4.381,15.029,14.98,623872000.0,0.0,7.385,0.651,0.657,524745000.0,719956000.0,973133000.0,973133000.0,0.0,,,,,1772000.0,244469000.0,1.0,390211028.0,394132000.0,394132000.0,2.469,3475606000.0,549958000.0,-2724000.0,0.0,8.818,1512021000.0
38,HBI,MRQ,2011-12-31,2011-12-31,2011-12-31,2021-08-06,-333251000.0,4034669000.0,,2330791000.0,1703878000.0,,1.735,-20394000.0,35345000.0,35345000.0,772778000.0,40965000.0,2.496,4.924,2037785000.0,230008000.0,1807777000.0,2037785000.0,0.0,24157000.0,0.0,0.0,0.0,72380000.0,96537000.0,0.088,96537000.0,72380000.0,34665000.0,0.105,0.103,0.105,681061000.0,,681061000.0,4290997179.0,9.0,7.723,179958000.0,0.458,1.0,328173000.0,0.298,603071000.0,37715000.0,4500319000.0,,1607555000.0,0.0,0.0,0.0,3353608000.0,933719000.0,2419889000.0,2124148179.0,-12652000.0,0.0,320000.0,-180885000.0,0.0,-192532000.0,-20394000.0,0.0,200352000.0,-78000.0,40965000.0,40965000.0,40965000.0,-2193000.0,0.0,0.037,253904000.0,74269000.0,451525000.0,0.0,3.119,7.965,8.013,635406000.0,0.0,5.465,0.479,0.482,470713000.0,746786000.0,1100951000.0,1100951000.0,0.0,,,,,10272000.0,253904000.0,1.0,388682192.0,392652000.0,397616000.0,2.804,3431598000.0,548887000.0,-6300000.0,0.0,8.74,1397072000.0
39,HBI,MRQ,2011-09-30,2011-10-01,2011-10-01,2021-08-06,-214432000.0,4218580000.0,,2574859000.0,1643721000.0,,1.915,-20545000.0,47997000.0,47997000.0,771251000.0,90832000.0,2.482,4.623,2214846000.0,209111000.0,2005735000.0,2214846000.0,0.0,22433000.0,0.0,0.0,0.0,149826000.0,172259000.0,0.145,172259000.0,149826000.0,111571000.0,0.233,0.228,0.233,750241000.0,,750241000.0,4625076409.0,10.0,8.457,20834000.0,0.053,1.0,414053000.0,0.349,605827000.0,38255000.0,4742019000.0,,1726372000.0,0.0,0.0,0.0,3468339000.0,1037583000.0,2430756000.0,2429430409.0,3342000.0,0.0,8722000.0,-25392000.0,0.0,-15709000.0,-20545000.0,0.0,41379000.0,-1783000.0,90832000.0,90832000.0,90832000.0,-5762000.0,0.0,0.077,269109000.0,144944000.0,505884000.0,0.0,3.238,9.573,9.619,636409000.0,0.0,6.253,0.557,0.562,589439000.0,705820000.0,1185304000.0,1185304000.0,0.0,,,,,2664000.0,269109000.0,1.0,388553444.0,391700000.0,398140000.0,3.026,3612753000.0,547842000.0,20739000.0,0.0,9.223,1537276000.0
40,HBI,MRQ,2011-06-30,2011-07-02,2011-07-02,2021-08-06,-203867000.0,4154776000.0,,2501729000.0,1653047000.0,,1.686,-22210000.0,44655000.0,44655000.0,757962000.0,86782000.0,2.331,5.316,2240301000.0,242066000.0,1998235000.0,2240301000.0,0.0,22448000.0,0.0,0.0,0.0,144030000.0,166478000.0,0.143,166478000.0,144030000.0,104903000.0,0.223,0.217,0.223,657800000.0,,657800000.0,5045116818.0,12.0,9.929,10572000.0,0.027,1.0,410024000.0,0.351,609434000.0,39127000.0,4667940000.0,,1640231000.0,0.0,0.0,0.0,3496976000.0,1073048000.0,2423928000.0,2842418818.0,-20149000.0,-9154000.0,5637000.0,-23934000.0,0.0,-21784000.0,-31364000.0,0.0,32782000.0,217000.0,86782000.0,86782000.0,86782000.0,-9022000.0,0.0,0.074,274202000.0,135822000.0,563641000.0,0.0,4.321,12.675,12.738,635612000.0,0.0,7.362,0.654,0.661,612178000.0,614988000.0,1167986000.0,1167986000.0,0.0,,,,,689000.0,274202000.0,1.0,386067072.0,390148000.0,396896000.0,2.994,3545342000.0,555361000.0,18121000.0,0.0,9.087,1428681000.0
41,HBI,MRQ,2011-03-31,2011-04-02,2011-04-02,2021-08-06,-208216000.0,4076929000.0,,2434442000.0,1642487000.0,,1.595,-13330000.0,64804000.0,64804000.0,681885000.0,48109000.0,2.581,5.574,2267502000.0,171767000.0,2095735000.0,2267502000.0,0.0,21687000.0,0.0,0.0,0.0,101242000.0,122929000.0,0.119,122929000.0,101242000.0,60137000.0,0.122,0.122,0.122,620123000.0,,620123000.0,4729166870.0,12.0,9.817,-114365000.0,-0.294,1.0,354525000.0,0.342,606738000.0,41105000.0,4729769000.0,,1541730000.0,0.0,0.0,0.0,3456806000.0,943120000.0,2513686000.0,2641424870.0,21133000.0,0.0,2425000.0,132398000.0,0.0,134985000.0,-13330000.0,0.0,-101035000.0,513000.0,48109000.0,48109000.0,48109000.0,0.0,0.0,0.046,252682000.0,101843000.0,471432000.0,0.0,4.26,11.851,11.856,633132000.0,0.0,6.853,0.621,0.626,547121000.0,528208000.0,1036410000.0,1036410000.0,0.0,,,,,2548000.0,252682000.0,1.0,385468788.0,388776000.0,394356000.0,2.666,3470191000.0,683404000.0,12028000.0,0.0,8.926,1491322000.0
42,HBI,MRQ,2010-12-31,2011-01-01,2011-01-01,2021-08-06,-213215000.0,3790002000.0,,2147671000.0,1642331000.0,,1.454,-27497000.0,43671000.0,43671000.0,659231000.0,28056000.0,2.59,5.736,2131413000.0,140678000.0,1990735000.0,2131413000.0,0.0,23334000.0,0.0,0.0,0.0,61876000.0,85210000.0,0.088,85210000.0,61876000.0,22127000.0,0.073,0.073,0.073,562674000.0,,562674000.0,4421591172.0,12.0,9.49,142631000.0,0.369,1.0,309727000.0,0.32,608766000.0,39749000.0,4439628000.0,,1322719000.0,0.0,0.0,0.0,3227328000.0,829350000.0,2397978000.0,2432764172.0,-31825000.0,-222878000.0,2501000.0,44682000.0,0.0,48468000.0,-250375000.0,0.0,170128000.0,-46000.0,28056000.0,28056000.0,28056000.0,-18681000.0,0.0,0.029,251439000.0,58288000.0,412369000.0,0.0,4.324,11.514,11.609,631254000.0,0.0,6.35,0.587,0.591,503243000.0,480098000.0,968958000.0,968958000.0,0.0,,,,,11214000.0,251439000.0,1.0,383112468.0,386996000.0,390904000.0,2.504,3181236000.0,469229000.0,-5929000.0,0.0,8.22,1318321000.0
43,HBI,MRQ,2010-09-30,2010-10-02,2010-10-02,2021-08-06,-213404000.0,3755293000.0,,2255012000.0,1500281000.0,,1.395,-20198000.0,75496000.0,75496000.0,809487000.0,61312000.0,2.355,5.973,2064323000.0,192651000.0,1871672000.0,2064323000.0,0.0,20549000.0,0.0,0.0,0.0,112966000.0,133515000.0,0.114,133515000.0,112966000.0,76640000.0,0.16,0.158,0.16,538527000.0,,538527000.0,4485991648.0,13.0,10.072,7000000.0,0.018,1.0,363875000.0,0.31,451081000.0,36326000.0,4335379000.0,,1377286000.0,0.0,0.0,0.0,3216766000.0,957660000.0,2259106000.0,2489172648.0,38699000.0,0.0,2017000.0,28766000.0,0.0,30970000.0,-20198000.0,0.0,27198000.0,729000.0,61312000.0,61312000.0,61312000.0,0.0,0.0,0.052,249815000.0,114060000.0,461879000.0,0.0,4.622,13.665,13.695,596458000.0,0.0,6.505,0.598,0.603,531360000.0,452043000.0,1173362000.0,1173362000.0,0.0,,,,,2502000.0,249815000.0,1.0,382655288.0,385984000.0,391008000.0,3.04,3304212000.0,723612000.0,15328000.0,0.0,8.56,1297352000.0
44,HBI,MRQ,2010-06-30,2010-07-03,2010-07-03,2021-08-06,-223230000.0,3613721000.0,,2117164000.0,1496557000.0,,1.199,-25067000.0,36797000.0,36797000.0,701046000.0,85412000.0,2.372,6.817,2033616000.0,164944000.0,1868672000.0,2033616000.0,0.0,19893000.0,0.0,0.0,0.0,120177000.0,140070000.0,0.13,140070000.0,120177000.0,83604000.0,0.223,0.217,0.223,462283000.0,,462283000.0,4269905976.0,13.0,10.073,-50377000.0,-0.131,1.0,374806000.0,0.348,453434000.0,36573000.0,4264557000.0,,1295621000.0,0.0,0.0,0.0,3151438000.0,892549000.0,2258889000.0,2322895976.0,-5823000.0,0.0,1384000.0,43949000.0,0.0,45530000.0,-25067000.0,0.0,-25310000.0,-976000.0,85412000.0,85412000.0,85412000.0,0.0,0.0,0.079,252001000.0,122805000.0,460339000.0,0.0,5.025,14.341,14.396,595687000.0,0.0,6.075,0.573,0.578,512801000.0,390730000.0,1075852000.0,1075852000.0,0.0,,,,,2550000.0,252001000.0,1.0,382369708.0,385680000.0,392108000.0,2.789,3160287000.0,719381000.0,-1808000.0,0.0,8.194,1224615000.0
45,HBI,MRQ,2010-03-31,2010-04-03,2010-04-03,2021-08-06,-219758000.0,3440063000.0,,1945166000.0,1494897000.0,,0.976,12164000.0,42620000.0,42620000.0,600410000.0,36513000.0,2.23,8.147,1989630000.0,207958000.0,1781672000.0,1989630000.0,0.0,22836000.0,0.0,0.0,0.0,84306000.0,107142000.0,0.115,107142000.0,84306000.0,46811000.0,0.095,0.092,0.095,376104000.0,,376104000.0,4611198763.0,16.0,11.842,-26798000.0,-0.07,1.0,327430000.0,0.353,455195000.0,37495000.0,4059660000.0,,1183414000.0,0.0,0.0,0.0,3063959000.0,872218000.0,2191741000.0,2691225763.0,3677000.0,0.0,36000.0,30757000.0,0.0,30717000.0,11645000.0,0.0,-38962000.0,277000.0,36513000.0,36513000.0,36513000.0,0.0,0.0,0.039,241718000.0,85712000.0,373263000.0,0.0,7.156,25.123,25.188,587469000.0,0.0,7.053,0.679,0.686,440300000.0,305317000.0,927840000.0,927840000.0,0.0,,,,,3268000.0,241718000.0,1.0,381598832.0,385304000.0,389972000.0,2.408,2984868000.0,731065000.0,10298000.0,0.0,7.747,1072948000.0
46,HBI,MRQ,2009-12-31,2010-01-02,2010-01-02,2021-08-06,-222995000.0,3326564000.0,,1822557000.0,1504007000.0,,0.872,-4965000.0,38943000.0,38943000.0,665412000.0,-1082000.0,2.074,8.938,1958916000.0,231369000.0,1727547000.0,1958916000.0,0.0,29986000.0,0.0,0.0,0.0,34668000.0,64654000.0,0.065,64654000.0,34668000.0,-4063000.0,-0.003,-0.003,-0.003,334719000.0,,334719000.0,4360323918.0,20.0,13.698,198732000.0,0.518,1.0,323327000.0,0.327,458216000.0,38731000.0,3909346000.0,,1049204000.0,0.0,0.0,0.0,2991845000.0,878975000.0,2112870000.0,2294059918.0,326000.0,0.0,803000.0,-199019000.0,0.0,-198239000.0,-4959000.0,0.0,203697000.0,-173000.0,-1082000.0,-1082000.0,-1082000.0,0.0,0.0,-0.001,245895000.0,77432000.0,351971000.0,0.0,6.854,44.733,44.648,602826000.0,0.0,6.027,0.59,0.59,450541000.0,268805000.0,988739000.0,988739000.0,0.0,,,,,10060000.0,238326000.0,1.0,380598908.0,383968000.0,385060000.0,2.575,2868348000.0,496939000.0,-2981000.0,0.0,7.47,943582000.0
47,HBI,MRQ,2009-09-30,2009-10-03,2009-10-03,2021-08-06,-260448000.0,3491913000.0,,2038586000.0,1453327000.0,,0.77,-14858000.0,38617000.0,38617000.0,701993000.0,41138000.0,2.207,10.91,2104881000.0,311201000.0,1793680000.0,2104881000.0,0.0,21140000.0,0.0,0.0,0.0,90886000.0,112026000.0,0.106,112026000.0,90886000.0,47945000.0,0.107,0.107,0.107,293184000.0,,293184000.0,4162443842.0,17.0,11.885,169432000.0,0.445,1.0,356680000.0,0.337,460893000.0,42941000.0,4173660000.0,,1137077000.0,0.0,0.0,0.0,3198729000.0,923624000.0,2275105000.0,1926061842.0,-8944000.0,0.0,376000.0,-178909000.0,0.0,-178763000.0,-14848000.0,0.0,184290000.0,377000.0,41138000.0,41138000.0,41138000.0,0.0,0.0,0.039,263371000.0,93309000.0,292843000.0,0.0,6.569,27.419,27.473,612911000.0,0.0,5.082,0.489,0.492,538540000.0,269887000.0,1058673000.0,1058673000.0,0.0,,,,,9255000.0,248267000.0,1.0,378959536.0,380988000.0,385688000.0,2.779,3031020000.0,703875000.0,6807000.0,0.0,7.956,1114962000.0
48,HBI,MRQ,2009-06-30,2009-07-04,2009-07-04,2021-08-06,-263274000.0,3576091000.0,,2112517000.0,1463574000.0,,0.629,-13771000.0,47561000.0,47561000.0,658631000.0,30555000.0,2.415,13.954,2283943000.0,290013000.0,1993930000.0,2283943000.0,0.0,21579000.0,0.0,0.0,0.0,83980000.0,105559000.0,0.107,105559000.0,83980000.0,39173000.0,0.08,0.08,0.08,239145000.0,,239145000.0,3701581521.0,17.0,11.602,70722000.0,0.186,1.0,327391000.0,0.332,463670000.0,44807000.0,4474089000.0,,1234543000.0,0.0,0.0,0.0,3336946000.0,874714000.0,2462232000.0,1395880521.0,15892000.0,0.0,0.0,-55168000.0,0.0,-55442000.0,-13771000.0,0.0,84493000.0,612000.0,30555000.0,30555000.0,30555000.0,0.0,0.0,0.031,243243000.0,84148000.0,288840000.0,0.0,5.837,31.0,30.708,617072000.0,0.0,3.685,0.346,0.347,505302000.0,228750000.0,986022000.0,986022000.0,0.0,,,,,8819000.0,230699000.0,1.0,378800684.0,380092000.0,384668000.0,2.594,3112421000.0,707943000.0,8618000.0,0.0,8.189,1237803000.0
49,HBI,MRQ,2009-03-31,2009-04-04,2009-04-04,2021-08-06,-277481000.0,3564944000.0,,2096961000.0,1467983000.0,,0.49,-55266000.0,31669000.0,31669000.0,599965000.0,-19328000.0,2.396,18.259,2337370000.0,294440000.0,2042930000.0,2337370000.0,0.0,24050000.0,0.0,0.0,0.0,12021000.0,36071000.0,0.042,36071000.0,12021000.0,-24779000.0,-0.05,-0.05,-0.05,185107000.0,,185107000.0,3259235579.0,13.0,9.174,-113242000.0,-0.3,1.0,257876000.0,0.301,466530000.0,36800000.0,4529066000.0,,1301242000.0,0.0,0.0,0.0,3379837000.0,875049000.0,2504788000.0,1088296579.0,-35673000.0,0.0,0.0,78590000.0,0.0,78270000.0,-55266000.0,0.0,-57976000.0,-701000.0,-19328000.0,-19328000.0,-19328000.0,0.0,0.0,-0.023,241909000.0,15967000.0,289545000.0,0.0,5.879,15.154,15.065,620786000.0,0.0,2.908,0.264,0.267,424759000.0,198195000.0,857841000.0,857841000.0,0.0,,,,,9563000.0,223238000.0,1.0,374306648.0,377972000.0,377972000.0,2.27,3098414000.0,719958000.0,-5451000.0,0.0,8.197,1221912000.0
50,HBI,MRQ,2008-12-31,2009-01-03,2009-01-03,2021-08-06,-281469000.0,3534049000.0,,2110325000.0,1423724000.0,,0.493,-62959000.0,67342000.0,67342000.0,725471000.0,17881000.0,2.82,18.087,2238281000.0,107374000.0,2130907000.0,2238281000.0,0.0,37532000.0,0.0,0.0,0.0,59032000.0,96564000.0,0.093,96564000.0,59032000.0,19237000.0,0.048,0.05,0.048,185155000.0,,185155000.0,3532636631.0,11.0,8.154,133059000.0,0.355,1.0,309646000.0,0.299,469445000.0,39795000.0,4487259000.0,,1290530000.0,0.0,0.0,0.0,3348894000.0,748284000.0,2600610000.0,1232070631.0,-18870000.0,-4644000.0,-9000.0,-145939000.0,0.0,-145514000.0,-67604000.0,0.0,196018000.0,-1770000.0,17881000.0,17881000.0,17881000.0,0.0,0.0,0.017,251248000.0,58398000.0,347153000.0,0.0,6.654,9.688,9.749,588189000.0,0.0,3.295,0.29,0.292,404930000.0,217522000.0,1035117000.0,1035117000.0,0.0,,,,,8397000.0,233340000.0,1.0,373921284.0,375340000.0,376828000.0,2.758,3064604000.0,502887000.0,1356000.0,0.0,8.165,1362041000.0
51,HBI,MRQ,2008-09-30,2008-09-27,2008-09-27,2021-08-06,-41979000.0,3627638000.0,,2252381000.0,1375257000.0,,1.013,-34964000.0,86212000.0,86212000.0,811851000.0,15920000.0,2.919,8.523,2386778000.0,71528000.0,2315250000.0,2386778000.0,0.0,22653000.0,0.0,0.0,0.0,58201000.0,80854000.0,0.07,80854000.0,58201000.0,20948000.0,0.043,0.043,0.043,380934000.0,,380934000.0,4432716229.0,12.0,9.037,-3623000.0,-0.01,1.0,341784000.0,0.296,473991000.0,37253000.0,4682629000.0,,1359008000.0,0.0,0.0,0.0,3246704000.0,771584000.0,2475120000.0,2155748229.0,-10706000.0,-17000.0,-17597000.0,13093000.0,0.0,-4757000.0,-35624000.0,0.0,31341000.0,-1666000.0,15920000.0,15920000.0,15920000.0,0.0,0.0,0.014,283583000.0,58201000.0,322824000.0,0.0,5.659,13.551,13.685,562963000.0,0.0,5.747,0.493,0.494,562937000.0,199641000.0,1153635000.0,1153635000.0,0.0,,,,,7951000.0,255228000.0,1.0,375075812.0,375968000.0,380072000.0,3.068,3153647000.0,582527000.0,5028000.0,0.0,8.388,1480797000.0
52,HBI,MRQ,2008-06-30,2008-06-28,2008-06-28,2021-08-06,-26491000.0,3577571000.0,,2222740000.0,1354831000.0,,1.035,-43516000.0,96918000.0,96918000.0,691215000.0,57344000.0,3.048,8.156,2373886000.0,58636000.0,2315250000.0,2373886000.0,0.0,28696000.0,0.0,0.0,0.0,113087000.0,141783000.0,0.132,141783000.0,113087000.0,75452000.0,0.152,0.15,0.152,390747000.0,,390747000.0,4819376696.0,11.0,8.792,-73997000.0,-0.196,1.0,380956000.0,0.355,473984000.0,37635000.0,4651401000.0,,1342184000.0,0.0,0.0,0.0,3186824000.0,729154000.0,2457670000.0,2610357696.0,-23875000.0,-9994000.0,-2540000.0,44149000.0,0.0,59273000.0,-53510000.0,0.0,-30481000.0,843000.0,57344000.0,57344000.0,57344000.0,0.0,0.0,0.053,267869000.0,113087000.0,320651000.0,0.0,6.68,14.338,14.453,547162000.0,0.0,6.938,0.597,0.599,547617000.0,201271000.0,1072171000.0,1072171000.0,0.0,,,,,8183000.0,266427000.0,1.0,376267776.0,377420000.0,384236000.0,2.841,3103587000.0,569706000.0,18108000.0,0.0,8.223,1493586000.0
53,HBI,MRQ,2008-03-31,2008-03-29,2008-03-29,2021-08-06,-40381000.0,3470139000.0,,2125251000.0,1344888000.0,,0.825,-20510000.0,120793000.0,120793000.0,642883000.0,36024000.0,3.108,10.148,2329812000.0,14562000.0,2315250000.0,2329812000.0,0.0,26264000.0,0.0,0.0,0.0,87794000.0,114058000.0,0.115,114058000.0,87794000.0,47400000.0,0.095,0.095,0.095,311282000.0,,311282000.0,4844242230.0,12.0,9.105,-39991000.0,-0.106,1.0,344964000.0,0.349,467980000.0,40394000.0,4527313000.0,,1223979000.0,0.0,0.0,0.0,3158857000.0,683865000.0,2474992000.0,2683651230.0,-53443000.0,0.0,-7938000.0,-5548000.0,0.0,-13740000.0,-20510000.0,0.0,-19481000.0,288000.0,36024000.0,36024000.0,36024000.0,0.0,0.0,0.036,257170000.0,87794000.0,309867000.0,0.0,8.621,17.873,17.926,526498000.0,0.0,7.045,0.607,0.601,541900000.0,146304000.0,987847000.0,987847000.0,0.0,,,,,6918000.0,254612000.0,1.0,380929912.0,377376000.0,382440000.0,2.618,3002159000.0,588989000.0,11376000.0,0.0,7.955,1441386000.0
54,HBI,MRQ,2007-12-31,2007-12-29,2007-12-29,2021-08-06,-28918000.0,3439483000.0,,2094334000.0,1345149000.0,,0.757,-42688000.0,174236000.0,174236000.0,799275000.0,49793000.0,3.04,10.905,2334827000.0,19577000.0,2315250000.0,2334827000.0,0.0,31755000.0,0.0,0.0,0.0,122069000.0,153824000.0,0.133,153824000.0,122069000.0,75078000.0,0.13,0.128,0.13,288904000.0,,288904000.0,4884652851.0,13.0,9.485,80509000.0,0.211,1.0,359855000.0,0.31,461691000.0,46991000.0,4449401000.0,,1117052000.0,0.0,0.0,0.0,3150579000.0,688982000.0,2461597000.0,2650636851.0,-2141000.0,-2863000.0,725000.0,-74666000.0,0.0,-75640000.0,-50765000.0,0.0,123197000.0,1067000.0,49793000.0,49793000.0,49793000.0,0.0,0.0,0.043,233991000.0,125864000.0,289166000.0,0.0,9.175,21.016,21.22,534286000.0,0.0,6.96,0.592,0.597,575069000.0,117849000.0,1159130000.0,1159130000.0,0.0,,,,,6484000.0,266937000.0,1.0,380838628.0,381776000.0,387672000.0,3.036,2977792000.0,436066000.0,25285000.0,0.0,7.8,1405352000.0
55,HBI,MRQ,2007-09-30,2007-09-29,2007-09-29,2021-08-06,-46175000.0,3512991000.0,,2147017000.0,1365974000.0,,0.574,-22275000.0,176377000.0,176377000.0,792587000.0,38896000.0,2.791,14.986,2410393000.0,45143000.0,2365250000.0,2410393000.0,0.0,33658000.0,0.0,0.0,0.0,104835000.0,138493000.0,0.12,138493000.0,104835000.0,55565000.0,0.102,0.1,0.102,219752000.0,,219752000.0,4967727146.0,14.0,10.06,112010000.0,0.293,1.0,361019000.0,0.313,452123000.0,49270000.0,4525505000.0,,1195765000.0,0.0,0.0,0.0,3293239000.0,769379000.0,2523860000.0,2690579146.0,-16000.0,-17380000.0,-25927000.0,-71047000.0,0.0,-97035000.0,-38835000.0,0.0,134285000.0,1569000.0,38896000.0,38896000.0,38896000.0,0.0,0.0,0.034,255295000.0,105724000.0,291000000.0,0.0,12.244,26.871,26.981,521282000.0,0.0,7.015,0.605,0.604,577759000.0,66864000.0,1153606000.0,1153606000.0,0.0,,,,,8008000.0,253233000.0,1.0,383546564.0,382656000.0,386460000.0,3.015,3060868000.0,589685000.0,16669000.0,0.0,7.999,1377638000.0
56,HBI,MRQ,2007-06-30,2007-06-30,2007-06-30,2021-08-06,-48038000.0,3478461000.0,,2159776000.0,1318685000.0,,0.336,-7224000.0,176393000.0,176393000.0,741550000.0,25434000.0,3.244,25.874,2453541000.0,13291000.0,2440250000.0,2453541000.0,0.0,38093000.0,0.0,0.0,0.0,87564000.0,125657000.0,0.112,125657000.0,87564000.0,36334000.0,0.065,0.065,0.065,129437000.0,,129437000.0,4962420240.0,15.0,10.365,94925000.0,0.247,1.0,380357000.0,0.339,420358000.0,51230000.0,4669491000.0,,1233787000.0,0.0,0.0,0.0,3349024000.0,665760000.0,2683264000.0,2606156240.0,27103000.0,0.0,-15420000.0,-53138000.0,0.0,-67945000.0,-7985000.0,0.0,102149000.0,884000.0,25434000.0,25434000.0,25434000.0,0.0,0.0,0.023,292242000.0,88115000.0,254043000.0,0.0,20.135,23.357,23.545,503052000.0,0.0,6.758,0.591,0.59,555875000.0,55231000.0,1121907000.0,1121907000.0,0.0,,,,,9569000.0,266017000.0,1.0,385668700.0,385016000.0,388896000.0,2.914,3058103000.0,588996000.0,10900000.0,0.0,7.943,1494016000.0
57,HBI,MRQ,2007-03-31,2007-03-31,2007-03-31,2021-08-06,-61428000.0,3454583000.0,,2113347000.0,1341236000.0,,0.237,-2866000.0,149290000.0,149290000.0,700215000.0,12004000.0,3.268,36.829,2505554000.0,30929000.0,2474625000.0,2505554000.0,0.0,28170000.0,0.0,0.0,0.0,68866000.0,97036000.0,0.093,97036000.0,68866000.0,17149000.0,0.03,0.03,0.03,91320000.0,,91320000.0,5226111158.0,16.0,11.271,-3457000.0,-0.009,1.0,339679000.0,0.327,419714000.0,51717000.0,4744357000.0,,1253668000.0,0.0,0.0,0.0,3363263000.0,646776000.0,2716487000.0,2830440158.0,-6683000.0,0.0,2338000.0,-5097000.0,0.0,-2759000.0,-3500000.0,0.0,-591000.0,167000.0,12004000.0,12004000.0,12004000.0,0.0,0.0,0.012,270813000.0,68866000.0,232658000.0,0.0,30.995,19.463,19.438,530882000.0,0.0,7.348,0.642,0.643,513823000.0,45028000.0,1039894000.0,1039894000.0,0.0,,,,,9564000.0,254567000.0,1.0,385224928.0,385900000.0,388420000.0,2.695,3034869000.0,587206000.0,5145000.0,0.0,7.864,1466571000.0
58,HBI,MRQ,2006-12-31,2006-12-30,2006-12-30,2021-08-06,-59568000.0,3435620000.0,,2071180000.0,1364440000.0,,0.18,2103000.0,155973000.0,155973000.0,776782000.0,23794000.0,3.389,48.597,2508473000.0,24473000.0,2484000000.0,2508473000.0,0.0,43839000.0,0.0,0.0,0.0,88781000.0,132620000.0,0.117,132620000.0,88781000.0,35597000.0,0.062,0.062,0.062,69271000.0,,69271000.0,4670424200.0,13.0,9.493,81126000.0,0.211,1.0,354723000.0,0.313,418706000.0,53184000.0,4758233000.0,,1216501000.0,0.0,0.0,0.0,3366349000.0,611181000.0,2755168000.0,2274753200.0,-53107000.0,-6666000.0,139000.0,-135720000.0,0.0,-126719000.0,-4564000.0,0.0,79023000.0,-847000.0,23794000.0,23794000.0,23794000.0,0.0,0.0,0.021,258541000.0,96182000.0,221707000.0,0.0,32.838,10.935,10.935,556866000.0,0.0,5.905,0.517,0.517,488629000.0,33024000.0,1131505000.0,1131505000.0,0.0,,,,,15623000.0,285043000.0,1.0,385224928.0,385248000.0,387684000.0,2.937,3016914000.0,455105000.0,11803000.0,0.0,7.831,1459999000.0
59,HBI,MRQ,2006-09-30,2006-09-30,2006-09-30,2021-08-06,-67032000.0,3601203000.0,,2157629000.0,1443574000.0,,0.042,-18918000.0,209080000.0,209080000.0,753337000.0,50345000.0,3.242,220.817,2604751000.0,31251000.0,2573500000.0,2604751000.0,0.0,29573000.0,0.0,0.0,0.0,93892000.0,123465000.0,0.11,123465000.0,93892000.0,76323000.0,0.13,0.13,0.13,16235000.0,,16235000.0,2867630282.0,,,38138000.0,0.099,1.0,365631000.0,0.327,417120000.0,17569000.0,4914320000.0,,1262961000.0,0.0,0.0,0.0,3584968000.0,665434000.0,2919534000.0,2167853282.0,-89172000.0,0.0,0.0,-116165000.0,0.0,-127153000.0,-18467000.0,0.0,57056000.0,-608000.0,50345000.0,50345000.0,50345000.0,0.0,0.0,0.045,271739000.0,93892000.0,230278000.0,0.0,133.53,,,609048000.0,0.0,5.628,,,516778000.0,9230000.0,1118968000.0,1118968000.0,0.0,,,,,0.0,262426000.0,1.0,385224928.0,385224000.0,385276000.0,2.905,3184083000.0,586216000.0,25978000.0,0.0,8.266,1492195000.0
60,HBI,MRQ,2006-06-30,2006-07-01,2006-07-01,2021-08-06,-8384000.0,4891075000.0,,3755812000.0,1135263000.0,,8.382,-37424000.0,298252000.0,298252000.0,738672000.0,59285000.0,2.33,0.515,717245000.0,717245000.0,0.0,717245000.0,0.0,30654000.0,0.0,,0.0,79910000.0,110564000.0,0.099,110564000.0,79910000.0,74142000.0,0.155,0.155,0.155,3229134000.0,,3229134000.0,,,,3853000.0,0.01,1.0,381461000.0,0.341,415019000.0,5768000.0,3283095000.0,,1236586000.0,0.0,0.0,0.0,1661941000.0,1611954000.0,49987000.0,,-157643000.0,0.0,0.0,259386000.0,0.0,-164090000.0,-37485000.0,0.0,41277000.0,2655000.0,59285000.0,59285000.0,59285000.0,0.0,0.0,0.053,301551000.0,79910000.0,526148000.0,0.0,,,,617021000.0,0.0,,,,2069711000.0,0.0,1120133000.0,1120133000.0,0.0,,,,,0.0,302597000.0,1.0,385224928.0,385224000.0,385224000.0,2.908,4476056000.0,254486000.0,14857000.0,0.0,11.619,2143858000.0
61,HBI,MRQ,2006-03-31,2006-04-01,2006-04-01,2021-08-06,,,,,,,,-20096000.0,,,691968000.0,74592000.0,,,,,,,,29095000.0,,,0.0,96238000.0,125333000.0,0.121,125333000.0,96238000.0,93138000.0,0.193,0.193,0.193,,,,,,,82201000.0,0.213,1.0,340892000.0,0.33,,3100000.0,,,,,,,,,,,-54737000.0,0.0,0.0,-42367000.0,0.0,-136899000.0,-20472000.0,0.0,102297000.0,337000.0,74592000.0,74592000.0,74592000.0,0.0,0.0,0.072,244654000.0,96238000.0,,0.0,,,,,0.0,,,,,,1032860000.0,1032860000.0,0.0,,,,,0.0,243370000.0,1.0,385224928.0,385224000.0,385224000.0,2.681,,,18546000.0,,,
62,HBI,MRQ,2005-09-30,2005-10-01,2005-10-01,2021-08-06,,,,,,,,-19419000.0,,,768442000.0,82604000.0,,,,,,,,25347000.0,,,0.0,103820000.0,129167000.0,0.114,129167000.0,103820000.0,99737000.0,0.215,0.215,0.215,,,,,,,156473000.0,0.406,1.0,369519000.0,0.325,,4083000.0,,,,,,,,,,,-634503000.0,-2436000.0,0.0,-16741000.0,0.0,-798059000.0,-15092000.0,0.0,175892000.0,2756000.0,82604000.0,82604000.0,82604000.0,0.0,0.0,0.073,265699000.0,103820000.0,,0.0,,,,,0.0,,,,,,1137961000.0,1137961000.0,0.0,,,,,0.0,265927000.0,1.0,385224928.0,385224000.0,385224000.0,2.954,,,17133000.0,,,
63,HBI,MRQ,2005-06-30,2005-07-02,2005-07-02,2021-08-06,-18209000.0,4237154000.0,,3125740000.0,1111414000.0,,6.755,,1080799000.0,1080799000.0,,,1.977,0.628,962626000.0,956438000.0,6188000.0,962626000.0,0.0,,0.0,,0.0,,,,,,,,,,2602362000.0,,2602362000.0,,,,,,1.0,,,424567000.0,,2113181000.0,,1262557000.0,0.0,0.0,0.0,1634792000.0,1581233000.0,53559000.0,,,,,,,,,,,,,,,,,,,,256398000.0,,,,,558657000.0,,,,,691839000.0,,,,,,,,,,,1.0,385224928.0,385224000.0,,,3812587000.0,149507000.0,,8135000.0,9.897,1544507000.0
64,HBI,MRQ,2004-06-30,2004-07-03,2004-07-03,2021-08-06,-32368000.0,4402758000.0,,3214674000.0,1188084000.0,,,,674154000.0,674154000.0,,,2.048,0.574,927204000.0,920004000.0,7200000.0,927204000.0,0.0,,0.0,,0.0,,,,,,,,,,2797370000.0,,2797370000.0,,,,,,1.0,,,431424000.0,,2654930000.0,,1312860000.0,0.0,0.0,0.0,1605388000.0,1569454000.0,35934000.0,,,,,,,,,,,,,,,,,,,,290080000.0,,,,,601224000.0,,,,,1087278000.0,,,,,,,,,,,1.0,,,,,3971334000.0,180126000.0,,10890000.0,,1645220000.0
65,HBI,MRQ,2003-06-30,2003-06-28,2003-06-28,2021-08-06,-30077000.0,3915573000.0,,2602863000.0,1312710000.0,,,,289816000.0,289816000.0,,,1.598,0.75,959539000.0,949485000.0,10054000.0,959539000.0,0.0,,0.0,,0.0,,,,,,,,,,2237448000.0,,2237448000.0,,,,,,1.0,,,447371000.0,,2509051000.0,,1237238000.0,0.0,0.0,0.0,1678125000.0,1628874000.0,49251000.0,,,,,,,,,,,,,,,,,,,,277716000.0,,,,,653803000.0,,,,,984944000.0,,,,,,,,,,,1.0,,,,,3468202000.0,203530000.0,,20038000.0,,973989000.0
0,HBI,MRT,2021-06-30,2021-07-03,2021-07-03,2021-08-06,-580928000.0,7277989000.0,7536698250.0,3620614000.0,3657375000.0,0.911,1.61,-29494000.0,667298000.0,667298000.0,4842619000.0,-363472000.0,1.605,11.946,4113415000.0,166553000.0,3946862000.0,4113415000.0,0.0,106601000.0,0.0,0.032,0.6,-288510000.0,-181909000.0,-0.026,-181909000.0,-288510000.0,-463393000.0,-1.03,-1.02,-1.03,562190000.0,752540500.0,562190000.0,10077203431.0,-35.0,-55.397,649024000.0,1.859,1.0,2025830000.0,0.295,2406804000.0,174883000.0,6061346000.0,6520358500.0,1530622000.0,0.0,0.0,0.0,6715799000.0,2255956000.0,4459843000.0,6476091431.0,-7937000.0,0.0,0.0,-470056000.0,-209208000.0,-687070000.0,-16398000.0,0.0,678518000.0,17013000.0,-363472000.0,-363472000.0,-363472000.0,410853000.0,0.0,-0.053,1887479000.0,138351000.0,1171645000.0,-0.583,11.519,-17.817,-18.01,844882000.0,0.0,18.55,0.943,0.943,960993000.0,829479000.0,6868449000.0,6868449000.0,0.0,-0.048,-0.483,-0.044,-0.042,9780000.0,1887479000.0,1.0,349115441.0,349115441.0,,19.674,4871185000.0,351309000.0,-99921000.0,0.0,13.953,1364658000.0
1,HBI,MRT,2021-03-31,2021-04-03,2021-04-03,2021-08-06,-576885000.0,6989253000.0,7748027250.0,3284109000.0,3705144000.0,0.86,1.389,-42769000.0,530403000.0,530403000.0,4802158000.0,-330967000.0,1.639,13.426,4131515000.0,166502000.0,3965013000.0,4131515000.0,0.0,109632000.0,0.0,0.031,0.6,-262769000.0,-153137000.0,-0.023,-153137000.0,-262769000.0,-436287000.0,-0.94,-0.93,-0.94,484481000.0,881823000.0,484481000.0,10358261777.0,-39.0,-67.64,505862000.0,1.45,1.0,1858063000.0,0.279,2420070000.0,173518000.0,6166560000.0,6924313250.0,1489565000.0,0.0,0.0,0.0,6504772000.0,2003735000.0,4501037000.0,6756350777.0,-542823000.0,0.0,0.0,-858364000.0,-209053000.0,-1089768000.0,-30209000.0,0.0,548631000.0,28523000.0,-330967000.0,-330967000.0,-330967000.0,367053000.0,0.0,-0.05,1734973000.0,123090000.0,976887000.0,-0.638,13.946,-20.414,-20.606,874570000.0,0.0,19.37,1.014,1.014,807738000.0,753785000.0,6660221000.0,6660221000.0,0.0,-0.043,-0.375,-0.038,-0.039,9780000.0,1734973000.0,1.0,348804893.0,348804893.0,,19.094,4569183000.0,355826000.0,-105320000.0,0.0,13.1,1280374000.0
2,HBI,MRT,2020-12-31,2021-01-02,2021-01-02,2021-08-06,-566959000.0,7719867000.0,7992739250.0,3429380000.0,4290487000.0,0.834,2.337,-53064000.0,900615000.0,900615000.0,4816086000.0,-75579000.0,1.614,8.484,4471457000.0,400446000.0,4071011000.0,4471457000.0,0.0,107728000.0,0.0,0.041,0.6,-16631000.0,91097000.0,0.014,91097000.0,-16631000.0,-183122000.0,-0.21,-0.21,-0.21,813958000.0,979095500.0,813958000.0,8828866261.0,-531.0,96.917,395405000.0,1.135,1.0,1848264000.0,0.277,2452785000.0,166491000.0,6713563000.0,7298435250.0,1367758000.0,0.0,0.0,0.0,6905909000.0,2124361000.0,4781548000.0,5078565261.0,580680000.0,0.0,-200269000.0,557306000.0,-210385000.0,142169000.0,-41082000.0,0.0,448469000.0,31124000.0,-75579000.0,-75579000.0,-75579000.0,0.0,0.0,-0.011,1841763000.0,6501000.0,891868000.0,-2.857,6.239,-67.195,-69.429,910452000.0,0.0,14.58,0.762,0.762,768221000.0,1069546000.0,6664350000.0,6664350000.0,0.0,-0.009,-0.077,-0.002,-0.002,18969000.0,1841763000.0,1.0,348324092.0,348324092.0,,19.133,5267082000.0,367976000.0,-107543000.0,0.0,15.121,1305019000.0
3,HBI,MRT,2020-09-30,2020-09-26,2020-09-26,2021-08-06,-614783000.0,8159684000.0,7901269000.0,4097221000.0,4062463000.0,0.798,3.302,-68482000.0,731481000.0,731481000.0,4049938000.0,441571000.0,2.026,6.098,4481782000.0,161966000.0,4319816000.0,4481782000.0,0.0,102733000.0,0.0,0.039,0.6,655972000.0,758705000.0,0.12,758705000.0,655972000.0,494095000.0,1.24,1.23,1.24,1149533000.0,1084754750.0,1149533000.0,9346807620.0,14.0,12.319,721472000.0,2.072,1.0,2255486000.0,0.358,2747274000.0,161877000.0,7139965000.0,7218434500.0,2170552000.0,0.0,0.0,0.0,7010151000.0,2022746000.0,4987405000.0,5399973620.0,414510000.0,-3872000.0,-200269000.0,100048000.0,-212401000.0,-334953000.0,-52964000.0,0.0,789954000.0,12473000.0,441571000.0,441571000.0,441571000.0,-11621000.0,0.0,0.07,1587414000.0,668072000.0,1144190000.0,0.484,4.698,12.229,12.508,1014865000.0,0.0,15.51,0.856,0.856,984571000.0,1454676000.0,6305424000.0,6305424000.0,0.0,0.056,0.407,0.091,0.104,5095000.0,1587414000.0,1.0,348160775.0,348160775.0,,18.111,5412410000.0,200877000.0,52524000.0,0.0,15.546,2074475000.0
4,HBI,MRT,2020-06-30,2020-06-27,2020-06-27,2021-08-06,-631009000.0,8123305000.0,7792306000.0,4042150000.0,4081155000.0,0.817,3.101,-84879000.0,556099000.0,556099000.0,4008319000.0,523384000.0,2.008,6.526,4463649000.0,147419000.0,4316230000.0,4463649000.0,0.0,104653000.0,0.0,0.057,0.6,745715000.0,850368000.0,0.134,850368000.0,745715000.0,584615000.0,1.46,1.45,1.46,1079320000.0,1076894750.0,1079320000.0,7568722343.0,10.0,8.901,758123000.0,2.178,1.0,2355806000.0,0.37,2341098000.0,161100000.0,7677165000.0,7167517250.0,1774139000.0,0.0,0.0,0.0,7043985000.0,2012592000.0,5031393000.0,3640449343.0,403493000.0,-25232000.0,-200269000.0,91388000.0,-214405000.0,-344471000.0,-92516000.0,0.0,843002000.0,-2522000.0,523384000.0,523384000.0,523384000.0,-11621000.0,0.0,0.082,1595234000.0,760572000.0,1101438000.0,0.411,3.373,6.956,7.164,935616000.0,0.0,10.46,0.572,0.572,1139130000.0,1404326000.0,6364125000.0,6364125000.0,0.0,0.067,0.486,0.104,0.117,2030000.0,1595234000.0,1.0,348035310.0,348035310.0,,18.286,5782207000.0,193100000.0,61231000.0,0.0,16.614,2029558000.0
5,HBI,MRT,2020-03-31,2020-03-28,2020-03-28,2021-08-06,-723425000.0,7968101000.0,7722989000.0,3975716000.0,3992385000.0,0.852,2.41,-96760000.0,1069490000.0,1069490000.0,4064502000.0,511758000.0,2.192,8.121,4859344000.0,294644000.0,4564700000.0,4859344000.0,0.0,105413000.0,0.0,0.073,0.6,744973000.0,850386000.0,0.129,850386000.0,744973000.0,578426000.0,1.41,1.4,1.41,873571000.0,1063411250.0,873571000.0,6536036633.0,9.0,7.686,817747000.0,2.256,1.0,2517467000.0,0.382,2280996000.0,166547000.0,7663048000.0,7063459000.0,1787660000.0,0.0,0.0,0.0,7094530000.0,1813911000.0,5280619000.0,2968512633.0,774564000.0,-25232000.0,-200269000.0,405343000.0,-216420000.0,-18203000.0,-109004000.0,0.0,914507000.0,-12736000.0,511758000.0,511758000.0,511758000.0,12992000.0,0.0,0.078,1729428000.0,788039000.0,876394000.0,0.426,3.398,5.801,5.809,936392000.0,0.0,8.19,0.451,0.451,666603000.0,1296060000.0,6581969000.0,6581969000.0,0.0,0.066,0.481,0.105,0.113,4099000.0,1729428000.0,1.0,362455755.0,362455755.0,,18.159,5687105000.0,181807000.0,66668000.0,0.0,15.69,2161805000.0
6,HBI,MRT,2019-12-31,2019-12-28,2019-12-28,2021-08-06,-617648000.0,7353986000.0,7687003500.0,3224565000.0,4129421000.0,0.906,3.419,-96200000.0,328876000.0,328876000.0,4247593000.0,600720000.0,1.82,4.947,3896400000.0,281249000.0,3615151000.0,3896400000.0,0.0,106099000.0,0.0,0.04,0.6,858306000.0,964405000.0,0.138,964405000.0,858306000.0,679727000.0,1.65,1.64,1.65,1236595000.0,1078266250.0,1236595000.0,9388461393.0,11.0,9.735,707232000.0,1.955,1.0,2719330000.0,0.39,2756511000.0,178579000.0,6393560000.0,6938121250.0,1905845000.0,0.0,0.0,0.0,6117391000.0,1771439000.0,4345952000.0,5363968393.0,-125809000.0,-25232000.0,0.0,-599730000.0,-216958000.0,-824010000.0,-109660000.0,0.0,803432000.0,4429000.0,600720000.0,600720000.0,600720000.0,0.0,0.0,0.086,1829600000.0,889730000.0,959006000.0,0.364,4.338,8.929,8.988,1075683000.0,0.0,14.83,0.77,0.77,815210000.0,1546224000.0,6966923000.0,6966923000.0,0.0,0.078,0.557,0.124,0.123,9277000.0,1829600000.0,1.0,361697127.0,361697127.0,,19.262,4597475000.0,203331000.0,79007000.0,0.0,12.711,1453126000.0
7,HBI,MRT,2019-09-30,2019-09-28,2019-09-28,2021-08-06,-611959000.0,7723832000.0,7658067000.0,3620169000.0,4103663000.0,0.912,3.093,-98463000.0,317024000.0,317024000.0,4269957000.0,563937000.0,1.728,5.908,4341517000.0,509843000.0,3831674000.0,4341517000.0,0.0,106489000.0,0.0,0.04,0.6,857411000.0,963900000.0,0.138,963900000.0,857411000.0,672052000.0,1.54,1.55,1.54,1118093000.0,987149000.0,1118093000.0,9743655779.0,11.0,10.109,648350000.0,1.793,1.0,2714262000.0,0.389,2717185000.0,185359000.0,6936296000.0,6825422000.0,2095035000.0,0.0,0.0,0.0,6605739000.0,2094844000.0,4510895000.0,5462918779.0,-103663000.0,-21359000.0,0.0,-514238000.0,-216805000.0,-740695000.0,-119822000.0,0.0,746813000.0,10041000.0,563937000.0,563937000.0,563937000.0,0.0,0.0,0.081,1826306000.0,887956000.0,997069000.0,0.39,4.886,9.687,9.812,1057008000.0,0.0,15.11,0.782,0.782,1033938000.0,1416109000.0,6984219000.0,6984219000.0,0.0,0.074,0.571,0.126,0.123,25589000.0,1826306000.0,1.0,361543268.0,361543268.0,,19.318,5006647000.0,213649000.0,108115000.0,0.0,13.848,1525325000.0
8,HBI,MRT,2019-06-30,2019-06-29,2019-06-29,2021-08-06,-572626000.0,7846037000.0,7590985500.0,3669252000.0,4176785000.0,0.918,2.837,-102703000.0,257941000.0,257941000.0,4256063000.0,550267000.0,1.761,6.652,4538678000.0,495648000.0,4043030000.0,4538678000.0,0.0,92585000.0,0.0,0.035,0.6,848010000.0,940595000.0,0.135,940595000.0,848010000.0,652947000.0,1.5,1.51,1.5,1025386000.0,925272750.0,1025386000.0,10549311792.0,12.0,11.216,547734000.0,1.515,1.0,2709896000.0,0.389,2782159000.0,195063000.0,7260932000.0,6735107250.0,2223199000.0,0.0,0.0,0.0,6820651000.0,2083683000.0,4736968000.0,6224530792.0,-140848000.0,1000.0,0.0,-455253000.0,-216650000.0,-682601000.0,-102702000.0,0.0,650437000.0,-5982000.0,550267000.0,550267000.0,550267000.0,0.0,0.0,0.079,1832122000.0,877774000.0,1026863000.0,0.4,6.07,11.312,11.48,1081612000.0,0.0,17.22,0.894,0.894,1011816000.0,1285842000.0,6965959000.0,6965959000.0,0.0,0.072,0.595,0.126,0.122,25630000.0,1832122000.0,1.0,361471010.0,361471010.0,,19.271,5063878000.0,220927000.0,102680000.0,0.0,14.009,1585569000.0
9,HBI,MRT,2019-03-31,2019-03-30,2019-03-30,2021-08-06,-567819000.0,7824159000.0,7486447750.0,3641686000.0,4182473000.0,0.924,2.581,-90571000.0,287080000.0,287080000.0,4226146000.0,541345000.0,1.656,7.386,4611861000.0,623003000.0,3988858000.0,4611861000.0,0.0,100145000.0,0.0,0.034,0.6,840152000.0,940297000.0,0.136,940297000.0,840152000.0,643181000.0,1.48,1.49,1.48,932991000.0,860724000.0,932991000.0,10009830227.0,12.0,10.645,486683000.0,1.347,1.0,2694329000.0,0.389,2788370000.0,196971000.0,7161697000.0,6636875000.0,2232719000.0,0.0,0.0,0.0,6891168000.0,2198873000.0,4692295000.0,6462261227.0,-90361000.0,0.0,0.0,-359185000.0,-216484000.0,-587874000.0,-90571000.0,0.0,577254000.0,10830000.0,541345000.0,541345000.0,541345000.0,0.0,0.0,0.078,1826092000.0,868237000.0,1007420000.0,0.405,6.926,11.937,12.081,1086142000.0,0.0,17.88,0.934,0.934,932875000.0,1191111000.0,6920475000.0,6920475000.0,0.0,0.072,0.629,0.127,0.121,21848000.0,1826092000.0,1.0,361424006.0,361424006.0,,19.148,5035789000.0,213728000.0,101836000.0,0.0,13.933,1442813000.0
10,HBI,MRT,2018-12-31,2018-12-29,2018-12-29,2021-08-06,-495867000.0,7238240000.0,7362351750.0,3542115000.0,3696125000.0,0.924,2.418,-83736000.0,433022000.0,433022000.0,4150736000.0,539666000.0,1.731,7.3,3980591000.0,446408000.0,3534183000.0,3980591000.0,0.0,106126000.0,0.0,0.049,0.6,838256000.0,944382000.0,0.139,944382000.0,838256000.0,643581000.0,1.48,1.48,1.48,872126000.0,803900000.0,872126000.0,8382662698.0,10.0,8.876,559666000.0,1.551,1.0,2653219000.0,0.39,2797108000.0,194675000.0,5942763000.0,6559160250.0,2056838000.0,0.0,0.0,0.0,6366114000.0,2045938000.0,4320176000.0,4397331698.0,34166000.0,-334915000.0,0.0,34158000.0,-216316000.0,-200497000.0,-418651000.0,0.0,643402000.0,9912000.0,539666000.0,539666000.0,539666000.0,0.0,0.0,0.079,1788568000.0,864651000.0,1029933000.0,0.405,5.042,8.148,8.236,607688000.0,0.0,12.19,0.646,0.646,870878000.0,1079503000.0,6803955000.0,6803955000.0,0.0,0.073,0.671,0.128,0.123,21416000.0,1788568000.0,1.0,360732707.0,360732707.0,,18.861,4441132000.0,207449000.0,103915000.0,0.0,12.311,1496177000.0
11,HBI,MRT,2018-09-30,2018-09-29,2018-09-29,2021-08-06,-486498000.0,7455506000.0,7276485500.0,3737205000.0,3718301000.0,0.918,2.415,-88222000.0,398499000.0,398499000.0,4103724000.0,18839000.0,1.844,7.564,4383830000.0,520250000.0,3863580000.0,4383830000.0,0.0,86443000.0,0.0,0.033,0.6,708334000.0,794777000.0,0.119,794777000.0,708334000.0,517095000.0,0.07,0.08,0.07,870588000.0,757419000.0,870588000.0,10744654189.0,15.0,13.519,377695000.0,1.048,1.0,2577105000.0,0.386,2838672000.0,191239000.0,6575037000.0,6595498500.0,2139281000.0,0.0,0.0,0.0,6584918000.0,2027128000.0,4557790000.0,6644149189.0,21662000.0,-396641000.0,-100098000.0,373110000.0,-216892000.0,36412000.0,-484863000.0,0.0,465917000.0,4196000.0,18839000.0,18839000.0,18839000.0,0.0,0.0,0.003,1808668000.0,768437000.0,975138000.0,8.571,7.632,352.681,263.286,607649000.0,0.0,18.43,0.995,0.995,1044516000.0,1077808000.0,6680829000.0,6680829000.0,0.0,0.003,0.025,0.107,0.106,21852000.0,1808668000.0,1.0,360507281.0,360507281.0,,18.532,4616834000.0,191649000.0,498256000.0,0.0,12.806,1710077000.0
12,HBI,MRT,2018-06-30,2018-06-30,2018-06-30,2021-08-06,-472554000.0,7427886000.0,7232789750.0,3616746000.0,3811140000.0,0.917,2.129,-94889000.0,397971000.0,397971000.0,4088497000.0,50774000.0,2.02,8.682,4498476000.0,349275000.0,4149201000.0,4498476000.0,0.0,104833000.0,0.0,0.027,0.6,710153000.0,814986000.0,0.123,814986000.0,710153000.0,527792000.0,0.16,0.16,0.16,767191000.0,847563750.0,767191000.0,12087558569.0,17.0,14.832,462181000.0,1.283,1.0,2542895000.0,0.383,2869577000.0,182361000.0,6868003000.0,6568490750.0,2112211000.0,0.0,0.0,0.0,6660695000.0,1790811000.0,4869884000.0,7935355569.0,-27904000.0,-396641000.0,-100098000.0,224835000.0,-217489000.0,-112674000.0,-491530000.0,0.0,557070000.0,19230000.0,50774000.0,50774000.0,50774000.0,0.0,0.0,0.008,1772881000.0,770014000.0,935176000.0,3.75,10.343,156.288,137.625,617302000.0,0.0,22.02,1.197,1.197,973807000.0,961020000.0,6631392000.0,6631392000.0,0.0,0.007,0.06,0.108,0.107,22227000.0,1772881000.0,1.0,360370371.0,360370371.0,,18.402,4558309000.0,218269000.0,477018000.0,0.0,12.649,1825935000.0
13,HBI,MRT,2018-03-31,2018-03-31,2018-03-31,2021-08-06,-450699000.0,7327775000.0,7185061000.0,3399826000.0,3927949000.0,0.913,1.959,-89401000.0,373662000.0,373662000.0,4033718000.0,82673000.0,2.026,9.384,4525865000.0,340613000.0,4185252000.0,4525865000.0,0.0,100595000.0,0.0,0.033,0.6,724311000.0,824906000.0,0.126,824906000.0,724311000.0,546250000.0,0.24,0.24,0.24,705695000.0,925347500.0,705695000.0,10177626742.0,14.0,12.338,460972000.0,1.28,1.0,2528841000.0,0.385,2951380000.0,178061000.0,6850838000.0,6540327000.0,2044680000.0,0.0,0.0,0.0,6622080000.0,1677760000.0,4944320000.0,6635676742.0,-63143000.0,-393789000.0,-100098000.0,251258000.0,-218081000.0,-131195000.0,-483190000.0,0.0,550373000.0,869000.0,82673000.0,82673000.0,82673000.0,-368000.0,0.0,0.013,1745185000.0,783656000.0,813981000.0,2.5,9.403,80.264,76.75,630669000.0,0.0,18.42,1.011,1.011,874684000.0,875035000.0,6562559000.0,6562559000.0,0.0,0.012,0.089,0.111,0.11,24800000.0,1745185000.0,1.0,360243037.0,360243037.0,,18.217,4376395000.0,233279000.0,463577000.0,137226000.0,12.148,1722066000.0
14,HBI,MRT,2017-12-31,2017-12-30,2017-12-30,2021-08-06,-439206000.0,6894775000.0,7117099250.0,3386370000.0,3508405000.0,0.909,1.882,-82549000.0,421566000.0,421566000.0,3981959000.0,73881000.0,1.904,9.048,3963516000.0,261462000.0,3702054000.0,3963516000.0,0.0,97435000.0,0.0,0.029,0.6,701433000.0,798868000.0,0.123,798868000.0,701433000.0,526998000.0,0.2,0.2,0.2,686202000.0,988438750.0,686202000.0,11219316225.0,16.0,14.044,573169000.0,1.572,1.0,2489451000.0,0.385,2569864000.0,174435000.0,6088116000.0,6460702750.0,1874990000.0,0.0,0.0,0.0,6208573000.0,1778745000.0,4429828000.0,7623455225.0,-38679000.0,-21964000.0,-400017000.0,90952000.0,-219903000.0,-585768000.0,-104513000.0,0.0,655718000.0,-4116000.0,73881000.0,73881000.0,73881000.0,2097000.0,0.0,0.011,1725424000.0,764027000.0,867649000.0,3.0,11.11,103.186,104.55,623991000.0,0.0,20.91,1.178,1.178,903318000.0,850345000.0,6471410000.0,6471410000.0,0.0,0.01,0.075,0.109,0.108,23582000.0,1725424000.0,1.0,364584181.0,364584181.0,,17.75,4324911000.0,234932000.0,453117000.0,137226000.0,11.863,1607625000.0
15,HBI,MRT,2017-09-30,2017-09-30,2017-09-30,2021-08-06,-426642000.0,7280723000.0,7126025500.0,3560026000.0,3720697000.0,0.898,3.378,-61848000.0,400045000.0,400045000.0,3925519000.0,603617000.0,1.877,4.914,3995906000.0,429359000.0,3566547000.0,3995906000.0,0.0,119222000.0,0.0,0.023,0.56,800337000.0,919559000.0,0.144,919559000.0,800337000.0,629000000.0,1.63,1.62,1.63,1231167000.0,1122866750.0,1231167000.0,12757072213.0,16.0,13.873,666558000.0,1.829,1.0,2476025000.0,0.387,2512949000.0,171337000.0,6467006000.0,6489427250.0,1953918000.0,0.0,0.0,0.0,6049556000.0,1896629000.0,4152927000.0,8980757213.0,-50168000.0,38813000.0,-299919000.0,-170345000.0,-206788000.0,-736469000.0,-23035000.0,0.0,728406000.0,-19070000.0,603617000.0,603617000.0,603617000.0,710000.0,0.0,0.094,1639341000.0,836684000.0,852671000.0,0.344,7.295,14.878,15.117,624602000.0,0.0,24.64,1.403,1.403,1009188000.0,1386488000.0,6401544000.0,6401544000.0,0.0,0.085,0.538,0.123,0.125,21839000.0,1639341000.0,1.0,364478783.0,364478783.0,,17.564,4767774000.0,504059000.0,25383000.0,0.0,13.081,1663397000.0
16,HBI,MRT,2017-06-30,2017-07-01,2017-07-01,2021-08-06,-431693000.0,7236971000.0,7131928250.0,3578002000.0,3658969000.0,0.892,2.961,-1989000.0,449415000.0,449415000.0,3916359000.0,574119000.0,2.012,5.711,4225730000.0,428485000.0,3797245000.0,4225730000.0,0.0,114443000.0,0.0,0.022,0.52,776775000.0,891218000.0,0.14,891218000.0,776775000.0,605922000.0,1.53,1.52,1.53,1078326000.0,1111706250.0,1078326000.0,12110077054.0,16.0,13.588,766946000.0,2.106,1.0,2446934000.0,0.385,2479350000.0,170853000.0,6755348000.0,6527593750.0,2000436000.0,0.0,0.0,0.0,6158645000.0,1778588000.0,4380057000.0,8433757054.0,-211582000.0,-730918000.0,-299919000.0,317673000.0,-193670000.0,-234838000.0,-732907000.0,0.0,768935000.0,-12772000.0,574119000.0,574119000.0,574119000.0,-358000.0,0.0,0.09,1640364000.0,806570000.0,784960000.0,0.34,7.821,14.69,15.137,619883000.0,0.0,23.16,1.325,1.325,935548000.0,1238368000.0,6363293000.0,6363293000.0,0.0,0.08,0.516,0.119,0.122,28186000.0,1640364000.0,1.0,364151859.0,364151859.0,,17.474,4757621000.0,480001000.0,31803000.0,0.0,13.065,1799414000.0
17,HBI,MRT,2017-03-31,2017-04-01,2017-04-01,2021-08-06,-419765000.0,7055928000.0,6976348000.0,3458807000.0,3597121000.0,0.887,2.53,-1439000.0,463623000.0,463623000.0,3831091000.0,529730000.0,1.962,6.365,4139943000.0,376824000.0,3763119000.0,4139943000.0,0.0,109120000.0,0.0,0.023,0.48,722009000.0,831129000.0,0.134,831129000.0,722009000.0,558746000.0,1.4,1.39,1.4,958060000.0,1104547750.0,958060000.0,11144448998.0,15.0,13.409,866176000.0,2.287,1.0,2358323000.0,0.381,2437413000.0,163263000.0,6532341000.0,6449866000.0,1998501000.0,0.0,0.0,0.0,6097868000.0,1762494000.0,4335374000.0,7862248998.0,131201000.0,-920103000.0,-299919000.0,695871000.0,-180567000.0,200881000.0,-921542000.0,0.0,867615000.0,-15753000.0,529730000.0,529730000.0,529730000.0,10000.0,0.0,0.086,1564248000.0,794075000.0,756176000.0,0.343,8.206,14.842,14.829,620393000.0,0.0,20.76,1.27,1.27,800467000.0,1120541000.0,6189414000.0,6189414000.0,0.0,0.076,0.48,0.112,0.117,27800000.0,1564248000.0,1.0,378721050.0,378721050.0,,16.343,4618515000.0,467993000.0,29016000.0,0.0,12.195,1696313000.0
18,HBI,MRT,2016-12-31,2016-12-31,2016-12-31,2021-08-06,-435991000.0,6930480000.0,6667881250.0,3321166000.0,3609314000.0,0.904,3.238,-2566000.0,460245000.0,460245000.0,3752151000.0,539382000.0,2.043,4.663,3742445000.0,234760000.0,3507685000.0,3742445000.0,0.0,103175000.0,0.0,0.02,0.44,726346000.0,829521000.0,0.138,829521000.0,726346000.0,573654000.0,1.41,1.4,1.41,1223914000.0,1103043000.0,1223914000.0,11830554533.0,16.0,14.262,603041000.0,1.596,1.0,2276048000.0,0.378,2383998000.0,152692000.0,6203014000.0,6294575500.0,1840565000.0,0.0,0.0,0.0,5706566000.0,1625668000.0,4080898000.0,8152277533.0,141076000.0,-964075000.0,-379901000.0,1073213000.0,-167375000.0,511054000.0,-966641000.0,0.0,605607000.0,-8944000.0,539382000.0,539382000.0,539382000.0,-2455000.0,0.0,0.089,1485997000.0,790051000.0,761647000.0,0.312,6.661,15.114,15.298,692464000.0,0.0,21.57,1.352,1.352,836924000.0,1396116000.0,6028199000.0,6028199000.0,0.0,0.081,0.489,0.115,0.12,31780000.0,1485997000.0,1.0,377945180.0,377945180.0,,15.95,4546482000.0,464872000.0,34272000.0,0.0,12.029,1695498000.0
19,HBI,MRT,2016-09-30,2016-10-01,2016-10-01,2021-08-06,-381242000.0,7304334000.0,6334658750.0,3562127000.0,3742207000.0,0.925,3.141,-22188000.0,450213000.0,450213000.0,3657408000.0,501433000.0,1.902,5.156,4128490000.0,444082000.0,3684408000.0,4128490000.0,0.0,101868000.0,0.0,0.017,0.43,679148000.0,781016000.0,0.133,781016000.0,679148000.0,536837000.0,1.31,1.3,1.31,1186525000.0,1116037250.0,1186525000.0,12706209247.0,19.0,16.269,500264000.0,1.324,1.0,2205039000.0,0.376,2490059000.0,142311000.0,6619672000.0,5954571500.0,2004997000.0,0.0,0.0,0.0,6117809000.0,1872880000.0,4244929000.0,9539404247.0,165618000.0,-963127000.0,-425302000.0,1223547000.0,-165401000.0,626503000.0,-985315000.0,0.0,522452000.0,1978000.0,501433000.0,501433000.0,501433000.0,-1068000.0,0.0,0.086,1475146000.0,729893000.0,757720000.0,0.328,8.04,19.024,19.275,718999000.0,0.0,25.25,1.627,1.627,961659000.0,1281056000.0,5862447000.0,5862447000.0,0.0,0.079,0.449,0.114,0.116,36079000.0,1475146000.0,1.0,377798188.0,377798188.0,,15.517,4814275000.0,471010000.0,35404000.0,0.0,12.743,1689247000.0
20,HBI,MRT,2016-06-30,2016-07-02,2016-07-02,2021-08-06,-378529000.0,6614650000.0,5963425250.0,3633492000.0,2981158000.0,0.955,2.781,-59915000.0,660997000.0,660997000.0,3556043000.0,489729000.0,2.343,5.302,3827802000.0,361277000.0,3466525000.0,3827802000.0,0.0,99923000.0,0.0,0.016,0.42,658897000.0,758820000.0,0.133,758820000.0,658897000.0,528663000.0,1.26,1.25,1.26,1049692000.0,1131980750.0,1049692000.0,12673010259.0,19.0,16.701,271082000.0,0.718,1.0,2136423000.0,0.375,1786104000.0,130234000.0,6444437000.0,5597862750.0,2006867000.0,0.0,0.0,0.0,5564958000.0,1550914000.0,4014044000.0,9664446259.0,345643000.0,-192764000.0,-731396000.0,1177869000.0,-164080000.0,266962000.0,-252679000.0,0.0,330997000.0,363000.0,489729000.0,489729000.0,489729000.0,0.0,0.0,0.086,1426554000.0,709869000.0,664186000.0,0.333,9.207,19.734,20.317,672807000.0,0.0,25.6,1.698,1.698,857562000.0,1149236000.0,5692466000.0,5692466000.0,0.0,0.082,0.433,0.118,0.116,31140000.0,1426554000.0,1.0,377517432.0,377517432.0,,15.079,4828546000.0,461359000.0,38934000.0,0.0,12.79,2082578000.0
21,HBI,MRT,2016-03-31,2016-04-02,2016-04-02,2021-08-06,-384717000.0,5822061000.0,5777858000.0,3117680000.0,2704381000.0,0.994,2.431,-64911000.0,332422000.0,332422000.0,3594411000.0,456488000.0,2.278,5.115,3340986000.0,377562000.0,2963424000.0,3340986000.0,0.0,102150000.0,0.0,0.014,0.41,624115000.0,726265000.0,0.126,726265000.0,624115000.0,501401000.0,1.15,1.14,1.15,952041000.0,1232500750.0,952041000.0,13440801000.0,22.0,18.507,136635000.0,0.349,1.0,2147357000.0,0.374,1550934000.0,122714000.0,5911179000.0,5259671000.0,1969872000.0,0.0,0.0,0.0,4870020000.0,1368512000.0,3501508000.0,11135204000.0,55355000.0,-199891000.0,-731396000.0,1032034000.0,-163916000.0,113912000.0,-264802000.0,0.0,201546000.0,4699000.0,456488000.0,456488000.0,456488000.0,0.0,0.0,0.08,1519765000.0,627592000.0,530436000.0,0.357,11.696,24.393,24.722,652126000.0,0.0,28.43,1.939,1.939,722103000.0,1057046000.0,5741768000.0,5741768000.0,0.0,0.079,0.37,0.119,0.109,32974000.0,1519765000.0,1.0,391670911.0,391670911.0,,14.66,4271127000.0,452709000.0,44913000.0,0.0,10.905,1749168000.0
22,HBI,MRT,2015-12-31,2016-01-02,2016-01-02,2021-08-06,-394933000.0,5597590000.0,5674324250.0,2917867000.0,2679723000.0,1.01,3.256,-83971000.0,319169000.0,319169000.0,3595217000.0,428855000.0,1.94,3.387,2603316000.0,370604000.0,2232712000.0,2603316000.0,0.0,103903000.0,0.0,0.014,0.4,591908000.0,695811000.0,0.121,695811000.0,591908000.0,473873000.0,1.07,1.06,1.07,1275891000.0,1345297750.0,1275891000.0,14026075011.0,24.0,20.158,143036000.0,0.365,1.0,2136332000.0,0.373,1534830000.0,118035000.0,4842998000.0,4949071250.0,1814602000.0,0.0,0.0,0.0,4321699000.0,1503909000.0,2817790000.0,11531309011.0,79314000.0,-192829000.0,-351495000.0,674380000.0,-161316000.0,132982000.0,-276800000.0,0.0,227007000.0,-3875000.0,428855000.0,428855000.0,428855000.0,0.0,0.0,0.075,1541214000.0,595118000.0,672972000.0,0.374,9.038,26.889,27.505,650462000.0,0.0,29.43,2.012,2.012,680417000.0,1389338000.0,5731549000.0,5731549000.0,0.0,0.076,0.319,0.12,0.103,29618000.0,1541214000.0,1.0,391821577.0,391821577.0,,14.628,4062760000.0,445179000.0,45018000.0,0.0,10.369,1413958000.0
23,HBI,MRT,2015-09-30,2015-10-03,2015-10-03,2021-08-06,-383382000.0,5819400000.0,5576975000.0,3265454000.0,2553946000.0,1.048,3.107,-74165000.0,284595000.0,284595000.0,3703821000.0,399129000.0,2.077,3.654,2779361000.0,417754000.0,2361607000.0,2779361000.0,0.0,104412000.0,0.0,0.013,0.375,565703000.0,670115000.0,0.115,670115000.0,565703000.0,448518000.0,1.0,0.98,1.0,1250299000.0,1373018000.0,1250299000.0,13965690156.0,25.0,20.841,131450000.0,0.327,1.0,2140767000.0,0.366,1549192000.0,117185000.0,5192837000.0,4752160500.0,1813510000.0,0.0,0.0,0.0,4569101000.0,1572137000.0,2996964000.0,11683901156.0,68763000.0,-200282000.0,-306094000.0,558970000.0,-151682000.0,69938000.0,-206353000.0,64380000.0,205615000.0,-437000.0,399129000.0,399129000.0,399129000.0,0.0,0.0,0.068,1572425000.0,568342000.0,637788000.0,0.375,9.345,29.273,29.03,652391000.0,0.0,29.03,1.999,1.999,850334000.0,1349059000.0,5844588000.0,5844588000.0,0.0,0.072,0.291,0.119,0.097,28420000.0,1572425000.0,1.0,402476788.0,402476788.0,,14.522,4270208000.0,494381000.0,49389000.0,0.0,10.61,1693317000.0
24,HBI,MRT,2015-06-30,2015-07-04,2015-07-04,2021-08-06,-368252000.0,5872381000.0,5507998500.0,3296322000.0,2576059000.0,1.027,3.614,-88617000.0,315354000.0,315354000.0,3596546000.0,355919000.0,2.178,3.045,2597143000.0,379383000.0,2217760000.0,2597143000.0,0.0,102969000.0,0.0,0.01,0.35,511190000.0,614159000.0,0.109,614159000.0,511190000.0,401833000.0,0.89,0.87,0.89,1451772000.0,1426610750.0,1451772000.0,15665210971.0,31.0,25.507,181467000.0,0.452,1.0,2057732000.0,0.364,1548810000.0,109357000.0,5091670000.0,4580507500.0,1766761000.0,0.0,0.0,0.0,4420609000.0,1513690000.0,2906919000.0,13640586971.0,171737000.0,-553900000.0,0.0,656777000.0,-141346000.0,490318000.0,-583202000.0,64380000.0,270084000.0,-5463000.0,355919000.0,355919000.0,355919000.0,0.0,0.0,0.063,1543826000.0,513906000.0,661369000.0,0.393,9.396,38.325,38.157,658789000.0,0.0,33.96,2.412,2.412,835299000.0,1530495000.0,5654278000.0,5654278000.0,0.0,0.065,0.249,0.112,0.09,28493000.0,1543826000.0,1.0,401666283.0,401666283.0,,14.077,4323571000.0,505541000.0,45914000.0,0.0,10.764,1782632000.0
25,HBI,MRT,2015-03-31,2015-04-04,2015-04-04,2021-08-06,-367746000.0,5407926000.0,5143657750.0,3020688000.0,2387238000.0,1.064,3.501,-76655000.0,277067000.0,277067000.0,3480436000.0,415595000.0,2.156,2.854,2301691000.0,327815000.0,1973876000.0,2301691000.0,0.0,99716000.0,0.0,0.01,0.325,579551000.0,679267000.0,0.124,679267000.0,579551000.0,478095000.0,1.04,1.02,1.04,1403229000.0,1408274750.0,1403229000.0,15427161204.0,27.0,22.711,234326000.0,0.585,1.0,1993861000.0,0.364,1363024000.0,101456000.0,4668780000.0,4285209250.0,1692712000.0,0.0,0.0,0.0,4004697000.0,1400746000.0,2603951000.0,13683264204.0,125931000.0,-360439000.0,0.0,350013000.0,-129840000.0,199798000.0,-377779000.0,64380000.0,310981000.0,-7069000.0,415595000.0,415595000.0,415595000.0,0.0,0.0,0.076,1411764000.0,582097000.0,613261000.0,0.312,9.751,32.925,32.827,662809000.0,0.0,34.14,2.5,2.5,713113000.0,1476310000.0,5474297000.0,5474297000.0,0.0,0.081,0.295,0.135,0.106,31417000.0,1411764000.0,1.0,400798600.0,400798600.0,,13.658,4044902000.0,504593000.0,62500000.0,0.0,10.092,1619942000.0
26,HBI,MRT,2014-12-31,2015-01-03,2015-01-03,2021-08-06,-372589000.0,5208193000.0,4860156000.0,2550167000.0,2658026000.0,1.096,3.471,-57191000.0,239855000.0,239855000.0,3420339000.0,404519000.0,1.72,2.756,1983752000.0,369755000.0,1613997000.0,1983752000.0,0.0,98202000.0,0.0,0.011,0.3,561355000.0,659557000.0,0.124,659557000.0,561355000.0,464968000.0,1.01,0.99,1.01,1386772000.0,1369086750.0,1386772000.0,13124738278.0,23.0,19.899,450899000.0,1.128,1.0,1904407000.0,0.358,1414321000.0,96387000.0,4055355000.0,4097412250.0,1537200000.0,0.0,0.0,0.0,3821421000.0,1482414000.0,2339007000.0,11049068278.0,123992000.0,-360439000.0,0.0,109594000.0,-119607000.0,-23765000.0,-358315000.0,64380000.0,508090000.0,-2018000.0,404519000.0,404519000.0,404519000.0,0.0,0.0,0.076,1340453000.0,563954000.0,621220000.0,0.297,7.967,27.314,27.379,674379000.0,0.0,27.652,2.075,2.075,672048000.0,1464427000.0,5324746000.0,5324746000.0,0.0,0.083,0.295,0.137,0.105,30587000.0,1340453000.0,1.0,399568512.0,399568512.0,,13.326,3793872000.0,495824000.0,60449000.0,0.0,9.495,1067753000.0
27,HBI,MRT,2014-09-30,2014-09-27,2014-09-27,2021-08-06,-235514000.0,5543494000.0,4580619750.0,3154420000.0,2389074000.0,1.111,3.675,-54260000.0,215832000.0,215832000.0,3301862000.0,347348000.0,1.882,2.785,2291502000.0,382769000.0,1908733000.0,2291502000.0,0.0,93229000.0,0.0,0.01,0.275,487121000.0,580350000.0,0.114,580350000.0,487121000.0,394618000.0,0.862,0.847,0.862,1464670000.0,1330049500.0,1464670000.0,12460169019.0,26.0,21.47,495357000.0,1.243,1.0,1786078000.0,0.351,1436984000.0,92503000.0,4506225000.0,3997510000.0,1666008000.0,0.0,0.0,0.0,4078824000.0,1675955000.0,2402869000.0,10814984019.0,83512000.0,-912841000.0,0.0,646000000.0,-109465000.0,527877000.0,-975880000.0,0.0,549617000.0,-18102000.0,347348000.0,347348000.0,347348000.0,0.0,0.0,0.068,1281576000.0,504502000.0,673937000.0,0.319,7.384,31.136,31.482,673295000.0,0.0,27.137,2.126,2.126,874922000.0,1405415000.0,5087940000.0,5087940000.0,0.0,0.076,0.261,0.122,0.096,28434000.0,1281576000.0,1.0,398525436.0,398525436.0,,12.767,4106510000.0,417310000.0,47270000.0,0.0,10.304,1478465000.0
28,HBI,MRT,2014-06-30,2014-06-28,2014-06-28,2021-08-06,-233830000.0,4415018000.0,4153500500.0,2587736000.0,1827282000.0,1.176,3.461,-41032000.0,143617000.0,143617000.0,3174515000.0,353667000.0,2.24,2.203,1788802000.0,265802000.0,1523000000.0,1788802000.0,0.0,91300000.0,0.0,0.01,0.25,510127000.0,601427000.0,0.123,601427000.0,510127000.0,416150000.0,0.875,0.865,0.875,1378428000.0,1251908000.0,1378428000.0,11455651796.0,22.0,19.047,536861000.0,1.348,1.0,1710043000.0,0.35,994388000.0,93977000.0,3910477000.0,3787458000.0,1401615000.0,0.0,0.0,0.0,3036590000.0,1155338000.0,1881252000.0,9783420796.0,61312000.0,-559855000.0,-5279000.0,208842000.0,-99376000.0,97820000.0,-600887000.0,0.0,577893000.0,-13514000.0,353667000.0,353667000.0,353667000.0,0.0,0.0,0.072,1182535000.0,527508000.0,563758000.0,0.286,7.098,27.663,28.071,571744000.0,0.0,24.562,2.003,2.003,779520000.0,1316748000.0,4884558000.0,4884558000.0,0.0,0.085,0.283,0.135,0.104,27729000.0,1182535000.0,1.0,398307208.0,398307208.0,,12.263,3420630000.0,406852000.0,62483000.0,0.0,8.588,1432398000.0
29,HBI,MRT,2014-03-31,2014-03-29,2014-03-29,2021-08-06,-237798000.0,4273919000.0,4012128500.0,2440951000.0,1832968000.0,1.182,3.133,-43177000.0,151136000.0,151136000.0,3100540000.0,320675000.0,2.371,2.429,1823367000.0,203367000.0,1620000000.0,1823367000.0,0.0,90728000.0,0.0,0.012,0.225,484359000.0,575087000.0,0.121,575087000.0,484359000.0,386280000.0,0.8,0.782,0.8,1246477000.0,1168335500.0,1246477000.0,9149048898.0,19.0,15.909,563776000.0,1.417,1.0,1641171000.0,0.346,999195000.0,98079000.0,3917592000.0,3785095500.0,1402122000.0,0.0,0.0,0.0,3027442000.0,1029363000.0,1998079000.0,7579929898.0,82591000.0,-559855000.0,-4406000.0,193489000.0,-89292000.0,93308000.0,-603032000.0,0.0,606953000.0,-14638000.0,320675000.0,320675000.0,320675000.0,0.0,0.0,0.068,1139340000.0,501831000.0,492357000.0,0.281,6.081,23.637,23.816,572575000.0,0.0,19.052,1.599,1.599,611600000.0,1192618000.0,4741711000.0,4741711000.0,0.0,0.08,0.274,0.128,0.102,24990000.0,1139340000.0,1.0,397844372.0,397844372.0,,11.919,3274724000.0,405405000.0,65605000.0,0.0,8.231,1411588000.0
30,HBI,MRT,2013-12-31,2013-12-28,2013-12-28,2021-08-06,-237017000.0,4090048000.0,3895430000.0,2243666000.0,1846382000.0,1.188,3.104,-37538000.0,115863000.0,115863000.0,3016109000.0,330494000.0,2.245,2.324,1684982000.0,217982000.0,1467000000.0,1684982000.0,0.0,90890000.0,0.0,0.009,0.15,497685000.0,588575000.0,0.127,588575000.0,497685000.0,395801000.0,0.83,0.81,0.83,1230623000.0,1093854750.0,1230623000.0,8162734758.0,16.0,13.869,553743000.0,1.397,1.0,1611693000.0,0.348,1004143000.0,101884000.0,3655746000.0,3789992500.0,1283331000.0,0.0,0.0,0.0,2859425000.0,999278000.0,1860147000.0,6873231758.0,73067000.0,-559855000.0,0.0,161972000.0,-59442000.0,93757000.0,-597393000.0,0.0,591281000.0,-14578000.0,330494000.0,330494000.0,330494000.0,0.0,0.0,0.071,1096507000.0,515186000.0,466270000.0,0.181,5.585,20.797,20.889,579883000.0,0.0,17.337,1.485,1.485,578558000.0,1181418000.0,4627802000.0,4627802000.0,0.0,0.085,0.302,0.131,0.108,24178000.0,1096507000.0,1.0,396437304.0,396437304.0,,11.673,3085905000.0,404686000.0,65307000.0,0.0,7.784,1244388000.0
31,HBI,MRT,2013-09-30,2013-09-28,2013-09-28,2021-08-06,-318455000.0,3835017000.0,3780843000.0,2257053000.0,1577964000.0,1.189,2.909,-36233000.0,132320000.0,132320000.0,2912736000.0,378616000.0,2.47,2.329,1421823000.0,171823000.0,1250000000.0,1421823000.0,0.0,90141000.0,0.0,0.006,0.1,561176000.0,651317000.0,0.145,651317000.0,561176000.0,454978000.0,0.952,0.932,0.952,1152104000.0,1007915500.0,1152104000.0,7691557393.0,14.0,11.809,464954000.0,1.174,1.0,1582532000.0,0.352,544818000.0,106198000.0,3666017000.0,3795399500.0,1313971000.0,0.0,0.0,0.0,2682913000.0,913685000.0,1769228000.0,6198578393.0,-49949000.0,-4000.0,4649000.0,-470421000.0,-39615000.0,-513007000.0,-36237000.0,0.0,501187000.0,-1892000.0,378616000.0,378616000.0,378616000.0,-2173000.0,0.0,0.084,986033000.0,596499000.0,440357000.0,0.105,5.38,16.372,16.442,566776000.0,0.0,15.652,1.379,1.379,585710000.0,1169345000.0,4495268000.0,4495268000.0,0.0,0.1,0.376,0.148,0.125,21516000.0,986033000.0,1.0,396012036.0,396012036.0,,11.351,3290199000.0,573473000.0,76362000.0,0.0,8.308,1343368000.0
32,HBI,MRT,2013-06-30,2013-06-29,2013-06-29,2021-08-06,-319517000.0,3849530000.0,3806978500.0,2259964000.0,1589566000.0,1.186,2.649,-37738000.0,82305000.0,82305000.0,2955821000.0,363245000.0,2.528,2.687,1575284000.0,200784000.0,1374500000.0,1575284000.0,0.0,91617000.0,0.0,0.004,0.05,536917000.0,628534000.0,0.139,628534000.0,536917000.0,422824000.0,0.917,0.897,0.917,1044138000.0,914156250.0,1044138000.0,6623158806.0,12.0,10.537,521455000.0,1.323,1.0,1560782000.0,0.346,547475000.0,114093000.0,3901027000.0,3881885250.0,1337174000.0,0.0,0.0,0.0,2805392000.0,894007000.0,1911385000.0,5067129806.0,52643000.0,-199000.0,13300000.0,-453369000.0,-19797000.0,-467608000.0,-37937000.0,0.0,559193000.0,-1005000.0,363245000.0,363245000.0,363245000.0,-882000.0,0.0,0.08,984673000.0,576109000.0,442270000.0,0.055,4.853,13.95,14.019,576580000.0,0.0,12.855,1.122,1.122,616622000.0,1064266000.0,4516603000.0,4516603000.0,0.0,0.095,0.397,0.138,0.119,21650000.0,984673000.0,1.0,394175792.0,394175792.0,,11.458,3302055000.0,574987000.0,59579000.0,0.0,8.377,1365957000.0
33,HBI,MRT,2013-03-31,2013-03-30,2013-03-30,2021-08-06,-316257000.0,3807125000.0,3816110000.0,2197558000.0,1609567000.0,1.179,2.413,-38084000.0,68545000.0,68545000.0,3005817000.0,242890000.0,2.51,3.014,1624574000.0,189574000.0,1435000000.0,1624574000.0,0.0,92927000.0,0.0,0.0,0.0,409276000.0,502203000.0,0.112,502203000.0,409276000.0,283793000.0,0.615,0.603,0.615,948554000.0,817561250.0,948554000.0,5952829174.0,15.0,11.853,531730000.0,1.352,1.0,1492232000.0,0.332,550412000.0,125483000.0,3937180000.0,3996731500.0,1346985000.0,0.0,0.0,0.0,2858571000.0,875562000.0,1983009000.0,4478073174.0,33945000.0,12704000.0,12835000.0,-518649000.0,0.0,-509281000.0,-25380000.0,0.0,569814000.0,-1208000.0,242890000.0,242890000.0,242890000.0,65203000.0,0.0,0.054,977619000.0,514613000.0,419302000.0,0.0,4.721,18.437,18.52,582382000.0,0.0,11.39,0.996,0.996,550650000.0,962846000.0,4498049000.0,4498049000.0,0.0,0.064,0.297,0.102,0.091,21234000.0,977619000.0,1.0,393158312.0,393158312.0,,11.441,3256713000.0,582882000.0,40903000.0,0.0,8.283,1321996000.0
34,HBI,MRT,2012-12-31,2012-12-29,2012-12-29,2021-08-06,-317613000.0,3631700000.0,3883381750.0,2027525000.0,1604175000.0,1.165,2.266,-40570000.0,42796000.0,42796000.0,3105674000.0,164681000.0,2.315,3.095,1517552000.0,200052000.0,1317500000.0,1517552000.0,0.0,93036000.0,0.0,0.0,0.0,332038000.0,425074000.0,0.094,425074000.0,332038000.0,195183000.0,0.417,0.41,0.417,886866000.0,744859000.0,886866000.0,5130795919.0,15.0,12.07,513037000.0,1.311,1.0,1420047000.0,0.314,553414000.0,136855000.0,3677374000.0,4189003500.0,1253136000.0,0.0,0.0,0.0,2744834000.0,875668000.0,1869166000.0,3423126919.0,7451000.0,12704000.0,8752000.0,-522808000.0,0.0,-517777000.0,-27866000.0,0.0,553607000.0,-513000.0,164681000.0,164681000.0,164681000.0,67762000.0,0.0,0.036,979932000.0,440115000.0,403644000.0,0.0,3.86,20.786,20.971,596158000.0,0.0,8.745,0.756,0.756,506278000.0,911467000.0,4525721000.0,4525721000.0,0.0,0.042,0.221,0.079,0.073,20496000.0,979932000.0,1.0,391438184.0,391438184.0,,11.562,3078286000.0,563718000.0,30502000.0,0.0,7.864,1151857000.0
35,HBI,MRT,2012-09-30,2012-09-29,2012-09-29,2021-08-06,-332251000.0,3939559000.0,3984124000.0,2318854000.0,1620705000.0,1.123,1.968,-49556000.0,182269000.0,182269000.0,3123267000.0,125258000.0,2.149,4.07,1889938000.0,389938000.0,1500000000.0,1889938000.0,0.0,94253000.0,0.0,0.0,0.0,284720000.0,378973000.0,0.085,378973000.0,284720000.0,140502000.0,0.318,0.31,0.318,777067000.0,693407750.0,777067000.0,5107483166.0,18.0,13.477,460201000.0,1.166,1.0,1350149000.0,0.302,556392000.0,144218000.0,4011960000.0,4394739750.0,1340776000.0,0.0,0.0,0.0,3162492000.0,1078876000.0,2083616000.0,3111569166.0,134272000.0,12708000.0,4423000.0,-328829000.0,0.0,-338721000.0,-36848000.0,0.0,509757000.0,84000.0,125258000.0,125258000.0,125258000.0,67742000.0,0.0,0.028,988776000.0,361373000.0,429166000.0,0.0,4.004,24.841,25.063,606011000.0,0.0,7.97,0.696,0.703,585490000.0,831079000.0,4473416000.0,4473416000.0,0.0,0.031,0.181,0.065,0.064,16994000.0,988776000.0,1.0,390410184.0,394828000.0,401888000.0,11.33,3383167000.0,553599000.0,15244000.0,0.0,8.569,1239978000.0
36,HBI,MRT,2012-06-30,2012-06-30,2012-06-30,2021-08-06,-334733000.0,3886056000.0,4053879250.0,2255528000.0,1630528000.0,1.095,1.668,-59944000.0,29662000.0,29662000.0,3075767000.0,106198000.0,2.341,4.908,2025576000.0,364891000.0,1660685000.0,2025576000.0,0.0,93639000.0,0.0,0.0,0.0,282702000.0,376341000.0,0.085,376341000.0,282702000.0,133126000.0,0.272,0.265,0.272,657758000.0,686701250.0,657758000.0,4811494174.0,17.0,12.785,194527000.0,0.493,1.0,1364272000.0,0.307,558115000.0,149576000.0,4360412000.0,4577254500.0,1435850000.0,0.0,0.0,0.0,3228298000.0,963443000.0,2264855000.0,2705299174.0,-14993000.0,12903000.0,9773000.0,-217790000.0,0.0,-219855000.0,-47041000.0,0.0,254471000.0,-2568000.0,106198000.0,106198000.0,106198000.0,60689000.0,0.0,0.024,1014463000.0,349809000.0,394978000.0,0.0,4.113,25.474,25.487,612515000.0,0.0,6.933,0.609,0.616,585979000.0,721187000.0,4440039000.0,4440039000.0,0.0,0.026,0.155,0.062,0.064,16785000.0,1014463000.0,1.0,390234284.0,394288000.0,400264000.0,11.261,3327941000.0,549236000.0,26928000.0,0.0,8.44,1292085000.0
37,HBI,MRT,2012-03-31,2012-03-31,2012-03-31,2021-08-06,-330727000.0,4076212000.0,4121059250.0,2387554000.0,1688658000.0,1.074,1.669,-72165000.0,34600000.0,34600000.0,3020010000.0,191749000.0,2.727,5.197,2140795000.0,205018000.0,1935777000.0,2140795000.0,0.0,92368000.0,0.0,0.0,0.0,373677000.0,466045000.0,0.105,466045000.0,373677000.0,221585000.0,0.493,0.48,0.493,657745000.0,686711750.0,657745000.0,4884148442.0,13.0,10.48,108233000.0,0.275,1.0,1407364000.0,0.318,600606000.0,152092000.0,4706268000.0,4654136500.0,1619242000.0,0.0,0.0,0.0,3418467000.0,875533000.0,2542934000.0,2881708442.0,-30204000.0,-9154000.0,15002000.0,-127320000.0,0.0,-127881000.0,-81319000.0,0.0,180398000.0,-1402000.0,191749000.0,191749000.0,191749000.0,-14418000.0,0.0,0.043,1041684000.0,365680000.0,401476000.0,0.0,4.381,15.029,14.98,623872000.0,0.0,7.385,0.651,0.657,524745000.0,719956000.0,4427374000.0,4427374000.0,0.0,0.047,0.279,0.08,0.084,15397000.0,1041684000.0,1.0,390211028.0,394132000.0,394132000.0,11.233,3475606000.0,549958000.0,29836000.0,0.0,8.818,1512021000.0
38,HBI,MRT,2011-12-31,2011-12-31,2011-12-31,2021-08-06,-333251000.0,4034669000.0,4121238500.0,2330791000.0,1703878000.0,1.076,1.743,-76479000.0,35345000.0,35345000.0,2941083000.0,266688000.0,2.496,4.924,2037785000.0,230008000.0,1807777000.0,2037785000.0,0.0,90725000.0,0.0,0.0,0.0,464869000.0,555594000.0,0.125,555594000.0,464869000.0,308671000.0,0.682,0.672,0.682,681061000.0,677306250.0,681061000.0,4290997179.0,9.0,7.723,96999000.0,0.248,1.0,1493208000.0,0.337,603071000.0,156198000.0,4500319000.0,4660011750.0,1607555000.0,0.0,0.0,0.0,3353608000.0,933719000.0,2419889000.0,2124148179.0,-8326000.0,-9154000.0,17104000.0,-97813000.0,0.0,-95040000.0,-85633000.0,0.0,173478000.0,-1131000.0,266688000.0,266688000.0,266688000.0,-24119000.0,0.0,0.06,1046081000.0,447127000.0,451525000.0,0.0,3.119,7.965,8.013,635406000.0,0.0,5.465,0.479,0.482,470713000.0,746786000.0,4434291000.0,4434291000.0,0.0,0.065,0.394,0.1,0.105,16173000.0,1046081000.0,1.0,388682192.0,390840000.0,397004000.0,11.346,3431598000.0,548887000.0,41983000.0,0.0,8.78,1397072000.0
39,HBI,MRT,2011-09-30,2011-10-01,2011-10-01,2021-08-06,-214432000.0,4218580000.0,4060071750.0,2574859000.0,1643721000.0,1.074,1.915,-83582000.0,47997000.0,47997000.0,2870329000.0,253779000.0,2.482,4.623,2214846000.0,209111000.0,2005735000.0,2214846000.0,0.0,89902000.0,0.0,0.0,0.0,456974000.0,546876000.0,0.125,546876000.0,456974000.0,298738000.0,0.65,0.64,0.65,750241000.0,647709500.0,750241000.0,4625076409.0,10.0,8.457,59672000.0,0.152,1.0,1488329000.0,0.341,605827000.0,158236000.0,4742019000.0,4644839000.0,1726372000.0,0.0,0.0,0.0,3468339000.0,1037583000.0,2430756000.0,2429430409.0,-27499000.0,-232032000.0,19285000.0,127754000.0,0.0,145960000.0,-315614000.0,0.0,143254000.0,-1099000.0,253779000.0,253779000.0,253779000.0,-33465000.0,0.0,0.058,1047432000.0,440897000.0,505884000.0,0.0,3.238,9.573,9.619,636409000.0,0.0,6.253,0.557,0.562,589439000.0,705820000.0,4358658000.0,4358658000.0,0.0,0.063,0.392,0.098,0.105,17115000.0,1047432000.0,1.0,388553444.0,391700000.0,398140000.0,11.128,3612753000.0,547842000.0,44959000.0,0.0,9.223,1537276000.0
40,HBI,MRT,2011-06-30,2011-07-02,2011-07-02,2021-08-06,-203867000.0,4154776000.0,3944250000.0,2501729000.0,1653047000.0,1.102,1.686,-83235000.0,44655000.0,44655000.0,2908565000.0,224259000.0,2.331,5.316,2240301000.0,242066000.0,1998235000.0,2240301000.0,0.0,88018000.0,0.0,0.0,0.0,420114000.0,508132000.0,0.117,508132000.0,420114000.0,263807000.0,0.578,0.57,0.578,657800000.0,594781000.0,657800000.0,5045116818.0,12.0,9.929,45838000.0,0.117,1.0,1438151000.0,0.331,609434000.0,156307000.0,4667940000.0,4543179000.0,1640231000.0,0.0,0.0,0.0,3496976000.0,1073048000.0,2423928000.0,2842418818.0,7858000.0,-232032000.0,12580000.0,181912000.0,0.0,192639000.0,-315267000.0,0.0,129073000.0,1413000.0,224259000.0,224259000.0,224259000.0,-27703000.0,0.0,0.052,1028138000.0,410013000.0,563641000.0,0.0,4.321,12.675,12.738,635612000.0,0.0,7.362,0.654,0.661,612178000.0,614988000.0,4346716000.0,4346716000.0,0.0,0.057,0.377,0.092,0.097,16953000.0,1028138000.0,1.0,386067072.0,390148000.0,396896000.0,11.141,3545342000.0,555361000.0,39548000.0,0.0,9.087,1428681000.0
41,HBI,MRT,2011-03-31,2011-04-02,2011-04-02,2021-08-06,-208216000.0,4076929000.0,3808986250.0,2434442000.0,1642487000.0,1.117,1.595,-86092000.0,64804000.0,64804000.0,2851649000.0,222889000.0,2.581,5.574,2267502000.0,171767000.0,2095735000.0,2267502000.0,0.0,85463000.0,0.0,0.0,0.0,396261000.0,481724000.0,0.113,481724000.0,396261000.0,242508000.0,0.578,0.57,0.578,620123000.0,545901750.0,620123000.0,4729166870.0,12.0,9.817,-15111000.0,-0.039,1.0,1402933000.0,0.33,606738000.0,153753000.0,4729769000.0,4442333250.0,1541730000.0,0.0,0.0,0.0,3456806000.0,943120000.0,2513686000.0,2641424870.0,22184000.0,-222878000.0,8327000.0,249795000.0,0.0,259953000.0,-308970000.0,0.0,70981000.0,220000.0,222889000.0,222889000.0,222889000.0,-18681000.0,0.0,0.052,1005937000.0,396996000.0,471432000.0,0.0,4.26,11.851,11.856,633132000.0,0.0,6.853,0.621,0.626,547121000.0,528208000.0,4254582000.0,4254582000.0,0.0,0.059,0.408,0.089,0.093,18814000.0,1005937000.0,1.0,385468788.0,388776000.0,394356000.0,10.944,3470191000.0,683404000.0,19619000.0,0.0,8.926,1491322000.0
42,HBI,MRT,2010-12-31,2011-01-01,2011-01-01,2021-08-06,-213215000.0,3790002000.0,3649769750.0,2147671000.0,1642331000.0,1.136,1.458,-60598000.0,43671000.0,43671000.0,2770174000.0,211293000.0,2.59,5.736,2131413000.0,140678000.0,1990735000.0,2131413000.0,0.0,86612000.0,0.0,0.0,0.0,379325000.0,465937000.0,0.112,465937000.0,379325000.0,229182000.0,0.547,0.54,0.547,562674000.0,484897000.0,562674000.0,4421591172.0,12.0,9.49,72456000.0,0.188,1.0,1375838000.0,0.332,608766000.0,150143000.0,4439628000.0,4274806000.0,1322719000.0,0.0,0.0,0.0,3227328000.0,829350000.0,2397978000.0,2432764172.0,4728000.0,-222878000.0,5938000.0,148154000.0,0.0,155685000.0,-283995000.0,0.0,133054000.0,-16000.0,211293000.0,211293000.0,211293000.0,-18681000.0,0.0,0.051,994973000.0,380865000.0,412369000.0,0.0,4.324,11.514,11.609,631254000.0,0.0,6.35,0.587,0.591,503243000.0,480098000.0,4146012000.0,4146012000.0,0.0,0.058,0.436,0.089,0.091,19534000.0,994973000.0,1.0,383112468.0,386000000.0,391096000.0,10.741,3181236000.0,469229000.0,17889000.0,0.0,8.242,1318321000.0
43,HBI,MRT,2010-09-30,2010-10-02,2010-10-02,2021-08-06,-213404000.0,3755293000.0,3533910250.0,2255012000.0,1500281000.0,1.179,1.395,-38066000.0,75496000.0,75496000.0,2776355000.0,182155000.0,2.355,5.973,2064323000.0,192651000.0,1871672000.0,2064323000.0,0.0,93264000.0,0.0,0.0,0.0,352117000.0,445381000.0,0.107,445381000.0,352117000.0,202992000.0,0.475,0.465,0.475,538527000.0,427908250.0,538527000.0,4485991648.0,13.0,10.072,128557000.0,0.333,1.0,1389438000.0,0.334,451081000.0,149125000.0,4335379000.0,4142235500.0,1377286000.0,0.0,0.0,0.0,3216766000.0,957660000.0,2259106000.0,2489172648.0,36879000.0,0.0,4240000.0,-95547000.0,0.0,-91022000.0,-38579000.0,0.0,166623000.0,-143000.0,182155000.0,182155000.0,182155000.0,0.0,0.0,0.044,989429000.0,400009000.0,461879000.0,0.0,4.622,13.665,13.695,596458000.0,0.0,6.505,0.598,0.603,531360000.0,452043000.0,4165793000.0,4165793000.0,0.0,0.052,0.426,0.085,0.085,18380000.0,981860000.0,1.0,382655288.0,385984000.0,391008000.0,10.793,3304212000.0,723612000.0,20837000.0,0.0,8.56,1297352000.0
44,HBI,MRT,2010-06-30,2010-07-03,2010-07-03,2021-08-06,-223230000.0,3613721000.0,3468065250.0,2117164000.0,1496557000.0,1.168,1.199,-32726000.0,36797000.0,36797000.0,2668861000.0,161981000.0,2.372,6.817,2033616000.0,164944000.0,1868672000.0,2033616000.0,0.0,93855000.0,0.0,0.0,0.0,330037000.0,423892000.0,0.105,423892000.0,330037000.0,174297000.0,0.422,0.415,0.422,462283000.0,366572500.0,462283000.0,4269905976.0,13.0,10.073,290989000.0,0.754,1.0,1382243000.0,0.341,453434000.0,155740000.0,4264557000.0,4101805750.0,1295621000.0,0.0,0.0,0.0,3151438000.0,892549000.0,2258889000.0,2322895976.0,-10764000.0,0.0,2599000.0,-303222000.0,0.0,-300755000.0,-33229000.0,0.0,323715000.0,-495000.0,161981000.0,161981000.0,161981000.0,0.0,0.0,0.04,1002985000.0,379258000.0,460339000.0,0.0,5.025,14.341,14.396,595687000.0,0.0,6.075,0.573,0.578,512801000.0,390730000.0,4051104000.0,4051104000.0,0.0,0.047,0.442,0.08,0.081,25133000.0,980312000.0,1.0,382369708.0,385680000.0,392108000.0,10.504,3160287000.0,719381000.0,12316000.0,0.0,8.194,1224615000.0
45,HBI,MRT,2010-03-31,2010-04-03,2010-04-03,2021-08-06,-219758000.0,3440063000.0,3458657750.0,1945166000.0,1494897000.0,1.145,0.976,-21430000.0,42620000.0,42620000.0,2626446000.0,107124000.0,2.23,8.147,1989630000.0,207958000.0,1781672000.0,1989630000.0,0.0,95541000.0,0.0,0.0,0.0,293840000.0,389381000.0,0.098,389381000.0,293840000.0,129866000.0,0.28,0.278,0.28,376104000.0,310788000.0,376104000.0,4611198763.0,16.0,11.842,412088000.0,1.07,1.0,1334828000.0,0.337,455195000.0,163974000.0,4059660000.0,4154188750.0,1183414000.0,0.0,0.0,0.0,3063959000.0,872218000.0,2191741000.0,2691225763.0,10951000.0,0.0,1215000.0,-402339000.0,0.0,-401727000.0,-21933000.0,0.0,433518000.0,1093000.0,107124000.0,107124000.0,107124000.0,0.0,0.0,0.027,994227000.0,340601000.0,373263000.0,0.0,7.156,25.123,25.188,587469000.0,0.0,7.053,0.679,0.686,440300000.0,305317000.0,3961274000.0,3961274000.0,0.0,0.031,0.345,0.071,0.074,31402000.0,959010000.0,1.0,381598832.0,385304000.0,389972000.0,10.281,2984868000.0,731065000.0,22742000.0,0.0,7.747,1072948000.0
46,HBI,MRT,2009-12-31,2010-01-02,2010-01-02,2021-08-06,-222995000.0,3326564000.0,3489878000.0,1822557000.0,1504007000.0,1.115,0.879,-88860000.0,38943000.0,38943000.0,2626001000.0,51283000.0,2.074,8.938,1958916000.0,231369000.0,1727547000.0,1958916000.0,0.0,96755000.0,0.0,0.0,0.0,221555000.0,318310000.0,0.082,318310000.0,221555000.0,58276000.0,0.135,0.135,0.135,334719000.0,263038750.0,334719000.0,4360323918.0,20.0,13.698,325644000.0,0.856,1.0,1265274000.0,0.325,458216000.0,163279000.0,3909346000.0,4271540250.0,1049204000.0,0.0,0.0,0.0,2991845000.0,878975000.0,2112870000.0,2294059918.0,-28399000.0,0.0,1179000.0,-354506000.0,0.0,-354174000.0,-88844000.0,0.0,414504000.0,115000.0,51283000.0,51283000.0,51283000.0,0.0,0.0,0.013,994418000.0,270856000.0,351971000.0,0.0,6.854,44.733,44.648,602826000.0,0.0,6.027,0.59,0.59,450541000.0,268805000.0,3891275000.0,3891275000.0,0.0,0.015,0.195,0.052,0.057,37697000.0,940530000.0,1.0,380598908.0,380632000.0,382672000.0,10.223,2868348000.0,496939000.0,6993000.0,0.0,7.536,943582000.0
47,HBI,MRT,2009-09-30,2009-10-03,2009-10-03,2021-08-06,-260448000.0,3491913000.0,3541749250.0,2038586000.0,1453327000.0,1.112,0.77,-146854000.0,38617000.0,38617000.0,2686060000.0,70246000.0,2.207,10.91,2104881000.0,311201000.0,1793680000.0,2104881000.0,0.0,104301000.0,0.0,0.0,0.0,245919000.0,350220000.0,0.089,350220000.0,245919000.0,81576000.0,0.185,0.188,0.185,293184000.0,225647750.0,293184000.0,4162443842.0,17.0,11.885,259971000.0,0.682,1.0,1251593000.0,0.318,460893000.0,164343000.0,4173660000.0,4416018500.0,1137077000.0,0.0,0.0,0.0,3198729000.0,923624000.0,2275105000.0,1926061842.0,-47595000.0,-4644000.0,367000.0,-301426000.0,0.0,-301449000.0,-151489000.0,0.0,406825000.0,-1482000.0,70246000.0,70246000.0,70246000.0,0.0,0.0,0.018,999771000.0,251822000.0,292843000.0,0.0,6.569,27.419,27.473,612911000.0,0.0,5.082,0.489,0.492,538540000.0,269887000.0,3937653000.0,3937653000.0,0.0,0.02,0.311,0.056,0.062,36034000.0,935544000.0,1.0,378959536.0,380988000.0,385688000.0,10.335,3031020000.0,703875000.0,11330000.0,0.0,7.956,1114962000.0
48,HBI,MRT,2009-06-30,2009-07-04,2009-07-04,2021-08-06,-263274000.0,3576091000.0,3575680500.0,2112517000.0,1463574000.0,1.128,0.629,-166960000.0,47561000.0,47561000.0,2795918000.0,45028000.0,2.415,13.954,2283943000.0,290013000.0,1993930000.0,2283943000.0,0.0,105814000.0,0.0,0.0,0.0,213234000.0,319048000.0,0.079,319048000.0,213234000.0,54579000.0,0.12,0.123,0.12,239145000.0,247585250.0,239145000.0,3701581521.0,17.0,11.602,86916000.0,0.229,1.0,1236697000.0,0.307,463670000.0,158655000.0,4474089000.0,4543260750.0,1234543000.0,0.0,0.0,0.0,3336946000.0,874714000.0,2462232000.0,1395880521.0,-49357000.0,-4661000.0,-17606000.0,-109424000.0,0.0,-127443000.0,-172265000.0,0.0,253876000.0,-3525000.0,45028000.0,45028000.0,45028000.0,0.0,0.0,0.011,1019983000.0,216714000.0,288840000.0,0.0,5.837,31.0,30.708,617072000.0,0.0,3.685,0.346,0.347,505302000.0,228750000.0,4032615000.0,4032615000.0,0.0,0.013,0.182,0.047,0.053,34730000.0,942505000.0,1.0,378800684.0,380092000.0,384668000.0,10.61,3112421000.0,707943000.0,9551000.0,0.0,8.189,1237803000.0
49,HBI,MRT,2009-03-31,2009-04-04,2009-04-04,2021-08-06,-277481000.0,3564944000.0,3576050500.0,2096961000.0,1467983000.0,1.152,0.49,-196705000.0,31669000.0,31669000.0,2828502000.0,71817000.0,2.396,18.259,2337370000.0,294440000.0,2042930000.0,2337370000.0,0.0,112931000.0,0.0,0.0,0.0,242341000.0,355272000.0,0.086,355272000.0,242341000.0,90858000.0,0.193,0.193,0.193,185107000.0,285485750.0,185107000.0,3259235579.0,13.0,9.174,-57803000.0,-0.153,1.0,1290262000.0,0.313,466530000.0,151483000.0,4529066000.0,4587588750.0,1301242000.0,0.0,0.0,0.0,3379837000.0,875049000.0,2504788000.0,1088296579.0,-89124000.0,-14655000.0,-20146000.0,-10107000.0,0.0,-12728000.0,-212004000.0,0.0,138902000.0,-3294000.0,71817000.0,71817000.0,71817000.0,0.0,0.0,0.017,1044609000.0,245653000.0,289545000.0,0.0,5.879,15.154,15.065,620786000.0,0.0,2.908,0.264,0.267,424759000.0,198195000.0,4118764000.0,4118764000.0,0.0,0.02,0.252,0.053,0.059,34094000.0,978233000.0,1.0,374306648.0,377972000.0,377972000.0,10.897,3098414000.0,719958000.0,19041000.0,0.0,8.197,1221912000.0
50,HBI,MRT,2008-12-31,2009-01-03,2009-01-03,2021-08-06,-281469000.0,3534049000.0,3552349250.0,2110325000.0,1423724000.0,1.196,0.492,-161949000.0,67342000.0,67342000.0,2871420000.0,127169000.0,2.82,18.087,2238281000.0,107374000.0,2130907000.0,2238281000.0,0.0,115145000.0,0.0,0.0,0.0,318114000.0,433259000.0,0.102,433259000.0,318114000.0,163037000.0,0.338,0.335,0.338,185155000.0,317029500.0,185155000.0,3532636631.0,11.0,8.154,15448000.0,0.041,1.0,1377350000.0,0.324,469445000.0,155077000.0,4487259000.0,4587150500.0,1290530000.0,0.0,0.0,0.0,3348894000.0,748284000.0,2600610000.0,1232070631.0,-106894000.0,-14655000.0,-28084000.0,-94245000.0,0.0,-104738000.0,-177248000.0,0.0,177397000.0,-2305000.0,127169000.0,127169000.0,127169000.0,0.0,0.0,0.03,1059870000.0,317480000.0,347153000.0,0.0,6.654,9.688,9.749,588189000.0,0.0,3.295,0.29,0.292,404930000.0,217522000.0,4248770000.0,4248770000.0,0.0,0.036,0.401,0.069,0.075,31449000.0,1009607000.0,1.0,373921284.0,376684000.0,380656000.0,11.279,3064604000.0,502887000.0,35868000.0,0.0,8.136,1362041000.0
51,HBI,MRT,2008-09-30,2008-09-27,2008-09-27,2021-08-06,-41979000.0,3627638000.0,3528707750.0,2252381000.0,1375257000.0,1.239,1.013,-141678000.0,86212000.0,86212000.0,2945224000.0,159081000.0,2.919,8.523,2386778000.0,71528000.0,2315250000.0,2386778000.0,0.0,109368000.0,0.0,0.0,0.0,381151000.0,490519000.0,0.112,490519000.0,381151000.0,218878000.0,0.42,0.415,0.42,380934000.0,342966750.0,380934000.0,4432716229.0,12.0,9.037,-37102000.0,-0.099,1.0,1427559000.0,0.326,473991000.0,162273000.0,4682629000.0,4577686000.0,1359008000.0,0.0,0.0,0.0,3246704000.0,771584000.0,2475120000.0,2155748229.0,-90165000.0,-12874000.0,-27350000.0,-22972000.0,0.0,-34864000.0,-160409000.0,0.0,104576000.0,532000.0,159081000.0,159081000.0,159081000.0,0.0,0.0,0.036,1042613000.0,384946000.0,322824000.0,0.0,5.659,13.551,13.685,562963000.0,0.0,5.747,0.493,0.494,562937000.0,199641000.0,4372783000.0,4372783000.0,0.0,0.045,0.464,0.083,0.087,29536000.0,1043204000.0,1.0,375075812.0,375968000.0,380072000.0,11.631,3153647000.0,582527000.0,59797000.0,0.0,8.388,1480797000.0
52,HBI,MRT,2008-06-30,2008-06-28,2008-06-28,2021-08-06,-26491000.0,3577571000.0,3500046000.0,2222740000.0,1354831000.0,1.249,1.035,-128989000.0,96918000.0,96918000.0,2925960000.0,182057000.0,3.048,8.156,2373886000.0,58636000.0,2315250000.0,2373886000.0,0.0,120373000.0,0.0,0.0,0.0,427785000.0,548158000.0,0.125,548158000.0,427785000.0,253495000.0,0.48,0.473,0.48,390747000.0,302671250.0,390747000.0,4819376696.0,11.0,8.792,78531000.0,0.208,1.0,1446794000.0,0.331,473984000.0,174290000.0,4651401000.0,4538405000.0,1342184000.0,0.0,0.0,0.0,3186824000.0,729154000.0,2457670000.0,2610357696.0,-79475000.0,-30237000.0,-35680000.0,-107112000.0,0.0,-127142000.0,-163620000.0,0.0,207520000.0,3767000.0,182057000.0,182057000.0,182057000.0,0.0,0.0,0.042,1014325000.0,432469000.0,320651000.0,0.0,6.68,14.338,14.453,547162000.0,0.0,6.938,0.597,0.599,547617000.0,201271000.0,4372754000.0,4372754000.0,0.0,0.052,0.602,0.094,0.098,29593000.0,1041209000.0,1.0,376267776.0,377420000.0,384236000.0,11.586,3103587000.0,569706000.0,71438000.0,0.0,8.223,1493586000.0
53,HBI,MRT,2008-03-31,2008-03-29,2008-03-29,2021-08-06,-40381000.0,3470139000.0,3475268500.0,2125251000.0,1344888000.0,1.273,0.825,-92697000.0,120793000.0,120793000.0,2976295000.0,150147000.0,3.108,10.148,2329812000.0,14562000.0,2315250000.0,2329812000.0,0.0,129770000.0,0.0,0.0,0.0,402262000.0,532032000.0,0.12,532032000.0,402262000.0,214377000.0,0.393,0.388,0.393,311282000.0,237343750.0,311282000.0,4844242230.0,12.0,9.105,247453000.0,0.656,1.0,1446195000.0,0.327,467980000.0,187885000.0,4527313000.0,4542927500.0,1223979000.0,0.0,0.0,0.0,3158857000.0,683865000.0,2474992000.0,2683651230.0,-28497000.0,-20243000.0,-48560000.0,-204399000.0,0.0,-254360000.0,-118095000.0,0.0,340150000.0,3808000.0,150147000.0,150147000.0,150147000.0,0.0,0.0,0.034,1038698000.0,407497000.0,309867000.0,0.0,8.621,17.873,17.926,526498000.0,0.0,7.045,0.607,0.601,541900000.0,146304000.0,4422490000.0,4422490000.0,0.0,0.043,0.633,0.089,0.091,30979000.0,1040799000.0,1.0,380929912.0,377376000.0,382440000.0,11.719,3002159000.0,588989000.0,64230000.0,0.0,7.955,1441386000.0
54,HBI,MRT,2007-12-31,2007-12-29,2007-12-29,2021-08-06,-28918000.0,3439483000.0,3471379500.0,2094334000.0,1345149000.0,1.289,0.753,-75053000.0,174236000.0,174236000.0,3033627000.0,126127000.0,3.04,10.905,2334827000.0,19577000.0,2315250000.0,2334827000.0,0.0,131676000.0,0.0,0.0,0.0,383334000.0,515010000.0,0.115,515010000.0,383334000.0,184126000.0,0.328,0.325,0.328,288904000.0,182353250.0,288904000.0,4884652851.0,13.0,9.485,283987000.0,0.74,1.0,1440910000.0,0.322,461691000.0,199208000.0,4449401000.0,4597188500.0,1117052000.0,0.0,0.0,0.0,3150579000.0,688982000.0,2461597000.0,2650636851.0,18263000.0,-20243000.0,-38284000.0,-203948000.0,0.0,-243379000.0,-101085000.0,0.0,359040000.0,3687000.0,126127000.0,126127000.0,126127000.0,0.0,0.0,0.028,1052341000.0,388569000.0,289166000.0,0.0,9.175,21.016,21.22,534286000.0,0.0,6.96,0.592,0.597,575069000.0,117849000.0,4474537000.0,4474537000.0,0.0,0.036,0.692,0.083,0.086,33625000.0,1040754000.0,1.0,380838628.0,383744000.0,386964000.0,11.66,2977792000.0,436066000.0,57999000.0,0.0,7.76,1405352000.0
55,HBI,MRT,2007-09-30,2007-09-29,2007-09-29,2021-08-06,-46175000.0,3512991000.0,3470413750.0,2147017000.0,1365974000.0,1.281,0.574,-30262000.0,176377000.0,176377000.0,3011134000.0,100128000.0,2.791,14.986,2410393000.0,45143000.0,2365250000.0,2410393000.0,0.0,143760000.0,0.0,0.0,0.0,350046000.0,493806000.0,0.111,493806000.0,350046000.0,144645000.0,0.26,0.258,0.26,219752000.0,127445000.0,219752000.0,4967727146.0,14.0,10.06,284604000.0,0.744,1.0,1435778000.0,0.323,452123000.0,205401000.0,4525505000.0,4674396500.0,1195765000.0,0.0,0.0,0.0,3293239000.0,769379000.0,2523860000.0,2690579146.0,-32703000.0,-24046000.0,-38870000.0,-265002000.0,0.0,-294458000.0,-54884000.0,0.0,314866000.0,1773000.0,100128000.0,100128000.0,100128000.0,0.0,0.0,0.023,1076891000.0,358887000.0,291000000.0,0.0,12.244,26.871,26.981,521282000.0,0.0,7.015,0.605,0.604,577759000.0,66864000.0,4446912000.0,4446912000.0,0.0,0.029,0.786,0.075,0.079,42764000.0,1058860000.0,1.0,383546564.0,382656000.0,386460000.0,11.621,3060868000.0,589685000.0,44517000.0,0.0,7.999,1377638000.0
56,HBI,MRT,2007-06-30,2007-06-30,2007-06-30,2021-08-06,-48038000.0,3478461000.0,3492466750.0,2159776000.0,1318685000.0,1.263,0.336,-26905000.0,176393000.0,176393000.0,2971884000.0,111577000.0,3.244,25.874,2453541000.0,13291000.0,2440250000.0,2453541000.0,0.0,139675000.0,0.0,0.0,0.0,339103000.0,478778000.0,0.109,478778000.0,339103000.0,165403000.0,0.287,0.287,0.287,129437000.0,76565750.0,129437000.0,4962420240.0,15.0,10.365,210732000.0,0.547,1.0,1440390000.0,0.326,420358000.0,173700000.0,4669491000.0,4771600250.0,1233787000.0,0.0,0.0,0.0,3349024000.0,665760000.0,2683264000.0,2606156240.0,-121859000.0,-6666000.0,-12943000.0,-310120000.0,0.0,-324576000.0,-34516000.0,0.0,237637000.0,-404000.0,111577000.0,111577000.0,111577000.0,0.0,0.0,0.025,1093335000.0,347055000.0,254043000.0,0.0,20.135,23.357,23.545,503052000.0,0.0,6.758,0.591,0.59,555875000.0,55231000.0,4412274000.0,4412274000.0,0.0,0.032,1.457,0.071,0.077,34756000.0,1068053000.0,1.0,385668700.0,385016000.0,388896000.0,11.46,3058103000.0,588996000.0,53826000.0,0.0,7.943,1494016000.0
57,HBI,MRT,2007-03-31,2007-03-31,2007-03-31,2021-08-06,-61428000.0,3454583000.0,3845620250.0,2113347000.0,1341236000.0,1.147,0.237,-57105000.0,149290000.0,149290000.0,2969006000.0,145428000.0,3.268,36.829,2505554000.0,30929000.0,2474625000.0,2505554000.0,0.0,132236000.0,0.0,0.0,0.0,331449000.0,463685000.0,0.105,463685000.0,331449000.0,203211000.0,0.378,0.378,0.378,91320000.0,851490000.0,91320000.0,5226111158.0,16.0,11.271,119660000.0,0.31,1.0,1441494000.0,0.327,419714000.0,128238000.0,4744357000.0,4425001250.0,1253668000.0,0.0,0.0,0.0,3363263000.0,646776000.0,2716487000.0,2830440158.0,-306605000.0,-6666000.0,2477000.0,2404000.0,0.0,-420721000.0,-64016000.0,0.0,176765000.0,1367000.0,145428000.0,145428000.0,145428000.0,0.0,0.0,0.033,1102644000.0,338850000.0,232658000.0,0.0,30.995,19.463,19.438,530882000.0,0.0,7.348,0.642,0.643,513823000.0,45028000.0,4410500000.0,4410500000.0,0.0,0.038,0.171,0.075,0.075,25187000.0,1104633000.0,1.0,385224928.0,385900000.0,388420000.0,11.429,3034869000.0,587206000.0,57783000.0,0.0,7.864,1466571000.0
58,HBI,MRT,2006-12-31,2006-12-30,2006-12-30,2021-08-06,-59568000.0,3435620000.0,,2071180000.0,1364440000.0,,0.18,-74335000.0,155973000.0,155973000.0,2960759000.0,208016000.0,3.389,48.597,2508473000.0,24473000.0,2484000000.0,2508473000.0,0.0,133161000.0,0.0,0.0,0.0,358821000.0,491982000.0,0.112,491982000.0,358821000.0,279200000.0,0.54,0.54,0.54,69271000.0,,69271000.0,4670424200.0,13.0,9.493,205318000.0,0.533,1.0,1442707000.0,0.328,418706000.0,79621000.0,4758233000.0,,1216501000.0,0.0,0.0,0.0,3366349000.0,611181000.0,2755168000.0,2274753200.0,-354659000.0,-6666000.0,139000.0,-34866000.0,0.0,-554861000.0,-80988000.0,0.0,279653000.0,1537000.0,208016000.0,208016000.0,208016000.0,0.0,0.0,0.047,1076485000.0,366222000.0,221707000.0,0.0,32.838,10.935,10.935,556866000.0,0.0,5.905,0.517,0.517,488629000.0,33024000.0,4403466000.0,4403466000.0,0.0,,,,0.081,15623000.0,1093436000.0,1.0,385224928.0,385248000.0,387684000.0,11.43,3016914000.0,455105000.0,71184000.0,0.0,7.831,1459999000.0
59,HBI,MRT,2006-09-30,2006-09-30,2006-09-30,2021-08-06,-67032000.0,3601203000.0,,2157629000.0,1443574000.0,,0.042,,209080000.0,209080000.0,,,3.242,220.817,2604751000.0,31251000.0,2573500000.0,2604751000.0,0.0,,0.0,0.0,0.0,,,,,,,,,,16235000.0,,16235000.0,2867630282.0,,,,,1.0,,,417120000.0,,4914320000.0,,1262961000.0,0.0,0.0,0.0,3584968000.0,665434000.0,2919534000.0,2167853282.0,,,,,,,,,,,,,,,,,,,230278000.0,,133.53,,,609048000.0,,5.628,,,516778000.0,9230000.0,,,,,,,,,,1.0,385224928.0,385224000.0,,,3184083000.0,586216000.0,,0.0,8.266,1492195000.0
60,HBI,MRT,2006-06-30,2006-07-01,2006-07-01,2021-08-06,-8384000.0,4891075000.0,4564114500.0,3755812000.0,1135263000.0,0.98,8.382,-104559000.0,298252000.0,298252000.0,2987500000.0,322493000.0,2.33,0.515,717245000.0,717245000.0,0.0,717245000.0,0.0,114204000.0,0.0,,0.0,433600000.0,547804000.0,0.122,547804000.0,433600000.0,416320000.0,0.838,0.838,0.838,3229134000.0,2915748000.0,3229134000.0,,,,406062000.0,1.054,1.0,1485332000.0,0.332,415019000.0,17280000.0,3283095000.0,2698138000.0,1236586000.0,0.0,0.0,0.0,1661941000.0,1611954000.0,49987000.0,,-782547000.0,-2436000.0,0.0,328652000.0,0.0,-1182336000.0,-110661000.0,0.0,510621000.0,-171000.0,322493000.0,322493000.0,322493000.0,0.0,0.0,0.072,1051732000.0,433600000.0,526148000.0,0.0,,,,617021000.0,0.0,,,,2069711000.0,0.0,4472832000.0,4472832000.0,0.0,0.071,0.111,0.161,0.097,0.0,1051833000.0,1.0,385224928.0,385224000.0,385224000.0,11.611,4476056000.0,254486000.0,93827000.0,0.0,11.619,2143858000.0
61,HBI,MRT,2006-03-31,2006-04-01,2006-04-01,2021-08-06,,,,,,,,,,,,,,,,,,,,,,,0.0,,,,,,,,,,,,,,,,,,1.0,,,,,,,,,,,,,,,,,,,,,,,,,,,,,,,,,,,,,,,,,,,,,,,,,,,,,,1.0,385224928.0,385224000.0,,,,,,,,
62,HBI,MRT,2005-09-30,2005-10-01,2005-10-01,2021-08-06,,,,,,,,,,,,,,,,,,,,,,,0.0,,,,,,,,,,,,,,,,,,1.0,,,,,,,,,,,,,,,,,,,,,,,,,,,,,,,,,,,,,,,,,,,,,,,,,,,,,,1.0,385224928.0,385224000.0,,,,,,,,
63,HBI,MRT,2005-06-30,2005-07-02,2005-07-02,2021-08-06,-18209000.0,4237154000.0,4319956000.0,3125740000.0,1111414000.0,1.084,6.755,-58176000.0,1080799000.0,1080799000.0,3223571000.0,218509000.0,1.977,0.628,962626000.0,956438000.0,6188000.0,962626000.0,0.0,117891000.0,0.0,,0.0,359480000.0,477371000.0,0.102,477371000.0,359480000.0,345516000.0,0.568,0.568,0.568,2602362000.0,2699866000.0,2602362000.0,,,,448695000.0,1.165,1.0,1460112000.0,0.312,424567000.0,13964000.0,2113181000.0,2384055500.0,1262557000.0,0.0,0.0,0.0,1634792000.0,1581233000.0,53559000.0,,406645000.0,-1700000.0,0.0,-35498000.0,0.0,-41377000.0,-60080000.0,0.0,506871000.0,1231000.0,218509000.0,218509000.0,218509000.0,0.0,0.0,0.047,1100632000.0,359480000.0,256398000.0,0.0,,,,558657000.0,0.0,,,,691839000.0,,4683683000.0,4683683000.0,0.0,0.051,0.081,0.151,0.077,0.0,1053654000.0,1.0,385224928.0,385224000.0,385224000.0,12.158,3812587000.0,149507000.0,127007000.0,8135000.0,9.897,1544507000.0
64,HBI,MRT,2004-06-30,2004-07-03,2004-07-03,2021-08-06,-32368000.0,4402758000.0,4159165500.0,3214674000.0,1188084000.0,1.114,,-59126000.0,674154000.0,674154000.0,3092026000.0,449552000.0,2.048,0.574,927204000.0,920004000.0,7200000.0,927204000.0,0.0,114229000.0,0.0,,0.0,438283000.0,552512000.0,0.119,552512000.0,438283000.0,400872000.0,,,,2797370000.0,2517409000.0,2797370000.0,,,,412310000.0,,1.0,1540715000.0,0.333,431424000.0,37411000.0,2654930000.0,2581990500.0,1312860000.0,0.0,0.0,0.0,1605388000.0,1569454000.0,35934000.0,,384338000.0,0.0,0.0,-28908000.0,0.0,-25813000.0,-61259000.0,0.0,471436000.0,-26000.0,449552000.0,449552000.0,449552000.0,0.0,0.0,0.097,1115430000.0,425285000.0,290080000.0,,,,,601224000.0,0.0,,,,1087278000.0,,4632741000.0,4632741000.0,0.0,0.108,0.179,0.17,0.095,0.0,1087964000.0,1.0,,,,,3971334000.0,180126000.0,-48680000.0,10890000.0,,1645220000.0
65,HBI,MRT,2003-06-30,2003-06-28,2003-06-28,2021-08-06,-30077000.0,3915573000.0,,2602863000.0,1312710000.0,,,-78240000.0,289816000.0,289816000.0,3010383000.0,428440000.0,1.598,0.75,959539000.0,949485000.0,10054000.0,959539000.0,0.0,108655000.0,0.0,,0.0,594245000.0,702900000.0,0.151,702900000.0,594245000.0,550000000.0,,,,2237448000.0,,2237448000.0,,,,415746000.0,,1.0,1659282000.0,0.355,447371000.0,44245000.0,2509051000.0,,1237238000.0,0.0,0.0,0.0,1678125000.0,1628874000.0,49251000.0,,183566000.0,0.0,0.0,-246439000.0,0.0,-233082000.0,-77296000.0,0.0,493986000.0,-42000.0,428440000.0,428440000.0,428440000.0,0.0,0.0,0.092,1111668000.0,547614000.0,277716000.0,,,,,653803000.0,0.0,,,,984944000.0,,4669665000.0,4669665000.0,0.0,,,,0.127,0.0,1126065000.0,1.0,,,,,3468202000.0,203530000.0,121560000.0,20038000.0,,973989000.0
