None,ticker,dimension,calendardate,datekey,reportperiod,lastupdated,accoci,assets,assetsavg,assetsc,assetsnc,assetturnover,bvps,capex,cashneq,cashnequsd,cor,consolinc,currentratio,de,debt,debtc,debtnc,debtusd,deferredrev,depamor,deposits,divyield,dps,ebit,ebitda,ebitdamargin,ebitdausd,ebitusd,ebt,eps,epsdil,epsusd,equity,equityavg,equityusd,ev,evebit,evebitda,fcf,fcfps,fxusd,gp,grossmargin,intangibles,intexp,invcap,invcapavg,inventory,investments,investmentsc,investmentsnc,liabilities,liabilitiesc,liabilitiesnc,marketcap,ncf,ncfbus,ncfcommon,ncfdebt,ncfdiv,ncff,ncfi,ncfinv,ncfo,ncfx,netinc,netinccmn,netinccmnusd,netincdis,netincnci,netmargin,opex,opinc,payables,payoutratio,pb,pe,pe1,ppnenet,prefdivis,price,ps,ps1,receivables,retearn,revenue,revenueusd,rnd,roa,roe,roic,ros,sbcomp,sgna,sharefactor,sharesbas,shareswa,shareswadil,sps,tangibles,taxassets,taxexp,taxliabilities,tbvps,workingcapital
0,LNC,MRY,2020-12-31,2020-12-31,2020-12-31,2021-09-07,8931000000.0,365948000000.0,343015000000.0,,,0.051,117.45,0.0,1708000000.0,1708000000.0,16664000000.0,499000000.0,,15.122,6682000000.0,,,6682000000.0,0.0,0.0,105405000000.0,0.032,1.6,707000000.0,707000000.0,0.041,707000000.0,707000000.0,423000000.0,2.58,2.56,2.58,22699000000.0,20388500000.0,22699000000.0,13842179758.0,20.0,19.579,534000000.0,2.763,1.0,775000000.0,0.044,1778000000.0,284000000.0,369144000000.0,344280500000.0,0.0,153956000000.0,,,343249000000.0,,,9723179758.0,-855000000.0,0.0,-275000000.0,289000000.0,-311000000.0,8092000000.0,-9481000000.0,-9328000000.0,534000000.0,0.0,499000000.0,499000000.0,499000000.0,0.0,0.0,0.029,68000000.0,707000000.0,6222000000.0,0.62,0.428,19.485,19.5,0.0,0.0,50.31,0.558,0.558,16982000000.0,8686000000.0,17439000000.0,17439000000.0,0.0,0.001,0.024,0.002,0.041,0.0,0.0,1.0,193265350.0,193265350.0,,90.233,364170000000.0,0.0,-76000000.0,0.0,1884.301,
1,LNC,MRY,2019-12-31,2019-12-31,2019-12-31,2021-09-07,5673000000.0,334761000000.0,324149250000.0,,,0.053,99.274,0.0,2563000000.0,2563000000.0,15947000000.0,886000000.0,,16.002,6367000000.0,,,6367000000.0,0.0,0.0,98018000000.0,0.025,1.48,1245000000.0,1245000000.0,0.072,1245000000.0,1245000000.0,919000000.0,4.41,4.38,4.41,19689000000.0,18640000000.0,19689000000.0,15134488883.0,12.0,12.156,-2686000000.0,-13.543,1.0,1311000000.0,0.076,1778000000.0,326000000.0,336787000000.0,325901500000.0,0.0,133697000000.0,,,315072000000.0,,,11703488883.0,218000000.0,0.0,-550000000.0,501000000.0,-303000000.0,8403000000.0,-5499000000.0,-5238000000.0,-2686000000.0,0.0,886000000.0,886000000.0,886000000.0,0.0,0.0,0.051,66000000.0,1245000000.0,5082000000.0,0.336,0.594,13.209,13.381,0.0,0.0,59.01,0.678,0.678,17609000000.0,8854000000.0,17258000000.0,17258000000.0,0.0,0.003,0.048,0.004,0.072,0.0,0.0,1.0,198330603.0,198330603.0,,87.016,332983000000.0,0.0,33000000.0,0.0,1678.929,
2,LNC,MRY,2018-12-31,2018-12-31,2018-12-31,2021-09-07,407000000.0,298147000000.0,295016500000.0,,,0.056,67.18,0.0,2345000000.0,2345000000.0,14166000000.0,1641000000.0,,19.777,5839000000.0,,,5839000000.0,0.0,0.0,91233000000.0,0.026,1.32,2182000000.0,2182000000.0,0.133,2182000000.0,2182000000.0,1885000000.0,7.6,7.4,7.6,14350000000.0,15145500000.0,14350000000.0,15304058388.0,7.0,7.014,1943000000.0,9.096,1.0,2258000000.0,0.137,1782000000.0,297000000.0,299859000000.0,297234750000.0,0.0,115216000000.0,,,283797000000.0,,,10960058388.0,717000000.0,-1422000000.0,-900000000.0,534000000.0,-289000000.0,4589000000.0,-5815000000.0,-4200000000.0,1943000000.0,0.0,1641000000.0,1641000000.0,1641000000.0,0.0,0.0,0.1,76000000.0,2182000000.0,4805000000.0,0.174,0.764,6.679,6.751,0.0,0.0,51.31,0.667,0.667,18318000000.0,8551000000.0,16424000000.0,16424000000.0,0.0,0.006,0.108,0.007,0.133,0.0,0.0,1.0,213604724.0,213604724.0,,76.89,296365000000.0,0.0,244000000.0,0.0,1387.446,
3,LNC,MRY,2017-12-31,2017-12-31,2017-12-31,2021-09-07,3230000000.0,281763000000.0,274416750000.0,,,0.052,79.158,0.0,1628000000.0,1628000000.0,11926000000.0,2079000000.0,,15.266,5344000000.0,,,5344000000.0,0.0,0.0,80209000000.0,0.015,1.16,1383000000.0,1383000000.0,0.097,1383000000.0,1383000000.0,1130000000.0,9.36,9.22,9.36,17322000000.0,16151250000.0,17322000000.0,20206418207.0,15.0,14.611,788000000.0,3.601,1.0,2331000000.0,0.163,1368000000.0,253000000.0,284111000000.0,275841000000.0,0.0,113089000000.0,,,264441000000.0,,,16821418207.0,-1094000000.0,0.0,-725000000.0,0.0,-262000000.0,2306000000.0,-4188000000.0,-4075000000.0,788000000.0,0.0,2079000000.0,2079000000.0,2079000000.0,0.0,0.0,0.146,948000000.0,1383000000.0,4417000000.0,0.124,0.971,8.091,8.213,0.0,0.0,76.87,1.18,1.18,5303000000.0,8399000000.0,14257000000.0,14257000000.0,0.0,0.008,0.129,0.005,0.097,0.0,0.0,1.0,218829429.0,218829429.0,,65.151,280395000000.0,0.0,-949000000.0,0.0,1281.34,
4,LNC,MRY,2016-12-31,2016-12-31,2016-12-31,2021-09-07,1566000000.0,261627000000.0,261744500000.0,,,0.051,63.344,0.0,2722000000.0,2722000000.0,11533000000.0,1192000000.0,,17.071,5345000000.0,,,5345000000.0,0.0,0.0,78903000000.0,0.015,1.0,1789000000.0,1789000000.0,0.134,1789000000.0,1789000000.0,1458000000.0,5.09,5.03,5.09,14478000000.0,15344750000.0,14478000000.0,17409694527.0,10.0,9.732,1272000000.0,5.565,1.0,1797000000.0,0.135,2273000000.0,331000000.0,261977000000.0,261710500000.0,0.0,106721000000.0,,,247149000000.0,,,15146694527.0,-424000000.0,0.0,-879000000.0,-264000000.0,-238000000.0,1970000000.0,-3666000000.0,-3560000000.0,1272000000.0,0.0,1192000000.0,1192000000.0,1192000000.0,0.0,0.0,0.089,8000000.0,1789000000.0,4995000000.0,0.196,1.046,12.707,13.02,0.0,0.0,66.27,1.136,1.136,5695000000.0,7043000000.0,13330000000.0,13330000000.0,0.0,0.005,0.078,0.007,0.134,0.0,0.0,1.0,228560352.0,228560352.0,,58.322,259354000000.0,0.0,266000000.0,0.0,1134.729,
5,LNC,MRY,2015-12-31,2015-12-31,2015-12-31,2021-09-07,845000000.0,251908000000.0,253784750000.0,,,0.053,55.025,0.0,3146000000.0,3146000000.0,11870000000.0,1154000000.0,,17.5,5553000000.0,,,5553000000.0,0.0,0.0,77362000000.0,0.016,0.8,1702000000.0,1702000000.0,0.125,1702000000.0,1702000000.0,1430000000.0,4.6,4.51,4.6,13617000000.0,14735000000.0,13617000000.0,14269892158.0,8.0,8.384,2243000000.0,9.064,1.0,1702000000.0,0.125,2273000000.0,272000000.0,252042000000.0,253969500000.0,0.0,102208000000.0,,,238291000000.0,,,12437892158.0,-773000000.0,75000000.0,-900000000.0,48000000.0,-204000000.0,1207000000.0,-4223000000.0,-4220000000.0,2243000000.0,0.0,1154000000.0,1154000000.0,1154000000.0,0.0,0.0,0.085,0.0,1702000000.0,4657000000.0,0.174,0.913,10.778,10.926,0.0,0.0,50.26,0.916,0.916,5999000000.0,6474000000.0,13572000000.0,13572000000.0,0.0,0.005,0.078,0.007,0.125,0.0,0.0,1.0,247470994.0,247470994.0,,54.843,249635000000.0,0.0,276000000.0,0.0,1008.744,
6,LNC,MRY,2014-12-31,2014-12-31,2014-12-31,2021-09-07,3096000000.0,253377000000.0,248224250000.0,,,0.055,60.587,0.0,3919000000.0,3919000000.0,11290000000.0,1515000000.0,,15.098,5520000000.0,,,5520000000.0,0.0,0.0,75512000000.0,0.011,0.64,2265000000.0,2265000000.0,0.167,2265000000.0,2265000000.0,1998000000.0,5.81,5.67,5.81,15740000000.0,15282250000.0,15740000000.0,18597073556.0,8.0,8.211,2526000000.0,9.723,1.0,2264000000.0,0.167,2273000000.0,267000000.0,252705000000.0,249115750000.0,0.0,102967000000.0,,,237637000000.0,,,14982073556.0,1555000000.0,0.0,-618000000.0,-500000000.0,-170000000.0,834000000.0,-1805000000.0,-1743000000.0,2526000000.0,0.0,1515000000.0,1515000000.0,1515000000.0,-1000000.0,0.0,0.112,0.0,2264000000.0,4409000000.0,0.11,0.952,9.889,9.926,0.0,0.0,57.67,1.105,1.105,6203000000.0,6022000000.0,13554000000.0,13554000000.0,0.0,0.006,0.099,0.009,0.167,0.0,0.0,1.0,259789727.0,259789727.0,,52.173,251104000000.0,0.0,483000000.0,0.0,966.566,
7,LNC,MRY,2013-12-31,2013-12-31,2013-12-31,2021-09-07,1563000000.0,236945000000.0,228632750000.0,,,0.052,51.276,0.0,2364000000.0,2364000000.0,10073000000.0,1244000000.0,,16.614,5821000000.0,,,5821000000.0,0.0,0.0,74548000000.0,0.009,0.48,1896000000.0,1896000000.0,0.158,1896000000.0,1896000000.0,1631000000.0,4.68,4.52,4.68,13452000000.0,13755000000.0,13452000000.0,16760361793.0,9.0,8.84,799000000.0,3.046,1.0,1896000000.0,0.158,2273000000.0,265000000.0,238129000000.0,229396000000.0,0.0,95291000000.0,,,223493000000.0,,,13542361793.0,-1866000000.0,0.0,-415000000.0,393000000.0,-128000000.0,2045000000.0,-4710000000.0,-4610000000.0,799000000.0,0.0,1244000000.0,1244000000.0,1244000000.0,0.0,0.0,0.104,0.0,1896000000.0,3238000000.0,0.103,1.007,10.886,11.03,0.0,0.0,51.62,1.131,1.131,6461000000.0,5013000000.0,11969000000.0,11969000000.0,0.0,0.005,0.09,0.008,0.158,0.0,0.0,1.0,262347187.0,262347187.0,,45.623,234672000000.0,0.0,387000000.0,0.0,894.509,
8,LNC,MRY,2012-12-31,2012-12-31,2012-12-31,2021-09-07,3808000000.0,218869000000.0,213363750000.0,,,0.054,54.444,0.0,4230000000.0,4230000000.0,9694000000.0,1313000000.0,,13.618,5639000000.0,,,5639000000.0,0.0,0.0,72218000000.0,0.012,0.32,1868000000.0,1868000000.0,0.162,1868000000.0,1868000000.0,1595000000.0,4.68,4.56,4.68,14973000000.0,14413250000.0,14973000000.0,8443909997.0,5.0,4.52,1269000000.0,4.614,1.0,1841000000.0,0.16,2273000000.0,273000000.0,218005000000.0,212561250000.0,0.0,99065000000.0,,,203896000000.0,,,7122909997.0,-280000000.0,0.0,-493000000.0,-20000000.0,-91000000.0,2308000000.0,-3857000000.0,-3674000000.0,1269000000.0,0.0,1313000000.0,1313000000.0,1313000000.0,-27000000.0,0.0,0.114,0.0,1841000000.0,4181000000.0,0.068,0.476,5.425,5.534,0.0,0.0,25.9,0.618,0.618,6829000000.0,4044000000.0,11535000000.0,11535000000.0,0.0,0.006,0.091,0.009,0.162,0.0,0.0,1.0,275015830.0,275015830.0,,41.943,216596000000.0,0.0,282000000.0,0.0,787.576,
9,LNC,MRY,2011-12-31,2011-12-31,2011-12-31,2021-09-07,2680000000.0,201491000000.0,199777250000.0,,,0.053,43.429,0.0,4510000000.0,4510000000.0,9097000000.0,221000000.0,,14.38,5691000000.0,,,5691000000.0,0.0,0.0,69466000000.0,0.01,0.2,789000000.0,789000000.0,0.074,789000000.0,789000000.0,495000000.0,0.72,0.69,0.72,13101000000.0,13674000000.0,13101000000.0,6923325716.0,9.0,8.775,1276000000.0,4.23,1.0,1544000000.0,0.145,2273000000.0,294000000.0,200399000000.0,199149500000.0,0.0,93130000000.0,,,188390000000.0,,,5858325716.0,1769000000.0,0.0,-572000000.0,-327000000.0,-61000000.0,2618000000.0,-2125000000.0,-1995000000.0,1276000000.0,0.0,221000000.0,221000000.0,221000000.0,8000000.0,0.0,0.021,747000000.0,797000000.0,3733000000.0,0.278,0.447,26.508,26.972,0.0,0.0,19.42,0.551,0.551,6934000000.0,2831000000.0,10641000000.0,10641000000.0,0.0,0.001,0.016,0.004,0.074,0.0,0.0,1.0,301664558.0,301664558.0,,35.274,199218000000.0,0.0,274000000.0,0.0,660.396,
10,LNC,MRY,2010-12-31,2010-12-31,2010-12-31,2021-09-07,748000000.0,193824000000.0,186516000000.0,,,0.056,40.428,0.0,2741000000.0,2741000000.0,8989000000.0,902000000.0,,14.135,5750000000.0,,,5750000000.0,0.0,0.0,66407000000.0,0.001,0.04,1455000000.0,1455000000.0,0.14,1455000000.0,1455000000.0,1164000000.0,2.37,2.3,2.37,12806000000.0,12842750000.0,12806000000.0,11306111674.0,8.0,7.771,1720000000.0,5.43,1.0,1426000000.0,0.137,3019000000.0,291000000.0,193814000000.0,185871500000.0,0.0,83340000000.0,,,181018000000.0,,,8809111674.0,-1443000000.0,321000000.0,344000000.0,345000000.0,-42000000.0,2467000000.0,-5630000000.0,-5877000000.0,1720000000.0,0.0,902000000.0,902000000.0,902000000.0,-29000000.0,0.0,0.087,0.0,1426000000.0,1659000000.0,0.017,0.688,9.766,11.734,0.0,167000000.0,27.81,0.846,0.846,6862000000.0,3934000000.0,10415000000.0,10415000000.0,0.0,0.005,0.07,0.008,0.14,0.0,0.0,1.0,316760578.0,316760578.0,,32.88,190805000000.0,0.0,262000000.0,0.0,602.363,
11,LNC,MRY,2009-12-31,2009-12-31,2009-12-31,2021-09-07,-262000000.0,177433000000.0,170848750000.0,,,0.05,38.731,0.0,4025000000.0,4025000000.0,8093000000.0,-485000000.0,,14.165,5400000000.0,,,5400000000.0,0.0,0.0,64147000000.0,0.01,0.24,-394000000.0,-394000000.0,-0.046,-394000000.0,-394000000.0,-591000000.0,-1.85,-1.85,-1.85,11700000000.0,9938500000.0,11700000000.0,9543755003.0,-24.0,-24.223,937000000.0,3.102,1.0,406000000.0,0.048,3013000000.0,197000000.0,175795000000.0,169215000000.0,0.0,75918000000.0,,,165733000000.0,,,7515755003.0,-1742000000.0,327000000.0,652000000.0,50000000.0,-79000000.0,5173000000.0,-7852000000.0,-8104000000.0,937000000.0,0.0,-485000000.0,-520000000.0,-520000000.0,70000000.0,0.0,-0.061,730000000.0,-324000000.0,1907000000.0,-0.13,0.642,-14.453,-13.449,0.0,35000000.0,24.88,0.884,0.884,6747000000.0,3316000000.0,8499000000.0,8499000000.0,0.0,-0.003,-0.052,-0.002,-0.046,0.0,0.0,1.0,302080185.0,302080185.0,,28.135,174420000000.0,0.0,-106000000.0,0.0,577.396,
12,LNC,MRY,2008-12-31,2008-12-31,2008-12-31,2021-09-07,-2803000000.0,163136000000.0,176509250000.0,,,0.052,31.175,0.0,5588000000.0,5588000000.0,8699000000.0,57000000.0,,19.451,5546000000.0,,,5546000000.0,0.0,0.0,60570000000.0,0.088,1.66,211000000.0,211000000.0,0.023,211000000.0,211000000.0,-70000000.0,0.22,0.22,0.22,7977000000.0,9765250000.0,7977000000.0,7864805501.0,37.0,37.274,1259000000.0,4.92,1.0,525000000.0,0.057,3696000000.0,281000000.0,159398000000.0,174700250000.0,0.0,66510000000.0,,,155159000000.0,,,4820805501.0,4261000000.0,648000000.0,-427000000.0,200000000.0,-430000000.0,431000000.0,2571000000.0,2040000000.0,1259000000.0,0.0,57000000.0,57000000.0,57000000.0,-67000000.0,0.0,0.006,381000000.0,144000000.0,3706000000.0,7.545,0.604,84.576,85.636,0.0,0.0,18.84,0.523,0.523,8845000000.0,3745000000.0,9224000000.0,9224000000.0,0.0,0.0,0.006,0.001,0.023,0.0,0.0,1.0,255881396.0,255881396.0,,36.048,159440000000.0,0.0,-127000000.0,0.0,623.101,
13,LNC,MRY,2007-12-31,2007-12-31,2007-12-31,2021-09-07,225000000.0,191435000000.0,188157000000.0,,,0.051,43.525,0.0,1665000000.0,1665000000.0,7655000000.0,1215000000.0,,15.337,5168000000.0,,,5168000000.0,0.0,0.0,59640000000.0,0.027,1.58,1975000000.0,1975000000.0,0.205,1975000000.0,1975000000.0,1691000000.0,4.5,4.43,4.5,11718000000.0,11887250000.0,11718000000.0,17511418471.0,9.0,8.867,1955000000.0,7.262,1.0,1959000000.0,0.204,4144000000.0,284000000.0,190794000000.0,186067250000.0,0.0,71972000000.0,,,179717000000.0,,,15674418471.0,43000000.0,64000000.0,-888000000.0,1029000000.0,-430000000.0,49000000.0,-1961000000.0,-2099000000.0,1955000000.0,0.0,1215000000.0,1215000000.0,1215000000.0,-16000000.0,0.0,0.126,0.0,1959000000.0,1135000000.0,0.351,1.338,12.901,12.938,0.0,0.0,58.22,1.63,1.63,8588000000.0,4293000000.0,9614000000.0,9614000000.0,0.0,0.006,0.102,0.011,0.205,0.0,0.0,1.0,269227387.0,269227387.0,,35.71,187291000000.0,0.0,476000000.0,0.0,695.661,
14,LNC,MRY,2006-12-31,2006-12-31,2006-12-31,2021-09-07,613000000.0,178495000000.0,161498750000.0,,,0.055,43.987,0.0,1622000000.0,1622000000.0,6873000000.0,1316000000.0,,13.63,4116000000.0,,,4116000000.0,0.0,0.0,59145000000.0,0.023,1.52,2027000000.0,2027000000.0,0.228,2027000000.0,2027000000.0,1799000000.0,5.21,5.13,5.21,12201000000.0,10496500000.0,12201000000.0,20532030340.0,10.0,10.129,3050000000.0,10.996,1.0,2006000000.0,0.226,4137000000.0,228000000.0,176852000000.0,159090750000.0,0.0,71451000000.0,,,166294000000.0,,,18418030340.0,-690000000.0,-1826000000.0,-836000000.0,1303000000.0,-385000000.0,-1475000000.0,-2265000000.0,-525000000.0,3050000000.0,0.0,1316000000.0,1316000000.0,1316000000.0,-21000000.0,0.0,0.148,0.0,2006000000.0,1504000000.0,0.292,1.51,13.995,12.745,0.0,0.0,66.4,2.074,2.074,8295000000.0,4138000000.0,8879000000.0,8879000000.0,0.0,0.008,0.125,0.013,0.228,53000000.0,0.0,1.0,277379975.0,277379975.0,,32.01,174358000000.0,0.0,483000000.0,0.0,628.589,
15,LNC,MRY,2005-12-31,2005-12-31,2005-12-31,2021-09-07,527000000.0,124860000000.0,120567557250.0,,,0.045,36.851,0.0,2312000000.0,2312000000.0,4313000000.0,831000000.0,,18.558,1453000000.0,,,1453000000.0,0.0,0.0,35592000000.0,0.028,1.46,1162000000.0,1162000000.0,0.212,1162000000.0,1162000000.0,1075000000.0,4.8,4.72,4.8,6384000000.0,6268694250.0,6384000000.0,9085427072.0,8.0,7.819,1208000000.0,6.973,1.0,1162000000.0,0.212,1194000000.0,87000000.0,122807000000.0,118331243000.0,0.0,43169000000.0,,,118476000000.0,,,9186837072.0,650000000.0,14000000.0,-12000000.0,-143000000.0,-255000000.0,-1193000000.0,635000000.0,715000000.0,1208000000.0,0.0,831000000.0,831000000.0,831000000.0,0.0,0.0,0.152,0.0,1162000000.0,0.0,0.304,1.439,11.055,11.048,0.0,0.0,53.03,1.678,1.678,343000000.0,4081000000.0,5475000000.0,5475000000.0,0.0,0.007,0.133,0.01,0.212,52000000.0,0.0,1.0,173238489.0,173238489.0,,31.604,123666000000.0,0.0,244000000.0,0.0,713.848,
16,LNC,MRY,2004-12-31,2004-12-31,2004-12-31,2021-09-07,930705000.0,116219265000.0,111446044000.0,,,0.048,35.371,0.0,1661686000.0,1661686000.0,4215000000.0,707000000.0,,17.819,1602851000.0,,,1602851000.0,0.0,0.0,23074398000.0,0.03,1.4,1111000000.0,1111000000.0,0.208,1111000000.0,1111000000.0,1011000000.0,4.01,3.95,4.01,6175589000.0,5952208250.0,6175589000.0,7810724147.0,7.0,7.03,1027000000.0,5.882,1.0,1136000000.0,0.212,2311981000.0,100000000.0,113848449000.0,108698758000.0,0.0,44507259000.0,,,110043676000.0,,,8150188147.0,-49000000.0,174000000.0,-268000000.0,95000000.0,-249000000.0,-183000000.0,-893000000.0,-1352000000.0,1027000000.0,0.0,707000000.0,707000000.0,707000000.0,0.0,0.0,0.132,0.0,1136000000.0,0.0,0.349,1.32,11.528,11.641,0.0,0.0,46.68,1.523,1.523,232942000.0,3589533000.0,5351000000.0,5351000000.0,0.0,0.006,0.119,0.01,0.208,55000000.0,0.0,1.0,174597004.0,174597004.0,,30.648,113907284000.0,0.0,304000000.0,0.0,652.401,
17,LNC,MRY,2003-12-31,2003-12-31,2003-12-31,2021-09-07,869029000.0,106744868000.0,99900177000.0,,,0.053,32.652,0.0,1711196000.0,1711196000.0,4141217000.0,511936000.0,,17.367,1502811000.0,,,1502811000.0,0.0,0.0,22605333000.0,0.033,1.34,887445000.0,887445000.0,0.168,887445000.0,887445000.0,792344000.0,2.89,2.85,2.89,5811625000.0,5665987250.0,5811625000.0,6753283522.0,8.0,7.61,931886000.0,5.236,1.0,1142664000.0,0.216,2465117000.0,95101000.0,104071366000.0,97175121000.0,0.0,42777639000.0,,,100933243000.0,,,7185288522.0,20662000.0,0.0,0.0,36206000.0,-240348000.0,1143685000.0,-2054909000.0,-2049778000.0,931886000.0,0.0,511936000.0,511936000.0,511936000.0,0.0,0.0,0.097,0.0,1142664000.0,0.0,0.464,1.236,14.036,13.969,235181000.0,0.0,40.37,1.36,1.36,352116000.0,3413302000.0,5283881000.0,5283881000.0,0.0,0.005,0.09,0.009,0.168,59313000.0,0.0,1.0,177985844.0,177985844.0,,29.687,104279751000.0,45900000.0,280408000.0,0.0,585.888,
18,LNC,MRY,2002-12-31,2002-12-31,2002-12-31,2021-09-07,734554000.0,93184645000.0,94134100750.0,,,0.049,30.203,0.0,1690534000.0,1690534000.0,4592690000.0,48805000.0,,16.426,1664948000.0,,,1664948000.0,0.0,0.0,21286396000.0,0.041,1.28,42772000.0,42772000.0,0.009,42772000.0,42772000.0,-53841000.0,0.27,0.26,0.27,5347490000.0,5293867250.0,5347490000.0,5620102812.0,131.0,131.397,496053000.0,2.802,1.0,42772000.0,0.009,2525205000.0,96613000.0,90633854000.0,91440584750.0,0.0,39999851000.0,,,87837155000.0,,,5591280812.0,-1404946000.0,-195000000.0,-474486000.0,51832000.0,-234621000.0,1363241000.0,-3264240000.0,-2903952000.0,496053000.0,0.0,48805000.0,48805000.0,48805000.0,0.0,0.0,0.011,0.0,42772000.0,0.0,4.741,1.046,114.564,116.963,242135000.0,0.0,31.58,1.206,1.206,212942000.0,3144831000.0,4635462000.0,4635462000.0,0.0,0.001,0.009,0.0,0.009,60163000.0,0.0,1.0,177051324.0,177051324.0,,26.181,90659440000.0,317726000.0,-102646000.0,0.0,512.052,
19,LNC,MRY,2001-12-31,2001-12-31,2001-12-31,2021-09-07,173183000.0,98001304000.0,94690235500.0,,,0.067,27.783,0.0,3095480000.0,3095480000.0,5551053000.0,545654000.0,,17.619,1686613000.0,,,1686613000.0,0.0,0.0,19247894000.0,0.025,1.22,811385000.0,811385000.0,0.127,811385000.0,811385000.0,690366000.0,2.89,2.85,2.89,5263484000.0,5196105250.0,5263484000.0,8761723388.0,11.0,10.798,1268583000.0,6.696,1.0,826951000.0,0.13,2624390000.0,121019000.0,93968047000.0,91556233750.0,0.0,36121212000.0,,,92737820000.0,,,9201595388.0,1168087000.0,2036238000.0,-503750000.0,366977000.0,-230127000.0,514608000.0,-615104000.0,-2493335000.0,1268583000.0,0.0,545654000.0,545654000.0,545654000.0,0.0,0.0,0.086,0.0,826951000.0,0.0,0.422,1.748,16.863,16.806,257518000.0,0.0,48.57,1.443,1.443,400076000.0,3834427000.0,6378004000.0,6378004000.0,0.0,0.006,0.105,0.009,0.127,63626000.0,0.0,1.0,189450183.0,189450183.0,,33.666,95376914000.0,15117000.0,144712000.0,0.0,503.441,
20,LNC,MRY,2000-12-31,2000-12-31,2000-12-31,2021-09-07,33978000.0,99844059000.0,103318908000.0,,,0.066,25.859,0.0,1927393000.0,1927393000.0,5871318000.0,621393000.0,,19.154,1770158000.0,,,1770158000.0,0.0,0.0,18377061000.0,0.025,1.16,975829000.0,975829000.0,0.143,975829000.0,975829000.0,836291000.0,3.25,3.19,3.25,4954084000.0,4514215000.0,4954084000.0,9415485685.0,10.0,9.649,1995087000.0,10.414,1.0,975829000.0,0.143,2842968000.0,139538000.0,96843856000.0,100577366000.0,0.0,35375049000.0,,,94889975000.0,,,9063849685.0,31510000.0,85000000.0,-210021000.0,-147226000.0,-222661000.0,-2874775000.0,911198000.0,1028958000.0,1995087000.0,0.0,621393000.0,621393000.0,621393000.0,0.0,0.0,0.091,0.0,975829000.0,0.0,0.357,1.83,14.586,14.557,228211000.0,0.0,47.31,1.324,1.324,296705000.0,3915598000.0,6847147000.0,6847147000.0,0.0,0.006,0.138,0.01,0.143,0.0,0.0,1.0,191584225.0,191584225.0,,35.74,97001091000.0,207548000.0,214898000.0,0.0,506.31,
21,LNC,MRY,1999-12-31,1999-12-31,1999-12-31,2021-09-07,-435649000.0,103095733000.0,98302030250.0,,,0.069,21.813,0.0,1895883000.0,1895883000.0,6100039000.0,460354000.0,,23.179,1917116000.0,,,1917116000.0,0.0,0.0,20228753000.0,0.028,1.1,703661000.0,703661000.0,0.103,703661000.0,703661000.0,569964000.0,2.33,2.3,2.33,4263868000.0,4712706000.0,4263868000.0,7300703720.0,10.0,10.375,2332613000.0,11.933,1.0,703661000.0,0.103,3169538000.0,133697000.0,99947428000.0,94377719000.0,0.0,35604209000.0,,,98831865000.0,,,7818915720.0,-537467000.0,-479295000.0,-377719000.0,145067000.0,-218434000.0,-1730947000.0,-1139133000.0,-387846000.0,2332613000.0,0.0,460354000.0,460354000.0,460354000.0,0.0,0.0,0.068,0.0,703661000.0,0.0,0.472,1.834,16.985,17.167,203753000.0,0.0,40.0,1.149,1.149,259630000.0,3691470000.0,6803700000.0,6803700000.0,0.0,0.005,0.098,0.007,0.103,0.0,0.0,1.0,195472893.0,195472893.0,,34.806,99926195000.0,345010000.0,109610000.0,0.0,511.202,
22,LNC,MRY,1998-12-31,1998-12-31,1998-12-31,2021-09-07,602348000.0,93836260000.0,88672899750.0,,,0.069,26.663,0.0,2433350000.0,2433350000.0,5272614000.0,509775000.0,,16.416,1771781000.0,,,1771781000.0,0.0,0.0,20753064000.0,0.025,1.04,814449000.0,814449000.0,0.134,814449000.0,814449000.0,697398000.0,2.54,2.51,2.54,5387941000.0,5280159250.0,5387941000.0,6606937054.0,8.0,8.112,2247510000.0,11.122,1.0,814449000.0,0.134,3332785000.0,117051000.0,89841906000.0,84710888750.0,0.0,37948284000.0,,,88448319000.0,,,8265904054.0,-1361356000.0,38139000.0,-46871000.0,216623000.0,-209016000.0,-1915086000.0,-1693780000.0,-1297030000.0,2247510000.0,0.0,509775000.0,509775000.0,509775000.0,0.0,0.0,0.084,0.0,814449000.0,0.0,0.409,1.534,16.215,16.104,174762000.0,0.0,40.905,1.358,1.358,246203000.0,3790038000.0,6087063000.0,6087063000.0,0.0,0.006,0.097,0.01,0.134,0.0,0.0,1.0,202075640.0,202075640.0,,30.123,90503475000.0,204075000.0,187623000.0,0.0,447.869,
23,LNC,MRY,1997-12-31,1997-12-31,1997-12-31,2021-09-07,482196000.0,77174708000.0,76482215250.0,,,0.064,24.577,0.0,3794706000.0,3794706000.0,4771074000.0,933988000.0,,14.488,808245000.0,,,808245000.0,0.0,0.0,20063393000.0,0.025,0.98,1039163000.0,1039163000.0,0.212,1039163000.0,1039163000.0,946639000.0,4.56,4.49,4.56,4982915000.0,4597461250.0,4982915000.0,7650885171.0,7.0,7.363,1034574000.0,5.103,1.0,127405000.0,0.026,1071638000.0,92524000.0,73116609000.0,74419151500.0,0.0,29839821000.0,,,72191793000.0,,,7920411171.0,2649940000.0,2638153000.0,-327585000.0,-8694000.0,-201927000.0,-2228128000.0,3843494000.0,1084276000.0,1034574000.0,0.0,933988000.0,933988000.0,933988000.0,-134886000.0,0.0,0.191,0.0,127405000.0,0.0,0.215,1.59,8.48,8.567,189811000.0,0.0,39.065,1.617,1.617,197509000.0,3533105000.0,4898479000.0,4898479000.0,0.0,0.012,0.203,0.014,0.212,0.0,0.0,1.0,202749550.0,202749550.0,,24.16,76103070000.0,0.0,12651000.0,487805000.0,375.355,
24,LNC,MRY,1996-12-31,1996-12-31,1996-12-31,2021-09-07,482045000.0,71713405000.0,67485569000.0,,,0.07,21.661,0.0,1144766000.0,1144766000.0,4144829000.0,513558000.0,,15.043,815271000.0,,,815271000.0,0.0,0.0,21165410000.0,0.035,0.92,745948000.0,745948000.0,0.158,745948000.0,745948000.0,661227000.0,2.475,2.435,2.475,4469956000.0,4424039000.0,4469956000.0,,,,1373436000.0,6.655,1.0,588779000.0,0.124,1060153000.0,84721000.0,70323757000.0,66047193500.0,0.0,29751000000.0,,,67243449000.0,,,5417009588.0,-307404000.0,2579140000.0,-32716000.0,-272962000.0,-191223000.0,-1208477000.0,-472363000.0,-2904735000.0,1373436000.0,0.0,513558000.0,513558000.0,513558000.0,-157169000.0,0.0,0.108,0.0,588779000.0,0.0,0.372,1.212,10.548,10.606,196044000.0,0.0,26.25,1.144,1.144,237345000.0,3082368000.0,4733608000.0,4733608000.0,0.0,0.008,0.116,0.011,0.158,0.0,0.0,1.0,206362270.0,206362270.0,,22.938,70653252000.0,0.0,147669000.0,161501000.0,342.375,
25,LNC,MRY,1995-12-31,1995-12-31,1995-12-31,2021-09-07,711593000.0,63257733000.0,,,,,,0.0,1572855000.0,1572855000.0,4099554000.0,482186000.0,,13.449,1086151000.0,,,1086151000.0,813380000.0,0.0,18784508000.0,0.032,0.86,667709000.0,667709000.0,0.146,667709000.0,667709000.0,595193000.0,2.39,2.3,2.39,4378122000.0,,4378122000.0,,,,2186290000.0,,1.0,486933000.0,0.106,1000399000.0,72516000.0,61770630000.0,,0.0,31942004000.0,,,58879611000.0,,,,437663000.0,-550066000.0,0.0,209388000.0,-178805000.0,-407000.0,-1748220000.0,-985256000.0,2186290000.0,0.0,482186000.0,482186000.0,482186000.0,-180776000.0,0.0,0.105,0.0,486933000.0,0.0,0.36,,,11.245,243763000.0,0.0,26.875,,,537979000.0,2775718000.0,4586487000.0,4586487000.0,0.0,,,,0.146,0.0,0.0,1.0,,,,,62257334000.0,0.0,113007000.0,128426000.0,,
26,LNC,MRY,1994-12-31,1994-12-31,1994-12-31,2021-09-07,,,,,,,,0.0,,,5754049000.0,349898000.0,,,,,,,,0.0,,0.047,0.82,425801000.0,425801000.0,0.069,425801000.0,425801000.0,376281000.0,1.685,,1.685,,,,,,,1182166000.0,,1.0,425801000.0,0.069,,49520000.0,,,,,,,,,,,331919000.0,417367000.0,-18395000.0,-2281000.0,-172157000.0,652485000.0,-1502732000.0,-2014665000.0,1182166000.0,0.0,349898000.0,349898000.0,349898000.0,0.0,0.0,0.057,0.0,425801000.0,,0.487,,,10.386,,0.0,17.5,,,,,6179850000.0,6179850000.0,0.0,,,,0.069,0.0,0.0,1.0,,,,,,,26383000.0,,,
0,LNC,MRQ,2021-06-30,2021-06-30,2021-06-30,2021-09-07,7479000000.0,380148000000.0,,,,,114.223,0.0,2389000000.0,2389000000.0,3993000000.0,642000000.0,,16.482,6634000000.0,,,6634000000.0,0.0,0.0,108778000000.0,0.026,0.42,837000000.0,837000000.0,0.173,837000000.0,837000000.0,772000000.0,3.38,3.34,3.38,21745000000.0,,21745000000.0,17207051637.0,9.0,9.326,411000000.0,2.159,1.0,858000000.0,0.177,1778000000.0,65000000.0,382615000000.0,,0.0,155115000000.0,,,358403000000.0,,,11963051637.0,1039000000.0,0.0,-150000000.0,50000000.0,-81000000.0,1434000000.0,-806000000.0,-768000000.0,411000000.0,0.0,642000000.0,642000000.0,642000000.0,0.0,0.0,0.132,21000000.0,837000000.0,8199000000.0,0.124,0.55,8.496,8.55,0.0,0.0,62.84,0.634,0.634,16564000000.0,9245000000.0,4851000000.0,4851000000.0,0.0,,,,,0.0,0.0,1.0,190373196.0,190373196.0,,25.482,378370000000.0,0.0,130000000.0,0.0,1987.517,
1,LNC,MRQ,2021-03-31,2021-03-31,2021-03-31,2021-09-07,5761000000.0,366760000000.0,,,,,102.069,0.0,1350000000.0,1350000000.0,4194000000.0,225000000.0,,17.719,6594000000.0,,,6594000000.0,0.0,0.0,107002000000.0,0.026,0.42,327000000.0,327000000.0,0.072,327000000.0,327000000.0,262000000.0,1.17,1.16,1.17,19593000000.0,,19593000000.0,16927242158.0,18.0,18.182,-642000000.0,-3.344,1.0,340000000.0,0.075,1778000000.0,65000000.0,370226000000.0,,0.0,148559000000.0,,,347167000000.0,,,11953242158.0,-358000000.0,0.0,-105000000.0,0.0,-80000000.0,996000000.0,-712000000.0,-679000000.0,-642000000.0,0.0,225000000.0,225000000.0,225000000.0,0.0,0.0,0.05,13000000.0,327000000.0,7597000000.0,0.359,0.61,17.788,17.894,0.0,0.0,62.27,0.681,0.681,16942000000.0,8775000000.0,4534000000.0,4534000000.0,0.0,,,,,0.0,0.0,1.0,191958281.0,191958281.0,,23.62,364982000000.0,0.0,37000000.0,0.0,1901.361,
2,LNC,MRQ,2020-12-31,2020-12-31,2020-12-31,2021-09-07,8931000000.0,365948000000.0,,,,,117.45,0.0,1708000000.0,1708000000.0,3958000000.0,143000000.0,,15.122,6682000000.0,,,6682000000.0,0.0,0.0,105405000000.0,0.032,0.4,155000000.0,155000000.0,0.037,155000000.0,155000000.0,89000000.0,0.74,0.82,0.74,22699000000.0,,22699000000.0,13842179758.0,20.0,19.579,193000000.0,0.999,1.0,178000000.0,0.043,1778000000.0,66000000.0,369144000000.0,,0.0,153956000000.0,,,343249000000.0,,,9723179758.0,-887000000.0,0.0,-50000000.0,40000000.0,-78000000.0,1956000000.0,-3036000000.0,-2999000000.0,193000000.0,0.0,143000000.0,143000000.0,143000000.0,0.0,0.0,0.035,23000000.0,155000000.0,6222000000.0,0.541,0.428,19.485,19.5,0.0,0.0,50.31,0.558,0.558,16982000000.0,8686000000.0,4136000000.0,4136000000.0,0.0,,,,,0.0,0.0,1.0,193265350.0,193265350.0,,21.401,364170000000.0,0.0,-54000000.0,0.0,1884.301,
3,LNC,MRQ,2020-09-30,2020-09-30,2020-09-30,2021-09-07,7809000000.0,347804000000.0,,,,,111.509,0.0,2595000000.0,2595000000.0,4815000000.0,398000000.0,,15.14,6714000000.0,,,6714000000.0,0.0,0.0,102568000000.0,0.05,0.4,526000000.0,526000000.0,0.098,526000000.0,526000000.0,460000000.0,2.06,2.01,2.06,21549000000.0,,21549000000.0,8589463600.0,8.0,7.78,-630000000.0,-3.26,1.0,546000000.0,0.102,1778000000.0,66000000.0,350145000000.0,,0.0,149515000000.0,,,326255000000.0,,,6054463600.0,-1606000000.0,0.0,0.0,0.0,-77000000.0,2105000000.0,-3081000000.0,-3055000000.0,-630000000.0,0.0,398000000.0,398000000.0,398000000.0,0.0,0.0,0.074,20000000.0,526000000.0,6435000000.0,0.194,0.281,7.683,7.832,0.0,0.0,31.33,0.343,0.343,17108000000.0,8647000000.0,5361000000.0,5361000000.0,0.0,,,,,0.0,0.0,1.0,193248120.0,193248120.0,,27.742,346026000000.0,0.0,62000000.0,0.0,1790.579,
4,LNC,MRQ,2020-06-30,2020-06-30,2020-06-30,2021-09-07,7323000000.0,339659000000.0,,,,,107.29,0.0,4201000000.0,4201000000.0,3580000000.0,-94000000.0,,15.384,6736000000.0,,,6736000000.0,0.0,0.0,100537000000.0,0.042,0.4,-77000000.0,-77000000.0,-0.022,-77000000.0,-77000000.0,-161000000.0,-0.49,-0.49,-0.49,20731000000.0,,20731000000.0,7654727332.0,17.0,17.358,516000000.0,2.67,1.0,-63000000.0,-0.018,1778000000.0,84000000.0,340416000000.0,,0.0,144917000000.0,,,318928000000.0,,,7108727332.0,-2001000000.0,0.0,0.0,50000000.0,-77000000.0,1589000000.0,-4106000000.0,-4077000000.0,516000000.0,0.0,-94000000.0,-94000000.0,-94000000.0,0.0,0.0,-0.027,14000000.0,-77000000.0,7031000000.0,-0.816,0.343,31.042,32.558,0.0,0.0,36.79,0.42,0.42,17356000000.0,8327000000.0,3517000000.0,3517000000.0,0.0,,,,,0.0,0.0,1.0,193224445.0,193224445.0,,18.202,337881000000.0,0.0,-67000000.0,0.0,1748.645,
5,LNC,MRQ,2020-03-31,2020-03-31,2020-03-31,2021-09-07,3004000000.0,318649000000.0,,,,,84.838,0.0,6202000000.0,6202000000.0,4311000000.0,52000000.0,,18.225,6748000000.0,,,6748000000.0,0.0,0.0,99508000000.0,0.057,0.4,102000000.0,102000000.0,0.023,102000000.0,102000000.0,34000000.0,0.27,0.15,0.27,16575000000.0,,16575000000.0,8946179959.0,9.0,8.866,455000000.0,2.329,1.0,114000000.0,0.026,1778000000.0,68000000.0,317417000000.0,,0.0,135252000000.0,,,302074000000.0,,,5142179959.0,3639000000.0,0.0,-225000000.0,199000000.0,-79000000.0,2442000000.0,742000000.0,803000000.0,455000000.0,0.0,52000000.0,52000000.0,52000000.0,0.0,0.0,0.012,12000000.0,102000000.0,8434000000.0,1.481,0.31,7.496,7.696,0.0,0.0,26.32,0.29,0.29,17485000000.0,8500000000.0,4425000000.0,4425000000.0,0.0,,,,,0.0,0.0,1.0,195371579.0,195371579.0,,22.649,316871000000.0,0.0,-18000000.0,0.0,1621.889,
6,LNC,MRQ,2019-12-31,2019-12-31,2019-12-31,2021-09-07,5673000000.0,334761000000.0,,,,,99.274,0.0,2563000000.0,2563000000.0,3773000000.0,432000000.0,,16.002,6367000000.0,,,6367000000.0,0.0,0.0,98018000000.0,0.025,0.37,553000000.0,553000000.0,0.127,553000000.0,553000000.0,481000000.0,2.16,2.14,2.16,19689000000.0,,19689000000.0,15134488883.0,12.0,12.156,171000000.0,0.862,1.0,572000000.0,0.132,1778000000.0,72000000.0,336787000000.0,,0.0,133697000000.0,,,315072000000.0,,,11703488883.0,-376000000.0,0.0,-100000000.0,106000000.0,-76000000.0,2667000000.0,-3214000000.0,-3147000000.0,171000000.0,0.0,432000000.0,432000000.0,432000000.0,0.0,0.0,0.099,19000000.0,553000000.0,5082000000.0,0.171,0.594,13.209,13.381,0.0,0.0,59.01,0.678,0.678,17609000000.0,8854000000.0,4345000000.0,4345000000.0,0.0,,,,,0.0,0.0,1.0,198330603.0,198330603.0,,21.908,332983000000.0,0.0,49000000.0,0.0,1678.929,
7,LNC,MRQ,2019-09-30,2019-09-30,2019-09-30,2021-09-07,6248000000.0,325278000000.0,,,,,99.899,0.0,2939000000.0,2939000000.0,4759000000.0,-161000000.0,,15.265,6370000000.0,,,6370000000.0,0.0,0.0,95283000000.0,0.024,0.37,-137000000.0,-137000000.0,-0.03,-137000000.0,-137000000.0,-250000000.0,-0.81,-0.83,-0.81,19999000000.0,,19999000000.0,14682623061.0,12.0,11.947,-295000000.0,-1.474,1.0,-121000000.0,-0.026,1778000000.0,113000000.0,326931000000.0,,0.0,132520000000.0,,,305279000000.0,,,12075623061.0,-375000000.0,0.0,-150000000.0,345000000.0,-74000000.0,2146000000.0,-2226000000.0,-2156000000.0,-295000000.0,0.0,-161000000.0,-161000000.0,-161000000.0,0.0,0.0,-0.035,16000000.0,-137000000.0,5528000000.0,-0.457,0.604,14.157,14.676,0.0,0.0,60.32,0.692,0.692,17793000000.0,8559000000.0,4638000000.0,4638000000.0,0.0,,,,,0.0,0.0,1.0,200192690.0,200192690.0,,23.168,323500000000.0,0.0,-89000000.0,0.0,1615.943,
8,LNC,MRQ,2019-06-30,2019-06-30,2019-06-30,2021-09-07,4336000000.0,322259000000.0,,,,,91.206,0.0,3314000000.0,3314000000.0,3804000000.0,363000000.0,,16.462,5921000000.0,,,5921000000.0,0.0,0.0,94947000000.0,0.022,0.37,491000000.0,491000000.0,0.114,491000000.0,491000000.0,421000000.0,1.8,1.79,1.8,18455000000.0,,18455000000.0,17320024203.0,9.0,8.805,-1231000000.0,-6.084,1.0,506000000.0,0.117,1778000000.0,70000000.0,323088000000.0,,0.0,126380000000.0,,,303804000000.0,,,13041024203.0,1721000000.0,0.0,-150000000.0,50000000.0,-76000000.0,1878000000.0,1074000000.0,1136000000.0,-1231000000.0,0.0,363000000.0,363000000.0,363000000.0,0.0,0.0,0.084,15000000.0,491000000.0,5632000000.0,0.206,0.707,8.671,8.964,0.0,0.0,64.45,0.764,0.764,18034000000.0,8878000000.0,4310000000.0,4310000000.0,0.0,,,,,0.0,0.0,1.0,202343277.0,202343277.0,,21.3,320481000000.0,0.0,58000000.0,0.0,1583.848,
9,LNC,MRQ,2019-03-31,2019-03-31,2019-03-31,2021-09-07,2453000000.0,314299000000.0,,,,,80.36,0.0,1593000000.0,1593000000.0,3611000000.0,252000000.0,,18.145,5872000000.0,,,5872000000.0,0.0,0.0,93959000000.0,0.023,0.37,339000000.0,339000000.0,0.085,339000000.0,339000000.0,268000000.0,1.23,1.22,1.23,16417000000.0,,16417000000.0,15486046764.0,8.0,7.762,-1331000000.0,-6.515,1.0,354000000.0,0.089,1778000000.0,71000000.0,316800000000.0,,0.0,121745000000.0,,,297882000000.0,,,11992046764.0,-752000000.0,0.0,-150000000.0,0.0,-77000000.0,1712000000.0,-1133000000.0,-1071000000.0,-1331000000.0,0.0,252000000.0,252000000.0,252000000.0,0.0,0.0,0.064,15000000.0,339000000.0,5362000000.0,0.301,0.73,7.858,8.21,0.0,0.0,58.7,0.715,0.715,18267000000.0,8679000000.0,3965000000.0,3965000000.0,0.0,,,,,0.0,0.0,1.0,204293812.0,204293812.0,,19.408,312521000000.0,0.0,16000000.0,0.0,1529.762,
10,LNC,MRQ,2018-12-31,2018-12-31,2018-12-31,2021-09-07,407000000.0,298147000000.0,,,,,67.18,0.0,2345000000.0,2345000000.0,3968000000.0,399000000.0,,19.777,5839000000.0,,,5839000000.0,0.0,0.0,91233000000.0,0.026,0.33,536000000.0,536000000.0,0.118,536000000.0,536000000.0,467000000.0,1.89,1.81,1.89,14350000000.0,,14350000000.0,15304058388.0,7.0,7.014,909000000.0,4.256,1.0,563000000.0,0.124,1782000000.0,69000000.0,299859000000.0,,0.0,115216000000.0,,,283797000000.0,,,10960058388.0,885000000.0,0.0,-625000000.0,0.0,-72000000.0,1551000000.0,-1575000000.0,-1526000000.0,909000000.0,0.0,399000000.0,399000000.0,399000000.0,0.0,0.0,0.088,27000000.0,536000000.0,4805000000.0,0.175,0.764,6.679,6.751,0.0,0.0,51.31,0.667,0.667,18318000000.0,8551000000.0,4531000000.0,4531000000.0,0.0,,,,,0.0,0.0,1.0,213604724.0,213604724.0,,21.212,296365000000.0,0.0,68000000.0,0.0,1387.446,
11,LNC,MRQ,2018-09-30,2018-09-30,2018-09-30,2021-09-07,836000000.0,303850000000.0,,,,,69.549,0.0,1460000000.0,1460000000.0,3645000000.0,490000000.0,,19.163,5804000000.0,,,5804000000.0,0.0,0.0,89906000000.0,0.019,0.33,601000000.0,601000000.0,0.141,601000000.0,601000000.0,532000000.0,2.27,2.24,2.27,15070000000.0,,15070000000.0,18711609802.0,14.0,14.165,402000000.0,1.855,1.0,619000000.0,0.145,1757000000.0,69000000.0,306437000000.0,,0.0,112686000000.0,,,288780000000.0,,,14660609802.0,-315000000.0,-6000000.0,-175000000.0,0.0,-72000000.0,1150000000.0,-1867000000.0,-1796000000.0,402000000.0,0.0,490000000.0,490000000.0,490000000.0,0.0,0.0,0.115,18000000.0,601000000.0,4212000000.0,0.145,0.973,7.127,7.19,0.0,0.0,67.66,0.942,0.942,18863000000.0,8615000000.0,4264000000.0,4264000000.0,0.0,,,,,0.0,0.0,1.0,216680606.0,216680606.0,,19.679,302093000000.0,0.0,42000000.0,0.0,1394.186,
12,LNC,MRQ,2018-06-30,2018-06-30,2018-06-30,2021-09-07,1201000000.0,298832000000.0,,,,,69.394,0.0,1775000000.0,1775000000.0,3485000000.0,385000000.0,,18.69,5826000000.0,,,5826000000.0,0.0,0.0,88698000000.0,0.02,0.33,519000000.0,519000000.0,0.129,519000000.0,519000000.0,451000000.0,1.76,1.7,1.76,15177000000.0,,15177000000.0,17255503342.0,13.0,13.345,492000000.0,2.25,1.0,535000000.0,0.133,1750000000.0,68000000.0,301133000000.0,,0.0,112007000000.0,,,283655000000.0,,,13614503342.0,-482000000.0,-1416000000.0,-100000000.0,-50000000.0,-73000000.0,804000000.0,-1778000000.0,-315000000.0,492000000.0,0.0,385000000.0,385000000.0,385000000.0,0.0,0.0,0.096,16000000.0,519000000.0,4699000000.0,0.188,0.897,6.859,6.894,0.0,0.0,62.25,0.919,0.919,18553000000.0,8302000000.0,4020000000.0,4020000000.0,0.0,,,,,0.0,0.0,1.0,218706881.0,218706881.0,,18.381,297082000000.0,0.0,66000000.0,0.0,1358.357,
13,LNC,MRQ,2018-03-31,2018-03-31,2018-03-31,2021-09-07,2233000000.0,279237000000.0,,,,,73.239,0.0,2257000000.0,2257000000.0,3068000000.0,367000000.0,,16.469,5898000000.0,,,5898000000.0,0.0,0.0,80710000000.0,0.016,0.33,526000000.0,526000000.0,0.146,526000000.0,526000000.0,435000000.0,1.68,1.64,1.68,15985000000.0,,15985000000.0,19661896457.0,14.0,14.352,140000000.0,0.641,1.0,541000000.0,0.15,1368000000.0,91000000.0,281510000000.0,,0.0,110047000000.0,,,263252000000.0,,,15945896457.0,629000000.0,0.0,0.0,584000000.0,-72000000.0,1084000000.0,-595000000.0,-563000000.0,140000000.0,0.0,367000000.0,367000000.0,367000000.0,0.0,0.0,0.102,15000000.0,526000000.0,4265000000.0,0.196,0.998,7.929,8.02,0.0,0.0,73.06,1.11,1.11,5489000000.0,8052000000.0,3609000000.0,3609000000.0,0.0,,,,,0.0,0.0,1.0,218257548.0,218257548.0,,16.536,277869000000.0,0.0,68000000.0,0.0,1273.124,
14,LNC,MRQ,2017-12-31,2017-12-31,2017-12-31,2021-09-07,3230000000.0,281763000000.0,,,,,79.158,0.0,1628000000.0,1628000000.0,3079000000.0,815000000.0,,15.266,5344000000.0,,,5344000000.0,0.0,0.0,80209000000.0,0.015,0.29,-325000000.0,-325000000.0,-0.089,-325000000.0,-325000000.0,-388000000.0,3.7,3.64,3.7,17322000000.0,,17322000000.0,20206418207.0,15.0,14.611,179000000.0,0.818,1.0,590000000.0,0.161,1368000000.0,63000000.0,284111000000.0,,0.0,113089000000.0,,,264441000000.0,,,16821418207.0,-337000000.0,0.0,-125000000.0,0.0,-64000000.0,888000000.0,-1404000000.0,-1357000000.0,179000000.0,0.0,815000000.0,815000000.0,815000000.0,0.0,0.0,0.222,915000000.0,-325000000.0,4417000000.0,0.078,0.971,8.091,8.213,0.0,0.0,76.87,1.18,1.18,5303000000.0,8399000000.0,3669000000.0,3669000000.0,0.0,,,,,0.0,0.0,1.0,218829429.0,218829429.0,,16.766,280395000000.0,0.0,-1203000000.0,0.0,1281.34,
15,LNC,MRQ,2017-09-30,2017-09-30,2017-09-30,2021-09-07,2859000000.0,276785000000.0,,,,,73.671,0.0,1965000000.0,1965000000.0,2928000000.0,418000000.0,,15.966,5350000000.0,,,5350000000.0,0.0,0.0,79623000000.0,0.015,0.29,573000000.0,573000000.0,0.163,573000000.0,573000000.0,510000000.0,1.89,1.87,1.89,16314000000.0,,16314000000.0,19644732161.0,10.0,9.663,407000000.0,1.838,1.0,583000000.0,0.166,2273000000.0,63000000.0,277897000000.0,,0.0,111714000000.0,,,260471000000.0,,,16271732161.0,-13000000.0,0.0,-200000000.0,0.0,-66000000.0,360000000.0,-780000000.0,-751000000.0,407000000.0,0.0,418000000.0,418000000.0,418000000.0,0.0,0.0,0.119,10000000.0,573000000.0,4968000000.0,0.153,0.997,11.191,11.287,0.0,0.0,73.48,1.176,1.176,5432000000.0,7738000000.0,3511000000.0,3511000000.0,0.0,,,,,0.0,0.0,1.0,221444368.0,221444368.0,,15.855,274512000000.0,0.0,92000000.0,0.0,1239.643,
16,LNC,MRQ,2017-06-30,2017-06-30,2017-06-30,2021-09-07,2711000000.0,271651000000.0,,,,,71.322,0.0,1978000000.0,1978000000.0,2967000000.0,411000000.0,,15.982,5351000000.0,,,5351000000.0,0.0,0.0,79216000000.0,0.016,0.29,596000000.0,596000000.0,0.167,596000000.0,596000000.0,533000000.0,1.84,1.81,1.84,15996000000.0,,15996000000.0,18566736502.0,9.0,8.684,93000000.0,0.415,1.0,610000000.0,0.171,2273000000.0,63000000.0,272751000000.0,,0.0,110639000000.0,,,255655000000.0,,,15156736502.0,55000000.0,0.0,-200000000.0,0.0,-67000000.0,467000000.0,-505000000.0,-484000000.0,93000000.0,0.0,411000000.0,411000000.0,411000000.0,0.0,0.0,0.115,14000000.0,596000000.0,4952000000.0,0.158,0.948,10.084,10.178,0.0,0.0,67.58,1.094,1.094,5593000000.0,7511000000.0,3577000000.0,3577000000.0,0.0,,,,,0.0,0.0,1.0,224278433.0,224278433.0,,15.949,269378000000.0,0.0,122000000.0,0.0,1201.087,
17,LNC,MRQ,2017-03-31,2017-03-31,2017-03-31,2021-09-07,1847000000.0,267468000000.0,,,,,66.484,0.0,1923000000.0,1923000000.0,2952000000.0,435000000.0,,16.863,5333000000.0,,,5333000000.0,0.0,0.0,79078000000.0,0.016,0.29,539000000.0,539000000.0,0.154,539000000.0,539000000.0,475000000.0,1.93,1.89,1.93,14973000000.0,,14973000000.0,17363218012.0,9.0,8.579,109000000.0,0.484,1.0,548000000.0,0.157,2273000000.0,64000000.0,268605000000.0,,0.0,108633000000.0,,,252495000000.0,,,14740218012.0,-799000000.0,0.0,-200000000.0,0.0,-65000000.0,591000000.0,-1499000000.0,-1483000000.0,109000000.0,0.0,435000000.0,435000000.0,435000000.0,0.0,0.0,0.124,9000000.0,539000000.0,5086000000.0,0.15,0.984,10.402,10.608,0.0,0.0,65.45,1.085,1.085,5798000000.0,7287000000.0,3500000000.0,3500000000.0,0.0,,,,,0.0,0.0,1.0,225213415.0,225213415.0,,15.541,265195000000.0,0.0,40000000.0,0.0,1177.528,
18,LNC,MRQ,2016-12-31,2016-12-31,2016-12-31,2021-09-07,1566000000.0,261627000000.0,,,,,63.344,0.0,2722000000.0,2722000000.0,2921000000.0,190000000.0,,17.071,5345000000.0,,,5345000000.0,0.0,0.0,78903000000.0,0.015,0.25,325000000.0,325000000.0,0.1,325000000.0,325000000.0,196000000.0,0.85,0.86,0.85,14478000000.0,,14478000000.0,17409694527.0,10.0,9.732,592000000.0,2.59,1.0,333000000.0,0.102,2273000000.0,129000000.0,261977000000.0,,0.0,106721000000.0,,,247149000000.0,,,15146694527.0,-722000000.0,0.0,-204000000.0,-264000000.0,-58000000.0,740000000.0,-2054000000.0,-2028000000.0,592000000.0,0.0,190000000.0,190000000.0,190000000.0,0.0,0.0,0.058,8000000.0,325000000.0,4995000000.0,0.294,1.046,12.707,13.02,0.0,0.0,66.27,1.136,1.136,5695000000.0,7043000000.0,3254000000.0,3254000000.0,0.0,,,,,0.0,0.0,1.0,228560352.0,228560352.0,,14.237,259354000000.0,0.0,6000000.0,0.0,1134.729,
19,LNC,MRQ,2016-09-30,2016-09-30,2016-09-30,2021-09-07,3377000000.0,266605000000.0,,,,,70.117,0.0,3444000000.0,3444000000.0,2847000000.0,467000000.0,,15.333,5707000000.0,,,5707000000.0,0.0,0.0,77963000000.0,0.02,0.25,678000000.0,678000000.0,0.192,678000000.0,678000000.0,612000000.0,2.02,2.0,2.02,16323000000.0,,16323000000.0,12533724932.0,7.0,6.656,144000000.0,0.619,1.0,678000000.0,0.192,2273000000.0,66000000.0,266595000000.0,,0.0,111591000000.0,,,250282000000.0,,,10936724932.0,-669000000.0,0.0,-200000000.0,0.0,-58000000.0,559000000.0,-1372000000.0,-1350000000.0,144000000.0,0.0,467000000.0,467000000.0,467000000.0,0.0,0.0,0.132,0.0,678000000.0,5654000000.0,0.124,0.67,8.504,8.684,0.0,0.0,46.98,0.826,0.826,5787000000.0,7037000000.0,3525000000.0,3525000000.0,0.0,,,,,0.0,0.0,1.0,232795337.0,232795337.0,,15.142,264332000000.0,0.0,145000000.0,0.0,1135.469,
20,LNC,MRQ,2016-06-30,2016-06-30,2016-06-30,2021-09-07,3195000000.0,263028000000.0,,,,,66.609,0.0,4113000000.0,4113000000.0,2825000000.0,325000000.0,,15.522,5710000000.0,,,5710000000.0,0.0,0.0,77458000000.0,0.023,0.25,482000000.0,482000000.0,0.146,482000000.0,482000000.0,414000000.0,1.37,1.35,1.37,15920000000.0,,15920000000.0,11739306818.0,8.0,7.623,238000000.0,0.996,1.0,482000000.0,0.146,2273000000.0,68000000.0,262352000000.0,,0.0,110587000000.0,,,247108000000.0,,,9266306818.0,936000000.0,0.0,-275000000.0,0.0,-62000000.0,231000000.0,467000000.0,499000000.0,238000000.0,0.0,325000000.0,325000000.0,325000000.0,0.0,0.0,0.098,0.0,482000000.0,6297000000.0,0.182,0.582,8.859,9.016,0.0,0.0,38.77,0.69,0.69,5910000000.0,6716000000.0,3307000000.0,3307000000.0,0.0,,,,,0.0,0.0,1.0,239007140.0,239007140.0,,13.836,260755000000.0,0.0,89000000.0,0.0,1090.993,
21,LNC,MRQ,2016-03-31,2016-03-31,2016-03-31,2021-09-07,1931000000.0,255718000000.0,,,,,60.832,0.0,3177000000.0,3177000000.0,2940000000.0,211000000.0,,16.446,5650000000.0,,,5650000000.0,0.0,0.0,77475000000.0,0.022,0.25,303000000.0,303000000.0,0.093,303000000.0,303000000.0,235000000.0,0.87,0.83,0.87,14658000000.0,,14658000000.0,11881508246.0,8.0,7.539,298000000.0,1.237,1.0,303000000.0,0.093,2273000000.0,68000000.0,255918000000.0,,0.0,106371000000.0,,,241060000000.0,,,9445508246.0,31000000.0,0.0,-200000000.0,0.0,-60000000.0,440000000.0,-707000000.0,-681000000.0,298000000.0,0.0,211000000.0,211000000.0,211000000.0,0.0,0.0,0.065,0.0,303000000.0,5017000000.0,0.287,0.644,8.869,9.116,0.0,0.0,39.2,0.699,0.699,5998000000.0,6565000000.0,3243000000.0,3243000000.0,0.0,,,,,0.0,0.0,1.0,240956843.0,240956843.0,,13.459,253445000000.0,0.0,24000000.0,0.0,1051.827,
22,LNC,MRQ,2015-12-31,2015-12-31,2015-12-31,2021-09-07,845000000.0,251908000000.0,,,,,55.025,0.0,3146000000.0,3146000000.0,2752000000.0,283000000.0,,17.5,5553000000.0,,,5553000000.0,0.0,0.0,77362000000.0,0.016,0.2,420000000.0,420000000.0,0.132,420000000.0,420000000.0,352000000.0,1.15,1.14,1.15,13617000000.0,,13617000000.0,14269892158.0,8.0,8.384,756000000.0,3.055,1.0,420000000.0,0.132,2273000000.0,68000000.0,252042000000.0,,0.0,102208000000.0,,,238291000000.0,,,12437892158.0,-626000000.0,0.0,-244000000.0,0.0,-51000000.0,694000000.0,-2076000000.0,-2071000000.0,756000000.0,0.0,283000000.0,283000000.0,283000000.0,0.0,0.0,0.089,0.0,420000000.0,4657000000.0,0.174,0.913,10.778,10.926,0.0,0.0,50.26,0.916,0.916,5999000000.0,6474000000.0,3172000000.0,3172000000.0,0.0,,,,,0.0,0.0,1.0,247470994.0,247470994.0,,12.818,249635000000.0,0.0,69000000.0,0.0,1008.744,
23,LNC,MRQ,2015-09-30,2015-09-30,2015-09-30,2021-09-07,1663000000.0,249532000000.0,,,,,57.386,0.0,3772000000.0,3772000000.0,3381000000.0,227000000.0,,16.327,5604000000.0,,,5604000000.0,0.0,0.0,76451000000.0,0.016,0.2,335000000.0,335000000.0,0.09,335000000.0,335000000.0,268000000.0,0.91,0.87,0.91,14401000000.0,,14401000000.0,15112175845.0,8.0,8.476,905000000.0,3.606,1.0,335000000.0,0.09,2273000000.0,67000000.0,249091000000.0,,0.0,103199000000.0,,,235131000000.0,,,11910175845.0,1445000000.0,75000000.0,-200000000.0,0.0,-51000000.0,553000000.0,-13000000.0,-67000000.0,905000000.0,0.0,227000000.0,227000000.0,227000000.0,0.0,0.0,0.061,0.0,335000000.0,5297000000.0,0.22,0.827,9.762,9.867,0.0,0.0,47.46,0.846,0.846,5942000000.0,6358000000.0,3716000000.0,3716000000.0,0.0,,,,,0.0,0.0,1.0,250951872.0,250951872.0,,14.808,247259000000.0,0.0,41000000.0,0.0,985.285,
24,LNC,MRQ,2015-06-30,2015-06-30,2015-06-30,2021-09-07,1944000000.0,255214000000.0,,,,,58.094,0.0,2327000000.0,2327000000.0,2863000000.0,344000000.0,,16.363,5529000000.0,,,5529000000.0,0.0,0.0,76243000000.0,0.012,0.2,518000000.0,518000000.0,0.153,518000000.0,518000000.0,449000000.0,1.37,1.35,1.37,14699000000.0,,14699000000.0,17373955556.0,8.0,8.211,286000000.0,1.13,1.0,518000000.0,0.153,2273000000.0,69000000.0,256143000000.0,,0.0,102009000000.0,,,240515000000.0,,,14983955556.0,-1160000000.0,0.0,-118000000.0,-250000000.0,-50000000.0,-347000000.0,-1099000000.0,-1079000000.0,286000000.0,0.0,344000000.0,344000000.0,344000000.0,0.0,0.0,0.102,0.0,518000000.0,4587000000.0,0.146,1.019,10.464,10.594,0.0,0.0,59.22,1.087,1.087,6023000000.0,6286000000.0,3381000000.0,3381000000.0,0.0,,,,,0.0,0.0,1.0,253021877.0,253021877.0,,13.362,252941000000.0,0.0,105000000.0,0.0,999.68,
25,LNC,MRQ,2015-03-31,2015-03-31,2015-03-31,2021-09-07,3653000000.0,258485000000.0,,,,,63.274,0.0,3487000000.0,3487000000.0,2874000000.0,300000000.0,,14.933,5877000000.0,,,5877000000.0,0.0,0.0,75663000000.0,0.012,0.2,430000000.0,430000000.0,0.13,430000000.0,430000000.0,362000000.0,1.17,1.15,1.17,16223000000.0,,16223000000.0,16333229503.0,7.0,7.417,296000000.0,1.154,1.0,430000000.0,0.13,2273000000.0,68000000.0,258602000000.0,,0.0,106015000000.0,,,242262000000.0,,,14732229503.0,-432000000.0,0.0,-338000000.0,298000000.0,-52000000.0,307000000.0,-1035000000.0,-1003000000.0,296000000.0,0.0,300000000.0,300000000.0,300000000.0,0.0,0.0,0.091,0.0,430000000.0,5046000000.0,0.171,0.908,9.914,10.01,0.0,0.0,57.46,1.077,1.077,6050000000.0,6077000000.0,3304000000.0,3304000000.0,0.0,,,,,0.0,0.0,1.0,256391046.0,256391046.0,,12.887,256212000000.0,0.0,62000000.0,0.0,999.302,
26,LNC,MRQ,2014-12-31,2014-12-31,2014-12-31,2021-09-07,3096000000.0,253377000000.0,,,,,60.587,0.0,3919000000.0,3919000000.0,3186000000.0,349000000.0,,15.098,5520000000.0,,,5520000000.0,0.0,0.0,75512000000.0,0.011,0.16,500000000.0,500000000.0,0.136,500000000.0,500000000.0,434000000.0,1.36,1.33,1.36,15740000000.0,,15740000000.0,18597073556.0,8.0,8.211,1431000000.0,5.508,1.0,499000000.0,0.135,2273000000.0,66000000.0,252705000000.0,,0.0,102967000000.0,,,237637000000.0,,,14982073556.0,2098000000.0,0.0,-191000000.0,0.0,-44000000.0,750000000.0,-83000000.0,-90000000.0,1431000000.0,0.0,349000000.0,349000000.0,349000000.0,-1000000.0,0.0,0.095,0.0,499000000.0,4409000000.0,0.118,0.952,9.889,9.926,0.0,0.0,57.67,1.105,1.105,6203000000.0,6022000000.0,3685000000.0,3685000000.0,0.0,,,,,0.0,0.0,1.0,259789727.0,259789727.0,,14.185,251104000000.0,0.0,85000000.0,0.0,966.566,
27,LNC,MRQ,2014-09-30,2014-09-30,2014-09-30,2021-09-07,2922000000.0,248446000000.0,,,,,59.186,0.0,1821000000.0,1821000000.0,2743000000.0,439000000.0,,15.079,5436000000.0,,,5436000000.0,0.0,0.0,74893000000.0,0.011,0.16,668000000.0,668000000.0,0.196,668000000.0,668000000.0,601000000.0,1.69,1.65,1.69,15452000000.0,,15452000000.0,17899342027.0,8.0,7.779,724000000.0,2.773,1.0,668000000.0,0.196,2273000000.0,67000000.0,249788000000.0,,0.0,101385000000.0,,,232994000000.0,,,13988342027.0,312000000.0,0.0,-127000000.0,0.0,-42000000.0,205000000.0,-617000000.0,-579000000.0,724000000.0,0.0,439000000.0,439000000.0,439000000.0,0.0,0.0,0.129,0.0,668000000.0,3853000000.0,0.095,0.905,9.221,9.254,0.0,0.0,53.58,1.077,1.077,6354000000.0,5834000000.0,3411000000.0,3411000000.0,0.0,,,,,0.0,0.0,1.0,261073946.0,261073946.0,,13.065,246173000000.0,0.0,162000000.0,0.0,942.924,
28,LNC,MRQ,2014-06-30,2014-06-30,2014-06-30,2021-09-07,3199000000.0,249125000000.0,,,,,58.583,0.0,1509000000.0,1509000000.0,2678000000.0,398000000.0,,15.124,5420000000.0,,,5420000000.0,0.0,0.0,74735000000.0,0.011,0.16,604000000.0,604000000.0,0.184,604000000.0,604000000.0,537000000.0,1.52,1.48,1.52,15451000000.0,,15451000000.0,17098103293.0,8.0,7.982,108000000.0,0.409,1.0,604000000.0,0.184,2273000000.0,67000000.0,250763000000.0,,0.0,100958000000.0,,,233674000000.0,,,13567103293.0,-340000000.0,0.0,-146000000.0,0.0,-42000000.0,280000000.0,-728000000.0,-719000000.0,108000000.0,0.0,398000000.0,398000000.0,398000000.0,0.0,0.0,0.121,0.0,604000000.0,3571000000.0,0.105,0.878,9.588,9.561,0.0,0.0,51.44,1.078,1.078,6472000000.0,5513000000.0,3282000000.0,3282000000.0,0.0,,,,,0.0,0.0,1.0,263746176.0,263746176.0,,12.444,246852000000.0,0.0,139000000.0,0.0,935.945,
29,LNC,MRQ,2014-03-31,2014-03-31,2014-03-31,2021-09-07,2453000000.0,241949000000.0,,,,,54.934,0.0,1849000000.0,1849000000.0,2682000000.0,329000000.0,,15.702,5380000000.0,,,5380000000.0,0.0,0.0,74507000000.0,0.01,0.16,494000000.0,494000000.0,0.156,494000000.0,494000000.0,427000000.0,1.25,1.21,1.25,14486000000.0,,14486000000.0,16818695822.0,8.0,8.322,263000000.0,0.997,1.0,494000000.0,0.156,2273000000.0,67000000.0,243207000000.0,,0.0,98207000000.0,,,227463000000.0,,,13361695822.0,-515000000.0,0.0,-154000000.0,-500000000.0,-42000000.0,-401000000.0,-377000000.0,-355000000.0,263000000.0,0.0,329000000.0,329000000.0,329000000.0,0.0,0.0,0.104,0.0,494000000.0,3519000000.0,0.128,0.922,10.016,10.034,0.0,0.0,50.67,1.086,1.086,6488000000.0,5228000000.0,3176000000.0,3176000000.0,0.0,,,,,0.0,0.0,1.0,263700332.0,263700332.0,,12.044,239676000000.0,0.0,98000000.0,0.0,908.895,
30,LNC,MRQ,2013-12-31,2013-12-31,2013-12-31,2021-09-07,1563000000.0,236945000000.0,,,,,51.276,0.0,2364000000.0,2364000000.0,2587000000.0,351000000.0,,16.614,5821000000.0,,,5821000000.0,0.0,0.0,74548000000.0,0.009,0.12,535000000.0,535000000.0,0.171,535000000.0,535000000.0,466000000.0,1.33,1.28,1.33,13452000000.0,,13452000000.0,16760361793.0,9.0,8.84,295000000.0,1.124,1.0,535000000.0,0.171,2273000000.0,69000000.0,238129000000.0,,0.0,95291000000.0,,,223493000000.0,,,13542361793.0,-286000000.0,0.0,-66000000.0,-4000000.0,-31000000.0,315000000.0,-896000000.0,-869000000.0,295000000.0,0.0,351000000.0,351000000.0,351000000.0,0.0,0.0,0.112,0.0,535000000.0,3238000000.0,0.09,1.007,10.886,11.03,0.0,0.0,51.62,1.131,1.131,6461000000.0,5013000000.0,3122000000.0,3122000000.0,0.0,,,,,0.0,0.0,1.0,262347187.0,262347187.0,,11.9,234672000000.0,0.0,115000000.0,0.0,894.509,
31,LNC,MRQ,2013-09-30,2013-09-30,2013-09-30,2021-09-07,1750000000.0,229924000000.0,,,,,50.621,0.0,2650000000.0,2650000000.0,2500000000.0,337000000.0,,16.173,5868000000.0,,,5868000000.0,0.0,0.0,74106000000.0,0.01,0.12,509000000.0,509000000.0,0.169,509000000.0,509000000.0,442000000.0,1.28,1.23,1.28,13389000000.0,,13389000000.0,14088056409.0,8.0,7.694,449000000.0,1.698,1.0,509000000.0,0.169,2273000000.0,67000000.0,230869000000.0,,0.0,95568000000.0,,,216535000000.0,,,11106056409.0,76000000.0,0.0,-99000000.0,347000000.0,-32000000.0,638000000.0,-1011000000.0,-997000000.0,449000000.0,0.0,337000000.0,337000000.0,337000000.0,0.0,0.0,0.112,0.0,509000000.0,3553000000.0,0.094,0.829,9.148,9.269,0.0,0.0,41.99,0.94,0.94,6955000000.0,4753000000.0,3009000000.0,3009000000.0,0.0,,,,,0.0,0.0,1.0,264492889.0,264492889.0,,11.376,227651000000.0,0.0,105000000.0,0.0,860.707,
32,LNC,MRQ,2013-06-30,2013-06-30,2013-06-30,2021-09-07,1893000000.0,223321000000.0,,,,,49.605,0.0,2574000000.0,2574000000.0,2516000000.0,317000000.0,,15.77,5556000000.0,,,5556000000.0,0.0,0.0,73830000000.0,0.011,0.12,483000000.0,483000000.0,0.161,483000000.0,483000000.0,418000000.0,1.19,1.15,1.19,13317000000.0,,13317000000.0,12278801080.0,7.0,6.688,306000000.0,1.14,1.0,483000000.0,0.161,2273000000.0,65000000.0,224030000000.0,,0.0,96167000000.0,,,210004000000.0,,,9790801080.0,-533000000.0,0.0,-148000000.0,50000000.0,-32000000.0,675000000.0,-1514000000.0,-1491000000.0,306000000.0,0.0,317000000.0,317000000.0,317000000.0,0.0,0.0,0.106,0.0,483000000.0,4252000000.0,0.101,0.735,7.503,7.614,0.0,0.0,36.47,0.832,0.832,6815000000.0,4487000000.0,2999000000.0,2999000000.0,0.0,,,,,0.0,0.0,1.0,268461779.0,268461779.0,,11.171,221048000000.0,0.0,101000000.0,0.0,823.387,
33,LNC,MRQ,2013-03-31,2013-03-31,2013-03-31,2021-09-07,3581000000.0,224341000000.0,,,,,54.748,0.0,3107000000.0,3107000000.0,2470000000.0,239000000.0,,14.095,5595000000.0,,,5595000000.0,0.0,0.0,72760000000.0,0.011,0.12,369000000.0,369000000.0,0.13,369000000.0,369000000.0,305000000.0,0.89,0.86,0.89,14862000000.0,,14862000000.0,10261417039.0,6.0,5.508,-251000000.0,-0.925,1.0,369000000.0,0.13,2273000000.0,64000000.0,224556000000.0,,0.0,99285000000.0,,,209479000000.0,,,8852417039.0,-1123000000.0,0.0,-102000000.0,0.0,-33000000.0,417000000.0,-1289000000.0,-1253000000.0,-251000000.0,0.0,239000000.0,239000000.0,239000000.0,0.0,0.0,0.084,0.0,369000000.0,4107000000.0,0.135,0.596,6.763,6.88,0.0,0.0,32.61,0.759,0.759,6929000000.0,4238000000.0,2839000000.0,2839000000.0,0.0,,,,,0.0,0.0,1.0,271463264.0,271463264.0,,10.458,222068000000.0,0.0,66000000.0,0.0,818.041,
34,LNC,MRQ,2012-12-31,2012-12-31,2012-12-31,2021-09-07,3808000000.0,218869000000.0,,,,,54.444,0.0,4230000000.0,4230000000.0,2503000000.0,321000000.0,,13.618,5639000000.0,,,5639000000.0,0.0,0.0,72218000000.0,0.012,0.08,470000000.0,470000000.0,0.158,470000000.0,470000000.0,400000000.0,1.17,1.14,1.17,14973000000.0,,14973000000.0,8443909997.0,5.0,4.52,603000000.0,2.193,1.0,470000000.0,0.158,2273000000.0,70000000.0,218005000000.0,,0.0,99065000000.0,,,203896000000.0,,,7122909997.0,-143000000.0,0.0,-90000000.0,-20000000.0,-24000000.0,1044000000.0,-1790000000.0,-1710000000.0,603000000.0,0.0,321000000.0,321000000.0,321000000.0,0.0,0.0,0.108,0.0,470000000.0,4181000000.0,0.068,0.476,5.425,5.534,0.0,0.0,25.9,0.618,0.618,6829000000.0,4044000000.0,2973000000.0,2973000000.0,0.0,,,,,0.0,0.0,1.0,275015830.0,275015830.0,,10.81,216596000000.0,0.0,79000000.0,0.0,787.576,
35,LNC,MRQ,2012-09-30,2012-09-30,2012-09-30,2021-09-07,4150000000.0,215458000000.0,,,,,54.579,0.0,4373000000.0,4373000000.0,2468000000.0,428000000.0,,13.14,5694000000.0,,,5694000000.0,0.0,0.0,70706000000.0,0.012,0.08,514000000.0,514000000.0,0.174,514000000.0,514000000.0,446000000.0,1.54,1.51,1.54,15237000000.0,,15237000000.0,7515213593.0,8.0,7.661,52000000.0,0.186,1.0,486000000.0,0.165,2273000000.0,68000000.0,214506000000.0,,0.0,98468000000.0,,,200221000000.0,,,6753213593.0,-884000000.0,0.0,-98000000.0,-298000000.0,-21000000.0,109000000.0,-1045000000.0,-989000000.0,52000000.0,0.0,428000000.0,428000000.0,428000000.0,-28000000.0,0.0,0.145,0.0,486000000.0,4566000000.0,0.052,0.443,15.244,13.744,0.0,0.0,24.19,0.607,0.607,6790000000.0,3873000000.0,2954000000.0,2954000000.0,0.0,,,,,0.0,0.0,1.0,279173774.0,279173774.0,,10.581,213185000000.0,0.0,18000000.0,0.0,763.628,
36,LNC,MRQ,2012-06-30,2012-06-30,2012-06-30,2021-09-07,3379000000.0,211110000000.0,,,,,49.689,0.0,5257000000.0,5257000000.0,2388000000.0,321000000.0,,13.886,6019000000.0,,,6019000000.0,0.0,0.0,70422000000.0,0.012,0.08,510000000.0,510000000.0,0.176,510000000.0,510000000.0,442000000.0,1.14,1.09,1.14,14182000000.0,,14182000000.0,8632018461.0,12.0,12.456,332000000.0,1.163,1.0,510000000.0,0.176,2273000000.0,68000000.0,209599000000.0,,0.0,96888000000.0,,,196928000000.0,,,6242018461.0,1741000000.0,0.0,-152000000.0,0.0,-23000000.0,518000000.0,891000000.0,904000000.0,332000000.0,0.0,321000000.0,321000000.0,321000000.0,0.0,0.0,0.111,0.0,510000000.0,5070000000.0,0.07,0.44,37.155,30.375,0.0,0.0,21.87,0.582,0.582,6989000000.0,3493000000.0,2898000000.0,2898000000.0,0.0,,,,,0.0,0.0,1.0,285414653.0,285414653.0,,10.154,208837000000.0,0.0,121000000.0,0.0,731.697,
37,LNC,MRQ,2012-03-31,2012-03-31,2012-03-31,2021-09-07,2622000000.0,208018000000.0,,,,,45.519,0.0,3516000000.0,3516000000.0,2334000000.0,243000000.0,,14.686,5906000000.0,,,5906000000.0,0.0,0.0,70027000000.0,0.009,0.08,375000000.0,375000000.0,0.138,375000000.0,375000000.0,307000000.0,0.84,0.82,0.84,13261000000.0,,13261000000.0,8860480362.0,13.0,13.344,282000000.0,0.968,1.0,376000000.0,0.139,2273000000.0,68000000.0,208135000000.0,,0.0,92912000000.0,,,194757000000.0,,,7679480362.0,-994000000.0,0.0,-153000000.0,298000000.0,-23000000.0,637000000.0,-1913000000.0,-1879000000.0,282000000.0,0.0,243000000.0,243000000.0,243000000.0,1000000.0,0.0,0.09,0.0,376000000.0,2875000000.0,0.095,0.579,50.857,47.071,0.0,0.0,26.36,0.722,0.722,6971000000.0,3191000000.0,2710000000.0,2710000000.0,0.0,,,,,0.0,0.0,1.0,291330818.0,291330818.0,,9.302,205745000000.0,0.0,64000000.0,0.0,706.225,
38,LNC,MRQ,2011-12-31,2011-12-31,2011-12-31,2021-09-07,2680000000.0,201491000000.0,,,,,43.429,0.0,4510000000.0,4510000000.0,2239000000.0,-549000000.0,,14.38,5691000000.0,,,5691000000.0,0.0,0.0,69466000000.0,0.01,0.05,-418000000.0,-418000000.0,-0.163,-418000000.0,-418000000.0,-489000000.0,-1.76,-1.71,-1.76,13101000000.0,,13101000000.0,6923325716.0,9.0,8.775,342000000.0,1.134,1.0,329000000.0,0.128,2273000000.0,71000000.0,200399000000.0,,0.0,93130000000.0,,,188390000000.0,,,5858325716.0,-322000000.0,0.0,-191000000.0,-250000000.0,-13000000.0,450000000.0,-1114000000.0,-1047000000.0,342000000.0,0.0,-549000000.0,-549000000.0,-549000000.0,0.0,0.0,-0.214,0.0,329000000.0,3733000000.0,-0.028,0.447,26.508,26.972,0.0,0.0,19.42,0.551,0.551,6934000000.0,2831000000.0,2568000000.0,2568000000.0,0.0,,,,,0.0,0.0,1.0,301664558.0,301664558.0,,8.513,199218000000.0,0.0,60000000.0,0.0,660.396,
39,LNC,MRQ,2011-09-30,2011-09-30,2011-09-30,2021-09-07,2463000000.0,197747000000.0,,,,,48.385,0.0,4833000000.0,4833000000.0,2313000000.0,153000000.0,,12.255,5898000000.0,,,5898000000.0,0.0,0.0,68581000000.0,0.01,0.05,226000000.0,226000000.0,0.089,226000000.0,226000000.0,147000000.0,0.5,0.47,0.5,14919000000.0,,14919000000.0,7887362031.0,5.0,5.477,56000000.0,0.182,1.0,234000000.0,0.092,3019000000.0,79000000.0,195793000000.0,,0.0,92191000000.0,,,182828000000.0,,,4819362031.0,1920000000.0,0.0,-150000000.0,-275000000.0,-17000000.0,803000000.0,1061000000.0,1082000000.0,56000000.0,0.0,153000000.0,153000000.0,153000000.0,8000000.0,0.0,0.06,0.0,234000000.0,3855000000.0,0.1,0.323,4.564,5.504,0.0,0.0,15.63,0.449,0.449,7042000000.0,4664000000.0,2547000000.0,2547000000.0,0.0,,,,,0.0,0.0,1.0,308340501.0,308340501.0,,8.26,194728000000.0,0.0,-6000000.0,0.0,631.536,
40,LNC,MRQ,2011-06-30,2011-06-30,2011-06-30,2021-09-07,1112000000.0,201554000000.0,,,,,43.341,0.0,2912000000.0,2912000000.0,2326000000.0,304000000.0,,13.835,5980000000.0,,,5980000000.0,0.0,0.0,67864000000.0,0.004,0.05,481000000.0,481000000.0,0.171,481000000.0,481000000.0,409000000.0,0.98,0.95,0.98,13586000000.0,,13586000000.0,12435713918.0,8.0,7.826,538000000.0,1.716,1.0,481000000.0,0.171,3019000000.0,72000000.0,201603000000.0,,0.0,86278000000.0,,,187968000000.0,,,8930713918.0,696000000.0,0.0,-151000000.0,198000000.0,-15000000.0,863000000.0,-705000000.0,-686000000.0,538000000.0,0.0,304000000.0,304000000.0,304000000.0,0.0,0.0,0.108,0.0,481000000.0,1805000000.0,0.051,0.657,7.773,9.131,0.0,0.0,28.49,0.826,0.826,6926000000.0,4536000000.0,2807000000.0,2807000000.0,0.0,,,,,0.0,0.0,1.0,313468372.0,313468372.0,,8.955,198535000000.0,0.0,105000000.0,0.0,633.349,
41,LNC,MRQ,2011-03-31,2011-03-31,2011-03-31,2021-09-07,783000000.0,198317000000.0,,,,,41.45,0.0,2216000000.0,2216000000.0,2217000000.0,314000000.0,,14.15,5721000000.0,,,5721000000.0,0.0,0.0,67125000000.0,0.003,0.05,501000000.0,501000000.0,0.184,501000000.0,501000000.0,429000000.0,1.0,0.97,1.0,13090000000.0,,13090000000.0,12495600728.0,8.0,8.275,340000000.0,1.077,1.0,501000000.0,0.184,3019000000.0,72000000.0,198803000000.0,,0.0,84311000000.0,,,185227000000.0,,,9486600728.0,-525000000.0,0.0,-80000000.0,0.0,-16000000.0,502000000.0,-1367000000.0,-1344000000.0,340000000.0,0.0,314000000.0,314000000.0,314000000.0,0.0,0.0,0.116,0.0,501000000.0,1554000000.0,0.05,0.725,9.975,12.064,0.0,0.0,30.04,0.894,0.894,6981000000.0,4243000000.0,2718000000.0,2718000000.0,0.0,,,,,0.0,0.0,1.0,315798959.0,315798959.0,,8.607,195298000000.0,0.0,115000000.0,0.0,618.425,
42,LNC,MRQ,2010-12-31,2010-12-31,2010-12-31,2021-09-07,748000000.0,193824000000.0,,,,,40.428,0.0,2741000000.0,2741000000.0,2438000000.0,117000000.0,,14.135,5750000000.0,,,5750000000.0,0.0,0.0,66407000000.0,0.001,0.01,232000000.0,232000000.0,0.087,232000000.0,232000000.0,153000000.0,0.36,0.36,0.36,12806000000.0,,12806000000.0,11306111674.0,8.0,7.771,576000000.0,1.818,1.0,232000000.0,0.087,3019000000.0,79000000.0,193814000000.0,,0.0,83340000000.0,,,181018000000.0,,,8809111674.0,-806000000.0,0.0,-22000000.0,-155000000.0,-3000000.0,336000000.0,-1718000000.0,-1693000000.0,576000000.0,0.0,117000000.0,285000000.0,285000000.0,0.0,0.0,0.107,0.0,232000000.0,1659000000.0,0.028,0.688,9.766,11.734,0.0,-1000000.0,27.81,0.846,0.846,6862000000.0,3934000000.0,2670000000.0,2670000000.0,0.0,,,,,0.0,0.0,1.0,316760578.0,316760578.0,,8.429,190805000000.0,0.0,36000000.0,0.0,602.363,
43,LNC,MRQ,2010-09-30,2010-09-30,2010-09-30,2021-09-07,1662000000.0,190490000000.0,,,,,42.809,0.0,3547000000.0,3547000000.0,2236000000.0,246000000.0,,13.049,6044000000.0,,,6044000000.0,0.0,0.0,66903000000.0,0.002,0.01,375000000.0,375000000.0,0.144,375000000.0,375000000.0,301000000.0,0.78,0.75,0.78,13559000000.0,,13559000000.0,9840317394.0,7.0,6.901,656000000.0,2.071,1.0,377000000.0,0.144,3019000000.0,74000000.0,189968000000.0,,0.0,86114000000.0,,,176931000000.0,,,7576317394.0,555000000.0,314000000.0,-2000000.0,249000000.0,-18000000.0,1830000000.0,-1931000000.0,-2201000000.0,656000000.0,0.0,246000000.0,246000000.0,246000000.0,2000000.0,0.0,0.094,0.0,377000000.0,2567000000.0,0.013,0.559,10.823,10.093,0.0,0.0,23.92,0.747,0.747,6976000000.0,3755000000.0,2613000000.0,2613000000.0,0.0,,,,,0.0,0.0,1.0,316735677.0,316735677.0,,8.25,187471000000.0,0.0,55000000.0,0.0,591.885,
44,LNC,MRQ,2010-06-30,2010-06-30,2010-06-30,2021-09-07,938000000.0,180129000000.0,,,,,41.781,0.0,3700000000.0,3700000000.0,2206000000.0,255000000.0,,13.253,5964000000.0,,,5964000000.0,0.0,0.0,65462000000.0,0.002,0.01,402000000.0,402000000.0,0.154,402000000.0,402000000.0,333000000.0,0.35,0.33,0.35,12638000000.0,,12638000000.0,9063305876.0,7.0,7.233,-77000000.0,-0.255,1.0,399000000.0,0.153,3013000000.0,69000000.0,179380000000.0,,0.0,82953000000.0,,,167491000000.0,,,7347305876.0,-453000000.0,-286000000.0,368000000.0,500000000.0,-6000000.0,116000000.0,-492000000.0,-211000000.0,-77000000.0,0.0,255000000.0,106000000.0,106000000.0,-3000000.0,0.0,0.041,0.0,399000000.0,2376000000.0,0.029,0.581,12.432,11.907,0.0,149000000.0,24.29,0.764,0.764,6977000000.0,3512000000.0,2605000000.0,2605000000.0,0.0,,,,,0.0,0.0,1.0,302482745.0,302482745.0,,8.612,177116000000.0,0.0,78000000.0,0.0,585.541,
45,LNC,MRQ,2010-03-31,2010-03-31,2010-03-31,2021-09-07,302000000.0,181621000000.0,,,,,40.918,0.0,3445000000.0,3445000000.0,2111000000.0,283000000.0,,13.685,5161000000.0,,,5161000000.0,0.0,0.0,65452000000.0,0.001,0.01,444000000.0,444000000.0,0.176,444000000.0,444000000.0,376000000.0,0.88,0.85,0.88,12368000000.0,,12368000000.0,10654437014.0,15.0,15.113,565000000.0,1.869,1.0,416000000.0,0.165,3013000000.0,68000000.0,180324000000.0,,0.0,78458000000.0,,,169253000000.0,,,9279437014.0,-739000000.0,293000000.0,0.0,-249000000.0,-15000000.0,185000000.0,-1489000000.0,-1772000000.0,565000000.0,0.0,283000000.0,265000000.0,265000000.0,-28000000.0,0.0,0.105,0.0,416000000.0,1828000000.0,0.011,0.75,28.64,28.692,0.0,18000000.0,30.7,1.043,1.043,6917000000.0,3409000000.0,2527000000.0,2527000000.0,0.0,,,,,0.0,0.0,1.0,302261792.0,302261792.0,,8.36,178608000000.0,0.0,93000000.0,0.0,590.905,
46,LNC,MRQ,2009-12-31,2009-12-31,2009-12-31,2021-09-07,-262000000.0,177433000000.0,,,,,38.731,0.0,4025000000.0,4025000000.0,2074000000.0,102000000.0,,14.165,5400000000.0,,,5400000000.0,0.0,0.0,64147000000.0,0.01,0.01,205000000.0,205000000.0,0.085,205000000.0,205000000.0,137000000.0,0.36,0.36,0.36,11700000000.0,,11700000000.0,9543755003.0,-24.0,-24.223,385000000.0,1.274,1.0,329000000.0,0.137,3013000000.0,68000000.0,175795000000.0,,0.0,75918000000.0,,,165733000000.0,,,7515755003.0,708000000.0,314000000.0,0.0,247000000.0,-15000000.0,875000000.0,-552000000.0,-842000000.0,385000000.0,0.0,102000000.0,83000000.0,83000000.0,-4000000.0,0.0,0.035,128000000.0,201000000.0,1907000000.0,0.028,0.642,-14.453,-13.449,0.0,19000000.0,24.88,0.884,0.884,6747000000.0,3316000000.0,2403000000.0,2403000000.0,0.0,,,,,0.0,0.0,1.0,302080185.0,302080185.0,,7.955,174420000000.0,0.0,35000000.0,0.0,577.396,
47,LNC,MRQ,2009-09-30,2009-09-30,2009-09-30,2021-09-07,-220000000.0,181490000000.0,,,,,38.584,0.0,3161000000.0,3161000000.0,1953000000.0,153000000.0,,14.571,5189000000.0,,,5189000000.0,0.0,0.0,63956000000.0,0.025,0.01,202000000.0,202000000.0,0.097,202000000.0,202000000.0,134000000.0,0.45,0.44,0.45,11656000000.0,,11656000000.0,10518252690.0,-8.0,-7.962,105000000.0,0.348,1.0,129000000.0,0.062,3096000000.0,68000000.0,180422000000.0,,0.0,76183000000.0,,,169834000000.0,,,7827252690.0,788000000.0,9000000.0,20000000.0,-58000000.0,-8000000.0,2379000000.0,-1696000000.0,-3676000000.0,105000000.0,0.0,153000000.0,137000000.0,137000000.0,-72000000.0,0.0,0.066,-1000000.0,130000000.0,2240000000.0,0.022,0.672,-7.064,-5.889,0.0,16000000.0,25.91,0.949,0.949,7987000000.0,3234000000.0,2082000000.0,2082000000.0,0.0,,,,,-14000000.0,0.0,1.0,302093890.0,302093890.0,,6.892,178394000000.0,0.0,-19000000.0,0.0,590.525,
48,LNC,MRQ,2009-06-30,2009-06-30,2009-06-30,2021-09-07,-1707000000.0,167045000000.0,,,,,35.437,0.0,2539000000.0,2539000000.0,1876000000.0,-161000000.0,,17.407,5230000000.0,,,5230000000.0,0.0,0.0,62427000000.0,0.061,0.01,-146000000.0,-146000000.0,-0.078,-146000000.0,-146000000.0,-207000000.0,-0.62,-0.62,-0.62,9075000000.0,,9075000000.0,4575273774.0,-3.0,-3.482,343000000.0,1.339,1.0,7000000.0,0.004,3344000000.0,61000000.0,166392000000.0,,0.0,70548000000.0,,,157970000000.0,,,4407273774.0,-6691000000.0,-1000000.0,623000000.0,-668000000.0,105000000.0,445000000.0,-7479000000.0,-7493000000.0,343000000.0,0.0,-161000000.0,-161000000.0,-161000000.0,154000000.0,0.0,-0.086,-1000000.0,8000000.0,1712000000.0,-0.016,0.486,-4.018,-4.03,0.0,0.0,17.21,0.522,0.522,8158000000.0,3101000000.0,1883000000.0,1883000000.0,0.0,,,,,0.0,0.0,1.0,256087959.0,256087959.0,,7.353,163701000000.0,0.0,-46000000.0,0.0,639.237,
49,LNC,MRQ,2009-03-31,2009-03-31,2009-03-31,2021-09-07,-2975000000.0,157427000000.0,,,,,28.601,0.0,5613000000.0,5613000000.0,2191000000.0,-579000000.0,,20.498,5781000000.0,,,5781000000.0,0.0,0.0,61525000000.0,0.217,0.21,-655000000.0,-655000000.0,-0.307,-655000000.0,-655000000.0,-655000000.0,-2.27,-2.27,-2.27,7323000000.0,,7323000000.0,1332924318.0,-1.0,-1.465,-344000000.0,-1.344,1.0,-59000000.0,-0.028,3344000000.0,0.0,154251000000.0,,0.0,66155000000.0,,,150104000000.0,,,1712924318.0,-313000000.0,2000000.0,-8000000.0,349000000.0,-54000000.0,901000000.0,-870000000.0,-856000000.0,-344000000.0,0.0,-579000000.0,-579000000.0,-579000000.0,-8000000.0,0.0,-0.272,604000000.0,-663000000.0,2386000000.0,-0.093,0.234,-2.112,-2.11,0.0,0.0,6.69,0.189,0.189,8522000000.0,3265000000.0,2132000000.0,2132000000.0,0.0,,,,,0.0,0.0,1.0,256042499.0,256042499.0,,8.327,154083000000.0,0.0,-76000000.0,0.0,601.787,
50,LNC,MRQ,2008-12-31,2008-12-31,2008-12-31,2021-09-07,-2803000000.0,163136000000.0,,,,,31.175,0.0,5588000000.0,5588000000.0,2667000000.0,-505000000.0,,19.451,5546000000.0,,,5546000000.0,0.0,0.0,60570000000.0,0.088,0.415,-722000000.0,-722000000.0,-0.335,-722000000.0,-722000000.0,-794000000.0,-1.96,-1.94,-1.96,7977000000.0,,7977000000.0,7864805501.0,37.0,37.274,448000000.0,1.751,1.0,-514000000.0,-0.239,3696000000.0,72000000.0,159398000000.0,,0.0,66510000000.0,,,155159000000.0,,,4820805501.0,3766000000.0,3000000.0,17000000.0,180000000.0,-107000000.0,573000000.0,2745000000.0,2769000000.0,448000000.0,0.0,-505000000.0,-505000000.0,-505000000.0,2000000.0,0.0,-0.235,206000000.0,-720000000.0,3706000000.0,-0.212,0.604,84.576,85.636,0.0,0.0,18.84,0.523,0.523,8845000000.0,3745000000.0,2153000000.0,2153000000.0,0.0,,,,,0.0,0.0,1.0,255881396.0,255881396.0,,8.414,159440000000.0,0.0,-289000000.0,0.0,623.101,
51,LNC,MRQ,2008-09-30,2008-09-30,2008-09-30,2021-09-07,-1810000000.0,173271000000.0,,,,,36.99,0.0,2160000000.0,2160000000.0,2080000000.0,148000000.0,,17.239,5204000000.0,,,5204000000.0,0.0,0.0,60678000000.0,0.038,0.415,209000000.0,209000000.0,0.092,209000000.0,209000000.0,140000000.0,0.58,0.58,0.58,9500000000.0,,9500000000.0,14075803855.0,12.0,11.969,360000000.0,1.402,1.0,190000000.0,0.084,4041000000.0,69000000.0,172274000000.0,,0.0,67957000000.0,,,163771000000.0,,,10994803855.0,239000000.0,1000000.0,-68000000.0,185000000.0,-106000000.0,23000000.0,-144000000.0,247000000.0,360000000.0,0.0,148000000.0,148000000.0,148000000.0,-19000000.0,0.0,0.065,0.0,190000000.0,1668000000.0,0.716,1.157,16.289,16.402,0.0,0.0,42.81,1.211,1.211,8685000000.0,4304000000.0,2270000000.0,2270000000.0,0.0,,,,,-19000000.0,0.0,1.0,256827934.0,256827934.0,,8.839,169230000000.0,0.0,-8000000.0,0.0,658.924,
52,LNC,MRQ,2008-06-30,2008-06-30,2008-06-30,2021-09-07,-808000000.0,184281000000.0,,,,,40.485,0.0,1921000000.0,1921000000.0,2073000000.0,125000000.0,,16.554,5002000000.0,,,5002000000.0,0.0,0.0,60363000000.0,0.036,0.415,258000000.0,258000000.0,0.103,258000000.0,258000000.0,193000000.0,0.48,0.48,0.48,10498000000.0,,10498000000.0,14342609467.0,10.0,9.619,353000000.0,1.361,1.0,420000000.0,0.168,4045000000.0,65000000.0,183317000000.0,,0.0,70201000000.0,,,173783000000.0,,,11751609467.0,-526000000.0,2000000.0,-102000000.0,-11000000.0,-107000000.0,-87000000.0,-792000000.0,-448000000.0,353000000.0,0.0,125000000.0,125000000.0,125000000.0,-13000000.0,0.0,0.05,175000000.0,245000000.0,1490000000.0,0.865,1.119,13.712,13.945,0.0,0.0,45.32,1.249,1.249,8619000000.0,4283000000.0,2493000000.0,2493000000.0,0.0,,,,,7000000.0,0.0,1.0,259302945.0,259302945.0,,9.614,180236000000.0,0.0,68000000.0,0.0,695.079,
53,LNC,MRQ,2008-03-31,2008-03-31,2008-03-31,2021-09-07,-322000000.0,185349000000.0,,,,,41.902,0.0,2447000000.0,2447000000.0,2100000000.0,289000000.0,,15.719,5038000000.0,,,5038000000.0,0.0,0.0,60176000000.0,0.031,0.415,490000000.0,490000000.0,0.189,490000000.0,490000000.0,414000000.0,1.11,1.1,1.11,11086000000.0,,11086000000.0,17260526588.0,9.0,9.396,98000000.0,0.37,1.0,494000000.0,0.19,4128000000.0,76000000.0,183812000000.0,,0.0,71555000000.0,,,174263000000.0,,,13757526588.0,782000000.0,642000000.0,-274000000.0,-154000000.0,-110000000.0,-78000000.0,762000000.0,-528000000.0,98000000.0,0.0,289000000.0,289000000.0,289000000.0,4000000.0,0.0,0.111,0.0,494000000.0,1796000000.0,0.374,1.241,12.417,12.5,0.0,0.0,52.0,1.435,1.435,8875000000.0,4333000000.0,2594000000.0,2594000000.0,0.0,,,,,12000000.0,0.0,1.0,264567819.0,264567819.0,,9.805,181221000000.0,0.0,125000000.0,0.0,684.97,
54,LNC,MRQ,2007-12-31,2007-12-31,2007-12-31,2021-09-07,225000000.0,191435000000.0,,,,,43.525,0.0,1665000000.0,1665000000.0,1497000000.0,113000000.0,,15.337,5168000000.0,,,5168000000.0,0.0,0.0,59640000000.0,0.027,0.395,219000000.0,219000000.0,0.127,219000000.0,219000000.0,139000000.0,0.44,0.43,0.44,11718000000.0,,11718000000.0,17511418471.0,9.0,8.867,-175000000.0,-0.65,1.0,224000000.0,0.13,4144000000.0,80000000.0,190794000000.0,,0.0,71972000000.0,,,179717000000.0,,,15674418471.0,338000000.0,64000000.0,-283000000.0,406000000.0,-107000000.0,861000000.0,-348000000.0,-745000000.0,-175000000.0,0.0,113000000.0,113000000.0,113000000.0,5000000.0,0.0,0.066,0.0,224000000.0,1135000000.0,0.898,1.338,12.901,12.938,0.0,0.0,58.22,1.63,1.63,8588000000.0,4293000000.0,1721000000.0,1721000000.0,0.0,,,,,-39000000.0,0.0,1.0,269227387.0,269227387.0,,6.392,187291000000.0,0.0,26000000.0,0.0,695.661,
55,LNC,MRQ,2007-09-30,2007-09-30,2007-09-30,2021-09-07,197000000.0,192217000000.0,,,,,44.098,0.0,1326000000.0,1326000000.0,2084000000.0,330000000.0,,15.068,3163000000.0,,,3163000000.0,0.0,0.0,59797000000.0,0.024,0.395,524000000.0,524000000.0,0.201,524000000.0,524000000.0,455000000.0,1.22,1.21,1.22,11963000000.0,,11963000000.0,19674566228.0,8.0,8.379,741000000.0,2.731,1.0,517000000.0,0.199,4522000000.0,69000000.0,189532000000.0,,0.0,71548000000.0,,,180254000000.0,,,17896566228.0,337000000.0,0.0,-155000000.0,396000000.0,-107000000.0,329000000.0,-733000000.0,-596000000.0,741000000.0,0.0,330000000.0,330000000.0,330000000.0,-7000000.0,0.0,0.127,0.0,517000000.0,0.0,0.324,1.496,12.06,12.127,0.0,0.0,65.97,1.725,1.725,401000000.0,4456000000.0,2601000000.0,2601000000.0,0.0,,,,,10000000.0,0.0,1.0,271283405.0,271283405.0,,9.588,187695000000.0,0.0,125000000.0,0.0,691.878,
56,LNC,MRQ,2007-06-30,2007-06-30,2007-06-30,2021-09-07,149000000.0,187650000000.0,,,,,43.712,0.0,989000000.0,989000000.0,2073000000.0,376000000.0,,14.854,2767000000.0,,,2767000000.0,0.0,0.0,59136000000.0,0.022,0.395,604000000.0,604000000.0,0.226,604000000.0,604000000.0,531000000.0,1.39,1.37,1.39,11836000000.0,,11836000000.0,21442371666.0,9.0,9.121,920000000.0,3.398,1.0,598000000.0,0.224,4521000000.0,73000000.0,184907000000.0,,0.0,70868000000.0,,,175814000000.0,,,19211371666.0,89000000.0,0.0,10000000.0,-358000000.0,-107000000.0,-792000000.0,-39000000.0,-41000000.0,920000000.0,0.0,376000000.0,376000000.0,376000000.0,-6000000.0,0.0,0.141,0.0,598000000.0,0.0,0.284,1.623,12.656,12.83,0.0,0.0,70.95,1.872,1.872,432000000.0,4323000000.0,2671000000.0,2671000000.0,0.0,,,,,14000000.0,0.0,1.0,270773385.0,270773385.0,,9.864,183129000000.0,0.0,155000000.0,0.0,676.318,
57,LNC,MRQ,2007-03-31,2007-03-31,2007-03-31,2021-09-07,659000000.0,181326000000.0,,,,,43.467,0.0,900000000.0,900000000.0,2009000000.0,396000000.0,,14.07,3131000000.0,,,3131000000.0,0.0,0.0,58729000000.0,0.023,0.395,627000000.0,627000000.0,0.239,627000000.0,627000000.0,566000000.0,1.44,1.42,1.44,12032000000.0,,12032000000.0,20187910989.0,9.0,8.713,469000000.0,1.694,1.0,619000000.0,0.236,4521000000.0,61000000.0,179036000000.0,,0.0,71849000000.0,,,169294000000.0,,,18764910989.0,-721000000.0,0.0,-460000000.0,585000000.0,-109000000.0,-349000000.0,-841000000.0,-717000000.0,469000000.0,0.0,396000000.0,396000000.0,396000000.0,-8000000.0,0.0,0.151,0.0,619000000.0,0.0,0.274,1.56,12.585,12.577,0.0,0.0,67.79,1.861,1.861,375000000.0,4054000000.0,2628000000.0,2628000000.0,0.0,,,,,15000000.0,0.0,1.0,276809426.0,276809426.0,,9.494,176805000000.0,0.0,170000000.0,0.0,638.725,
58,LNC,MRQ,2006-12-31,2006-12-31,2006-12-31,2021-09-07,613000000.0,178495000000.0,,,,,43.987,0.0,1622000000.0,1622000000.0,1963000000.0,382000000.0,,13.63,4116000000.0,,,4116000000.0,0.0,0.0,59145000000.0,0.023,0.38,593000000.0,593000000.0,0.24,593000000.0,593000000.0,519000000.0,1.39,1.37,1.39,12201000000.0,,12201000000.0,20532030340.0,10.0,10.129,1106000000.0,3.987,1.0,511000000.0,0.207,4137000000.0,74000000.0,176852000000.0,,0.0,71451000000.0,,,166294000000.0,,,18418030340.0,514000000.0,0.0,-137000000.0,-178000000.0,-105000000.0,-721000000.0,129000000.0,122000000.0,1106000000.0,0.0,382000000.0,382000000.0,382000000.0,-21000000.0,0.0,0.154,-61000000.0,572000000.0,1504000000.0,0.273,1.51,13.995,12.745,0.0,0.0,66.4,2.074,2.074,8295000000.0,4138000000.0,2474000000.0,2474000000.0,0.0,,,,,18000000.0,0.0,1.0,277379975.0,277379975.0,,8.919,174358000000.0,0.0,137000000.0,0.0,628.589,
59,LNC,MRQ,2006-09-30,2006-09-30,2006-09-30,2021-09-07,608000000.0,171726000000.0,,,,,42.89,0.0,1108000000.0,1108000000.0,1929000000.0,364000000.0,,13.259,3222000000.0,,,3222000000.0,0.0,0.0,58517000000.0,0.024,0.38,527000000.0,527000000.0,0.212,527000000.0,527000000.0,460000000.0,1.31,1.29,1.31,12043000000.0,,12043000000.0,19151198170.0,11.0,10.931,1022000000.0,3.64,1.0,558000000.0,0.224,4498000000.0,67000000.0,169342000000.0,,0.0,71607000000.0,,,159683000000.0,,,17431198170.0,-392000000.0,21000000.0,-267000000.0,-7000000.0,-65000000.0,-910000000.0,-504000000.0,-594000000.0,1022000000.0,0.0,364000000.0,364000000.0,364000000.0,0.0,0.0,0.146,31000000.0,527000000.0,0.0,0.29,1.447,15.04,12.101,0.0,0.0,62.08,2.237,2.237,346000000.0,3986000000.0,2487000000.0,2487000000.0,0.0,,,,,5000000.0,0.0,1.0,280786053.0,280786053.0,,8.857,167228000000.0,0.0,96000000.0,0.0,595.571,
60,LNC,MRQ,2006-06-30,2006-06-30,2006-06-30,2021-09-07,-36000000.0,167380000000.0,,,,,40.558,0.0,1500000000.0,1500000000.0,1896000000.0,349000000.0,,13.677,3220000000.0,,,3220000000.0,0.0,0.0,58629000000.0,0.026,0.38,570000000.0,570000000.0,0.228,570000000.0,570000000.0,505000000.0,1.25,1.23,1.25,11404000000.0,,11404000000.0,15237703026.0,10.0,9.837,597000000.0,2.123,1.0,600000000.0,0.24,4503000000.0,65000000.0,164597000000.0,,0.0,69714000000.0,,,155976000000.0,,,15869703026.0,-474000000.0,-1847000000.0,-458000000.0,1597000000.0,-148000000.0,698000000.0,-1769000000.0,-36000000.0,597000000.0,0.0,349000000.0,349000000.0,349000000.0,0.0,0.0,0.14,30000000.0,570000000.0,0.0,0.304,1.392,15.498,10.959,0.0,0.0,56.44,2.369,2.369,344000000.0,4013000000.0,2496000000.0,2496000000.0,0.0,,,,,21000000.0,0.0,1.0,281178296.0,281178296.0,,8.877,162877000000.0,0.0,156000000.0,0.0,579.266,
61,LNC,MRQ,2006-03-31,2006-03-31,2006-03-31,2021-09-07,283000000.0,128394000000.0,,,,,36.254,0.0,1974000000.0,1974000000.0,1085000000.0,221000000.0,,19.258,1342000000.0,,,1342000000.0,0.0,0.0,22285000000.0,0.027,0.38,337000000.0,337000000.0,0.237,337000000.0,337000000.0,315000000.0,1.27,1.24,1.27,6338000000.0,,6338000000.0,8684676370.0,7.0,7.009,325000000.0,1.859,1.0,337000000.0,0.237,2190000000.0,22000000.0,125572000000.0,,0.0,42573000000.0,,,122056000000.0,,,9543476370.0,-338000000.0,0.0,26000000.0,-109000000.0,-67000000.0,-542000000.0,-121000000.0,-17000000.0,325000000.0,0.0,221000000.0,221000000.0,221000000.0,0.0,0.0,0.155,0.0,337000000.0,0.0,0.299,1.506,10.932,10.81,0.0,0.0,54.59,1.711,1.711,363000000.0,4236000000.0,1422000000.0,1422000000.0,0.0,,,,,9000000.0,0.0,1.0,174820963.0,174820963.0,,8.134,126204000000.0,0.0,94000000.0,0.0,721.904,
62,LNC,MRQ,2005-12-31,2005-12-31,2005-12-31,2021-09-07,527000000.0,124860000000.0,,,,,36.851,0.0,2312000000.0,2312000000.0,1069000000.0,225000000.0,,18.558,1453000000.0,,,1453000000.0,0.0,0.0,35592000000.0,0.028,0.365,318000000.0,318000000.0,0.229,318000000.0,318000000.0,296000000.0,1.3,1.28,1.3,6384000000.0,,6384000000.0,9085427072.0,8.0,7.819,340000000.0,1.963,1.0,318000000.0,0.229,1194000000.0,22000000.0,122807000000.0,,0.0,43169000000.0,,,118476000000.0,,,9186837072.0,710000000.0,0.0,92000000.0,-46000000.0,-64000000.0,-206000000.0,576000000.0,792000000.0,340000000.0,0.0,225000000.0,225000000.0,225000000.0,0.0,0.0,0.162,0.0,318000000.0,0.0,0.281,1.439,11.055,11.048,0.0,0.0,53.03,1.678,1.678,343000000.0,4081000000.0,1387000000.0,1387000000.0,0.0,,,,,15000000.0,0.0,1.0,173238489.0,173238489.0,,8.006,123666000000.0,0.0,71000000.0,0.0,713.848,
63,LNC,MRQ,2005-09-30,2005-09-30,2005-09-30,2021-09-07,620795000.0,122104607000.0,,,,,36.433,0.0,1601916000.0,1601916000.0,1071000000.0,229000000.0,,18.43,1500506000.0,,,1500506000.0,0.0,0.0,22796241000.0,0.028,0.365,324000000.0,324000000.0,0.232,324000000.0,324000000.0,303000000.0,1.33,1.3,1.33,6284360000.0,,6284360000.0,8875838214.0,8.0,7.918,347000000.0,2.012,1.0,324000000.0,0.232,2229804000.0,21000000.0,119773393000.0,,0.0,44084988000.0,,,115820247000.0,,,8972872214.0,-57000000.0,0.0,0.0,-57000000.0,-63000000.0,-311000000.0,-93000000.0,69000000.0,347000000.0,0.0,229000000.0,229000000.0,229000000.0,0.0,0.0,0.164,0.0,324000000.0,0.0,0.274,1.428,11.274,11.309,185622000.0,0.0,52.02,1.659,1.659,332593000.0,3922808000.0,1395000000.0,1395000000.0,0.0,,,,,10000000.0,0.0,1.0,172488893.0,172488893.0,,8.087,119874803000.0,0.0,74000000.0,31460000.0,694.971,
64,LNC,MRQ,2005-06-30,2005-06-30,2005-06-30,2021-09-07,915128000.0,118953441000.0,,,,,36.635,0.0,1658851000.0,1658851000.0,1115000000.0,198000000.0,,17.693,1561817000.0,,,1561817000.0,0.0,0.0,22939749000.0,0.03,0.365,260000000.0,260000000.0,0.189,260000000.0,260000000.0,238000000.0,1.15,1.13,1.15,6363489000.0,,6363489000.0,8228109535.0,7.0,7.219,317000000.0,1.825,1.0,260000000.0,0.189,2254343000.0,22000000.0,116602064000.0,,0.0,44863331000.0,,,112589952000.0,,,8150073535.0,160000000.0,0.0,-75000000.0,-20000000.0,-64000000.0,-336000000.0,179000000.0,-65000000.0,317000000.0,0.0,198000000.0,198000000.0,198000000.0,0.0,0.0,0.144,0.0,260000000.0,0.0,0.317,1.281,10.632,10.639,187919000.0,0.0,46.92,1.503,1.503,222763000.0,3757617000.0,1375000000.0,1375000000.0,0.0,,,,,15000000.0,0.0,1.0,173701482.0,173701482.0,,7.916,116699098000.0,0.0,40000000.0,160813000.0,671.837,
65,LNC,MRQ,2005-03-31,2005-03-31,2005-03-31,2021-09-07,677086000.0,116352181000.0,,,,,34.661,0.0,1499072000.0,1499072000.0,1053000000.0,179000000.0,,18.254,1577108000.0,,,1577108000.0,0.0,0.0,22870166000.0,0.031,0.365,260000000.0,260000000.0,0.198,260000000.0,260000000.0,238000000.0,1.03,1.01,1.03,6042928000.0,,6042928000.0,7811117665.0,7.0,6.71,204000000.0,1.17,1.0,260000000.0,0.198,2287702000.0,22000000.0,114142515000.0,,0.0,43982185000.0,,,110309253000.0,,,7869952665.0,-163000000.0,14000000.0,-29000000.0,-20000000.0,-64000000.0,-340000000.0,-27000000.0,-81000000.0,204000000.0,0.0,179000000.0,179000000.0,179000000.0,0.0,0.0,0.136,0.0,260000000.0,0.0,0.354,1.302,10.416,10.473,203941000.0,0.0,45.14,1.456,1.456,299323000.0,3677292000.0,1313000000.0,1313000000.0,0.0,,,,,12000000.0,0.0,1.0,174345429.0,174345429.0,,7.531,114064479000.0,4987000.0,59000000.0,0.0,654.244,
66,LNC,MRQ,2004-12-31,2004-12-31,2004-12-31,2021-09-07,930705000.0,116219265000.0,,,,,35.371,0.0,1661686000.0,1661686000.0,1049675000.0,189862000.0,,17.819,1602851000.0,,,1602851000.0,0.0,0.0,23074398000.0,0.03,0.35,277019000.0,277019000.0,0.209,277019000.0,277019000.0,248910000.0,1.09,1.07,1.09,6175589000.0,,6175589000.0,7810724147.0,7.0,7.03,434116000.0,2.486,1.0,277517000.0,0.209,2311981000.0,28109000.0,113848449000.0,,0.0,44507259000.0,,,110043676000.0,,,8150188147.0,-333790000.0,-16926000.0,18242000.0,-58324000.0,-61447000.0,-236324000.0,-531582000.0,-383461000.0,434116000.0,0.0,189862000.0,189862000.0,189862000.0,0.0,0.0,0.143,0.0,277517000.0,0.0,0.321,1.32,11.528,11.641,0.0,0.0,46.68,1.523,1.523,232942000.0,3589533000.0,1327192000.0,1327192000.0,0.0,,,,,14274000.0,0.0,1.0,174597004.0,174597004.0,,7.601,113907284000.0,0.0,59048000.0,0.0,652.401,
67,LNC,MRQ,2004-09-30,2004-09-30,2004-09-30,2021-09-07,860987000.0,110377120000.0,,,,,33.928,0.0,1995986000.0,1995986000.0,1063253000.0,199677000.0,,17.486,1656522000.0,,,1656522000.0,0.0,0.0,23087588000.0,0.029,0.35,342805000.0,342805000.0,0.244,342805000.0,342805000.0,318388000.0,1.14,1.12,1.14,5970822000.0,,5970822000.0,7738965742.0,6.0,6.208,164366000.0,0.934,1.0,342805000.0,0.244,2323606000.0,24417000.0,107714050000.0,,0.0,43926581000.0,,,104406298000.0,,,8271350742.0,-217727000.0,180151000.0,-80166000.0,-29994000.0,-61985000.0,-168100000.0,-213993000.0,-524730000.0,164366000.0,0.0,199677000.0,199677000.0,199677000.0,0.0,0.0,0.142,0.0,342805000.0,0.0,0.307,1.385,11.626,11.692,217738000.0,0.0,47.0,1.444,1.444,248809000.0,3514239000.0,1406058000.0,1406058000.0,0.0,,,,,13539000.0,0.0,1.0,175986186.0,175986186.0,,7.99,108053514000.0,0.0,118711000.0,83837000.0,613.989,
68,LNC,MRQ,2004-06-30,2004-06-30,2004-06-30,2021-09-07,495255000.0,109317878000.0,,,,,30.953,0.0,2213713000.0,2213713000.0,1074482000.0,187003000.0,,18.808,1681328000.0,,,1681328000.0,0.0,0.0,22881414000.0,0.029,0.35,284237000.0,284237000.0,0.209,284237000.0,284237000.0,259575000.0,1.05,1.04,1.05,5518885000.0,,5518885000.0,7869473734.0,7.0,7.095,254250000.0,1.426,1.0,284237000.0,0.209,2420694000.0,24662000.0,106364799000.0,,0.0,42362499000.0,,,103798993000.0,,,8424562734.0,-41806000.0,10775000.0,-149258000.0,-8000000.0,-63245000.0,15199000.0,-311255000.0,-440737000.0,254250000.0,0.0,187003000.0,187003000.0,187003000.0,0.0,0.0,0.138,0.0,284237000.0,0.0,0.333,1.526,13.059,13.017,225482000.0,0.0,47.25,1.507,1.507,265189000.0,3433322000.0,1358719000.0,1358719000.0,0.0,,,,,12977000.0,0.0,1.0,178297624.0,178297624.0,,7.621,106897184000.0,204029000.0,72572000.0,0.0,599.544,
69,LNC,MRQ,2004-03-31,2004-03-31,2004-03-31,2021-09-07,1139268000.0,109869913000.0,,,,,34.383,0.0,2255519000.0,2255519000.0,1027589000.0,130457000.0,,16.884,1700430000.0,,,1700430000.0,0.0,0.0,22686556000.0,0.029,0.35,206939000.0,206939000.0,0.164,206939000.0,206939000.0,184127000.0,0.73,0.72,0.73,6143537000.0,,6143537000.0,8246757569.0,8.0,7.963,174268000.0,0.975,1.0,231441000.0,0.184,2447090000.0,22812000.0,106867734000.0,,0.0,43501676000.0,,,103726376000.0,,,8455142569.0,544323000.0,0.0,-56818000.0,191318000.0,-62323000.0,206225000.0,163830000.0,-3072000.0,174268000.0,0.0,130457000.0,130457000.0,130457000.0,0.0,0.0,0.104,0.0,231441000.0,0.0,0.479,1.376,14.073,13.959,229474000.0,0.0,47.32,1.553,1.553,337505000.0,3428258000.0,1259030000.0,1259030000.0,0.0,,,,,14210000.0,0.0,1.0,178680105.0,178680105.0,,7.046,107422823000.0,0.0,53670000.0,108071000.0,601.202,
70,LNC,MRQ,2003-12-31,2003-12-31,2003-12-31,2021-09-07,869029000.0,106744868000.0,,,,,32.652,0.0,1711196000.0,1711196000.0,1034626000.0,194332000.0,,17.367,1502811000.0,,,1502811000.0,0.0,0.0,22605333000.0,0.033,0.335,412708000.0,412708000.0,0.242,412708000.0,412708000.0,390529000.0,1.1,1.08,1.1,5811625000.0,,5811625000.0,6753283522.0,8.0,7.61,322737000.0,1.813,1.0,667927000.0,0.392,2465117000.0,22179000.0,104071366000.0,,0.0,42777639000.0,,,100933243000.0,,,7185288522.0,-249395000.0,0.0,0.0,172438000.0,-60258000.0,296252000.0,-868384000.0,-422232000.0,322737000.0,0.0,194332000.0,194332000.0,194332000.0,0.0,0.0,0.114,0.0,667927000.0,0.0,0.305,1.236,14.036,13.969,235181000.0,0.0,40.37,1.36,1.36,352116000.0,3413302000.0,1702553000.0,1702553000.0,0.0,,,,,20676000.0,0.0,1.0,177985844.0,177985844.0,,9.566,104279751000.0,45900000.0,196197000.0,0.0,585.888,
71,LNC,MRQ,2003-09-30,2003-09-30,2003-09-30,2021-09-07,795685000.0,100825462000.0,,,,,31.432,0.0,1960591000.0,1960591000.0,1063540000.0,133313000.0,,17.049,1528586000.0,,,1528586000.0,0.0,0.0,22530863000.0,0.037,0.335,205309000.0,205309000.0,0.162,205309000.0,205309000.0,178688000.0,0.75,0.74,0.75,5586362000.0,,5586362000.0,5944186581.0,11.0,10.954,209483000.0,1.179,1.0,205309000.0,0.162,2462045000.0,26621000.0,97931412000.0,,0.0,42423345000.0,,,95239100000.0,,,6288045581.0,14744000.0,0.0,0.0,-66587000.0,-59499000.0,229277000.0,-424016000.0,-378969000.0,209483000.0,0.0,133313000.0,133313000.0,133313000.0,0.0,0.0,0.105,0.0,205309000.0,0.0,0.447,1.126,17.057,17.092,237258000.0,0.0,35.38,1.318,1.318,306483000.0,3281987000.0,1268849000.0,1268849000.0,0.0,,,,,15091000.0,0.0,1.0,177728818.0,177728818.0,,7.139,98363417000.0,0.0,45375000.0,37097000.0,553.447,
72,LNC,MRQ,2003-06-30,2003-06-30,2003-06-30,2021-09-07,1116134000.0,99532800000.0,,,,,32.767,0.0,1945847000.0,1945847000.0,1002508000.0,142702000.0,,16.114,1601988000.0,,,1601988000.0,0.0,0.0,22253232000.0,0.037,0.335,210645000.0,210645000.0,0.174,210645000.0,210645000.0,187679000.0,0.81,0.8,0.81,5815939000.0,,5815939000.0,6323460616.0,53.0,52.565,-44307000.0,-0.25,1.0,210645000.0,0.174,2492225000.0,22966000.0,96696716000.0,,0.0,42591582000.0,,,93716861000.0,,,6324079616.0,310392000.0,0.0,0.0,-41995000.0,-59428000.0,191206000.0,163493000.0,-386590000.0,-44307000.0,0.0,142702000.0,142702000.0,142702000.0,0.0,0.0,0.118,0.0,210645000.0,0.0,0.414,1.087,63.917,62.509,239080000.0,0.0,35.63,1.356,1.356,395994000.0,3244339000.0,1213153000.0,1213153000.0,0.0,,,,,10938000.0,0.0,1.0,177493113.0,177493113.0,,6.835,97040575000.0,0.0,44977000.0,71953000.0,546.729,
73,LNC,MRQ,2003-03-31,2003-03-31,2003-03-31,2021-09-07,839480000.0,92497578000.0,,,,,30.728,0.0,1635455000.0,1635455000.0,1040543000.0,41589000.0,,15.972,1634836000.0,,,1634836000.0,0.0,0.0,21843906000.0,0.046,0.335,58784000.0,58784000.0,0.053,58784000.0,58784000.0,35449000.0,0.23,0.23,0.23,5450023000.0,,5450023000.0,4940575648.0,-263.0,-263.273,443973000.0,2.503,1.0,58784000.0,0.053,2495969000.0,23335000.0,90000990000.0,,0.0,41008354000.0,,,87047555000.0,,,4966161648.0,-55079000.0,0.0,0.0,-27650000.0,-61163000.0,426950000.0,-926002000.0,-861987000.0,443973000.0,0.0,41589000.0,41589000.0,41589000.0,0.0,0.0,0.038,0.0,58784000.0,0.0,1.457,0.911,1037.21,1400.0,239360000.0,0.0,28.0,1.078,1.078,194007000.0,3163176000.0,1099327000.0,1099327000.0,0.0,,,,,12608000.0,0.0,1.0,177362916.0,177362916.0,,6.198,90001609000.0,89071000.0,-6140000.0,0.0,507.443,
74,LNC,MRQ,2002-12-31,2002-12-31,2002-12-31,2021-09-07,734554000.0,93184645000.0,,,,,30.203,23837000.0,1690534000.0,1690534000.0,1120712000.0,51040000.0,,16.426,1664948000.0,,,1664948000.0,0.0,0.0,21286396000.0,0.041,0.32,67890000.0,67890000.0,0.057,67890000.0,67890000.0,44420000.0,0.28,0.27,0.28,5347490000.0,,5347490000.0,5620102812.0,131.0,131.397,217591000.0,1.229,1.0,67890000.0,0.057,2525205000.0,23470000.0,90633854000.0,,0.0,39999851000.0,,,87837155000.0,,,5591280812.0,90670000.0,-195000000.0,-16895000.0,117113000.0,-54604000.0,731230000.0,-834314000.0,-564596000.0,193754000.0,0.0,51040000.0,51040000.0,51040000.0,0.0,0.0,0.043,0.0,67890000.0,0.0,1.143,1.046,114.564,116.963,242135000.0,0.0,31.58,1.206,1.206,212942000.0,3144831000.0,1188602000.0,1188602000.0,0.0,,,,,17463000.0,0.0,1.0,177051324.0,177051324.0,,6.713,90659440000.0,317726000.0,-6620000.0,0.0,512.052,
75,LNC,MRQ,2002-09-30,2002-09-30,2002-09-30,2021-09-07,844957000.0,90436163000.0,,,,,29.256,-9156000.0,1599864000.0,1599864000.0,1380452000.0,-136389000.0,,15.782,1628686000.0,,,1628686000.0,0.0,0.0,20740636000.0,0.041,0.32,-217022000.0,-217022000.0,-0.187,-217022000.0,-217022000.0,-240710000.0,-0.75,-0.74,-0.75,5389015000.0,,5389015000.0,5065174395.0,39.0,38.568,332720000.0,1.806,1.0,-217022000.0,-0.187,2563397000.0,23688000.0,87901588000.0,,0.0,39362599000.0,,,85047148000.0,,,5627291395.0,-665580000.0,0.0,-234475000.0,-80455000.0,-58894000.0,451767000.0,-1459223000.0,-1264673000.0,341876000.0,0.0,-136389000.0,-136389000.0,-136389000.0,0.0,0.0,-0.117,0.0,-217022000.0,0.0,-0.427,1.044,45.964,48.492,252718000.0,0.0,30.55,1.144,1.144,577235000.0,3260981000.0,1163430000.0,1163430000.0,0.0,,,,,15154000.0,0.0,1.0,184199391.0,184199391.0,,6.316,87872766000.0,292944000.0,-104321000.0,0.0,477.052,
76,LNC,MRQ,2002-06-30,2002-06-30,2002-06-30,2021-09-07,332461000.0,95069239000.0,,,,,28.382,-14681000.0,2265444000.0,2265444000.0,1085897000.0,48548000.0,,16.911,1703327000.0,,,1703327000.0,0.0,0.0,19834490000.0,0.03,0.32,71582000.0,71582000.0,0.062,71582000.0,71582000.0,46933000.0,0.26,0.26,0.26,5307866000.0,,5307866000.0,7903221078.0,15.0,14.981,191149000.0,1.022,1.0,71582000.0,0.062,2579710000.0,24649000.0,91927412000.0,,0.0,37167599000.0,,,89761373000.0,,,7854540078.0,565896000.0,0.0,-172188000.0,-46370000.0,-61282000.0,273253000.0,86813000.0,-175042000.0,205830000.0,0.0,48548000.0,48548000.0,48548000.0,0.0,0.0,0.042,0.0,71582000.0,0.0,1.231,1.48,20.786,20.896,253544000.0,0.0,42.0,1.464,1.464,461398000.0,3669075000.0,1157479000.0,1157479000.0,0.0,,,,,15297000.0,0.0,1.0,187012859.0,187012859.0,,6.189,92489529000.0,438424000.0,-1615000.0,0.0,494.562,
77,LNC,MRQ,2002-03-31,2002-03-31,2002-03-31,2021-09-07,-1565000.0,97846356000.0,,,,,27.353,0.0,1699548000.0,1699548000.0,1005629000.0,85605000.0,,18.069,1748229000.0,,,1748229000.0,0.0,0.0,19340042000.0,0.024,0.32,120322000.0,120322000.0,0.107,120322000.0,120322000.0,95516000.0,0.46,0.45,0.46,5131098000.0,,5131098000.0,8107342929.0,12.0,11.914,-245407000.0,-1.308,1.0,120322000.0,0.107,2595552000.0,24806000.0,95299485000.0,,0.0,36371281000.0,,,92715258000.0,,,9516209929.0,-1395932000.0,0.0,-50928000.0,61544000.0,-59841000.0,-93009000.0,-1057516000.0,-899641000.0,-245407000.0,0.0,85605000.0,85605000.0,85605000.0,0.0,0.0,0.076,0.0,120322000.0,0.0,0.696,1.855,20.202,20.211,266408000.0,0.0,50.73,1.639,1.639,376273000.0,3824612000.0,1125951000.0,1125951000.0,0.0,,,,,12249000.0,0.0,1.0,187585451.0,187585451.0,,6.002,95250804000.0,551298000.0,9911000.0,0.0,507.773,
78,LNC,MRQ,2001-12-31,2001-12-31,2001-12-31,2021-09-07,173183000.0,98001304000.0,,,,,27.783,51649000.0,3095480000.0,3095480000.0,1314505000.0,124664000.0,,17.619,1686613000.0,,,1686613000.0,0.0,0.0,19247894000.0,0.025,0.305,156449000.0,156449000.0,0.106,156449000.0,156449000.0,131483000.0,0.66,0.67,0.66,5263484000.0,,5263484000.0,8761723388.0,11.0,10.798,861523000.0,4.547,1.0,156449000.0,0.106,2624390000.0,24966000.0,93968047000.0,,0.0,36121212000.0,,,92737820000.0,,,9201595388.0,1099164000.0,2036238000.0,-134282000.0,580892000.0,-57712000.0,593082000.0,-303792000.0,-1587104000.0,809874000.0,0.0,124664000.0,124664000.0,124664000.0,0.0,0.0,0.085,0.0,156449000.0,0.0,0.462,1.748,16.863,16.806,257518000.0,0.0,48.57,1.443,1.443,400076000.0,3834427000.0,1470954000.0,1470954000.0,0.0,,,,,63626000.0,0.0,1.0,189450183.0,189450183.0,,7.764,95376914000.0,15117000.0,6819000.0,0.0,503.441,
79,LNC,MRQ,2001-09-30,2001-09-30,2001-09-30,2021-09-07,275126000.0,90206016000.0,,,,,28.54,8674000.0,1996316000.0,1996316000.0,1430053000.0,119051000.0,,15.802,1556444000.0,,,1556444000.0,0.0,0.0,19182273000.0,0.026,0.305,179209000.0,179209000.0,0.111,179209000.0,179209000.0,149644000.0,0.63,0.61,0.63,5368638000.0,,5368638000.0,9078210222.0,10.0,10.356,239589000.0,1.274,1.0,179209000.0,0.111,2704664000.0,29565000.0,87061480000.0,,0.0,36794465000.0,,,84837378000.0,,,8771456222.0,494418000.0,0.0,-182651000.0,-252275000.0,-57230000.0,249810000.0,13693000.0,-401113000.0,230915000.0,0.0,119051000.0,119051000.0,119051000.0,0.0,0.0,0.074,0.0,179209000.0,0.0,0.484,1.634,15.39,15.44,260996000.0,0.0,46.63,1.314,1.314,264508000.0,3840248000.0,1609262000.0,1609262000.0,0.0,,,,,0.0,0.0,1.0,188107575.0,188107575.0,,8.555,87501352000.0,35267000.0,30593000.0,0.0,465.167,
80,LNC,MRQ,2001-06-30,2001-06-30,2001-06-30,2021-09-07,87806000.0,96431234000.0,,,,,26.919,-27659000.0,1501898000.0,1501898000.0,1363223000.0,141736000.0,,18.073,1808652000.0,,,1808652000.0,0.0,0.0,18392459000.0,0.023,0.305,224500000.0,224500000.0,0.14,224500000.0,224500000.0,192460000.0,0.76,0.74,0.76,5055938000.0,,5055938000.0,9576923064.0,10.0,10.385,-155211000.0,-0.826,1.0,235769000.0,0.147,2742563000.0,32040000.0,93995425000.0,,0.0,35802085000.0,,,91375296000.0,,,9719536064.0,-513272000.0,0.0,-38180000.0,-63972000.0,-57217000.0,-75708000.0,-310012000.0,-616004000.0,-127552000.0,0.0,141736000.0,141736000.0,141736000.0,0.0,0.0,0.089,0.0,235769000.0,0.0,0.401,1.922,16.488,16.587,251399000.0,0.0,51.75,1.433,1.433,303691000.0,3939210000.0,1598992000.0,1598992000.0,0.0,,,,,0.0,0.0,1.0,187817122.0,187817122.0,,8.514,93688671000.0,177542000.0,50724000.0,0.0,498.829,
81,LNC,MRQ,2001-03-31,2001-03-31,2001-03-31,2021-09-07,217841000.0,94122388000.0,,,,,26.732,-32664000.0,2015170000.0,2015170000.0,1443272000.0,160204000.0,,17.469,1872557000.0,,,1872557000.0,0.0,0.0,18344146000.0,0.028,0.305,251226000.0,251226000.0,0.148,251226000.0,251226000.0,216779000.0,0.85,0.83,0.85,5096361000.0,,5096361000.0,7939398395.0,8.0,8.274,322682000.0,1.693,1.0,255523000.0,0.15,2779792000.0,34447000.0,91199983000.0,,0.0,35751767000.0,,,89026027000.0,,,8096633395.0,87777000.0,0.0,-148637000.0,102332000.0,-57968000.0,-252576000.0,-14993000.0,110886000.0,355346000.0,0.0,160204000.0,160204000.0,160204000.0,0.0,0.0,0.094,0.0,255523000.0,0.0,0.359,1.589,13.243,13.189,242119000.0,0.0,42.47,1.177,1.177,282777000.0,3884322000.0,1698795000.0,1698795000.0,0.0,,,,,0.0,0.0,1.0,190643593.0,190643593.0,,8.911,91342596000.0,106572000.0,56575000.0,0.0,479.128,
82,LNC,MRQ,2000-12-31,2000-12-31,2000-12-31,2021-09-07,33978000.0,99844059000.0,,,,,25.859,27601000.0,1927393000.0,1927393000.0,1547434000.0,148942000.0,,19.154,1770158000.0,,,1770158000.0,0.0,0.0,18377061000.0,0.025,0.29,221719000.0,221719000.0,0.125,221719000.0,221719000.0,188310000.0,0.78,0.77,0.78,4954084000.0,,4954084000.0,9415485685.0,10.0,9.649,1213782000.0,6.336,1.0,221728000.0,0.125,2842968000.0,33409000.0,96843856000.0,,0.0,35375049000.0,,,94889975000.0,,,9063849685.0,491516000.0,0.0,-51736000.0,-17422000.0,-55318000.0,-1115838000.0,421173000.0,698530000.0,1186181000.0,0.0,148942000.0,148942000.0,148942000.0,0.0,0.0,0.084,0.0,221728000.0,0.0,0.372,1.83,14.586,14.557,228211000.0,0.0,47.31,1.324,1.324,296705000.0,3915598000.0,1769162000.0,1769162000.0,0.0,,,,,0.0,0.0,1.0,191584225.0,191584225.0,,9.234,97001091000.0,207548000.0,39368000.0,0.0,506.31,
83,LNC,MRQ,2000-09-30,2000-09-30,2000-09-30,2021-09-07,-317825000.0,103243080000.0,,,,,23.793,9883000.0,1435877000.0,1435877000.0,1491330000.0,138624000.0,,21.748,1787513000.0,,,1787513000.0,0.0,0.0,18708160000.0,0.024,0.29,224787000.0,224787000.0,0.131,224787000.0,224787000.0,190378000.0,0.73,0.71,0.73,4538617000.0,,4538617000.0,9374404077.0,12.0,12.184,-408217000.0,-2.14,1.0,224767000.0,0.131,2894946000.0,34409000.0,100699770000.0,,0.0,35311178000.0,,,98704463000.0,,,9180937077.0,-183435000.0,0.0,0.0,-25333000.0,-55102000.0,492511000.0,-257846000.0,-398862000.0,-418100000.0,0.0,138624000.0,138624000.0,138624000.0,0.0,0.0,0.081,0.0,224767000.0,0.0,0.397,2.023,18.106,18.094,213821000.0,0.0,48.13,1.333,1.333,240828000.0,3865955000.0,1716097000.0,1716097000.0,0.0,,,,,0.0,0.0,1.0,190752900.0,190752900.0,,8.996,100348134000.0,267268000.0,51754000.0,0.0,526.063,
84,LNC,MRQ,2000-06-30,2000-06-30,2000-06-30,2021-09-07,-534706000.0,103848494000.0,,,,,22.03,-13782000.0,1619312000.0,1619312000.0,1430653000.0,163608000.0,,23.587,1812779000.0,,,1812779000.0,0.0,0.0,19028295000.0,0.031,0.29,261772000.0,261772000.0,0.155,261772000.0,261772000.0,226391000.0,0.86,0.84,0.86,4223725000.0,,4223725000.0,7348095278.0,10.0,9.655,565117000.0,2.948,1.0,262010000.0,0.155,2982093000.0,35381000.0,101059868000.0,,0.0,35057216000.0,,,99624769000.0,,,6927014278.0,109212000.0,0.0,-78238000.0,-118170000.0,-55735000.0,-1059543000.0,589856000.0,823092000.0,578899000.0,0.0,163608000.0,163608000.0,163608000.0,0.0,0.0,0.097,0.0,262010000.0,0.0,0.337,1.64,13.833,13.896,205549000.0,0.0,36.13,1.017,1.017,247759000.0,3783109000.0,1692663000.0,1692663000.0,0.0,,,,,0.0,0.0,1.0,191724724.0,191724724.0,,8.829,100866401000.0,246063000.0,62783000.0,0.0,526.1,
85,LNC,MRQ,2000-03-31,2000-03-31,2000-03-31,2021-09-07,-388397000.0,106339999000.0,,,,,22.294,-23702000.0,1510100000.0,1510100000.0,1401901000.0,170220000.0,,23.5,1931181000.0,,,1931181000.0,0.0,0.0,19508917000.0,0.033,0.29,267552000.0,267552000.0,0.16,267552000.0,267552000.0,231213000.0,0.88,0.87,0.88,4340434000.0,,4340434000.0,6543464078.0,9.0,8.919,624405000.0,3.207,1.0,267324000.0,0.16,3055110000.0,36339000.0,103705970000.0,,0.0,35774616000.0,,,101999565000.0,,,6522231078.0,-385783000.0,85000000.0,-80047000.0,13699000.0,-56506000.0,-1191905000.0,158015000.0,-93802000.0,648107000.0,0.0,170220000.0,170220000.0,170220000.0,0.0,0.0,0.102,0.0,267324000.0,0.0,0.33,1.503,13.434,13.508,207746000.0,0.0,33.5,0.959,0.959,190225000.0,3740670000.0,1669225000.0,1669225000.0,0.0,,,,,0.0,0.0,1.0,194693465.0,194693465.0,,8.574,103284889000.0,300396000.0,60993000.0,0.0,530.5,
86,LNC,MRQ,1999-12-31,1999-12-31,1999-12-31,2021-09-07,-435649000.0,103095733000.0,,,,,21.813,0.0,1895883000.0,1895883000.0,1792620000.0,34625000.0,,23.179,1917116000.0,,,1917116000.0,0.0,0.0,20228753000.0,0.028,0.275,15268000.0,15268000.0,0.008,15268000.0,15268000.0,-19424000.0,0.19,0.19,0.19,4263868000.0,,4263868000.0,7300703720.0,10.0,10.375,627821000.0,3.212,1.0,15268000.0,0.008,3169538000.0,34692000.0,99947428000.0,,0.0,35604209000.0,,,98831865000.0,,,7818915720.0,-447063000.0,-479295000.0,-20997000.0,92315000.0,-53599000.0,-444477000.0,-630407000.0,40866000.0,627821000.0,0.0,34625000.0,34625000.0,34625000.0,0.0,0.0,0.019,0.0,15268000.0,0.0,1.447,1.834,16.985,17.167,203753000.0,0.0,40.0,1.149,1.149,259630000.0,3691470000.0,1807888000.0,1807888000.0,0.0,,,,,0.0,0.0,1.0,195472893.0,195472893.0,,9.249,99926195000.0,345010000.0,-54049000.0,0.0,511.202,
87,LNC,MRQ,1999-09-30,1999-09-30,1999-09-30,2021-09-07,-63570000.0,96500673000.0,,,,,23.45,0.0,2342946000.0,2342946000.0,1425667000.0,132317000.0,,19.699,1824734000.0,,,1824734000.0,0.0,0.0,20555071000.0,0.029,0.275,216459000.0,216459000.0,0.132,216459000.0,216459000.0,183190000.0,0.67,0.66,0.67,4662157000.0,,4662157000.0,6408712092.0,7.0,7.176,1040604000.0,5.234,1.0,216459000.0,0.132,3195661000.0,33269000.0,92786800000.0,,0.0,36555764000.0,,,91838516000.0,,,7467541092.0,191857000.0,0.0,-158949000.0,-12592000.0,-54444000.0,-867090000.0,18343000.0,497755000.0,1040604000.0,0.0,132317000.0,132317000.0,132317000.0,0.0,0.0,0.081,0.0,216459000.0,0.0,0.41,1.602,13.545,13.609,191852000.0,0.0,37.56,1.113,1.113,296005000.0,3741048000.0,1642126000.0,1642126000.0,0.0,,,,,0.0,0.0,1.0,198816323.0,198816323.0,,8.26,93305012000.0,457268000.0,50873000.0,0.0,469.303,
88,LNC,MRQ,1999-06-30,1999-06-30,1999-06-30,2021-09-07,19538000.0,98261437000.0,,,,,24.046,0.0,2151089000.0,2151089000.0,1443983000.0,148350000.0,,19.397,1092260000.0,,,1092260000.0,0.0,0.0,20579499000.0,0.02,0.275,234345000.0,234345000.0,0.14,234345000.0,234345000.0,201713000.0,0.74,0.73,0.74,4817378000.0,,4817378000.0,9146700303.0,11.0,10.682,126538000.0,0.632,1.0,234345000.0,0.14,3193229000.0,32632000.0,94009379000.0,,0.0,37384897000.0,,,93444059000.0,,,10479758303.0,-175957000.0,0.0,-148593000.0,98202000.0,-55055000.0,-184898000.0,-117597000.0,-10326000.0,126538000.0,0.0,148350000.0,148350000.0,148350000.0,0.0,0.0,0.088,0.0,234345000.0,0.0,0.372,2.175,19.682,19.74,180659000.0,0.0,52.31,1.616,1.616,268984000.0,3791768000.0,1678328000.0,1678328000.0,0.0,,,,,0.0,0.0,1.0,200339482.0,200339482.0,,8.377,95068208000.0,478402000.0,53363000.0,0.0,474.536,
89,LNC,MRQ,1999-03-31,1999-03-31,1999-03-31,2021-09-07,284763000.0,95350278000.0,,,,,25.223,0.0,2327046000.0,2327046000.0,1437769000.0,145062000.0,,17.669,993988000.0,,,993988000.0,0.0,0.0,20600875000.0,0.021,0.275,237589000.0,237589000.0,0.142,237589000.0,237589000.0,204485000.0,0.72,0.71,0.72,5107421000.0,,5107421000.0,8604556870.0,10.0,9.979,537650000.0,2.655,1.0,237589000.0,0.142,3249951000.0,33104000.0,90767269000.0,,0.0,38149962000.0,,,90242857000.0,,,10011125870.0,-106304000.0,0.0,-49180000.0,-32858000.0,-55336000.0,-234482000.0,-409472000.0,-916141000.0,537650000.0,0.0,145062000.0,145062000.0,145062000.0,0.0,0.0,0.087,0.0,237589000.0,0.0,0.382,1.96,18.79,18.657,177992000.0,0.0,49.44,1.585,1.585,241819000.0,3825705000.0,1675358000.0,1675358000.0,0.0,,,,,0.0,0.0,1.0,202490410.0,202490410.0,,8.274,92100327000.0,286037000.0,59423000.0,0.0,454.838,
90,LNC,MRQ,1998-12-31,1998-12-31,1998-12-31,2021-09-07,602348000.0,93836260000.0,,,,,26.663,0.0,2433350000.0,2433350000.0,1509233000.0,125604000.0,,16.416,1771781000.0,,,1771781000.0,0.0,0.0,20753064000.0,0.025,0.26,204726000.0,204726000.0,0.119,204726000.0,204726000.0,171253000.0,0.63,0.62,0.63,5387941000.0,,5387941000.0,6606937054.0,8.0,8.112,1393376000.0,6.895,1.0,204726000.0,0.119,3332785000.0,33473000.0,89841906000.0,,0.0,37948284000.0,,,88448319000.0,,,8265904054.0,-292005000.0,1464139000.0,0.0,-41521000.0,-52268000.0,-1261332000.0,-424049000.0,-1339864000.0,1393376000.0,0.0,125604000.0,125604000.0,125604000.0,0.0,0.0,0.073,0.0,204726000.0,0.0,0.413,1.534,16.215,16.104,174762000.0,0.0,40.905,1.358,1.358,246203000.0,3790038000.0,1713959000.0,1713959000.0,0.0,,,,,0.0,0.0,1.0,202075640.0,202075640.0,,8.482,90503475000.0,204075000.0,45649000.0,0.0,447.869,
91,LNC,MRQ,1998-09-30,1998-09-30,1998-09-30,2021-09-07,833559000.0,84606194000.0,,,,,27.495,0.0,2725355000.0,2725355000.0,1237967000.0,113449000.0,,14.306,1066388000.0,,,1066388000.0,0.0,0.0,20532312000.0,0.025,0.26,179624000.0,179624000.0,0.127,179624000.0,179624000.0,147086000.0,0.56,0.56,0.56,5527608000.0,,5527608000.0,6942639349.0,6.0,5.571,237881000.0,1.183,1.0,179624000.0,0.127,2394824000.0,32538000.0,80552403000.0,,0.0,35781252000.0,,,79078586000.0,,,8267914349.0,311241000.0,0.0,0.0,-20853000.0,-52220000.0,173585000.0,-100225000.0,2930000.0,237881000.0,0.0,113449000.0,113449000.0,113449000.0,0.0,0.0,0.08,0.0,179624000.0,0.0,0.464,1.496,8.079,8.16,200879000.0,0.0,41.125,1.456,1.456,241606000.0,3720003000.0,1417591000.0,1417591000.0,0.0,,,,,0.0,0.0,1.0,201043510.0,201043510.0,,7.051,82211370000.0,0.0,33637000.0,2986000.0,408.923,
92,LNC,MRQ,1998-06-30,1998-06-30,1998-06-30,2021-09-07,521356000.0,88364620000.0,,,,,25.637,0.0,2414114000.0,2414114000.0,1267176000.0,148679000.0,,16.155,1088839000.0,,,1088839000.0,0.0,0.0,19403500000.0,0.022,0.26,240317000.0,240317000.0,0.159,240317000.0,240317000.0,212645000.0,0.74,0.73,0.74,5150847000.0,,5150847000.0,7714570158.0,6.0,5.886,226118000.0,1.125,1.0,240317000.0,0.159,2423700000.0,27672000.0,84615645000.0,,0.0,35294967000.0,,,83213773000.0,,,9179663158.0,-227564000.0,0.0,0.0,-87872000.0,-52160000.0,-582601000.0,128919000.0,41914000.0,226118000.0,0.0,148679000.0,148679000.0,148679000.0,0.0,0.0,0.099,0.0,240317000.0,0.0,0.351,1.782,8.491,8.588,191667000.0,0.0,45.69,1.661,1.661,250828000.0,3658947000.0,1507493000.0,1507493000.0,0.0,,,,,0.0,0.0,1.0,200911866.0,200911866.0,,7.503,85940920000.0,188888000.0,63966000.0,0.0,427.754,
93,LNC,MRQ,1998-03-31,1998-03-31,1998-03-31,2021-09-07,527420000.0,87884525000.0,,,,,25.192,0.0,2641678000.0,2641678000.0,1258238000.0,122043000.0,,16.388,1176585000.0,,,1176585000.0,0.0,0.0,21034215000.0,0.023,0.26,189781000.0,189781000.0,0.131,189781000.0,189781000.0,166413000.0,0.61,0.6,0.61,5054241000.0,,5054241000.0,5565483882.0,5.0,5.33,390135000.0,1.945,1.0,189781000.0,0.131,2585831000.0,23368000.0,83833601000.0,,0.0,35252423000.0,,,82830284000.0,,,8551944882.0,-1153028000.0,-1426000000.0,-46871000.0,366869000.0,-52368000.0,-244738000.0,-1298425000.0,-2010000.0,390135000.0,0.0,122043000.0,122043000.0,122043000.0,0.0,0.0,0.084,0.0,189781000.0,0.0,0.426,1.692,9.248,9.378,191049000.0,0.0,42.625,1.661,1.661,204587000.0,3562335000.0,1448019000.0,1448019000.0,0.0,,,,,0.0,0.0,1.0,200632138.0,200632138.0,,7.217,85298694000.0,78505000.0,44370000.0,0.0,425.15,
94,LNC,MRQ,1997-12-31,1997-12-31,1997-12-31,2021-09-07,482196000.0,77174708000.0,,,,,24.577,0.0,3794706000.0,3794706000.0,1445759000.0,639153000.0,,14.488,808245000.0,,,808245000.0,0.0,0.0,20063393000.0,0.025,0.245,636425000.0,636425000.0,0.488,636425000.0,636425000.0,613918000.0,3.13,3.08,3.13,4982915000.0,,4982915000.0,7650885171.0,7.0,7.363,90094000.0,0.444,1.0,-140447000.0,-0.108,1071638000.0,22507000.0,73116609000.0,,0.0,29839821000.0,,,72191793000.0,,,7920411171.0,2547714000.0,2638153000.0,-117461000.0,-170891000.0,-49969000.0,-828734000.0,3285814000.0,-2476499000.0,90094000.0,0.0,639153000.0,639153000.0,639153000.0,0.0,0.0,0.49,0.0,-140447000.0,0.0,0.078,1.59,8.48,8.567,189811000.0,0.0,39.065,1.617,1.617,197509000.0,3533105000.0,1305312000.0,1305312000.0,0.0,,,,,0.0,0.0,1.0,202749550.0,202749550.0,,6.438,76103070000.0,0.0,-25235000.0,487805000.0,375.355,
95,LNC,MRQ,1997-09-30,1997-09-30,1997-09-30,2021-09-07,34042000.0,79963499000.0,,,,,22.763,0.0,1246992000.0,1246992000.0,1069156000.0,171254000.0,,16.23,977466000.0,,,977466000.0,0.0,0.0,20438945000.0,0.028,0.245,244236000.0,244236000.0,0.193,244236000.0,244236000.0,219753000.0,0.84,0.825,0.84,4641058000.0,,4641058000.0,6696124403.0,11.0,11.109,437899000.0,2.148,1.0,197869000.0,0.156,995189000.0,24483000.0,78698784000.0,,0.0,29867275000.0,,,75322441000.0,,,7098179403.0,-25836000.0,0.0,-136145000.0,106693000.0,-50824000.0,-570883000.0,107688000.0,3603456000.0,437899000.0,0.0,171254000.0,171254000.0,171254000.0,-46367000.0,0.0,0.135,0.0,197869000.0,0.0,0.292,1.529,16.22,16.269,193060000.0,0.0,34.815,1.464,1.464,240899000.0,3045958000.0,1267025000.0,1267025000.0,0.0,,,,,0.0,0.0,1.0,203882792.0,203882792.0,,6.214,78968310000.0,0.0,48499000.0,84967000.0,387.322,
96,LNC,MRQ,1997-06-30,1997-06-30,1997-06-30,2021-09-07,46974000.0,76794040000.0,,,,,21.725,0.0,1272828000.0,1272828000.0,1194454000.0,-7761000.0,,16.123,870773000.0,,,870773000.0,0.0,0.0,20812382000.0,0.03,0.245,-26186000.0,-26186000.0,-0.023,-26186000.0,-26186000.0,-49385000.0,-0.035,-0.035,-0.035,4484742000.0,,4484742000.0,6257934085.0,12.0,11.757,204386000.0,0.99,1.0,-66383000.0,-0.059,1017559000.0,23199000.0,75374426000.0,,0.0,29734433000.0,,,72309298000.0,,,6644952085.0,157681000.0,0.0,-41269000.0,50755000.0,-50503000.0,-345497000.0,298792000.0,-116342000.0,204386000.0,0.0,-7761000.0,-7761000.0,-7761000.0,-40197000.0,0.0,-0.007,0.0,-66383000.0,0.0,-7.0,1.482,17.23,17.214,193391000.0,0.0,32.19,1.388,1.388,207878000.0,3151430000.0,1128071000.0,1128071000.0,0.0,,,,,0.0,0.0,1.0,206429080.0,206429080.0,,5.465,75776481000.0,0.0,-41624000.0,50620000.0,367.082,
97,LNC,MRQ,1997-03-31,1997-03-31,1997-03-31,2021-09-07,240778000.0,71996614000.0,,,,,20.746,0.0,1207036000.0,1207036000.0,1061705000.0,131342000.0,,15.817,820018000.0,,,820018000.0,783472000.0,0.0,20943631000.0,0.035,0.245,184688000.0,184688000.0,0.154,184688000.0,184688000.0,162353000.0,0.635,0.63,0.635,4281130000.0,,4281130000.0,5103737722.0,7.0,7.02,302195000.0,1.464,1.0,136366000.0,0.114,1122809000.0,22335000.0,70486787000.0,,0.0,33291045000.0,,,67715484000.0,,,5520190722.0,-29619000.0,0.0,-32710000.0,4749000.0,-50631000.0,-483014000.0,151200000.0,73661000.0,302195000.0,0.0,131342000.0,131342000.0,131342000.0,-48322000.0,0.0,0.11,0.0,136366000.0,0.0,0.386,1.289,10.934,10.963,253322000.0,0.0,26.75,1.149,1.149,747599000.0,3210090000.0,1198071000.0,1198071000.0,0.0,,,,,0.0,0.0,1.0,206362270.0,206362270.0,,5.806,70873805000.0,41241000.0,31011000.0,0.0,343.444,
98,LNC,MRQ,1996-12-31,1996-12-31,1996-12-31,2021-09-07,482045000.0,71713405000.0,,,,,21.661,0.0,1144766000.0,1144766000.0,1103287000.0,142781000.0,,15.043,815271000.0,,,815271000.0,0.0,0.0,21165410000.0,0.035,0.23,200023000.0,200023000.0,0.159,200023000.0,200023000.0,175978000.0,0.7,,0.7,4469956000.0,,4469956000.0,,,,456413000.0,2.212,1.0,151926000.0,0.121,1060153000.0,24045000.0,70323757000.0,,0.0,29751000000.0,,,67243449000.0,,,5417009588.0,-159936000.0,2579140000.0,-32716000.0,-67335000.0,-47850000.0,-574826000.0,-41523000.0,-2600160000.0,456413000.0,0.0,142781000.0,142781000.0,142781000.0,-48097000.0,0.0,0.114,0.0,151926000.0,0.0,0.329,1.212,10.548,10.606,196044000.0,0.0,26.25,1.144,1.144,237345000.0,3082368000.0,1255213000.0,1255213000.0,0.0,,,,,0.0,0.0,1.0,206362270.0,206362270.0,,6.083,70653252000.0,0.0,33197000.0,161501000.0,342.375,
99,LNC,MRQ,1996-09-30,1996-09-30,1996-09-30,2021-09-07,,,,,,,,0.0,,,1069992000.0,119310000.0,,,,,,,,0.0,,0.041,0.23,173736000.0,173736000.0,0.144,173736000.0,173736000.0,150207000.0,0.57,,0.57,,,,,,,413542000.0,,1.0,137382000.0,0.114,,23529000.0,,,,,,,,,,,89838000.0,0.0,0.0,-231096000.0,-47816000.0,-222667000.0,-101037000.0,187313000.0,413542000.0,0.0,119310000.0,119310000.0,119310000.0,-36354000.0,0.0,0.099,0.0,137382000.0,,0.404,,,,,0.0,21.94,,,,,1207374000.0,1207374000.0,0.0,,,,,0.0,0.0,1.0,,,,,,,30897000.0,,,
100,LNC,MRQ,1996-06-30,1996-06-30,1996-06-30,2021-09-07,,,,,,,,0.0,,,1002513000.0,111443000.0,,,,,,,,0.0,,0.038,0.23,168624000.0,168624000.0,0.147,168624000.0,168624000.0,149971000.0,0.535,,0.535,,,,,,,156814000.0,,1.0,142511000.0,0.124,,18653000.0,,,,,,,,,,,-5406000.0,0.0,0.0,22500000.0,-47795000.0,-81719000.0,-80501000.0,-291825000.0,156814000.0,0.0,111443000.0,111443000.0,111443000.0,-26113000.0,0.0,0.097,0.0,142511000.0,,0.43,,,,,0.0,23.125,,,,,1145024000.0,1145024000.0,0.0,,,,,0.0,0.0,1.0,,,,,,,38528000.0,,,
101,LNC,MRQ,1996-03-31,1996-03-31,1996-03-31,2021-09-07,,,,,,,,0.0,,,1428134000.0,140024000.0,,,,,,,,0.0,,0.033,0.23,212383000.0,212383000.0,0.129,212383000.0,212383000.0,193889000.0,0.67,,0.67,,,,,,,346667000.0,,1.0,212383000.0,0.129,,18494000.0,,,,,,,,,,,-231900000.0,0.0,0.0,2969000.0,-47762000.0,-329265000.0,-249302000.0,-200063000.0,346667000.0,0.0,140024000.0,140024000.0,140024000.0,0.0,0.0,0.085,0.0,212383000.0,,0.343,,,,,0.0,26.5,,,,,1640517000.0,1640517000.0,0.0,,,,,0.0,0.0,1.0,,,,,,,53865000.0,,,
102,LNC,MRQ,1995-12-31,1995-12-31,1995-12-31,2021-09-07,711593000.0,63257733000.0,,,,,,,1572855000.0,1572855000.0,,,,13.449,1086151000.0,,,1086151000.0,813380000.0,,18784508000.0,0.032,0.215,,,,,,,,,,4378122000.0,,4378122000.0,,,,,,1.0,,,1000399000.0,,61770630000.0,,0.0,31942004000.0,,,58879611000.0,,,,,,,,,,,,,,,,,,,,,,0.0,,,,11.245,243763000.0,,26.875,,,537979000.0,2775718000.0,,,,,,,,,,1.0,,,,,62257334000.0,0.0,,128426000.0,,
0,LNC,MRT,2021-06-30,2021-06-30,2021-06-30,2021-09-07,7479000000.0,380148000000.0,365165000000.0,,,0.052,114.223,0.0,2389000000.0,2389000000.0,16960000000.0,1408000000.0,,16.482,6634000000.0,,,6634000000.0,0.0,0.0,108778000000.0,0.026,1.64,1845000000.0,1845000000.0,0.098,1845000000.0,1845000000.0,1583000000.0,7.35,7.33,7.35,21745000000.0,21396500000.0,21745000000.0,17207051637.0,9.0,9.326,-668000000.0,-3.509,1.0,1922000000.0,0.102,1778000000.0,262000000.0,382615000000.0,368032500000.0,0.0,155115000000.0,,,358403000000.0,,,11963051637.0,-1812000000.0,0.0,-305000000.0,90000000.0,-316000000.0,6491000000.0,-7635000000.0,-7501000000.0,-668000000.0,0.0,1408000000.0,1408000000.0,1408000000.0,0.0,0.0,0.075,77000000.0,1845000000.0,8199000000.0,0.223,0.55,8.496,8.55,0.0,0.0,62.84,0.634,0.634,16564000000.0,9245000000.0,18882000000.0,18882000000.0,0.0,0.004,0.066,0.005,0.098,0.0,0.0,1.0,190373196.0,190373196.0,,99.184,378370000000.0,0.0,175000000.0,0.0,1987.517,
1,LNC,MRT,2021-03-31,2021-03-31,2021-03-31,2021-09-07,5761000000.0,366760000000.0,355042750000.0,,,0.049,102.069,0.0,1350000000.0,1350000000.0,16547000000.0,672000000.0,,17.719,6594000000.0,,,6594000000.0,0.0,0.0,107002000000.0,0.026,1.62,931000000.0,931000000.0,0.053,931000000.0,931000000.0,650000000.0,3.48,3.5,3.48,19593000000.0,21143000000.0,19593000000.0,16927242158.0,18.0,18.182,-563000000.0,-2.933,1.0,1001000000.0,0.057,1778000000.0,281000000.0,370226000000.0,357482750000.0,0.0,148559000000.0,,,347167000000.0,,,11953242158.0,-4852000000.0,0.0,-155000000.0,90000000.0,-312000000.0,6646000000.0,-10935000000.0,-10810000000.0,-563000000.0,0.0,672000000.0,672000000.0,672000000.0,0.0,0.0,0.038,70000000.0,931000000.0,7597000000.0,0.466,0.61,17.788,17.894,0.0,0.0,62.27,0.681,0.681,16942000000.0,8775000000.0,17548000000.0,17548000000.0,0.0,0.002,0.032,0.003,0.053,0.0,0.0,1.0,191958281.0,191958281.0,,91.416,364982000000.0,0.0,-22000000.0,0.0,1901.361,
2,LNC,MRT,2020-12-31,2020-12-31,2020-12-31,2021-09-07,8931000000.0,365948000000.0,343015000000.0,,,0.051,117.45,0.0,1708000000.0,1708000000.0,16664000000.0,499000000.0,,15.122,6682000000.0,,,6682000000.0,0.0,0.0,105405000000.0,0.032,1.6,707000000.0,707000000.0,0.041,707000000.0,707000000.0,423000000.0,2.58,2.56,2.58,22699000000.0,20388500000.0,22699000000.0,13842179758.0,20.0,19.579,534000000.0,2.763,1.0,775000000.0,0.044,1778000000.0,284000000.0,369144000000.0,344280500000.0,0.0,153956000000.0,,,343249000000.0,,,9723179758.0,-855000000.0,0.0,-275000000.0,289000000.0,-311000000.0,8092000000.0,-9481000000.0,-9328000000.0,534000000.0,0.0,499000000.0,499000000.0,499000000.0,0.0,0.0,0.029,68000000.0,707000000.0,6222000000.0,0.62,0.428,19.485,19.5,0.0,0.0,50.31,0.558,0.558,16982000000.0,8686000000.0,17439000000.0,17439000000.0,0.0,0.001,0.024,0.002,0.041,0.0,0.0,1.0,193265350.0,193265350.0,,90.233,364170000000.0,0.0,-76000000.0,0.0,1884.301,
3,LNC,MRT,2020-09-30,2020-09-30,2020-09-30,2021-09-07,7809000000.0,347804000000.0,335218250000.0,,,0.053,111.509,0.0,2595000000.0,2595000000.0,16479000000.0,788000000.0,,15.14,6714000000.0,,,6714000000.0,0.0,0.0,102568000000.0,0.05,1.57,1104000000.0,1104000000.0,0.063,1104000000.0,1104000000.0,814000000.0,4.0,3.81,4.0,21549000000.0,19636000000.0,21549000000.0,8589463600.0,8.0,7.78,512000000.0,2.649,1.0,1169000000.0,0.066,1778000000.0,290000000.0,350145000000.0,336191250000.0,0.0,149515000000.0,,,326255000000.0,,,6054463600.0,-344000000.0,0.0,-325000000.0,355000000.0,-309000000.0,8803000000.0,-9659000000.0,-9476000000.0,512000000.0,0.0,788000000.0,788000000.0,788000000.0,0.0,0.0,0.045,65000000.0,1104000000.0,6435000000.0,0.393,0.281,7.683,7.832,0.0,0.0,31.33,0.343,0.343,17108000000.0,8647000000.0,17648000000.0,17648000000.0,0.0,0.002,0.04,0.003,0.063,0.0,0.0,1.0,193248120.0,193248120.0,,91.323,346026000000.0,0.0,26000000.0,0.0,1790.579,
4,LNC,MRT,2020-06-30,2020-06-30,2020-06-30,2021-09-07,7323000000.0,339659000000.0,329586750000.0,,,0.051,107.29,0.0,4201000000.0,4201000000.0,16423000000.0,229000000.0,,15.384,6736000000.0,,,6736000000.0,0.0,0.0,100537000000.0,0.042,1.54,441000000.0,441000000.0,0.026,441000000.0,441000000.0,104000000.0,1.13,0.97,1.13,20731000000.0,19248500000.0,20731000000.0,7654727332.0,17.0,17.358,847000000.0,4.384,1.0,502000000.0,0.03,1778000000.0,337000000.0,340416000000.0,330387750000.0,0.0,144917000000.0,,,318928000000.0,,,7108727332.0,887000000.0,0.0,-475000000.0,700000000.0,-306000000.0,8844000000.0,-8804000000.0,-8577000000.0,847000000.0,0.0,229000000.0,229000000.0,229000000.0,0.0,0.0,0.014,61000000.0,441000000.0,7031000000.0,1.363,0.343,31.042,32.558,0.0,0.0,36.79,0.42,0.42,17356000000.0,8327000000.0,16925000000.0,16925000000.0,0.0,0.001,0.012,0.001,0.026,0.0,0.0,1.0,193224445.0,193224445.0,,87.592,337881000000.0,0.0,-125000000.0,0.0,1748.645,
5,LNC,MRT,2020-03-31,2020-03-31,2020-03-31,2021-09-07,3004000000.0,318649000000.0,325236750000.0,,,0.054,84.838,0.0,6202000000.0,6202000000.0,16647000000.0,686000000.0,,18.225,6748000000.0,,,6748000000.0,0.0,0.0,99508000000.0,0.057,1.51,1009000000.0,1009000000.0,0.057,1009000000.0,1009000000.0,686000000.0,3.42,3.25,3.42,16575000000.0,18679500000.0,16575000000.0,8946179959.0,9.0,8.866,-900000000.0,-4.607,1.0,1071000000.0,0.06,1778000000.0,323000000.0,317417000000.0,326055750000.0,0.0,135252000000.0,,,302074000000.0,,,5142179959.0,4609000000.0,0.0,-625000000.0,700000000.0,-305000000.0,9133000000.0,-3624000000.0,-3364000000.0,-900000000.0,0.0,686000000.0,686000000.0,686000000.0,0.0,0.0,0.039,62000000.0,1009000000.0,8434000000.0,0.442,0.31,7.496,7.696,0.0,0.0,26.32,0.29,0.29,17485000000.0,8500000000.0,17718000000.0,17718000000.0,0.0,0.002,0.037,0.003,0.057,0.0,0.0,1.0,195371579.0,195371579.0,,90.689,316871000000.0,0.0,0.0,0.0,1621.889,
6,LNC,MRT,2019-12-31,2019-12-31,2019-12-31,2021-09-07,5673000000.0,334761000000.0,324149250000.0,,,0.053,99.274,0.0,2563000000.0,2563000000.0,15947000000.0,886000000.0,,16.002,6367000000.0,,,6367000000.0,0.0,0.0,98018000000.0,0.025,1.48,1245000000.0,1245000000.0,0.072,1245000000.0,1245000000.0,919000000.0,4.41,4.38,4.41,19689000000.0,18640000000.0,19689000000.0,15134488883.0,12.0,12.156,-2686000000.0,-13.543,1.0,1311000000.0,0.076,1778000000.0,326000000.0,336787000000.0,325901500000.0,0.0,133697000000.0,,,315072000000.0,,,11703488883.0,218000000.0,0.0,-550000000.0,501000000.0,-303000000.0,8403000000.0,-5499000000.0,-5238000000.0,-2686000000.0,0.0,886000000.0,886000000.0,886000000.0,0.0,0.0,0.051,66000000.0,1245000000.0,5082000000.0,0.336,0.594,13.209,13.381,0.0,0.0,59.01,0.678,0.678,17609000000.0,8854000000.0,17258000000.0,17258000000.0,0.0,0.003,0.048,0.004,0.072,0.0,0.0,1.0,198330603.0,198330603.0,,87.016,332983000000.0,0.0,33000000.0,0.0,1678.929,
7,LNC,MRT,2019-09-30,2019-09-30,2019-09-30,2021-09-07,6248000000.0,325278000000.0,314995750000.0,,,0.055,99.899,0.0,2939000000.0,2939000000.0,16142000000.0,853000000.0,,15.265,6370000000.0,,,6370000000.0,0.0,0.0,95283000000.0,0.024,1.44,1229000000.0,1229000000.0,0.07,1229000000.0,1229000000.0,906000000.0,4.11,3.99,4.11,19999000000.0,17305250000.0,19999000000.0,14682623061.0,12.0,11.947,-1948000000.0,-9.731,1.0,1302000000.0,0.075,1778000000.0,323000000.0,326931000000.0,316669500000.0,0.0,132520000000.0,,,305279000000.0,,,12075623061.0,1479000000.0,0.0,-1075000000.0,395000000.0,-299000000.0,7287000000.0,-3860000000.0,-3617000000.0,-1948000000.0,0.0,853000000.0,853000000.0,853000000.0,0.0,0.0,0.049,73000000.0,1229000000.0,5528000000.0,0.35,0.604,14.157,14.676,0.0,0.0,60.32,0.692,0.692,17793000000.0,8559000000.0,17444000000.0,17444000000.0,0.0,0.003,0.049,0.004,0.07,0.0,0.0,1.0,200192690.0,200192690.0,,87.136,323500000000.0,0.0,53000000.0,0.0,1615.943,
8,LNC,MRT,2019-06-30,2019-06-30,2019-06-30,2021-09-07,4336000000.0,322259000000.0,309638750000.0,,,0.055,91.206,0.0,3314000000.0,3314000000.0,15028000000.0,1504000000.0,,16.462,5921000000.0,,,5921000000.0,0.0,0.0,94947000000.0,0.022,1.4,1967000000.0,1967000000.0,0.115,1967000000.0,1967000000.0,1688000000.0,7.19,7.06,7.19,18455000000.0,16073000000.0,18455000000.0,17320024203.0,9.0,8.805,-1251000000.0,-6.183,1.0,2042000000.0,0.12,1778000000.0,279000000.0,323088000000.0,311546000000.0,0.0,126380000000.0,,,303804000000.0,,,13041024203.0,1539000000.0,-6000000.0,-1100000000.0,50000000.0,-297000000.0,6291000000.0,-3501000000.0,-3257000000.0,-1251000000.0,0.0,1504000000.0,1504000000.0,1504000000.0,0.0,0.0,0.088,75000000.0,1967000000.0,5632000000.0,0.195,0.707,8.671,8.964,0.0,0.0,64.45,0.764,0.764,18034000000.0,8878000000.0,17070000000.0,17070000000.0,0.0,0.005,0.094,0.006,0.115,0.0,0.0,1.0,202343277.0,202343277.0,,84.362,320481000000.0,0.0,184000000.0,0.0,1583.848,
9,LNC,MRT,2019-03-31,2019-03-31,2019-03-31,2021-09-07,2453000000.0,314299000000.0,303782000000.0,,,0.055,80.36,0.0,1593000000.0,1593000000.0,14709000000.0,1526000000.0,,18.145,5872000000.0,,,5872000000.0,0.0,0.0,93959000000.0,0.023,1.36,1995000000.0,1995000000.0,0.119,1995000000.0,1995000000.0,1718000000.0,7.15,6.97,7.15,16417000000.0,15253500000.0,16417000000.0,15486046764.0,8.0,7.762,472000000.0,2.31,1.0,2071000000.0,0.123,1778000000.0,277000000.0,316800000000.0,306057250000.0,0.0,121745000000.0,,,297882000000.0,,,11992046764.0,-664000000.0,-1422000000.0,-1050000000.0,-50000000.0,-294000000.0,5217000000.0,-6353000000.0,-4708000000.0,472000000.0,0.0,1526000000.0,1526000000.0,1526000000.0,0.0,0.0,0.091,76000000.0,1995000000.0,5362000000.0,0.19,0.73,7.858,8.21,0.0,0.0,58.7,0.715,0.715,18267000000.0,8679000000.0,16780000000.0,16780000000.0,0.0,0.005,0.1,0.007,0.119,0.0,0.0,1.0,204293812.0,204293812.0,,82.137,312521000000.0,0.0,192000000.0,0.0,1529.762,
10,LNC,MRT,2018-12-31,2018-12-31,2018-12-31,2021-09-07,407000000.0,298147000000.0,295016500000.0,,,0.056,67.18,0.0,2345000000.0,2345000000.0,14166000000.0,1641000000.0,,19.777,5839000000.0,,,5839000000.0,0.0,0.0,91233000000.0,0.026,1.32,2182000000.0,2182000000.0,0.133,2182000000.0,2182000000.0,1885000000.0,7.6,7.4,7.6,14350000000.0,15145500000.0,14350000000.0,15304058388.0,7.0,7.014,1943000000.0,9.096,1.0,2258000000.0,0.137,1782000000.0,297000000.0,299859000000.0,297234750000.0,0.0,115216000000.0,,,283797000000.0,,,10960058388.0,717000000.0,-1422000000.0,-900000000.0,534000000.0,-289000000.0,4589000000.0,-5815000000.0,-4200000000.0,1943000000.0,0.0,1641000000.0,1641000000.0,1641000000.0,0.0,0.0,0.1,76000000.0,2182000000.0,4805000000.0,0.174,0.764,6.679,6.751,0.0,0.0,51.31,0.667,0.667,18318000000.0,8551000000.0,16424000000.0,16424000000.0,0.0,0.006,0.108,0.007,0.133,0.0,0.0,1.0,213604724.0,213604724.0,,76.89,296365000000.0,0.0,244000000.0,0.0,1387.446,
11,LNC,MRT,2018-09-30,2018-09-30,2018-09-30,2021-09-07,836000000.0,303850000000.0,290920500000.0,,,0.053,69.549,0.0,1460000000.0,1460000000.0,13277000000.0,2057000000.0,,19.163,5804000000.0,,,5804000000.0,0.0,0.0,89906000000.0,0.019,1.28,1321000000.0,1321000000.0,0.085,1321000000.0,1321000000.0,1030000000.0,9.41,9.22,9.41,15070000000.0,15888500000.0,15070000000.0,18711609802.0,14.0,14.165,1213000000.0,5.598,1.0,2285000000.0,0.147,1757000000.0,291000000.0,306437000000.0,293297750000.0,0.0,112686000000.0,,,288780000000.0,,,14660609802.0,-505000000.0,-1422000000.0,-400000000.0,534000000.0,-281000000.0,3926000000.0,-5644000000.0,-4031000000.0,1213000000.0,0.0,2057000000.0,2057000000.0,2057000000.0,0.0,0.0,0.132,964000000.0,1321000000.0,4212000000.0,0.136,0.973,7.127,7.19,0.0,0.0,67.66,0.942,0.942,18863000000.0,8615000000.0,15562000000.0,15562000000.0,0.0,0.007,0.129,0.005,0.085,0.0,0.0,1.0,216680606.0,216680606.0,,71.82,302093000000.0,0.0,-1027000000.0,0.0,1394.186,
12,LNC,MRT,2018-06-30,2018-06-30,2018-06-30,2021-09-07,1201000000.0,298832000000.0,284154250000.0,,,0.052,69.394,0.0,1775000000.0,1775000000.0,12560000000.0,1985000000.0,,18.69,5826000000.0,,,5826000000.0,0.0,0.0,88698000000.0,0.02,1.24,1293000000.0,1293000000.0,0.087,1293000000.0,1293000000.0,1008000000.0,9.03,8.85,9.03,15177000000.0,16199500000.0,15177000000.0,17255503342.0,13.0,13.345,1218000000.0,5.569,1.0,2249000000.0,0.152,1750000000.0,285000000.0,301133000000.0,286162750000.0,0.0,112007000000.0,,,283655000000.0,,,13614503342.0,-203000000.0,-1416000000.0,-425000000.0,534000000.0,-275000000.0,3136000000.0,-4557000000.0,-2986000000.0,1218000000.0,0.0,1985000000.0,1985000000.0,1985000000.0,0.0,0.0,0.134,956000000.0,1293000000.0,4699000000.0,0.137,0.897,6.859,6.894,0.0,0.0,62.25,0.919,0.919,18553000000.0,8302000000.0,14809000000.0,14809000000.0,0.0,0.007,0.123,0.005,0.087,0.0,0.0,1.0,218706881.0,218706881.0,,67.712,297082000000.0,0.0,-977000000.0,0.0,1358.357,
13,LNC,MRT,2018-03-31,2018-03-31,2018-03-31,2021-09-07,2233000000.0,279237000000.0,277359000000.0,,,0.052,73.239,0.0,2257000000.0,2257000000.0,12042000000.0,2011000000.0,,16.469,5898000000.0,,,5898000000.0,0.0,0.0,80710000000.0,0.016,1.2,1370000000.0,1370000000.0,0.095,1370000000.0,1370000000.0,1090000000.0,9.11,8.96,9.11,15985000000.0,16404250000.0,15985000000.0,19661896457.0,14.0,14.352,819000000.0,3.752,1.0,2324000000.0,0.162,1368000000.0,280000000.0,281510000000.0,279067250000.0,0.0,110047000000.0,,,263252000000.0,,,15945896457.0,334000000.0,0.0,-525000000.0,584000000.0,-269000000.0,2799000000.0,-3284000000.0,-3155000000.0,819000000.0,0.0,2011000000.0,2011000000.0,2011000000.0,0.0,0.0,0.14,954000000.0,1370000000.0,4265000000.0,0.132,0.998,7.929,8.02,0.0,0.0,73.06,1.11,1.11,5489000000.0,8052000000.0,14366000000.0,14366000000.0,0.0,0.007,0.123,0.005,0.095,0.0,0.0,1.0,218257548.0,218257548.0,,65.821,277869000000.0,0.0,-921000000.0,0.0,1273.124,
14,LNC,MRT,2017-12-31,2017-12-31,2017-12-31,2021-09-07,3230000000.0,281763000000.0,274416750000.0,,,0.052,79.158,0.0,1628000000.0,1628000000.0,11926000000.0,2079000000.0,,15.266,5344000000.0,,,5344000000.0,0.0,0.0,80209000000.0,0.015,1.16,1383000000.0,1383000000.0,0.097,1383000000.0,1383000000.0,1130000000.0,9.36,9.22,9.36,17322000000.0,16151250000.0,17322000000.0,20206418207.0,15.0,14.611,788000000.0,3.601,1.0,2331000000.0,0.163,1368000000.0,253000000.0,284111000000.0,275841000000.0,0.0,113089000000.0,,,264441000000.0,,,16821418207.0,-1094000000.0,0.0,-725000000.0,0.0,-262000000.0,2306000000.0,-4188000000.0,-4075000000.0,788000000.0,0.0,2079000000.0,2079000000.0,2079000000.0,0.0,0.0,0.146,948000000.0,1383000000.0,4417000000.0,0.124,0.971,8.091,8.213,0.0,0.0,76.87,1.18,1.18,5303000000.0,8399000000.0,14257000000.0,14257000000.0,0.0,0.008,0.129,0.005,0.097,0.0,0.0,1.0,218829429.0,218829429.0,,65.151,280395000000.0,0.0,-949000000.0,0.0,1281.34,
15,LNC,MRT,2017-09-30,2017-09-30,2017-09-30,2021-09-07,2859000000.0,276785000000.0,269382750000.0,,,0.051,73.671,0.0,1965000000.0,1965000000.0,11768000000.0,1454000000.0,,15.966,5350000000.0,,,5350000000.0,0.0,0.0,79623000000.0,0.015,1.12,2033000000.0,2033000000.0,0.147,2033000000.0,2033000000.0,1714000000.0,6.51,6.43,6.51,16314000000.0,15440250000.0,16314000000.0,19644732161.0,10.0,9.663,1201000000.0,5.423,1.0,2074000000.0,0.15,2273000000.0,319000000.0,277897000000.0,270307500000.0,0.0,111714000000.0,,,260471000000.0,,,16271732161.0,-1479000000.0,0.0,-804000000.0,-264000000.0,-256000000.0,2158000000.0,-4838000000.0,-4746000000.0,1201000000.0,0.0,1454000000.0,1454000000.0,1454000000.0,0.0,0.0,0.105,41000000.0,2033000000.0,4968000000.0,0.172,0.997,11.191,11.287,0.0,0.0,73.48,1.176,1.176,5432000000.0,7738000000.0,13842000000.0,13842000000.0,0.0,0.005,0.094,0.008,0.147,0.0,0.0,1.0,221444368.0,221444368.0,,62.508,274512000000.0,0.0,260000000.0,0.0,1239.643,
16,LNC,MRT,2017-06-30,2017-06-30,2017-06-30,2021-09-07,2711000000.0,271651000000.0,266837750000.0,,,0.052,71.322,0.0,1978000000.0,1978000000.0,11687000000.0,1503000000.0,,15.982,5351000000.0,,,5351000000.0,0.0,0.0,79216000000.0,0.016,1.08,2138000000.0,2138000000.0,0.154,2138000000.0,2138000000.0,1816000000.0,6.64,6.56,6.64,15996000000.0,15442500000.0,15996000000.0,18566736502.0,9.0,8.684,938000000.0,4.182,1.0,2169000000.0,0.157,2273000000.0,322000000.0,272751000000.0,267482000000.0,0.0,110639000000.0,,,255655000000.0,,,15156736502.0,-2135000000.0,0.0,-804000000.0,-264000000.0,-248000000.0,2357000000.0,-5430000000.0,-5345000000.0,938000000.0,0.0,1503000000.0,1503000000.0,1503000000.0,0.0,0.0,0.108,31000000.0,2138000000.0,4952000000.0,0.163,0.948,10.084,10.178,0.0,0.0,67.58,1.094,1.094,5593000000.0,7511000000.0,13856000000.0,13856000000.0,0.0,0.006,0.097,0.008,0.154,0.0,0.0,1.0,224278433.0,224278433.0,,61.78,269378000000.0,0.0,313000000.0,0.0,1201.087,
17,LNC,MRT,2017-03-31,2017-03-31,2017-03-31,2021-09-07,1847000000.0,267468000000.0,264682000000.0,,,0.051,66.484,0.0,1923000000.0,1923000000.0,11545000000.0,1417000000.0,,16.863,5333000000.0,,,5333000000.0,0.0,0.0,79078000000.0,0.016,1.04,2024000000.0,2024000000.0,0.149,2024000000.0,2024000000.0,1697000000.0,6.17,6.1,6.17,14973000000.0,15423500000.0,14973000000.0,17363218012.0,9.0,8.579,1083000000.0,4.809,1.0,2041000000.0,0.15,2273000000.0,327000000.0,268605000000.0,264882250000.0,0.0,108633000000.0,,,252495000000.0,,,14740218012.0,-1254000000.0,0.0,-879000000.0,-264000000.0,-243000000.0,2121000000.0,-4458000000.0,-4362000000.0,1083000000.0,0.0,1417000000.0,1417000000.0,1417000000.0,0.0,0.0,0.104,17000000.0,2024000000.0,5086000000.0,0.169,0.984,10.402,10.608,0.0,0.0,65.45,1.085,1.085,5798000000.0,7287000000.0,13586000000.0,13586000000.0,0.0,0.005,0.092,0.008,0.149,0.0,0.0,1.0,225213415.0,225213415.0,,60.325,265195000000.0,0.0,280000000.0,0.0,1177.528,
18,LNC,MRT,2016-12-31,2016-12-31,2016-12-31,2021-09-07,1566000000.0,261627000000.0,261744500000.0,,,0.051,63.344,0.0,2722000000.0,2722000000.0,11533000000.0,1192000000.0,,17.071,5345000000.0,,,5345000000.0,0.0,0.0,78903000000.0,0.015,1.0,1789000000.0,1789000000.0,0.134,1789000000.0,1789000000.0,1458000000.0,5.09,5.03,5.09,14478000000.0,15344750000.0,14478000000.0,17409694527.0,10.0,9.732,1272000000.0,5.565,1.0,1797000000.0,0.135,2273000000.0,331000000.0,261977000000.0,261710500000.0,0.0,106721000000.0,,,247149000000.0,,,15146694527.0,-424000000.0,0.0,-879000000.0,-264000000.0,-238000000.0,1970000000.0,-3666000000.0,-3560000000.0,1272000000.0,0.0,1192000000.0,1192000000.0,1192000000.0,0.0,0.0,0.089,8000000.0,1789000000.0,4995000000.0,0.196,1.046,12.707,13.02,0.0,0.0,66.27,1.136,1.136,5695000000.0,7043000000.0,13330000000.0,13330000000.0,0.0,0.005,0.078,0.007,0.134,0.0,0.0,1.0,228560352.0,228560352.0,,58.322,259354000000.0,0.0,266000000.0,0.0,1134.729,
19,LNC,MRT,2016-09-30,2016-09-30,2016-09-30,2021-09-07,3377000000.0,266605000000.0,259314750000.0,,,0.051,70.117,0.0,3444000000.0,3444000000.0,11364000000.0,1286000000.0,,15.333,5707000000.0,,,5707000000.0,0.0,0.0,77963000000.0,0.02,0.95,1883000000.0,1883000000.0,0.142,1883000000.0,1883000000.0,1613000000.0,5.41,5.32,5.41,16323000000.0,15129500000.0,16323000000.0,12533724932.0,7.0,6.656,1436000000.0,6.169,1.0,1883000000.0,0.142,2273000000.0,270000000.0,266595000000.0,259226750000.0,0.0,111591000000.0,,,250282000000.0,,,10936724932.0,-328000000.0,0.0,-919000000.0,0.0,-231000000.0,1924000000.0,-3688000000.0,-3603000000.0,1436000000.0,0.0,1286000000.0,1286000000.0,1286000000.0,0.0,0.0,0.097,0.0,1883000000.0,5654000000.0,0.176,0.67,8.504,8.684,0.0,0.0,46.98,0.826,0.826,5787000000.0,7037000000.0,13247000000.0,13247000000.0,0.0,0.005,0.085,0.007,0.142,0.0,0.0,1.0,232795337.0,232795337.0,,56.904,264332000000.0,0.0,327000000.0,0.0,1135.469,
20,LNC,MRT,2016-06-30,2016-06-30,2016-06-30,2021-09-07,3195000000.0,263028000000.0,255046500000.0,,,0.053,66.609,0.0,4113000000.0,4113000000.0,11898000000.0,1046000000.0,,15.522,5710000000.0,,,5710000000.0,0.0,0.0,77458000000.0,0.023,0.9,1540000000.0,1540000000.0,0.115,1540000000.0,1540000000.0,1269000000.0,4.3,4.19,4.3,15920000000.0,14649000000.0,15920000000.0,11739306818.0,8.0,7.623,2197000000.0,9.192,1.0,1540000000.0,0.115,2273000000.0,271000000.0,262352000000.0,254850750000.0,0.0,110587000000.0,,,247108000000.0,,,9266306818.0,1786000000.0,75000000.0,-919000000.0,0.0,-224000000.0,1918000000.0,-2329000000.0,-2320000000.0,2197000000.0,0.0,1046000000.0,1046000000.0,1046000000.0,0.0,0.0,0.078,0.0,1540000000.0,6297000000.0,0.209,0.582,8.859,9.016,0.0,0.0,38.77,0.69,0.69,5910000000.0,6716000000.0,13438000000.0,13438000000.0,0.0,0.004,0.071,0.006,0.115,0.0,0.0,1.0,239007140.0,239007140.0,,56.224,260755000000.0,0.0,223000000.0,0.0,1090.993,
21,LNC,MRT,2016-03-31,2016-03-31,2016-03-31,2021-09-07,1931000000.0,255718000000.0,253093000000.0,,,0.053,60.832,0.0,3177000000.0,3177000000.0,11936000000.0,1065000000.0,,16.446,5650000000.0,,,5650000000.0,0.0,0.0,77475000000.0,0.022,0.85,1576000000.0,1576000000.0,0.117,1576000000.0,1576000000.0,1304000000.0,4.3,4.19,4.3,14658000000.0,14343750000.0,14658000000.0,11881508246.0,8.0,7.539,2245000000.0,9.317,1.0,1576000000.0,0.117,2273000000.0,272000000.0,255918000000.0,253298500000.0,0.0,106371000000.0,,,241060000000.0,,,9445508246.0,-310000000.0,75000000.0,-762000000.0,-250000000.0,-212000000.0,1340000000.0,-3895000000.0,-3898000000.0,2245000000.0,0.0,1065000000.0,1065000000.0,1065000000.0,0.0,0.0,0.079,0.0,1576000000.0,5017000000.0,0.198,0.644,8.869,9.116,0.0,0.0,39.2,0.699,0.699,5998000000.0,6565000000.0,13512000000.0,13512000000.0,0.0,0.004,0.074,0.006,0.117,0.0,0.0,1.0,240956843.0,240956843.0,,56.076,253445000000.0,0.0,239000000.0,0.0,1051.827,
22,LNC,MRT,2015-12-31,2015-12-31,2015-12-31,2021-09-07,845000000.0,251908000000.0,253784750000.0,,,0.053,55.025,0.0,3146000000.0,3146000000.0,11870000000.0,1154000000.0,,17.5,5553000000.0,,,5553000000.0,0.0,0.0,77362000000.0,0.016,0.8,1702000000.0,1702000000.0,0.125,1702000000.0,1702000000.0,1430000000.0,4.6,4.51,4.6,13617000000.0,14735000000.0,13617000000.0,14269892158.0,8.0,8.384,2243000000.0,9.064,1.0,1702000000.0,0.125,2273000000.0,272000000.0,252042000000.0,253969500000.0,0.0,102208000000.0,,,238291000000.0,,,12437892158.0,-773000000.0,75000000.0,-900000000.0,48000000.0,-204000000.0,1207000000.0,-4223000000.0,-4220000000.0,2243000000.0,0.0,1154000000.0,1154000000.0,1154000000.0,0.0,0.0,0.085,0.0,1702000000.0,4657000000.0,0.174,0.913,10.778,10.926,0.0,0.0,50.26,0.916,0.916,5999000000.0,6474000000.0,13572000000.0,13572000000.0,0.0,0.005,0.078,0.007,0.125,0.0,0.0,1.0,247470994.0,247470994.0,,54.843,249635000000.0,0.0,276000000.0,0.0,1008.744,
23,LNC,MRT,2015-09-30,2015-09-30,2015-09-30,2021-09-07,1663000000.0,249532000000.0,254152000000.0,,,0.055,57.386,0.0,3772000000.0,3772000000.0,12304000000.0,1220000000.0,,16.327,5604000000.0,,,5604000000.0,0.0,0.0,76451000000.0,0.016,0.76,1783000000.0,1783000000.0,0.127,1783000000.0,1783000000.0,1513000000.0,4.81,4.7,4.81,14401000000.0,15265750000.0,14401000000.0,15112175845.0,8.0,8.476,2918000000.0,11.628,1.0,1782000000.0,0.127,2273000000.0,270000000.0,249091000000.0,254135250000.0,0.0,103199000000.0,,,235131000000.0,,,11910175845.0,1951000000.0,75000000.0,-847000000.0,48000000.0,-197000000.0,1263000000.0,-2230000000.0,-2239000000.0,2918000000.0,0.0,1220000000.0,1220000000.0,1220000000.0,-1000000.0,0.0,0.087,0.0,1782000000.0,5297000000.0,0.158,0.827,9.762,9.867,0.0,0.0,47.46,0.846,0.846,5942000000.0,6358000000.0,14086000000.0,14086000000.0,0.0,0.005,0.08,0.007,0.127,0.0,0.0,1.0,250951872.0,250951872.0,,56.13,247259000000.0,0.0,293000000.0,0.0,985.285,
24,LNC,MRT,2015-06-30,2015-06-30,2015-06-30,2021-09-07,1944000000.0,255214000000.0,253880500000.0,,,0.054,58.094,0.0,2327000000.0,2327000000.0,11666000000.0,1432000000.0,,16.363,5529000000.0,,,5529000000.0,0.0,0.0,76243000000.0,0.012,0.72,2116000000.0,2116000000.0,0.154,2116000000.0,2116000000.0,1846000000.0,5.59,5.48,5.59,14699000000.0,15528500000.0,14699000000.0,17373955556.0,8.0,8.211,2737000000.0,10.817,1.0,2115000000.0,0.153,2273000000.0,270000000.0,256143000000.0,254309500000.0,0.0,102009000000.0,,,240515000000.0,,,14983955556.0,818000000.0,0.0,-774000000.0,48000000.0,-188000000.0,915000000.0,-2834000000.0,-2751000000.0,2737000000.0,0.0,1432000000.0,1432000000.0,1432000000.0,-1000000.0,0.0,0.104,0.0,2115000000.0,4587000000.0,0.129,1.019,10.464,10.594,0.0,0.0,59.22,1.087,1.087,6023000000.0,6286000000.0,13781000000.0,13781000000.0,0.0,0.006,0.092,0.008,0.154,0.0,0.0,1.0,253021877.0,253021877.0,,54.466,252941000000.0,0.0,414000000.0,0.0,999.68,
25,LNC,MRT,2015-03-31,2015-03-31,2015-03-31,2021-09-07,3653000000.0,258485000000.0,252358250000.0,,,0.054,63.274,0.0,3487000000.0,3487000000.0,11481000000.0,1486000000.0,,14.933,5877000000.0,,,5877000000.0,0.0,0.0,75663000000.0,0.012,0.68,2202000000.0,2202000000.0,0.161,2202000000.0,2202000000.0,1934000000.0,5.74,5.61,5.74,16223000000.0,15716500000.0,16223000000.0,16333229503.0,7.0,7.417,2559000000.0,9.981,1.0,2201000000.0,0.161,2273000000.0,268000000.0,258602000000.0,252964500000.0,0.0,106015000000.0,,,242262000000.0,,,14732229503.0,1638000000.0,0.0,-802000000.0,298000000.0,-180000000.0,1542000000.0,-2463000000.0,-2391000000.0,2559000000.0,0.0,1486000000.0,1486000000.0,1486000000.0,-1000000.0,0.0,0.109,0.0,2201000000.0,5046000000.0,0.118,0.908,9.914,10.01,0.0,0.0,57.46,1.077,1.077,6050000000.0,6077000000.0,13682000000.0,13682000000.0,0.0,0.006,0.095,0.009,0.161,0.0,0.0,1.0,256391046.0,256391046.0,,53.364,256212000000.0,0.0,448000000.0,0.0,999.302,
26,LNC,MRT,2014-12-31,2014-12-31,2014-12-31,2021-09-07,3096000000.0,253377000000.0,248224250000.0,,,0.055,60.587,0.0,3919000000.0,3919000000.0,11290000000.0,1515000000.0,,15.098,5520000000.0,,,5520000000.0,0.0,0.0,75512000000.0,0.011,0.64,2265000000.0,2265000000.0,0.167,2265000000.0,2265000000.0,1998000000.0,5.81,5.67,5.81,15740000000.0,15282250000.0,15740000000.0,18597073556.0,8.0,8.211,2526000000.0,9.723,1.0,2264000000.0,0.167,2273000000.0,267000000.0,252705000000.0,249115750000.0,0.0,102967000000.0,,,237637000000.0,,,14982073556.0,1555000000.0,0.0,-618000000.0,-500000000.0,-170000000.0,834000000.0,-1805000000.0,-1743000000.0,2526000000.0,0.0,1515000000.0,1515000000.0,1515000000.0,-1000000.0,0.0,0.112,0.0,2264000000.0,4409000000.0,0.11,0.952,9.889,9.926,0.0,0.0,57.67,1.105,1.105,6203000000.0,6022000000.0,13554000000.0,13554000000.0,0.0,0.006,0.099,0.009,0.167,0.0,0.0,1.0,259789727.0,259789727.0,,52.173,251104000000.0,0.0,483000000.0,0.0,966.566,
27,LNC,MRT,2014-09-30,2014-09-30,2014-09-30,2021-09-07,2922000000.0,248446000000.0,244116250000.0,,,0.053,59.186,0.0,1821000000.0,1821000000.0,10690000000.0,1517000000.0,,15.079,5436000000.0,,,5436000000.0,0.0,0.0,74893000000.0,0.011,0.6,2301000000.0,2301000000.0,0.177,2301000000.0,2301000000.0,2031000000.0,5.79,5.62,5.79,15452000000.0,14710250000.0,15452000000.0,17899342027.0,8.0,7.779,1390000000.0,5.324,1.0,2301000000.0,0.177,2273000000.0,270000000.0,249788000000.0,245471750000.0,0.0,101385000000.0,,,232994000000.0,,,13988342027.0,-829000000.0,0.0,-493000000.0,-504000000.0,-157000000.0,399000000.0,-2618000000.0,-2522000000.0,1390000000.0,0.0,1517000000.0,1517000000.0,1517000000.0,0.0,0.0,0.117,0.0,2301000000.0,3853000000.0,0.104,0.905,9.221,9.254,0.0,0.0,53.58,1.077,1.077,6354000000.0,5834000000.0,12991000000.0,12991000000.0,0.0,0.006,0.103,0.009,0.177,0.0,0.0,1.0,261073946.0,261073946.0,,49.76,246173000000.0,0.0,514000000.0,0.0,942.924,
28,LNC,MRT,2014-06-30,2014-06-30,2014-06-30,2021-09-07,3199000000.0,249125000000.0,239485750000.0,,,0.053,58.583,0.0,1509000000.0,1509000000.0,10447000000.0,1415000000.0,,15.124,5420000000.0,,,5420000000.0,0.0,0.0,74735000000.0,0.011,0.56,2142000000.0,2142000000.0,0.17,2142000000.0,2142000000.0,1872000000.0,5.38,5.2,5.38,15451000000.0,14194500000.0,15451000000.0,17098103293.0,8.0,7.982,1115000000.0,4.228,1.0,2142000000.0,0.17,2273000000.0,270000000.0,250763000000.0,240742000000.0,0.0,100958000000.0,,,233674000000.0,,,13567103293.0,-1065000000.0,0.0,-465000000.0,-157000000.0,-147000000.0,832000000.0,-3012000000.0,-2940000000.0,1115000000.0,0.0,1415000000.0,1415000000.0,1415000000.0,0.0,0.0,0.112,0.0,2142000000.0,3571000000.0,0.104,0.878,9.588,9.561,0.0,0.0,51.44,1.078,1.078,6472000000.0,5513000000.0,12589000000.0,12589000000.0,0.0,0.006,0.1,0.009,0.17,0.0,0.0,1.0,263746176.0,263746176.0,,47.731,246852000000.0,0.0,457000000.0,0.0,935.945,
29,LNC,MRT,2014-03-31,2014-03-31,2014-03-31,2021-09-07,2453000000.0,241949000000.0,233034750000.0,,,0.053,54.934,0.0,1849000000.0,1849000000.0,10285000000.0,1334000000.0,,15.702,5380000000.0,,,5380000000.0,0.0,0.0,74507000000.0,0.01,0.52,2021000000.0,2021000000.0,0.164,2021000000.0,2021000000.0,1753000000.0,5.05,4.87,5.05,14486000000.0,13661000000.0,14486000000.0,16818695822.0,8.0,8.322,1313000000.0,4.979,1.0,2021000000.0,0.164,2273000000.0,268000000.0,243207000000.0,234058750000.0,0.0,98207000000.0,,,227463000000.0,,,13361695822.0,-1258000000.0,0.0,-467000000.0,-107000000.0,-137000000.0,1227000000.0,-3798000000.0,-3712000000.0,1313000000.0,0.0,1334000000.0,1334000000.0,1334000000.0,0.0,0.0,0.108,0.0,2021000000.0,3519000000.0,0.103,0.922,10.016,10.034,0.0,0.0,50.67,1.086,1.086,6488000000.0,5228000000.0,12306000000.0,12306000000.0,0.0,0.006,0.098,0.009,0.164,0.0,0.0,1.0,263700332.0,263700332.0,,46.667,239676000000.0,0.0,419000000.0,0.0,908.895,
30,LNC,MRT,2013-12-31,2013-12-31,2013-12-31,2021-09-07,1563000000.0,236945000000.0,228632750000.0,,,0.052,51.276,0.0,2364000000.0,2364000000.0,10073000000.0,1244000000.0,,16.614,5821000000.0,,,5821000000.0,0.0,0.0,74548000000.0,0.009,0.48,1896000000.0,1896000000.0,0.158,1896000000.0,1896000000.0,1631000000.0,4.68,4.52,4.68,13452000000.0,13755000000.0,13452000000.0,16760361793.0,9.0,8.84,799000000.0,3.046,1.0,1896000000.0,0.158,2273000000.0,265000000.0,238129000000.0,229396000000.0,0.0,95291000000.0,,,223493000000.0,,,13542361793.0,-1866000000.0,0.0,-415000000.0,393000000.0,-128000000.0,2045000000.0,-4710000000.0,-4610000000.0,799000000.0,0.0,1244000000.0,1244000000.0,1244000000.0,0.0,0.0,0.104,0.0,1896000000.0,3238000000.0,0.103,1.007,10.886,11.03,0.0,0.0,51.62,1.131,1.131,6461000000.0,5013000000.0,11969000000.0,11969000000.0,0.0,0.005,0.09,0.008,0.158,0.0,0.0,1.0,262347187.0,262347187.0,,45.623,234672000000.0,0.0,387000000.0,0.0,894.509,
31,LNC,MRT,2013-09-30,2013-09-30,2013-09-30,2021-09-07,1750000000.0,229924000000.0,224113750000.0,,,0.053,50.621,0.0,2650000000.0,2650000000.0,9989000000.0,1214000000.0,,16.173,5868000000.0,,,5868000000.0,0.0,0.0,74106000000.0,0.01,0.44,1831000000.0,1831000000.0,0.155,1831000000.0,1831000000.0,1565000000.0,4.53,4.38,4.53,13389000000.0,14135250000.0,13389000000.0,14088056409.0,8.0,7.694,1107000000.0,4.185,1.0,1831000000.0,0.155,2273000000.0,266000000.0,230869000000.0,224365000000.0,0.0,95568000000.0,,,216535000000.0,,,11106056409.0,-1723000000.0,0.0,-439000000.0,377000000.0,-121000000.0,2774000000.0,-5604000000.0,-5451000000.0,1107000000.0,0.0,1214000000.0,1214000000.0,1214000000.0,0.0,0.0,0.103,0.0,1831000000.0,3553000000.0,0.097,0.829,9.148,9.269,0.0,0.0,41.99,0.94,0.94,6955000000.0,4753000000.0,11820000000.0,11820000000.0,0.0,0.005,0.086,0.008,0.155,0.0,0.0,1.0,264492889.0,264492889.0,,44.689,227651000000.0,0.0,351000000.0,0.0,860.707,
32,LNC,MRT,2013-06-30,2013-06-30,2013-06-30,2021-09-07,1893000000.0,223321000000.0,220497250000.0,,,0.053,49.605,0.0,2574000000.0,2574000000.0,9957000000.0,1305000000.0,,15.77,5556000000.0,,,5556000000.0,0.0,0.0,73830000000.0,0.011,0.4,1836000000.0,1836000000.0,0.156,1836000000.0,1836000000.0,1569000000.0,4.79,4.66,4.79,13317000000.0,14597250000.0,13317000000.0,12278801080.0,7.0,6.688,710000000.0,2.645,1.0,1808000000.0,0.154,2273000000.0,267000000.0,224030000000.0,220274250000.0,0.0,96167000000.0,,,210004000000.0,,,9790801080.0,-2683000000.0,0.0,-438000000.0,-268000000.0,-110000000.0,2245000000.0,-5638000000.0,-5443000000.0,710000000.0,0.0,1305000000.0,1305000000.0,1305000000.0,-28000000.0,0.0,0.111,0.0,1808000000.0,4252000000.0,0.084,0.735,7.503,7.614,0.0,0.0,36.47,0.832,0.832,6815000000.0,4487000000.0,11765000000.0,11765000000.0,0.0,0.006,0.089,0.008,0.156,0.0,0.0,1.0,268461779.0,268461779.0,,43.824,221048000000.0,0.0,264000000.0,0.0,823.387,
33,LNC,MRT,2013-03-31,2013-03-31,2013-03-31,2021-09-07,3581000000.0,224341000000.0,217444500000.0,,,0.054,54.748,0.0,3107000000.0,3107000000.0,9829000000.0,1309000000.0,,14.095,5595000000.0,,,5595000000.0,0.0,0.0,72760000000.0,0.011,0.36,1863000000.0,1863000000.0,0.16,1863000000.0,1863000000.0,1593000000.0,4.74,4.6,4.74,14862000000.0,14813500000.0,14862000000.0,10261417039.0,6.0,5.508,736000000.0,2.711,1.0,1835000000.0,0.157,2273000000.0,270000000.0,224556000000.0,216666500000.0,0.0,99285000000.0,,,209479000000.0,,,8852417039.0,-409000000.0,0.0,-442000000.0,-318000000.0,-101000000.0,2088000000.0,-3233000000.0,-3048000000.0,736000000.0,0.0,1309000000.0,1309000000.0,1309000000.0,-28000000.0,0.0,0.112,0.0,1835000000.0,4107000000.0,0.076,0.596,6.763,6.88,0.0,0.0,32.61,0.759,0.759,6929000000.0,4238000000.0,11664000000.0,11664000000.0,0.0,0.006,0.088,0.009,0.16,0.0,0.0,1.0,271463264.0,271463264.0,,42.967,222068000000.0,0.0,284000000.0,0.0,818.041,
34,LNC,MRT,2012-12-31,2012-12-31,2012-12-31,2021-09-07,3808000000.0,218869000000.0,213363750000.0,,,0.054,54.444,0.0,4230000000.0,4230000000.0,9694000000.0,1313000000.0,,13.618,5639000000.0,,,5639000000.0,0.0,0.0,72218000000.0,0.012,0.32,1868000000.0,1868000000.0,0.162,1868000000.0,1868000000.0,1595000000.0,4.68,4.56,4.68,14973000000.0,14413250000.0,14973000000.0,8443909997.0,5.0,4.52,1269000000.0,4.614,1.0,1841000000.0,0.16,2273000000.0,273000000.0,218005000000.0,212561250000.0,0.0,99065000000.0,,,203896000000.0,,,7122909997.0,-280000000.0,0.0,-493000000.0,-20000000.0,-91000000.0,2308000000.0,-3857000000.0,-3674000000.0,1269000000.0,0.0,1313000000.0,1313000000.0,1313000000.0,-27000000.0,0.0,0.114,0.0,1841000000.0,4181000000.0,0.068,0.476,5.425,5.534,0.0,0.0,25.9,0.618,0.618,6829000000.0,4044000000.0,11535000000.0,11535000000.0,0.0,0.006,0.091,0.009,0.162,0.0,0.0,1.0,275015830.0,275015830.0,,41.943,216596000000.0,0.0,282000000.0,0.0,787.576,
35,LNC,MRT,2012-09-30,2012-09-30,2012-09-30,2021-09-07,4150000000.0,215458000000.0,209019250000.0,,,0.053,54.579,0.0,4373000000.0,4373000000.0,9429000000.0,443000000.0,,13.14,5694000000.0,,,5694000000.0,0.0,0.0,70706000000.0,0.012,0.29,981000000.0,981000000.0,0.088,981000000.0,981000000.0,706000000.0,1.76,1.71,1.76,15237000000.0,13945250000.0,15237000000.0,7515213593.0,8.0,7.661,1008000000.0,3.611,1.0,1701000000.0,0.153,2273000000.0,275000000.0,214506000000.0,208159750000.0,0.0,98468000000.0,,,200221000000.0,,,6753213593.0,-459000000.0,0.0,-594000000.0,-250000000.0,-80000000.0,1714000000.0,-3181000000.0,-3011000000.0,1008000000.0,0.0,443000000.0,443000000.0,443000000.0,-27000000.0,0.0,0.04,0.0,1701000000.0,4566000000.0,0.165,0.443,15.244,13.744,0.0,0.0,24.19,0.607,0.607,6790000000.0,3873000000.0,11130000000.0,11130000000.0,0.0,0.002,0.032,0.005,0.088,0.0,0.0,1.0,279173774.0,279173774.0,,39.868,213185000000.0,0.0,263000000.0,0.0,763.628,
36,LNC,MRT,2012-06-30,2012-06-30,2012-06-30,2021-09-07,3379000000.0,211110000000.0,204591500000.0,,,0.052,49.689,0.0,5257000000.0,5257000000.0,9274000000.0,168000000.0,,13.886,6019000000.0,,,6019000000.0,0.0,0.0,70422000000.0,0.012,0.26,693000000.0,693000000.0,0.065,693000000.0,693000000.0,407000000.0,0.72,0.67,0.72,14182000000.0,13865750000.0,14182000000.0,8632018461.0,12.0,12.456,1012000000.0,3.546,1.0,1449000000.0,0.135,2273000000.0,286000000.0,209599000000.0,203481500000.0,0.0,96888000000.0,,,196928000000.0,,,6242018461.0,2345000000.0,0.0,-646000000.0,-227000000.0,-76000000.0,2408000000.0,-1075000000.0,-940000000.0,1012000000.0,0.0,168000000.0,168000000.0,168000000.0,9000000.0,0.0,0.016,0.0,1449000000.0,5070000000.0,0.361,0.44,37.155,30.375,0.0,0.0,21.87,0.582,0.582,6989000000.0,3493000000.0,10723000000.0,10723000000.0,0.0,0.001,0.012,0.003,0.065,0.0,0.0,1.0,285414653.0,285414653.0,,37.57,208837000000.0,0.0,239000000.0,0.0,731.697,
37,LNC,MRT,2012-03-31,2012-03-31,2012-03-31,2021-09-07,2622000000.0,208018000000.0,202202500000.0,,,0.053,45.519,0.0,3516000000.0,3516000000.0,9212000000.0,151000000.0,,14.686,5906000000.0,,,5906000000.0,0.0,0.0,70027000000.0,0.009,0.23,664000000.0,664000000.0,0.062,664000000.0,664000000.0,374000000.0,0.56,0.53,0.56,13261000000.0,13716750000.0,13261000000.0,8860480362.0,13.0,13.344,1218000000.0,4.181,1.0,1420000000.0,0.134,2273000000.0,290000000.0,208135000000.0,201482500000.0,0.0,92912000000.0,,,194757000000.0,,,7679480362.0,1300000000.0,0.0,-645000000.0,-29000000.0,-68000000.0,2753000000.0,-2671000000.0,-2530000000.0,1218000000.0,0.0,151000000.0,151000000.0,151000000.0,9000000.0,0.0,0.014,0.0,1420000000.0,2875000000.0,0.411,0.579,50.857,47.071,0.0,0.0,26.36,0.722,0.722,6971000000.0,3191000000.0,10632000000.0,10632000000.0,0.0,0.001,0.011,0.003,0.062,0.0,0.0,1.0,291330818.0,291330818.0,,36.495,205745000000.0,0.0,223000000.0,0.0,706.225,
38,LNC,MRT,2011-12-31,2011-12-31,2011-12-31,2021-09-07,2680000000.0,201491000000.0,199777250000.0,,,0.053,43.429,0.0,4510000000.0,4510000000.0,9097000000.0,221000000.0,,14.38,5691000000.0,,,5691000000.0,0.0,0.0,69466000000.0,0.01,0.2,789000000.0,789000000.0,0.074,789000000.0,789000000.0,495000000.0,0.72,0.69,0.72,13101000000.0,13674000000.0,13101000000.0,6923325716.0,9.0,8.775,1276000000.0,4.23,1.0,1544000000.0,0.145,2273000000.0,294000000.0,200399000000.0,199149500000.0,0.0,93130000000.0,,,188390000000.0,,,5858325716.0,1769000000.0,0.0,-572000000.0,-327000000.0,-61000000.0,2618000000.0,-2125000000.0,-1995000000.0,1276000000.0,0.0,221000000.0,221000000.0,221000000.0,8000000.0,0.0,0.021,747000000.0,797000000.0,3733000000.0,0.278,0.447,26.508,26.972,0.0,0.0,19.42,0.551,0.551,6934000000.0,2831000000.0,10641000000.0,10641000000.0,0.0,0.001,0.016,0.004,0.074,0.0,0.0,1.0,301664558.0,301664558.0,,35.274,199218000000.0,0.0,274000000.0,0.0,660.396,
39,LNC,MRT,2011-09-30,2011-09-30,2011-09-30,2021-09-07,2463000000.0,197747000000.0,197860500000.0,,,0.054,48.385,0.0,4833000000.0,4833000000.0,9294000000.0,888000000.0,,12.255,5898000000.0,,,5898000000.0,0.0,0.0,68581000000.0,0.01,0.16,1440000000.0,1440000000.0,0.134,1440000000.0,1440000000.0,1138000000.0,2.84,2.75,2.84,14919000000.0,13600250000.0,14919000000.0,7887362031.0,5.0,5.477,1510000000.0,4.897,1.0,1448000000.0,0.135,3019000000.0,302000000.0,195793000000.0,197503250000.0,0.0,92191000000.0,,,182828000000.0,,,4819362031.0,1285000000.0,0.0,-403000000.0,-232000000.0,-51000000.0,2504000000.0,-2729000000.0,-2641000000.0,1510000000.0,0.0,888000000.0,1056000000.0,1056000000.0,8000000.0,0.0,0.098,0.0,1448000000.0,3855000000.0,0.056,0.323,4.564,5.504,0.0,-1000000.0,15.63,0.449,0.449,7042000000.0,4664000000.0,10742000000.0,10742000000.0,0.0,0.005,0.078,0.007,0.134,0.0,0.0,1.0,308340501.0,308340501.0,,34.838,194728000000.0,0.0,250000000.0,0.0,631.536,
40,LNC,MRT,2011-06-30,2011-06-30,2011-06-30,2021-09-07,1112000000.0,201554000000.0,196046250000.0,,,0.055,43.341,0.0,2912000000.0,2912000000.0,9217000000.0,981000000.0,,13.835,5980000000.0,,,5980000000.0,0.0,0.0,67864000000.0,0.004,0.12,1589000000.0,1589000000.0,0.147,1589000000.0,1589000000.0,1292000000.0,3.12,3.03,3.12,13586000000.0,13260250000.0,13586000000.0,12435713918.0,8.0,7.826,2110000000.0,6.731,1.0,1591000000.0,0.147,3019000000.0,297000000.0,201603000000.0,196047000000.0,0.0,86278000000.0,,,187968000000.0,,,8930713918.0,-80000000.0,314000000.0,-255000000.0,292000000.0,-52000000.0,3531000000.0,-5721000000.0,-5924000000.0,2110000000.0,0.0,981000000.0,1149000000.0,1149000000.0,2000000.0,0.0,0.106,0.0,1591000000.0,1805000000.0,0.038,0.657,7.773,9.131,0.0,-1000000.0,28.49,0.826,0.826,6926000000.0,4536000000.0,10808000000.0,10808000000.0,0.0,0.006,0.087,0.008,0.147,0.0,0.0,1.0,313468372.0,313468372.0,,34.479,198535000000.0,0.0,311000000.0,0.0,633.349,
41,LNC,MRT,2011-03-31,2011-03-31,2011-03-31,2021-09-07,783000000.0,198317000000.0,190690000000.0,,,0.056,41.45,0.0,2216000000.0,2216000000.0,9097000000.0,932000000.0,,14.15,5721000000.0,,,5721000000.0,0.0,0.0,67125000000.0,0.003,0.08,1510000000.0,1510000000.0,0.142,1510000000.0,1510000000.0,1216000000.0,2.49,2.41,2.49,13090000000.0,13023250000.0,13090000000.0,12495600728.0,8.0,8.275,1495000000.0,4.734,1.0,1509000000.0,0.142,3019000000.0,294000000.0,198803000000.0,190491250000.0,0.0,84311000000.0,,,185227000000.0,,,9486600728.0,-1229000000.0,28000000.0,264000000.0,594000000.0,-43000000.0,2784000000.0,-5508000000.0,-5449000000.0,1495000000.0,0.0,932000000.0,951000000.0,951000000.0,-1000000.0,0.0,0.09,0.0,1509000000.0,1554000000.0,0.032,0.725,9.975,12.064,0.0,148000000.0,30.04,0.894,0.894,6981000000.0,4243000000.0,10606000000.0,10606000000.0,0.0,0.005,0.073,0.008,0.142,0.0,0.0,1.0,315798959.0,315798959.0,,33.585,195298000000.0,0.0,284000000.0,0.0,618.425,
42,LNC,MRT,2010-12-31,2010-12-31,2010-12-31,2021-09-07,748000000.0,193824000000.0,186516000000.0,,,0.056,40.428,0.0,2741000000.0,2741000000.0,8989000000.0,902000000.0,,14.135,5750000000.0,,,5750000000.0,0.0,0.0,66407000000.0,0.001,0.04,1455000000.0,1455000000.0,0.14,1455000000.0,1455000000.0,1164000000.0,2.37,2.3,2.37,12806000000.0,12842750000.0,12806000000.0,11306111674.0,8.0,7.771,1720000000.0,5.43,1.0,1426000000.0,0.137,3019000000.0,291000000.0,193814000000.0,185871500000.0,0.0,83340000000.0,,,181018000000.0,,,8809111674.0,-1443000000.0,321000000.0,344000000.0,345000000.0,-42000000.0,2467000000.0,-5630000000.0,-5877000000.0,1720000000.0,0.0,902000000.0,902000000.0,902000000.0,-29000000.0,0.0,0.087,0.0,1426000000.0,1659000000.0,0.017,0.688,9.766,11.734,0.0,167000000.0,27.81,0.846,0.846,6862000000.0,3934000000.0,10415000000.0,10415000000.0,0.0,0.005,0.07,0.008,0.14,0.0,0.0,1.0,316760578.0,316760578.0,,32.88,190805000000.0,0.0,262000000.0,0.0,602.363,
43,LNC,MRT,2010-09-30,2010-09-30,2010-09-30,2021-09-07,1662000000.0,190490000000.0,182418250000.0,,,0.056,42.809,0.0,3547000000.0,3547000000.0,8627000000.0,886000000.0,,13.049,6044000000.0,,,6044000000.0,0.0,0.0,66903000000.0,0.002,0.04,1426000000.0,1426000000.0,0.141,1426000000.0,1426000000.0,1147000000.0,2.37,2.29,2.37,13559000000.0,12566250000.0,13559000000.0,9840317394.0,7.0,6.901,1529000000.0,4.827,1.0,1521000000.0,0.15,3019000000.0,279000000.0,189968000000.0,181366750000.0,0.0,86114000000.0,,,176931000000.0,,,7576317394.0,71000000.0,635000000.0,366000000.0,747000000.0,-54000000.0,3006000000.0,-4464000000.0,-5026000000.0,1529000000.0,0.0,886000000.0,700000000.0,700000000.0,-33000000.0,0.0,0.069,128000000.0,1393000000.0,2567000000.0,0.017,0.559,10.823,10.093,0.0,186000000.0,23.92,0.747,0.747,6976000000.0,3755000000.0,10148000000.0,10148000000.0,0.0,0.004,0.056,0.008,0.141,0.0,0.0,1.0,316735677.0,316735677.0,,32.039,187471000000.0,0.0,261000000.0,0.0,591.885,
44,LNC,MRT,2010-06-30,2010-06-30,2010-06-30,2021-09-07,938000000.0,180129000000.0,180168250000.0,,,0.053,41.781,0.0,3700000000.0,3700000000.0,8344000000.0,793000000.0,,13.253,5964000000.0,,,5964000000.0,0.0,0.0,65462000000.0,0.002,0.04,1253000000.0,1253000000.0,0.13,1253000000.0,1253000000.0,980000000.0,2.04,1.98,2.04,12638000000.0,12090500000.0,12638000000.0,9063305876.0,7.0,7.233,978000000.0,3.233,1.0,1273000000.0,0.132,3013000000.0,273000000.0,179380000000.0,178980250000.0,0.0,82953000000.0,,,167491000000.0,,,7347305876.0,304000000.0,330000000.0,388000000.0,440000000.0,-44000000.0,3555000000.0,-4229000000.0,-6501000000.0,978000000.0,0.0,793000000.0,591000000.0,591000000.0,-107000000.0,0.0,0.061,127000000.0,1146000000.0,2376000000.0,0.02,0.581,12.432,11.907,0.0,202000000.0,24.29,0.764,0.764,6977000000.0,3512000000.0,9617000000.0,9617000000.0,0.0,0.003,0.049,0.007,0.13,-14000000.0,0.0,1.0,302482745.0,302482745.0,,31.794,177116000000.0,0.0,187000000.0,0.0,585.541,
45,LNC,MRT,2010-03-31,2010-03-31,2010-03-31,2021-09-07,302000000.0,181621000000.0,176897250000.0,,,0.05,40.918,0.0,3445000000.0,3445000000.0,8014000000.0,377000000.0,,13.685,5161000000.0,,,5161000000.0,0.0,0.0,65452000000.0,0.001,0.04,705000000.0,705000000.0,0.079,705000000.0,705000000.0,440000000.0,1.07,1.03,1.07,12368000000.0,11199750000.0,12368000000.0,10654437014.0,15.0,15.113,1398000000.0,4.625,1.0,881000000.0,0.099,3013000000.0,265000000.0,180324000000.0,175733250000.0,0.0,78458000000.0,,,169253000000.0,,,9279437014.0,-5934000000.0,615000000.0,643000000.0,-728000000.0,67000000.0,3884000000.0,-11216000000.0,-13783000000.0,1398000000.0,0.0,377000000.0,324000000.0,324000000.0,50000000.0,0.0,0.036,126000000.0,755000000.0,1828000000.0,0.037,0.75,28.64,28.692,0.0,53000000.0,30.7,1.043,1.043,6917000000.0,3409000000.0,8895000000.0,8895000000.0,0.0,0.002,0.029,0.004,0.079,-14000000.0,0.0,1.0,302261792.0,302261792.0,,29.428,178608000000.0,0.0,63000000.0,0.0,590.905,
46,LNC,MRT,2009-12-31,2009-12-31,2009-12-31,2021-09-07,-262000000.0,177433000000.0,170848750000.0,,,0.05,38.731,0.0,4025000000.0,4025000000.0,8093000000.0,-485000000.0,,14.165,5400000000.0,,,5400000000.0,0.0,0.0,64147000000.0,0.01,0.24,-394000000.0,-394000000.0,-0.046,-394000000.0,-394000000.0,-591000000.0,-1.85,-1.85,-1.85,11700000000.0,9938500000.0,11700000000.0,9543755003.0,-24.0,-24.223,937000000.0,3.102,1.0,406000000.0,0.048,3013000000.0,197000000.0,175795000000.0,169215000000.0,0.0,75918000000.0,,,165733000000.0,,,7515755003.0,-1742000000.0,327000000.0,652000000.0,50000000.0,-79000000.0,5173000000.0,-7852000000.0,-8104000000.0,937000000.0,0.0,-485000000.0,-520000000.0,-520000000.0,70000000.0,0.0,-0.061,730000000.0,-324000000.0,1907000000.0,-0.13,0.642,-14.453,-13.449,0.0,35000000.0,24.88,0.884,0.884,6747000000.0,3316000000.0,8499000000.0,8499000000.0,0.0,-0.003,-0.052,-0.002,-0.046,0.0,0.0,1.0,302080185.0,302080185.0,,28.135,174420000000.0,0.0,-106000000.0,0.0,577.396,
47,LNC,MRT,2009-09-30,2009-09-30,2009-09-30,2021-09-07,-220000000.0,181490000000.0,167274500000.0,,,0.049,38.584,0.0,3161000000.0,3161000000.0,8687000000.0,-1092000000.0,,14.571,5189000000.0,,,5189000000.0,0.0,0.0,63956000000.0,0.025,0.645,-1321000000.0,-1321000000.0,-0.16,-1321000000.0,-1321000000.0,-1522000000.0,-4.4,-4.39,-4.4,11656000000.0,9007750000.0,11656000000.0,10518252690.0,-8.0,-7.962,552000000.0,1.827,1.0,-437000000.0,-0.053,3096000000.0,201000000.0,180422000000.0,165115750000.0,0.0,76183000000.0,,,169834000000.0,,,7827252690.0,-2450000000.0,13000000.0,652000000.0,-197000000.0,-64000000.0,4298000000.0,-7300000000.0,-9256000000.0,552000000.0,0.0,-1092000000.0,-1108000000.0,-1108000000.0,76000000.0,0.0,-0.134,808000000.0,-1245000000.0,2240000000.0,-0.147,0.672,-7.064,-5.889,0.0,16000000.0,25.91,0.949,0.949,7987000000.0,3234000000.0,8250000000.0,8250000000.0,0.0,-0.007,-0.123,-0.008,-0.16,-14000000.0,0.0,1.0,302093890.0,302093890.0,,27.309,178394000000.0,0.0,-430000000.0,0.0,590.525,
48,LNC,MRT,2009-06-30,2009-06-30,2009-06-30,2021-09-07,-1707000000.0,167045000000.0,165219750000.0,,,0.051,35.437,0.0,2539000000.0,2539000000.0,8814000000.0,-1097000000.0,,17.407,5230000000.0,,,5230000000.0,0.0,0.0,62427000000.0,0.061,1.05,-1314000000.0,-1314000000.0,-0.156,-1314000000.0,-1314000000.0,-1516000000.0,-4.27,-4.25,-4.27,9075000000.0,8468750000.0,9075000000.0,4575273774.0,-3.0,-3.482,807000000.0,3.151,1.0,-376000000.0,-0.045,3344000000.0,202000000.0,166392000000.0,163078750000.0,0.0,70548000000.0,,,157970000000.0,,,4407273774.0,-2999000000.0,5000000.0,564000000.0,46000000.0,-162000000.0,1942000000.0,-5748000000.0,-5333000000.0,807000000.0,0.0,-1097000000.0,-1097000000.0,-1097000000.0,129000000.0,0.0,-0.13,809000000.0,-1185000000.0,1712000000.0,-0.246,0.486,-4.018,-4.03,0.0,0.0,17.21,0.522,0.522,8158000000.0,3101000000.0,8438000000.0,8438000000.0,0.0,-0.007,-0.13,-0.008,-0.156,-19000000.0,0.0,1.0,256087959.0,256087959.0,,32.95,163701000000.0,0.0,-419000000.0,0.0,639.237,
49,LNC,MRT,2009-03-31,2009-03-31,2009-03-31,2021-09-07,-2975000000.0,157427000000.0,169528750000.0,,,0.053,28.601,0.0,5613000000.0,5613000000.0,9011000000.0,-811000000.0,,20.498,5781000000.0,,,5781000000.0,0.0,0.0,61525000000.0,0.217,1.455,-910000000.0,-910000000.0,-0.101,-910000000.0,-910000000.0,-1116000000.0,-3.17,-3.15,-3.17,7323000000.0,8824500000.0,7323000000.0,1332924318.0,-1.0,-1.465,817000000.0,3.191,1.0,37000000.0,0.004,3344000000.0,206000000.0,154251000000.0,167310000000.0,0.0,66155000000.0,,,150104000000.0,,,1712924318.0,3166000000.0,8000000.0,-161000000.0,703000000.0,-374000000.0,1410000000.0,939000000.0,1712000000.0,817000000.0,0.0,-811000000.0,-811000000.0,-811000000.0,-38000000.0,0.0,-0.09,985000000.0,-948000000.0,2386000000.0,-0.459,0.234,-2.112,-2.11,0.0,0.0,6.69,0.189,0.189,8522000000.0,3265000000.0,9048000000.0,9048000000.0,0.0,-0.005,-0.092,-0.005,-0.101,-12000000.0,0.0,1.0,256042499.0,256042499.0,,35.338,154083000000.0,0.0,-305000000.0,0.0,601.787,
50,LNC,MRT,2008-12-31,2008-12-31,2008-12-31,2021-09-07,-2803000000.0,163136000000.0,176509250000.0,,,0.052,31.175,0.0,5588000000.0,5588000000.0,8699000000.0,57000000.0,,19.451,5546000000.0,,,5546000000.0,0.0,0.0,60570000000.0,0.088,1.66,211000000.0,211000000.0,0.023,211000000.0,211000000.0,-70000000.0,0.22,0.22,0.22,7977000000.0,9765250000.0,7977000000.0,7864805501.0,37.0,37.274,1259000000.0,4.92,1.0,525000000.0,0.057,3696000000.0,281000000.0,159398000000.0,174700250000.0,0.0,66510000000.0,,,155159000000.0,,,4820805501.0,4261000000.0,648000000.0,-427000000.0,200000000.0,-430000000.0,431000000.0,2571000000.0,2040000000.0,1259000000.0,0.0,57000000.0,57000000.0,57000000.0,-67000000.0,0.0,0.006,381000000.0,144000000.0,3706000000.0,7.545,0.604,84.576,85.636,0.0,0.0,18.84,0.523,0.523,8845000000.0,3745000000.0,9224000000.0,9224000000.0,0.0,0.0,0.006,0.001,0.023,0.0,0.0,1.0,255881396.0,255881396.0,,36.048,159440000000.0,0.0,-127000000.0,0.0,623.101,
51,LNC,MRT,2008-09-30,2008-09-30,2008-09-30,2021-09-07,-1810000000.0,173271000000.0,183584000000.0,,,0.049,36.99,0.0,2160000000.0,2160000000.0,7750000000.0,675000000.0,,17.239,5204000000.0,,,5204000000.0,0.0,0.0,60678000000.0,0.038,1.64,1176000000.0,1176000000.0,0.13,1176000000.0,1176000000.0,886000000.0,2.61,2.59,2.61,9500000000.0,10700500000.0,9500000000.0,14075803855.0,12.0,11.969,636000000.0,2.476,1.0,1328000000.0,0.146,4041000000.0,290000000.0,172274000000.0,182549250000.0,0.0,67957000000.0,,,163771000000.0,,,10994803855.0,833000000.0,709000000.0,-727000000.0,426000000.0,-430000000.0,719000000.0,-522000000.0,-1474000000.0,636000000.0,0.0,675000000.0,675000000.0,675000000.0,-23000000.0,0.0,0.074,175000000.0,1153000000.0,1668000000.0,0.628,1.157,16.289,16.402,0.0,0.0,42.81,1.211,1.211,8685000000.0,4304000000.0,9078000000.0,9078000000.0,0.0,0.004,0.063,0.006,0.13,-39000000.0,0.0,1.0,256827934.0,256827934.0,,35.347,169230000000.0,0.0,211000000.0,0.0,658.924,
52,LNC,MRT,2008-06-30,2008-06-30,2008-06-30,2021-09-07,-808000000.0,184281000000.0,188320500000.0,,,0.05,40.485,0.0,1921000000.0,1921000000.0,7754000000.0,857000000.0,,16.554,5002000000.0,,,5002000000.0,0.0,0.0,60363000000.0,0.036,1.62,1491000000.0,1491000000.0,0.158,1491000000.0,1491000000.0,1201000000.0,3.25,3.22,3.25,10498000000.0,11316250000.0,10498000000.0,14342609467.0,10.0,9.619,1017000000.0,3.922,1.0,1655000000.0,0.176,4045000000.0,290000000.0,183317000000.0,186863750000.0,0.0,70201000000.0,,,173783000000.0,,,11751609467.0,931000000.0,708000000.0,-814000000.0,637000000.0,-431000000.0,1025000000.0,-1111000000.0,-2317000000.0,1017000000.0,0.0,857000000.0,857000000.0,857000000.0,-11000000.0,0.0,0.091,175000000.0,1480000000.0,1490000000.0,0.498,1.119,13.712,13.945,0.0,0.0,45.32,1.249,1.249,8619000000.0,4283000000.0,9409000000.0,9409000000.0,0.0,0.005,0.076,0.008,0.158,-10000000.0,0.0,1.0,259302945.0,259302945.0,,36.286,180236000000.0,0.0,344000000.0,0.0,695.079,
53,LNC,MRT,2008-03-31,2008-03-31,2008-03-31,2021-09-07,-322000000.0,185349000000.0,189162750000.0,,,0.051,41.902,0.0,2447000000.0,2447000000.0,7754000000.0,1108000000.0,,15.719,5038000000.0,,,5038000000.0,0.0,0.0,60176000000.0,0.031,1.6,1837000000.0,1837000000.0,0.192,1837000000.0,1837000000.0,1539000000.0,4.16,4.11,4.16,11086000000.0,11650750000.0,11086000000.0,17260526588.0,9.0,9.396,1584000000.0,5.987,1.0,1833000000.0,0.191,4128000000.0,298000000.0,183812000000.0,187261250000.0,0.0,71555000000.0,,,174263000000.0,,,13757526588.0,1546000000.0,706000000.0,-702000000.0,290000000.0,-431000000.0,320000000.0,-358000000.0,-1910000000.0,1584000000.0,0.0,1108000000.0,1108000000.0,1108000000.0,-4000000.0,0.0,0.116,0.0,1833000000.0,1796000000.0,0.385,1.241,12.417,12.5,0.0,0.0,52.0,1.435,1.435,8875000000.0,4333000000.0,9587000000.0,9587000000.0,0.0,0.006,0.095,0.01,0.192,-3000000.0,0.0,1.0,264567819.0,264567819.0,,36.236,181221000000.0,0.0,431000000.0,0.0,684.97,
54,LNC,MRT,2007-12-31,2007-12-31,2007-12-31,2021-09-07,225000000.0,191435000000.0,188157000000.0,,,0.051,43.525,0.0,1665000000.0,1665000000.0,7655000000.0,1215000000.0,,15.337,5168000000.0,,,5168000000.0,0.0,0.0,59640000000.0,0.027,1.58,1975000000.0,1975000000.0,0.205,1975000000.0,1975000000.0,1691000000.0,4.5,4.43,4.5,11718000000.0,11887250000.0,11718000000.0,17511418471.0,9.0,8.867,1955000000.0,7.262,1.0,1959000000.0,0.204,4144000000.0,284000000.0,190794000000.0,186067250000.0,0.0,71972000000.0,,,179717000000.0,,,15674418471.0,43000000.0,64000000.0,-888000000.0,1029000000.0,-430000000.0,49000000.0,-1961000000.0,-2099000000.0,1955000000.0,0.0,1215000000.0,1215000000.0,1215000000.0,-16000000.0,0.0,0.126,0.0,1959000000.0,1135000000.0,0.351,1.338,12.901,12.938,0.0,0.0,58.22,1.63,1.63,8588000000.0,4293000000.0,9614000000.0,9614000000.0,0.0,0.006,0.102,0.011,0.205,0.0,0.0,1.0,269227387.0,269227387.0,,35.71,187291000000.0,0.0,476000000.0,0.0,695.661,
55,LNC,MRT,2007-09-30,2007-09-30,2007-09-30,2021-09-07,197000000.0,192217000000.0,184922000000.0,,,0.056,44.098,0.0,1326000000.0,1326000000.0,8129000000.0,1484000000.0,,15.068,3163000000.0,,,3163000000.0,0.0,0.0,59797000000.0,0.024,1.565,2348000000.0,2348000000.0,0.226,2348000000.0,2348000000.0,2071000000.0,5.44,5.37,5.44,11963000000.0,12008000000.0,11963000000.0,19674566228.0,8.0,8.379,3236000000.0,11.928,1.0,2245000000.0,0.216,4522000000.0,277000000.0,189532000000.0,182581750000.0,0.0,71548000000.0,,,180254000000.0,,,17896566228.0,219000000.0,0.0,-742000000.0,445000000.0,-428000000.0,-1533000000.0,-1484000000.0,-1232000000.0,3236000000.0,0.0,1484000000.0,1484000000.0,1484000000.0,-42000000.0,0.0,0.143,-61000000.0,2306000000.0,0.0,0.288,1.496,12.06,12.127,0.0,0.0,65.97,1.725,1.725,401000000.0,4456000000.0,10374000000.0,10374000000.0,0.0,0.008,0.124,0.013,0.226,57000000.0,0.0,1.0,271283405.0,271283405.0,,38.24,187695000000.0,0.0,587000000.0,0.0,691.878,
56,LNC,MRT,2007-06-30,2007-06-30,2007-06-30,2021-09-07,149000000.0,187650000000.0,179799250000.0,,,0.057,43.712,0.0,989000000.0,989000000.0,7974000000.0,1518000000.0,,14.854,2767000000.0,,,2767000000.0,0.0,0.0,59136000000.0,0.022,1.55,2351000000.0,2351000000.0,0.229,2351000000.0,2351000000.0,2076000000.0,5.53,5.45,5.53,11836000000.0,12028000000.0,11836000000.0,21442371666.0,9.0,9.121,3517000000.0,12.989,1.0,2286000000.0,0.223,4521000000.0,275000000.0,184907000000.0,177534250000.0,0.0,70868000000.0,,,175814000000.0,,,19211371666.0,-510000000.0,21000000.0,-854000000.0,42000000.0,-386000000.0,-2772000000.0,-1255000000.0,-1230000000.0,3517000000.0,0.0,1518000000.0,1518000000.0,1518000000.0,-35000000.0,0.0,0.148,-30000000.0,2316000000.0,0.0,0.28,1.623,12.656,12.83,0.0,0.0,70.95,1.872,1.872,432000000.0,4323000000.0,10260000000.0,10260000000.0,0.0,0.008,0.126,0.013,0.229,52000000.0,0.0,1.0,270773385.0,270773385.0,,37.891,183129000000.0,0.0,558000000.0,0.0,676.318,
57,LNC,MRT,2007-03-31,2007-03-31,2007-03-31,2021-09-07,659000000.0,181326000000.0,174731750000.0,,,0.058,43.467,0.0,900000000.0,900000000.0,7797000000.0,1491000000.0,,14.07,3131000000.0,,,3131000000.0,0.0,0.0,58729000000.0,0.023,1.535,2317000000.0,2317000000.0,0.23,2317000000.0,2317000000.0,2050000000.0,5.39,5.31,5.39,12032000000.0,11920000000.0,12032000000.0,20187910989.0,9.0,8.713,3194000000.0,11.539,1.0,2288000000.0,0.227,4521000000.0,267000000.0,179036000000.0,172456750000.0,0.0,71849000000.0,,,169294000000.0,,,18764910989.0,-1073000000.0,-1826000000.0,-1322000000.0,1997000000.0,-427000000.0,-1282000000.0,-2985000000.0,-1225000000.0,3194000000.0,0.0,1491000000.0,1491000000.0,1491000000.0,-29000000.0,0.0,0.148,0.0,2288000000.0,0.0,0.285,1.56,12.585,12.577,0.0,0.0,67.79,1.861,1.861,375000000.0,4054000000.0,10085000000.0,10085000000.0,0.0,0.009,0.125,0.013,0.23,59000000.0,0.0,1.0,276809426.0,276809426.0,,36.433,176805000000.0,0.0,559000000.0,0.0,638.725,
58,LNC,MRT,2006-12-31,2006-12-31,2006-12-31,2021-09-07,613000000.0,178495000000.0,161498750000.0,,,0.055,43.987,0.0,1622000000.0,1622000000.0,6873000000.0,1316000000.0,,13.63,4116000000.0,,,4116000000.0,0.0,0.0,59145000000.0,0.023,1.52,2027000000.0,2027000000.0,0.228,2027000000.0,2027000000.0,1799000000.0,5.21,5.13,5.21,12201000000.0,10496500000.0,12201000000.0,20532030340.0,10.0,10.129,3050000000.0,10.996,1.0,2006000000.0,0.226,4137000000.0,228000000.0,176852000000.0,159090750000.0,0.0,71451000000.0,,,166294000000.0,,,18418030340.0,-690000000.0,-1826000000.0,-836000000.0,1303000000.0,-385000000.0,-1475000000.0,-2265000000.0,-525000000.0,3050000000.0,0.0,1316000000.0,1316000000.0,1316000000.0,-21000000.0,0.0,0.148,0.0,2006000000.0,1504000000.0,0.292,1.51,13.995,12.745,0.0,0.0,66.4,2.074,2.074,8295000000.0,4138000000.0,8879000000.0,8879000000.0,0.0,0.008,0.125,0.013,0.228,53000000.0,0.0,1.0,277379975.0,277379975.0,,32.01,174358000000.0,0.0,483000000.0,0.0,628.589,
59,LNC,MRT,2006-09-30,2006-09-30,2006-09-30,2021-09-07,608000000.0,171726000000.0,148090000000.0,,,0.053,42.89,0.0,1108000000.0,1108000000.0,5979000000.0,1159000000.0,,13.259,3222000000.0,,,3222000000.0,0.0,0.0,58517000000.0,0.024,1.505,1752000000.0,1752000000.0,0.225,1752000000.0,1752000000.0,1576000000.0,5.13,5.04,5.13,12043000000.0,9042250000.0,12043000000.0,19151198170.0,11.0,10.931,2284000000.0,8.134,1.0,1813000000.0,0.233,4498000000.0,176000000.0,169342000000.0,145579500000.0,0.0,71607000000.0,,,159683000000.0,,,17431198170.0,-494000000.0,-1826000000.0,-607000000.0,1435000000.0,-344000000.0,-960000000.0,-1818000000.0,145000000.0,2284000000.0,0.0,1159000000.0,1159000000.0,1159000000.0,0.0,0.0,0.149,61000000.0,1752000000.0,0.0,0.293,1.447,15.04,12.101,0.0,0.0,62.08,2.237,2.237,346000000.0,3986000000.0,7792000000.0,7792000000.0,0.0,0.008,0.128,0.012,0.225,50000000.0,0.0,1.0,280786053.0,280786053.0,,27.751,167228000000.0,0.0,417000000.0,0.0,595.571,
60,LNC,MRT,2006-06-30,2006-06-30,2006-06-30,2021-09-07,-36000000.0,167380000000.0,135684651750.0,,,0.049,40.558,0.0,1500000000.0,1500000000.0,5121000000.0,1024000000.0,,13.677,3220000000.0,,,3220000000.0,0.0,0.0,58629000000.0,0.026,1.49,1549000000.0,1549000000.0,0.231,1549000000.0,1549000000.0,1419000000.0,5.15,5.05,5.15,11404000000.0,7602590000.0,11404000000.0,15237703026.0,10.0,9.837,1609000000.0,5.722,1.0,1579000000.0,0.236,4503000000.0,130000000.0,164597000000.0,133187348250.0,0.0,69714000000.0,,,155976000000.0,,,15869703026.0,-159000000.0,-1847000000.0,-340000000.0,1385000000.0,-342000000.0,-361000000.0,-1407000000.0,808000000.0,1609000000.0,0.0,1024000000.0,1024000000.0,1024000000.0,0.0,0.0,0.153,30000000.0,1549000000.0,0.0,0.289,1.392,15.498,10.959,0.0,0.0,56.44,2.369,2.369,344000000.0,4013000000.0,6700000000.0,6700000000.0,0.0,0.008,0.135,0.012,0.231,55000000.0,0.0,1.0,281178296.0,281178296.0,,23.828,162877000000.0,0.0,395000000.0,0.0,579.266,
61,LNC,MRT,2006-03-31,2006-03-31,2006-03-31,2021-09-07,283000000.0,128394000000.0,123578012000.0,,,0.045,36.254,0.0,1974000000.0,1974000000.0,4340000000.0,873000000.0,,19.258,1342000000.0,,,1342000000.0,0.0,0.0,22285000000.0,0.027,1.475,1239000000.0,1239000000.0,0.222,1239000000.0,1239000000.0,1152000000.0,5.05,4.95,5.05,6338000000.0,6342462250.0,6338000000.0,8684676370.0,7.0,7.009,1329000000.0,7.602,1.0,1239000000.0,0.222,2190000000.0,87000000.0,125572000000.0,121188614250.0,0.0,42573000000.0,,,122056000000.0,,,9543476370.0,475000000.0,0.0,43000000.0,-232000000.0,-258000000.0,-1395000000.0,541000000.0,779000000.0,1329000000.0,0.0,873000000.0,873000000.0,873000000.0,0.0,0.0,0.156,0.0,1239000000.0,0.0,0.292,1.506,10.932,10.81,0.0,0.0,54.59,1.711,1.711,363000000.0,4236000000.0,5579000000.0,5579000000.0,0.0,0.007,0.138,0.01,0.222,49000000.0,0.0,1.0,174820963.0,174820963.0,,31.913,126204000000.0,0.0,279000000.0,0.0,721.904,
62,LNC,MRT,2005-12-31,2005-12-31,2005-12-31,2021-09-07,527000000.0,124860000000.0,120567557250.0,,,0.045,36.851,0.0,2312000000.0,2312000000.0,4313000000.0,831000000.0,,18.558,1453000000.0,,,1453000000.0,0.0,0.0,35592000000.0,0.028,1.46,1162000000.0,1162000000.0,0.212,1162000000.0,1162000000.0,1075000000.0,4.8,4.72,4.8,6384000000.0,6268694250.0,6384000000.0,9085427072.0,8.0,7.819,1208000000.0,6.973,1.0,1162000000.0,0.212,1194000000.0,87000000.0,122807000000.0,118331243000.0,0.0,43169000000.0,,,118476000000.0,,,9186837072.0,650000000.0,14000000.0,-12000000.0,-143000000.0,-255000000.0,-1193000000.0,635000000.0,715000000.0,1208000000.0,0.0,831000000.0,831000000.0,831000000.0,0.0,0.0,0.152,0.0,1162000000.0,0.0,0.304,1.439,11.055,11.048,0.0,0.0,53.03,1.678,1.678,343000000.0,4081000000.0,5475000000.0,5475000000.0,0.0,0.007,0.133,0.01,0.212,52000000.0,0.0,1.0,173238489.0,173238489.0,,31.604,123666000000.0,0.0,244000000.0,0.0,713.848,
63,LNC,MRT,2005-09-30,2005-09-30,2005-09-30,2021-09-07,620795000.0,122104607000.0,118407373500.0,,,0.046,36.433,0.0,1601916000.0,1601916000.0,4288675000.0,795862000.0,,18.43,1500506000.0,,,1500506000.0,0.0,0.0,22796241000.0,0.028,1.445,1121019000.0,1121019000.0,0.207,1121019000.0,1121019000.0,1027910000.0,4.6,4.51,4.6,6284360000.0,6216591500.0,6284360000.0,8875838214.0,8.0,7.918,1302116000.0,7.549,1.0,1121517000.0,0.207,2229804000.0,93109000.0,119773393000.0,116091605250.0,0.0,44084988000.0,,,115820247000.0,,,8972872214.0,-393790000.0,-2926000.0,-85758000.0,-155324000.0,-252447000.0,-1223324000.0,-472582000.0,-460461000.0,1302116000.0,0.0,795862000.0,795862000.0,795862000.0,0.0,0.0,0.147,0.0,1121517000.0,0.0,0.314,1.428,11.274,11.309,185622000.0,0.0,52.02,1.659,1.659,332593000.0,3922808000.0,5410192000.0,5410192000.0,0.0,0.007,0.128,0.01,0.207,51274000.0,0.0,1.0,172488893.0,172488893.0,,31.365,119874803000.0,0.0,232048000.0,31460000.0,694.971,
64,LNC,MRT,2005-06-30,2005-06-30,2005-06-30,2021-09-07,915128000.0,118953441000.0,115475501750.0,,,0.047,36.635,0.0,1658851000.0,1658851000.0,4280928000.0,766539000.0,,17.693,1561817000.0,,,1561817000.0,0.0,0.0,22939749000.0,0.03,1.43,1139824000.0,1139824000.0,0.21,1139824000.0,1139824000.0,1043298000.0,4.41,4.33,4.41,6363489000.0,6138207000.0,6363489000.0,8228109535.0,7.0,7.219,1119482000.0,6.445,1.0,1140322000.0,0.21,2254343000.0,96526000.0,116602064000.0,113076769500.0,0.0,44863331000.0,,,112589952000.0,,,8150073535.0,-554517000.0,177225000.0,-165924000.0,-128318000.0,-251432000.0,-1080424000.0,-593575000.0,-1054191000.0,1119482000.0,0.0,766539000.0,766539000.0,766539000.0,0.0,0.0,0.141,0.0,1140322000.0,0.0,0.324,1.281,10.632,10.639,187919000.0,0.0,46.92,1.503,1.503,222763000.0,3757617000.0,5421250000.0,5421250000.0,0.0,0.007,0.125,0.01,0.21,54813000.0,0.0,1.0,173701482.0,173701482.0,,31.21,116699098000.0,0.0,276759000.0,160813000.0,671.837,
65,LNC,MRT,2005-03-31,2005-03-31,2005-03-31,2021-09-07,677086000.0,116352181000.0,113066611000.0,,,0.048,34.661,0.0,1499072000.0,1499072000.0,4240410000.0,755542000.0,,18.254,1577108000.0,,,1577108000.0,0.0,0.0,22870166000.0,0.031,1.415,1164061000.0,1164061000.0,0.215,1164061000.0,1164061000.0,1064873000.0,4.31,4.24,4.31,6042928000.0,5927056000.0,6042928000.0,7811117665.0,7.0,6.71,1056732000.0,6.061,1.0,1164559000.0,0.215,2287702000.0,99188000.0,114142515000.0,110517453250.0,0.0,43982185000.0,,,110309253000.0,,,7869952665.0,-756323000.0,188000000.0,-240182000.0,-116318000.0,-250677000.0,-729225000.0,-1083830000.0,-1429928000.0,1056732000.0,0.0,755542000.0,755542000.0,755542000.0,0.0,0.0,0.14,0.0,1164559000.0,0.0,0.328,1.302,10.416,10.473,203941000.0,0.0,45.14,1.456,1.456,299323000.0,3677292000.0,5404969000.0,5404969000.0,0.0,0.007,0.127,0.011,0.215,52790000.0,0.0,1.0,174345429.0,174345429.0,,31.001,114064479000.0,4987000.0,309331000.0,0.0,654.244,
66,LNC,MRT,2004-12-31,2004-12-31,2004-12-31,2021-09-07,930705000.0,116219265000.0,111446044000.0,,,0.048,35.371,0.0,1661686000.0,1661686000.0,4215000000.0,707000000.0,,17.819,1602851000.0,,,1602851000.0,0.0,0.0,23074398000.0,0.03,1.4,1111000000.0,1111000000.0,0.208,1111000000.0,1111000000.0,1011000000.0,4.01,3.95,4.01,6175589000.0,5952208250.0,6175589000.0,7810724147.0,7.0,7.03,1027000000.0,5.882,1.0,1136000000.0,0.212,2311981000.0,100000000.0,113848449000.0,108698758000.0,0.0,44507259000.0,,,110043676000.0,,,8150188147.0,-49000000.0,174000000.0,-268000000.0,95000000.0,-249000000.0,-183000000.0,-893000000.0,-1352000000.0,1027000000.0,0.0,707000000.0,707000000.0,707000000.0,0.0,0.0,0.132,0.0,1136000000.0,0.0,0.349,1.32,11.528,11.641,0.0,0.0,46.68,1.523,1.523,232942000.0,3589533000.0,5351000000.0,5351000000.0,0.0,0.006,0.119,0.01,0.208,55000000.0,0.0,1.0,174597004.0,174597004.0,,30.648,113907284000.0,0.0,304000000.0,0.0,652.401,
67,LNC,MRT,2004-09-30,2004-09-30,2004-09-30,2021-09-07,860987000.0,110377120000.0,109077444750.0,,,0.052,33.928,0.0,1995986000.0,1995986000.0,4199950000.0,711469000.0,,17.486,1656522000.0,,,1656522000.0,0.0,0.0,23087588000.0,0.029,1.385,1246689000.0,1246689000.0,0.218,1246689000.0,1246689000.0,1152619000.0,4.02,3.96,4.02,5970822000.0,5861217250.0,5970822000.0,7738965742.0,6.0,6.208,915621000.0,5.203,1.0,1526410000.0,0.267,2323606000.0,94070000.0,107714050000.0,106254487250.0,0.0,43926581000.0,,,104406298000.0,,,8271350742.0,35395000.0,190926000.0,-286242000.0,325762000.0,-247811000.0,349576000.0,-1229802000.0,-1390771000.0,915621000.0,0.0,711469000.0,711469000.0,711469000.0,0.0,0.0,0.124,0.0,1526410000.0,0.0,0.345,1.385,11.626,11.692,217738000.0,0.0,47.0,1.444,1.444,248809000.0,3514239000.0,5726360000.0,5726360000.0,0.0,0.007,0.121,0.012,0.218,61402000.0,0.0,1.0,175986186.0,175986186.0,,32.539,108053514000.0,0.0,441150000.0,83837000.0,613.989,
68,LNC,MRT,2004-06-30,2004-06-30,2004-06-30,2021-09-07,495255000.0,109317878000.0,106689530250.0,,,0.052,30.953,0.0,2213713000.0,2213713000.0,4200237000.0,645105000.0,,18.808,1681328000.0,,,1681328000.0,0.0,0.0,22881414000.0,0.029,1.37,1109193000.0,1109193000.0,0.198,1109193000.0,1109193000.0,1012919000.0,3.63,3.58,3.63,5518885000.0,5765102250.0,5518885000.0,7869473734.0,7.0,7.095,960738000.0,5.388,1.0,1388914000.0,0.249,2420694000.0,96274000.0,106364799000.0,103808827750.0,0.0,42362499000.0,,,103798993000.0,,,8424562734.0,267866000.0,10775000.0,-206076000.0,289169000.0,-245325000.0,746953000.0,-1439825000.0,-1245010000.0,960738000.0,0.0,645105000.0,645105000.0,645105000.0,0.0,0.0,0.115,0.0,1388914000.0,0.0,0.377,1.526,13.059,13.017,225482000.0,0.0,47.25,1.507,1.507,265189000.0,3433322000.0,5589151000.0,5589151000.0,0.0,0.006,0.112,0.011,0.198,62954000.0,0.0,1.0,178297624.0,178297624.0,,31.347,106897184000.0,204029000.0,367814000.0,0.0,599.544,
69,LNC,MRT,2004-03-31,2004-03-31,2004-03-31,2021-09-07,1139268000.0,109869913000.0,104243260750.0,,,0.052,34.383,0.0,2255519000.0,2255519000.0,4128263000.0,600804000.0,,16.884,1700430000.0,,,1700430000.0,0.0,0.0,22686556000.0,0.029,1.355,1035601000.0,1035601000.0,0.19,1035601000.0,1035601000.0,941023000.0,3.39,3.34,3.39,6143537000.0,5839365750.0,6143537000.0,8246757569.0,8.0,7.963,662181000.0,3.706,1.0,1315322000.0,0.242,2447090000.0,94578000.0,106867734000.0,101391807000.0,0.0,43501676000.0,,,103726376000.0,,,8455142569.0,620064000.0,0.0,-56818000.0,255174000.0,-241508000.0,922960000.0,-965077000.0,-1190863000.0,662181000.0,0.0,600804000.0,600804000.0,600804000.0,0.0,0.0,0.11,0.0,1315322000.0,0.0,0.4,1.376,14.073,13.959,229474000.0,0.0,47.32,1.553,1.553,337505000.0,3428258000.0,5443585000.0,5443585000.0,0.0,0.006,0.103,0.01,0.19,60915000.0,0.0,1.0,178680105.0,178680105.0,,30.466,107422823000.0,0.0,340219000.0,108071000.0,601.202,
70,LNC,MRT,2003-12-31,2003-12-31,2003-12-31,2021-09-07,869029000.0,106744868000.0,99900177000.0,,,0.053,32.652,0.0,1711196000.0,1711196000.0,4141217000.0,511936000.0,,17.367,1502811000.0,,,1502811000.0,0.0,0.0,22605333000.0,0.033,1.34,887445000.0,887445000.0,0.168,887445000.0,887445000.0,792344000.0,2.89,2.85,2.89,5811625000.0,5665987250.0,5811625000.0,6753283522.0,8.0,7.61,931886000.0,5.236,1.0,1142664000.0,0.216,2465117000.0,95101000.0,104071366000.0,97175121000.0,0.0,42777639000.0,,,100933243000.0,,,7185288522.0,20662000.0,0.0,0.0,36206000.0,-240348000.0,1143685000.0,-2054909000.0,-2049778000.0,931886000.0,0.0,511936000.0,511936000.0,511936000.0,0.0,0.0,0.097,0.0,1142664000.0,0.0,0.464,1.236,14.036,13.969,235181000.0,0.0,40.37,1.36,1.36,352116000.0,3413302000.0,5283881000.0,5283881000.0,0.0,0.005,0.09,0.009,0.168,59313000.0,0.0,1.0,177985844.0,177985844.0,,29.687,104279751000.0,45900000.0,280408000.0,0.0,585.888,
71,LNC,MRT,2003-09-30,2003-09-30,2003-09-30,2021-09-07,795685000.0,100825462000.0,96510121250.0,,,0.049,31.432,23837000.0,1960591000.0,1960591000.0,4227303000.0,368644000.0,,17.049,1528586000.0,,,1528586000.0,0.0,0.0,22530863000.0,0.037,1.325,542628000.0,542628000.0,0.114,542628000.0,542628000.0,446236000.0,2.07,2.04,2.07,5586362000.0,5549953500.0,5586362000.0,5944186581.0,11.0,10.954,826740000.0,4.652,1.0,542628000.0,0.114,2462045000.0,96392000.0,97931412000.0,93815743000.0,0.0,42423345000.0,,,95239100000.0,,,6288045581.0,360727000.0,-195000000.0,-16895000.0,-19119000.0,-234694000.0,1578663000.0,-2020839000.0,-2192142000.0,802903000.0,0.0,368644000.0,368644000.0,368644000.0,0.0,0.0,0.077,0.0,542628000.0,0.0,0.64,1.126,17.057,17.092,237258000.0,0.0,35.38,1.318,1.318,306483000.0,3281987000.0,4769931000.0,4769931000.0,0.0,0.004,0.066,0.006,0.114,56100000.0,0.0,1.0,177728818.0,177728818.0,,26.838,98363417000.0,0.0,77592000.0,37097000.0,553.447,
72,LNC,MRT,2003-06-30,2003-06-30,2003-06-30,2021-09-07,1116134000.0,99532800000.0,93912796500.0,,,0.05,32.767,14681000.0,1945847000.0,1945847000.0,4544215000.0,98942000.0,,16.114,1601988000.0,,,1601988000.0,0.0,0.0,22253232000.0,0.037,1.31,120297000.0,120297000.0,0.026,120297000.0,120297000.0,26838000.0,0.57,0.56,0.57,5815939000.0,5500616750.0,5815939000.0,6323460616.0,53.0,52.565,949977000.0,5.352,1.0,120297000.0,0.026,2492225000.0,93459000.0,96696716000.0,91308287000.0,0.0,42591582000.0,,,93716861000.0,,,6324079616.0,-319597000.0,-195000000.0,-251370000.0,-32987000.0,-234089000.0,1801153000.0,-3056046000.0,-3077846000.0,935296000.0,0.0,98942000.0,98942000.0,98942000.0,0.0,0.0,0.021,0.0,120297000.0,0.0,2.298,1.087,63.917,62.509,239080000.0,0.0,35.63,1.356,1.356,395994000.0,3244339000.0,4664512000.0,4664512000.0,0.0,0.001,0.018,0.001,0.026,56163000.0,0.0,1.0,177493113.0,177493113.0,,26.28,97040575000.0,0.0,-72104000.0,71953000.0,546.729,
73,LNC,MRT,2003-03-31,2003-03-31,2003-03-31,2021-09-07,839480000.0,92497578000.0,92796906250.0,,,0.05,30.728,0.0,1635455000.0,1635455000.0,4627604000.0,4788000.0,,15.972,1634836000.0,,,1634836000.0,0.0,0.0,21843906000.0,0.046,1.295,-18766000.0,-18766000.0,-0.004,-18766000.0,-18766000.0,-113908000.0,0.02,0.02,0.02,5450023000.0,5373598500.0,5450023000.0,4940575648.0,-263.0,-263.273,1185433000.0,6.684,1.0,-18766000.0,-0.004,2495969000.0,95142000.0,90000990000.0,90115961000.0,0.0,41008354000.0,,,87047555000.0,,,4966161648.0,-64093000.0,-195000000.0,-423558000.0,-37362000.0,-235943000.0,1883200000.0,-3132726000.0,-2866298000.0,1185433000.0,0.0,4788000.0,4788000.0,4788000.0,0.0,0.0,0.001,0.0,-18766000.0,0.0,64.75,0.911,1037.21,1400.0,239360000.0,0.0,28.0,1.078,1.078,194007000.0,3163176000.0,4608838000.0,4608838000.0,0.0,0.0,0.001,0.0,-0.004,60522000.0,0.0,1.0,177362916.0,177362916.0,,25.985,90001609000.0,89071000.0,-118696000.0,0.0,507.443,
74,LNC,MRT,2002-12-31,2002-12-31,2002-12-31,2021-09-07,734554000.0,93184645000.0,94134100750.0,,,0.049,30.203,0.0,1690534000.0,1690534000.0,4592690000.0,48805000.0,,16.426,1664948000.0,,,1664948000.0,0.0,0.0,21286396000.0,0.041,1.28,42772000.0,42772000.0,0.009,42772000.0,42772000.0,-53841000.0,0.27,0.26,0.27,5347490000.0,5293867250.0,5347490000.0,5620102812.0,131.0,131.397,496053000.0,2.802,1.0,42772000.0,0.009,2525205000.0,96613000.0,90633854000.0,91440584750.0,0.0,39999851000.0,,,87837155000.0,,,5591280812.0,-1404946000.0,-195000000.0,-474486000.0,51832000.0,-234621000.0,1363241000.0,-3264240000.0,-2903952000.0,496053000.0,0.0,48805000.0,48805000.0,48805000.0,0.0,0.0,0.011,0.0,42772000.0,0.0,4.741,1.046,114.564,116.963,242135000.0,0.0,31.58,1.206,1.206,212942000.0,3144831000.0,4635462000.0,4635462000.0,0.0,0.001,0.009,0.0,0.009,60163000.0,0.0,1.0,177051324.0,177051324.0,,26.181,90659440000.0,317726000.0,-102646000.0,0.0,512.052,
75,LNC,MRT,2002-09-30,2002-09-30,2002-09-30,2021-09-07,844957000.0,90436163000.0,95338265500.0,,,0.052,29.256,27812000.0,1599864000.0,1599864000.0,4786483000.0,122428000.0,,15.782,1628686000.0,,,1628686000.0,0.0,0.0,20740636000.0,0.041,1.265,131331000.0,131331000.0,0.027,131331000.0,131331000.0,33222000.0,0.63,0.64,0.63,5389015000.0,5272865750.0,5389015000.0,5065174395.0,39.0,38.568,1139985000.0,6.189,1.0,131331000.0,0.027,2563397000.0,98109000.0,87901588000.0,92274133000.0,0.0,39362599000.0,,,85047148000.0,,,5627291395.0,-396452000.0,2036238000.0,-591873000.0,515611000.0,-237729000.0,1225093000.0,-2733718000.0,-3926460000.0,1112173000.0,0.0,122428000.0,122428000.0,122428000.0,0.0,0.0,0.025,0.0,131331000.0,0.0,2.008,1.044,45.964,48.492,252718000.0,0.0,30.55,1.144,1.144,577235000.0,3260981000.0,4917814000.0,4917814000.0,0.0,0.001,0.023,0.001,0.027,106326000.0,0.0,1.0,184199391.0,184199391.0,,26.698,87872766000.0,292944000.0,-89206000.0,0.0,477.052,
76,LNC,MRT,2002-06-30,2002-06-30,2002-06-30,2021-09-07,332461000.0,95069239000.0,95280728750.0,,,0.056,28.382,45642000.0,2265444000.0,2265444000.0,4836084000.0,377868000.0,,16.911,1703327000.0,,,1703327000.0,0.0,0.0,19834490000.0,0.03,1.25,527562000.0,527562000.0,0.098,527562000.0,527562000.0,423576000.0,2.01,1.99,2.01,5307866000.0,5267771500.0,5307866000.0,7903221078.0,15.0,14.981,1046854000.0,5.598,1.0,527562000.0,0.098,2579710000.0,103986000.0,91927412000.0,92064106000.0,0.0,37167599000.0,,,89761373000.0,,,7854540078.0,763546000.0,2036238000.0,-540049000.0,343791000.0,-236065000.0,1023136000.0,-1260802000.0,-3062900000.0,1001212000.0,0.0,377868000.0,377868000.0,377868000.0,0.0,0.0,0.07,0.0,527562000.0,0.0,0.622,1.48,20.786,20.896,253544000.0,0.0,42.0,1.464,1.464,461398000.0,3669075000.0,5363646000.0,5363646000.0,0.0,0.004,0.072,0.006,0.098,91172000.0,0.0,1.0,187012859.0,187012859.0,,28.681,92489529000.0,438424000.0,45708000.0,0.0,494.562,
77,LNC,MRT,2002-03-31,2002-03-31,2002-03-31,2021-09-07,-1565000.0,97846356000.0,95621227500.0,,,0.061,27.353,32664000.0,1699548000.0,1699548000.0,5113410000.0,471056000.0,,18.069,1748229000.0,,,1748229000.0,0.0,0.0,19340042000.0,0.024,1.235,680480000.0,680480000.0,0.117,680480000.0,680480000.0,569103000.0,2.51,2.47,2.51,5131098000.0,5204789500.0,5131098000.0,8107342929.0,12.0,11.914,700494000.0,3.734,1.0,691749000.0,0.119,2595552000.0,111377000.0,95299485000.0,92581109250.0,0.0,36371281000.0,,,92715258000.0,,,9516209929.0,-315622000.0,2036238000.0,-406041000.0,326189000.0,-232000000.0,674175000.0,-1657627000.0,-3503862000.0,667830000.0,0.0,471056000.0,471056000.0,471056000.0,0.0,0.0,0.081,0.0,691749000.0,0.0,0.492,1.855,20.202,20.211,266408000.0,0.0,50.73,1.639,1.639,376273000.0,3824612000.0,5805159000.0,5805159000.0,0.0,0.005,0.091,0.007,0.117,75875000.0,0.0,1.0,187585451.0,187585451.0,,30.947,95250804000.0,551298000.0,98047000.0,0.0,507.773,
78,LNC,MRT,2001-12-31,2001-12-31,2001-12-31,2021-09-07,173183000.0,98001304000.0,94690235500.0,,,0.067,27.783,0.0,3095480000.0,3095480000.0,5551053000.0,545654000.0,,17.619,1686613000.0,,,1686613000.0,0.0,0.0,19247894000.0,0.025,1.22,811385000.0,811385000.0,0.127,811385000.0,811385000.0,690366000.0,2.89,2.85,2.89,5263484000.0,5196105250.0,5263484000.0,8761723388.0,11.0,10.798,1268583000.0,6.696,1.0,826951000.0,0.13,2624390000.0,121019000.0,93968047000.0,91556233750.0,0.0,36121212000.0,,,92737820000.0,,,9201595388.0,1168087000.0,2036238000.0,-503750000.0,366977000.0,-230127000.0,514608000.0,-615104000.0,-2493335000.0,1268583000.0,0.0,545654000.0,545654000.0,545654000.0,0.0,0.0,0.086,0.0,826951000.0,0.0,0.422,1.748,16.863,16.806,257518000.0,0.0,48.57,1.443,1.443,400076000.0,3834427000.0,6378004000.0,6378004000.0,0.0,0.006,0.105,0.009,0.127,63626000.0,0.0,1.0,189450183.0,189450183.0,,33.666,95376914000.0,15117000.0,144712000.0,0.0,503.441,
79,LNC,MRT,2001-09-30,2001-09-30,2001-09-30,2021-09-07,275126000.0,90206016000.0,95150924250.0,,,0.07,28.54,-24048000.0,1996316000.0,1996316000.0,5783982000.0,569933000.0,,15.802,1556444000.0,,,1556444000.0,0.0,0.0,19182273000.0,0.026,1.205,876654000.0,876654000.0,0.131,876654000.0,876654000.0,747193000.0,3.02,2.95,3.02,5368638000.0,5118755250.0,5368638000.0,9078210222.0,10.0,10.356,1620842000.0,8.617,1.0,892229000.0,0.134,2704664000.0,129461000.0,87061480000.0,92275186000.0,0.0,36794465000.0,,,84837378000.0,,,8771456222.0,560439000.0,0.0,-421204000.0,-231337000.0,-227733000.0,-1194312000.0,109861000.0,-207701000.0,1644890000.0,0.0,569933000.0,569933000.0,569933000.0,0.0,0.0,0.085,0.0,892229000.0,0.0,0.399,1.634,15.39,15.44,260996000.0,0.0,46.63,1.314,1.314,264508000.0,3840248000.0,6676211000.0,6676211000.0,0.0,0.006,0.111,0.01,0.131,0.0,0.0,1.0,188107575.0,188107575.0,,35.491,87501352000.0,35267000.0,177260000.0,0.0,465.167,
80,LNC,MRT,2001-06-30,2001-06-30,2001-06-30,2021-09-07,87806000.0,96431234000.0,98410190250.0,,,0.069,26.919,-22839000.0,1501898000.0,1501898000.0,5845259000.0,589506000.0,,18.073,1808652000.0,,,1808652000.0,0.0,0.0,18392459000.0,0.023,1.19,922232000.0,922232000.0,0.136,922232000.0,922232000.0,787927000.0,3.12,3.05,3.12,5055938000.0,4911250000.0,5055938000.0,9576923064.0,10.0,10.385,973036000.0,5.181,1.0,937787000.0,0.138,2742563000.0,134305000.0,93995425000.0,95684758500.0,0.0,35802085000.0,,,91375296000.0,,,9719536064.0,-117414000.0,0.0,-238553000.0,-4395000.0,-225605000.0,-951611000.0,-161678000.0,-205450000.0,995875000.0,0.0,589506000.0,589506000.0,589506000.0,0.0,0.0,0.087,0.0,937787000.0,0.0,0.381,1.922,16.488,16.587,251399000.0,0.0,51.75,1.433,1.433,303691000.0,3939210000.0,6783046000.0,6783046000.0,0.0,0.006,0.12,0.01,0.136,0.0,0.0,1.0,187817122.0,187817122.0,,36.115,93688671000.0,177542000.0,198421000.0,0.0,498.829,
81,LNC,MRT,2001-03-31,2001-03-31,2001-03-31,2021-09-07,217841000.0,94122388000.0,100264505250.0,,,0.069,26.732,-8962000.0,2015170000.0,2015170000.0,5912689000.0,611378000.0,,17.469,1872557000.0,,,1872557000.0,0.0,0.0,18344146000.0,0.028,1.175,959504000.0,959504000.0,0.14,959504000.0,959504000.0,821858000.0,3.22,3.15,3.22,5096361000.0,4703196750.0,5096361000.0,7939398395.0,8.0,8.274,1693364000.0,8.882,1.0,964028000.0,0.14,2779792000.0,137646000.0,91199983000.0,97450869250.0,0.0,35751767000.0,,,89026027000.0,,,8096633395.0,505070000.0,0.0,-278611000.0,-58593000.0,-224123000.0,-1935446000.0,738190000.0,1233646000.0,1702326000.0,0.0,611378000.0,611378000.0,611378000.0,0.0,0.0,0.089,0.0,964028000.0,0.0,0.365,1.589,13.243,13.189,242119000.0,0.0,42.47,1.177,1.177,282777000.0,3884322000.0,6876717000.0,6876717000.0,0.0,0.006,0.13,0.01,0.14,0.0,0.0,1.0,190643593.0,190643593.0,,36.071,91342596000.0,106572000.0,210480000.0,0.0,479.128,
82,LNC,MRT,2000-12-31,2000-12-31,2000-12-31,2021-09-07,33978000.0,99844059000.0,103318908000.0,,,0.066,25.859,0.0,1927393000.0,1927393000.0,5871318000.0,621393000.0,,19.154,1770158000.0,,,1770158000.0,0.0,0.0,18377061000.0,0.025,1.16,975829000.0,975829000.0,0.143,975829000.0,975829000.0,836291000.0,3.25,3.19,3.25,4954084000.0,4514215000.0,4954084000.0,9415485685.0,10.0,9.649,1995087000.0,10.414,1.0,975829000.0,0.143,2842968000.0,139538000.0,96843856000.0,100577366000.0,0.0,35375049000.0,,,94889975000.0,,,9063849685.0,31510000.0,85000000.0,-210021000.0,-147226000.0,-222661000.0,-2874775000.0,911198000.0,1028958000.0,1995087000.0,0.0,621393000.0,621393000.0,621393000.0,0.0,0.0,0.091,0.0,975829000.0,0.0,0.357,1.83,14.586,14.557,228211000.0,0.0,47.31,1.324,1.324,296705000.0,3915598000.0,6847147000.0,6847147000.0,0.0,0.006,0.138,0.01,0.143,0.0,0.0,1.0,191584225.0,191584225.0,,35.74,97001091000.0,207548000.0,214898000.0,0.0,506.31,
83,LNC,MRT,2000-09-30,2000-09-30,2000-09-30,2021-09-07,-317825000.0,103243080000.0,104131826500.0,,,0.066,23.793,-27601000.0,1435877000.0,1435877000.0,6116504000.0,507077000.0,,21.748,1787513000.0,,,1787513000.0,0.0,0.0,18708160000.0,0.024,1.145,769379000.0,769379000.0,0.112,769379000.0,769379000.0,628558000.0,2.66,2.61,2.66,4538617000.0,4341661000.0,4538617000.0,9374404077.0,12.0,12.184,1409126000.0,7.387,1.0,769369000.0,0.112,2894946000.0,140821000.0,100699770000.0,101353259000.0,0.0,35311178000.0,,,98704463000.0,,,9180937077.0,-907069000.0,-394295000.0,-179282000.0,-37489000.0,-220942000.0,-2203414000.0,-140382000.0,371294000.0,1436727000.0,0.0,507077000.0,507077000.0,507077000.0,0.0,0.0,0.074,0.0,769369000.0,0.0,0.43,2.023,18.106,18.094,213821000.0,0.0,48.13,1.333,1.333,240828000.0,3865955000.0,6885873000.0,6885873000.0,0.0,0.005,0.117,0.008,0.112,0.0,0.0,1.0,190752900.0,190752900.0,,36.098,100348134000.0,267268000.0,121481000.0,0.0,526.063,
84,LNC,MRT,2000-06-30,2000-06-30,2000-06-30,2021-09-07,-534706000.0,103848494000.0,102446224750.0,,,0.066,22.03,-37484000.0,1619312000.0,1619312000.0,6050841000.0,500770000.0,,23.587,1812779000.0,,,1812779000.0,0.0,0.0,19028295000.0,0.031,1.13,761051000.0,761051000.0,0.112,761051000.0,761051000.0,621370000.0,2.6,2.56,2.6,4223725000.0,4372546000.0,4223725000.0,7348095278.0,10.0,9.655,2857947000.0,14.907,1.0,761061000.0,0.112,2982093000.0,139681000.0,101059868000.0,99375016500.0,0.0,35057216000.0,,,99624769000.0,,,6927014278.0,-531777000.0,-394295000.0,-338231000.0,-24748000.0,-220284000.0,-3563015000.0,135807000.0,1267911000.0,2895431000.0,0.0,500770000.0,500770000.0,500770000.0,0.0,0.0,0.074,0.0,761061000.0,0.0,0.435,1.64,13.833,13.896,205549000.0,0.0,36.13,1.017,1.017,247759000.0,3783109000.0,6811902000.0,6811902000.0,0.0,0.005,0.115,0.008,0.112,0.0,0.0,1.0,191724724.0,191724724.0,,35.53,100866401000.0,246063000.0,120600000.0,0.0,526.1,
85,LNC,MRT,2000-03-31,2000-03-31,2000-03-31,2021-09-07,-388397000.0,106339999000.0,101049460500.0,,,0.067,22.294,-23702000.0,1510100000.0,1510100000.0,6064171000.0,485512000.0,,23.5,1931181000.0,,,1931181000.0,0.0,0.0,19508917000.0,0.033,1.115,733624000.0,733624000.0,0.108,733624000.0,733624000.0,596692000.0,2.48,2.45,2.48,4340434000.0,4520959250.0,4340434000.0,6543464078.0,9.0,8.919,2419368000.0,12.427,1.0,733396000.0,0.108,3055110000.0,136932000.0,103705970000.0,97612394250.0,0.0,35774616000.0,,,101999565000.0,,,6522231078.0,-816946000.0,-394295000.0,-408586000.0,191624000.0,-219604000.0,-2688370000.0,-571646000.0,434493000.0,2443070000.0,0.0,485512000.0,485512000.0,485512000.0,0.0,0.0,0.071,0.0,733396000.0,0.0,0.45,1.503,13.434,13.508,207746000.0,0.0,33.5,0.959,0.959,190225000.0,3740670000.0,6797567000.0,6797567000.0,0.0,0.005,0.107,0.008,0.108,0.0,0.0,1.0,194693465.0,194693465.0,,34.914,103284889000.0,300396000.0,111180000.0,0.0,530.5,
86,LNC,MRT,1999-12-31,1999-12-31,1999-12-31,2021-09-07,-435649000.0,103095733000.0,98302030250.0,,,0.069,21.813,0.0,1895883000.0,1895883000.0,6100039000.0,460354000.0,,23.179,1917116000.0,,,1917116000.0,0.0,0.0,20228753000.0,0.028,1.1,703661000.0,703661000.0,0.103,703661000.0,703661000.0,569964000.0,2.33,2.3,2.33,4263868000.0,4712706000.0,4263868000.0,7300703720.0,10.0,10.375,2332613000.0,11.933,1.0,703661000.0,0.103,3169538000.0,133697000.0,99947428000.0,94377719000.0,0.0,35604209000.0,,,98831865000.0,,,7818915720.0,-537467000.0,-479295000.0,-377719000.0,145067000.0,-218434000.0,-1730947000.0,-1139133000.0,-387846000.0,2332613000.0,0.0,460354000.0,460354000.0,460354000.0,0.0,0.0,0.068,0.0,703661000.0,0.0,0.472,1.834,16.985,17.167,203753000.0,0.0,40.0,1.149,1.149,259630000.0,3691470000.0,6803700000.0,6803700000.0,0.0,0.005,0.098,0.007,0.103,0.0,0.0,1.0,195472893.0,195472893.0,,34.806,99926195000.0,345010000.0,109610000.0,0.0,511.202,
87,LNC,MRT,1999-09-30,1999-09-30,1999-09-30,2021-09-07,-63570000.0,96500673000.0,95987162000.0,,,0.07,23.45,0.0,2342946000.0,2342946000.0,5816652000.0,551333000.0,,19.699,1824734000.0,,,1824734000.0,0.0,0.0,20555071000.0,0.029,1.085,893119000.0,893119000.0,0.133,893119000.0,893119000.0,760641000.0,2.76,2.72,2.76,4662157000.0,4993724250.0,4662157000.0,6408712092.0,7.0,7.176,3098168000.0,15.583,1.0,893119000.0,0.133,3195661000.0,132478000.0,92786800000.0,91851338500.0,0.0,36555764000.0,,,91838516000.0,,,7467541092.0,-382409000.0,1464139000.0,-356722000.0,11231000.0,-217103000.0,-2547802000.0,-932775000.0,-1768576000.0,3098168000.0,0.0,551333000.0,551333000.0,551333000.0,0.0,0.0,0.082,0.0,893119000.0,0.0,0.393,1.602,13.545,13.609,191852000.0,0.0,37.56,1.113,1.113,296005000.0,3741048000.0,6709771000.0,6709771000.0,0.0,0.006,0.11,0.01,0.133,0.0,0.0,1.0,198816323.0,198816323.0,,33.749,93305012000.0,457268000.0,209308000.0,0.0,469.303,
88,LNC,MRT,1999-06-30,1999-06-30,1999-06-30,2021-09-07,19538000.0,98261437000.0,93013542250.0,,,0.07,24.046,0.0,2151089000.0,2151089000.0,5628952000.0,532465000.0,,19.397,1092260000.0,,,1092260000.0,0.0,0.0,20579499000.0,0.02,1.07,856284000.0,856284000.0,0.132,856284000.0,856284000.0,724537000.0,2.65,2.62,2.65,4817378000.0,5210087000.0,4817378000.0,9146700303.0,11.0,10.682,2295445000.0,11.458,1.0,856284000.0,0.132,3193229000.0,131747000.0,94009379000.0,88792739250.0,0.0,37384897000.0,,,93444059000.0,,,10479758303.0,-263025000.0,1464139000.0,-197773000.0,2970000.0,-214879000.0,-1507127000.0,-1051343000.0,-2263401000.0,2295445000.0,0.0,532465000.0,532465000.0,532465000.0,0.0,0.0,0.082,0.0,856284000.0,0.0,0.404,2.175,19.682,19.74,180659000.0,0.0,52.31,1.616,1.616,268984000.0,3791768000.0,6485236000.0,6485236000.0,0.0,0.006,0.102,0.01,0.132,0.0,0.0,1.0,200339482.0,200339482.0,,32.371,95068208000.0,478402000.0,192072000.0,0.0,474.536,
89,LNC,MRT,1999-03-31,1999-03-31,1999-03-31,2021-09-07,284763000.0,95350278000.0,90539338000.0,,,0.07,25.223,0.0,2327046000.0,2327046000.0,5452145000.0,532794000.0,,17.669,993988000.0,,,993988000.0,0.0,0.0,20600875000.0,0.021,1.055,862256000.0,862256000.0,0.137,862256000.0,862256000.0,735469000.0,2.65,2.62,2.65,5107421000.0,5293454250.0,5107421000.0,8604556870.0,10.0,9.979,2395025000.0,11.828,1.0,862256000.0,0.137,3249951000.0,126787000.0,90767269000.0,86444305750.0,0.0,38149962000.0,,,90242857000.0,,,10011125870.0,-314632000.0,1464139000.0,-49180000.0,-183104000.0,-211984000.0,-1904830000.0,-804827000.0,-2211161000.0,2395025000.0,0.0,532794000.0,532794000.0,532794000.0,0.0,0.0,0.084,0.0,862256000.0,0.0,0.398,1.96,18.79,18.657,177992000.0,0.0,49.44,1.585,1.585,241819000.0,3825705000.0,6314401000.0,6314401000.0,0.0,0.006,0.101,0.01,0.137,0.0,0.0,1.0,202490410.0,202490410.0,,31.184,92100327000.0,286037000.0,202675000.0,0.0,454.838,
90,LNC,MRT,1998-12-31,1998-12-31,1998-12-31,2021-09-07,602348000.0,93836260000.0,88672899750.0,,,0.069,26.663,0.0,2433350000.0,2433350000.0,5272614000.0,509775000.0,,16.416,1771781000.0,,,1771781000.0,0.0,0.0,20753064000.0,0.025,1.04,814449000.0,814449000.0,0.134,814449000.0,814449000.0,697398000.0,2.54,2.51,2.54,5387941000.0,5280159250.0,5387941000.0,6606937054.0,8.0,8.112,2247510000.0,11.122,1.0,814449000.0,0.134,3332785000.0,117051000.0,89841906000.0,84710888750.0,0.0,37948284000.0,,,88448319000.0,,,8265904054.0,-1361356000.0,38139000.0,-46871000.0,216623000.0,-209016000.0,-1915086000.0,-1693780000.0,-1297030000.0,2247510000.0,0.0,509775000.0,509775000.0,509775000.0,0.0,0.0,0.084,0.0,814449000.0,0.0,0.409,1.534,16.215,16.104,174762000.0,0.0,40.905,1.358,1.358,246203000.0,3790038000.0,6087063000.0,6087063000.0,0.0,0.006,0.097,0.01,0.134,0.0,0.0,1.0,202075640.0,202075640.0,,30.123,90503475000.0,204075000.0,187623000.0,0.0,447.869,
91,LNC,MRT,1998-09-30,1998-09-30,1998-09-30,2021-09-07,833559000.0,84606194000.0,84507511750.0,,,0.067,27.495,0.0,2725355000.0,2725355000.0,5209140000.0,1023324000.0,,14.306,1066388000.0,,,1066388000.0,0.0,0.0,20532312000.0,0.025,1.025,1246147000.0,1246147000.0,0.219,1246147000.0,1246147000.0,1140062000.0,5.04,4.97,5.04,5527608000.0,5178902750.0,5527608000.0,6942639349.0,6.0,5.571,944228000.0,4.697,1.0,469275000.0,0.083,2394824000.0,106085000.0,80552403000.0,80529564500.0,0.0,35781252000.0,,,79078586000.0,,,8267914349.0,1478363000.0,1212153000.0,-164332000.0,87253000.0,-206717000.0,-1482488000.0,2016083000.0,-2433665000.0,944228000.0,0.0,1023324000.0,1023324000.0,1023324000.0,0.0,0.0,0.18,0.0,469275000.0,0.0,0.203,1.496,8.079,8.16,200879000.0,0.0,41.125,1.456,1.456,241606000.0,3720003000.0,5678415000.0,5678415000.0,0.0,0.012,0.198,0.015,0.219,0.0,0.0,1.0,201043510.0,201043510.0,,28.245,82211370000.0,0.0,116738000.0,2986000.0,408.923,
92,LNC,MRT,1998-06-30,1998-06-30,1998-06-30,2021-09-07,521356000.0,88364620000.0,83346838000.0,,,0.066,25.637,0.0,2414114000.0,2414114000.0,5040329000.0,1081129000.0,,16.155,1088839000.0,,,1088839000.0,0.0,0.0,19403500000.0,0.022,1.01,1310759000.0,1310759000.0,0.237,1310759000.0,1310759000.0,1212729000.0,5.32,5.235,5.32,5150847000.0,4957265250.0,5150847000.0,7714570158.0,6.0,5.886,1144246000.0,5.695,1.0,487520000.0,0.088,2423700000.0,98030000.0,84615645000.0,80066159750.0,0.0,35294967000.0,,,83213773000.0,,,9179663158.0,1141286000.0,1212153000.0,-300477000.0,214799000.0,-205321000.0,-2226956000.0,2223996000.0,1166861000.0,1144246000.0,0.0,1081129000.0,1081129000.0,1081129000.0,-46367000.0,0.0,0.196,0.0,487520000.0,0.0,0.19,1.782,8.491,8.588,191667000.0,0.0,45.69,1.661,1.661,250828000.0,3658947000.0,5527849000.0,5527849000.0,0.0,0.013,0.218,0.016,0.237,0.0,0.0,1.0,200911866.0,200911866.0,,27.514,85940920000.0,188888000.0,131600000.0,0.0,427.754,
93,LNC,MRT,1998-03-31,1998-03-31,1998-03-31,2021-09-07,527420000.0,87884525000.0,80454193000.0,,,0.064,25.192,0.0,2641678000.0,2641678000.0,4967607000.0,924689000.0,,16.388,1176585000.0,,,1176585000.0,0.0,0.0,21034215000.0,0.023,0.995,1044256000.0,1044256000.0,0.203,1044256000.0,1044256000.0,950699000.0,4.545,4.47,4.545,5054241000.0,4790739000.0,5054241000.0,5565483882.0,5.0,5.33,1122514000.0,5.595,1.0,180820000.0,0.035,2585831000.0,93557000.0,83833601000.0,77755855000.0,0.0,35252423000.0,,,82830284000.0,,,8551944882.0,1526531000.0,1212153000.0,-341746000.0,353426000.0,-203664000.0,-1989852000.0,2393869000.0,1008605000.0,1122514000.0,0.0,924689000.0,924689000.0,924689000.0,-86564000.0,0.0,0.18,0.0,180820000.0,0.0,0.219,1.692,9.248,9.378,191049000.0,0.0,42.625,1.661,1.661,204587000.0,3562335000.0,5148427000.0,5148427000.0,0.0,0.011,0.193,0.013,0.203,0.0,0.0,1.0,200632138.0,200632138.0,,25.661,85298694000.0,78505000.0,26010000.0,0.0,425.15,
94,LNC,MRT,1997-12-31,1997-12-31,1997-12-31,2021-09-07,482196000.0,77174708000.0,76482215250.0,,,0.064,24.577,0.0,3794706000.0,3794706000.0,4771074000.0,933988000.0,,14.488,808245000.0,,,808245000.0,0.0,0.0,20063393000.0,0.025,0.98,1039163000.0,1039163000.0,0.212,1039163000.0,1039163000.0,946639000.0,4.56,4.49,4.56,4982915000.0,4597461250.0,4982915000.0,7650885171.0,7.0,7.363,1034574000.0,5.103,1.0,127405000.0,0.026,1071638000.0,92524000.0,73116609000.0,74419151500.0,0.0,29839821000.0,,,72191793000.0,,,7920411171.0,2649940000.0,2638153000.0,-327585000.0,-8694000.0,-201927000.0,-2228128000.0,3843494000.0,1084276000.0,1034574000.0,0.0,933988000.0,933988000.0,933988000.0,-134886000.0,0.0,0.191,0.0,127405000.0,0.0,0.215,1.59,8.48,8.567,189811000.0,0.0,39.065,1.617,1.617,197509000.0,3533105000.0,4898479000.0,4898479000.0,0.0,0.012,0.203,0.014,0.212,0.0,0.0,1.0,202749550.0,202749550.0,,24.16,76103070000.0,0.0,12651000.0,487805000.0,375.355,
95,LNC,MRT,1997-09-30,1997-09-30,1997-09-30,2021-09-07,34042000.0,79963499000.0,75116889500.0,,,0.065,22.763,0.0,1246992000.0,1246992000.0,4428602000.0,437616000.0,,16.23,977466000.0,,,977466000.0,0.0,0.0,20438945000.0,0.028,0.965,602761000.0,602761000.0,0.124,602761000.0,602761000.0,508699000.0,2.14,,2.14,4641058000.0,4469221500.0,4641058000.0,6696124403.0,11.0,11.109,1400893000.0,6.871,1.0,419778000.0,0.087,995189000.0,94062000.0,78698784000.0,73720938500.0,0.0,29867275000.0,,,75322441000.0,,,7098179403.0,-57710000.0,2579140000.0,-242840000.0,94862000.0,-199808000.0,-1974220000.0,516157000.0,960615000.0,1400893000.0,0.0,437616000.0,437616000.0,437616000.0,-182983000.0,0.0,0.09,0.0,419778000.0,0.0,0.451,1.529,16.22,16.269,193060000.0,0.0,34.815,1.464,1.464,240899000.0,3045958000.0,4848380000.0,4848380000.0,0.0,0.006,0.098,0.008,0.124,0.0,0.0,1.0,203882792.0,203882792.0,,23.78,78968310000.0,0.0,71083000.0,84967000.0,387.322,
96,LNC,MRT,1997-06-30,1997-06-30,1997-06-30,2021-09-07,46974000.0,76794040000.0,,,,,21.725,0.0,1272828000.0,1272828000.0,4429438000.0,385672000.0,,16.123,870773000.0,,,870773000.0,0.0,0.0,20812382000.0,0.03,0.95,532261000.0,532261000.0,0.111,532261000.0,532261000.0,439153000.0,1.87,,1.87,4484742000.0,,4484742000.0,6257934085.0,12.0,11.757,1376536000.0,6.668,1.0,359291000.0,0.075,1017559000.0,93108000.0,75374426000.0,,0.0,29734433000.0,,,72309298000.0,,,6644952085.0,57964000.0,2579140000.0,-106695000.0,-242927000.0,-196800000.0,-1626004000.0,307432000.0,-2455528000.0,1376536000.0,0.0,385672000.0,385672000.0,385672000.0,-172970000.0,0.0,0.081,0.0,359291000.0,0.0,0.508,1.482,17.23,17.214,193391000.0,0.0,32.19,1.388,1.388,207878000.0,3151430000.0,4788729000.0,4788729000.0,0.0,,,,0.111,0.0,0.0,1.0,206429080.0,206429080.0,,23.198,75776481000.0,0.0,53481000.0,50620000.0,367.082,
97,LNC,MRT,1997-03-31,1997-03-31,1997-03-31,2021-09-07,240778000.0,71996614000.0,,,,,20.746,0.0,1207036000.0,1207036000.0,4237497000.0,504876000.0,,15.817,820018000.0,,,820018000.0,783472000.0,0.0,20943631000.0,0.035,0.935,727071000.0,727071000.0,0.151,727071000.0,727071000.0,638509000.0,2.44,,2.44,4281130000.0,,4281130000.0,5103737722.0,7.0,7.02,1328964000.0,6.44,1.0,568185000.0,0.118,1122809000.0,88562000.0,70486787000.0,,0.0,33291045000.0,,,67715484000.0,,,5520190722.0,-105123000.0,2579140000.0,-65426000.0,-271182000.0,-194092000.0,-1362226000.0,-71861000.0,-2631011000.0,1328964000.0,0.0,504876000.0,504876000.0,504876000.0,-158886000.0,0.0,0.105,0.0,568185000.0,0.0,0.383,1.289,10.934,10.963,253322000.0,0.0,26.75,1.149,1.149,747599000.0,3210090000.0,4805682000.0,4805682000.0,0.0,,,,0.151,0.0,0.0,1.0,206362270.0,206362270.0,,23.288,70873805000.0,41241000.0,133633000.0,0.0,343.444,
98,LNC,MRT,1996-12-31,1996-12-31,1996-12-31,2021-09-07,482045000.0,71713405000.0,67485569000.0,,,0.07,21.661,0.0,1144766000.0,1144766000.0,4144829000.0,513558000.0,,15.043,815271000.0,,,815271000.0,0.0,0.0,21165410000.0,0.035,0.92,745948000.0,745948000.0,0.158,745948000.0,745948000.0,661227000.0,2.475,2.435,2.475,4469956000.0,4424039000.0,4469956000.0,,,,1373436000.0,6.655,1.0,588779000.0,0.124,1060153000.0,84721000.0,70323757000.0,66047193500.0,0.0,29751000000.0,,,67243449000.0,,,5417009588.0,-307404000.0,2579140000.0,-32716000.0,-272962000.0,-191223000.0,-1208477000.0,-472363000.0,-2904735000.0,1373436000.0,0.0,513558000.0,513558000.0,513558000.0,-157169000.0,0.0,0.108,0.0,588779000.0,0.0,0.372,1.212,10.548,10.606,196044000.0,0.0,26.25,1.144,1.144,237345000.0,3082368000.0,4733608000.0,4733608000.0,0.0,0.008,0.116,0.011,0.158,0.0,0.0,1.0,206362270.0,206362270.0,,22.938,70653252000.0,0.0,147669000.0,161501000.0,342.375,
99,LNC,MRT,1996-09-30,1996-09-30,1996-09-30,2021-09-07,,,,,,,,,,,,,,,,,,,,,,0.041,0.905,,,,,,,,,,,,,,,,,,1.0,,,,,,,,,,,,,,,,,,,,,,,,,,,,,,,,,,,,,,,,21.94,,,,,,,,,,,,,,1.0,,,,,,,,,,
100,LNC,MRT,1996-06-30,1996-06-30,1996-06-30,2021-09-07,,,,,,,,,,,,,,,,,,,,,,0.038,0.89,,,,,,,,,,,,,,,,,,1.0,,,,,,,,,,,,,,,,,,,,,,,,,,,,,,,,,,,,,,,,23.125,,,,,,,,,,,,,,1.0,,,,,,,,,,
101,LNC,MRT,1996-03-31,1996-03-31,1996-03-31,2021-09-07,,,,,,,,,,,,,,,,,,,,,,0.033,0.875,,,,,,,,,,,,,,,,,,1.0,,,,,,,,,,,,,,,,,,,,,,,,,,,,,,,,,,,,,,,,26.5,,,,,,,,,,,,,,1.0,,,,,,,,,,
102,LNC,MRT,1995-12-31,1995-12-31,1995-12-31,2021-09-07,711593000.0,63257733000.0,,,,,,0.0,1572855000.0,1572855000.0,4099554000.0,482186000.0,,13.449,1086151000.0,,,1086151000.0,813380000.0,0.0,18784508000.0,0.032,0.86,667709000.0,667709000.0,0.146,667709000.0,667709000.0,595193000.0,2.39,2.3,2.39,4378122000.0,,4378122000.0,,,,2186290000.0,,1.0,486933000.0,0.106,1000399000.0,72516000.0,61770630000.0,,0.0,31942004000.0,,,58879611000.0,,,,437663000.0,-550066000.0,0.0,209388000.0,-178805000.0,-407000.0,-1748220000.0,-985256000.0,2186290000.0,0.0,482186000.0,482186000.0,482186000.0,-180776000.0,0.0,0.105,0.0,486933000.0,0.0,0.36,,,11.245,243763000.0,0.0,26.875,,,537979000.0,2775718000.0,4586487000.0,4586487000.0,0.0,,,,0.146,0.0,0.0,1.0,,,,,62257334000.0,0.0,113007000.0,128426000.0,,
103,LNC,MRT,1994-12-31,1994-12-31,1994-12-31,2021-09-07,,,,,,,,0.0,,,5754049000.0,349898000.0,,,,,,,,0.0,,0.047,0.82,425801000.0,425801000.0,0.069,425801000.0,425801000.0,376281000.0,1.685,,1.685,,,,,,,1182166000.0,,1.0,425801000.0,0.069,,49520000.0,,,,,,,,,,,331919000.0,417367000.0,-18395000.0,-2281000.0,-172157000.0,652485000.0,-1502732000.0,-2014665000.0,1182166000.0,0.0,349898000.0,349898000.0,349898000.0,0.0,0.0,0.057,0.0,425801000.0,,0.487,,,10.386,,0.0,17.5,,,,,6179850000.0,6179850000.0,0.0,,,,0.069,0.0,0.0,1.0,,,,,,,26383000.0,,,
