None,ticker,dimension,calendardate,datekey,reportperiod,lastupdated,accoci,assets,assetsavg,assetsc,assetsnc,assetturnover,bvps,capex,cashneq,cashnequsd,cor,consolinc,currentratio,de,debt,debtc,debtnc,debtusd,deferredrev,depamor,deposits,divyield,dps,ebit,ebitda,ebitdamargin,ebitdausd,ebitusd,ebt,eps,epsdil,epsusd,equity,equityavg,equityusd,ev,evebit,evebitda,fcf,fcfps,fxusd,gp,grossmargin,intangibles,intexp,invcap,invcapavg,inventory,investments,investmentsc,investmentsnc,liabilities,liabilitiesc,liabilitiesnc,marketcap,ncf,ncfbus,ncfcommon,ncfdebt,ncfdiv,ncff,ncfi,ncfinv,ncfo,ncfx,netinc,netinccmn,netinccmnusd,netincdis,netincnci,netmargin,opex,opinc,payables,payoutratio,pb,pe,pe1,ppnenet,prefdivis,price,ps,ps1,receivables,retearn,revenue,revenueusd,rnd,roa,roe,roic,ros,sbcomp,sgna,sharefactor,sharesbas,shareswa,shareswadil,sps,tangibles,taxassets,taxexp,taxliabilities,tbvps,workingcapital
0,ESRX,MRY,2017-12-31,2017-12-31,2017-12-31,2018-10-31,-2900000.0,54255800000.0,51757850000.0,11957100000.0,42298700000.0,1.933,31.235,-267400000.0,2309600000.0,2309600000.0,91302500000.0,4531700000.0,0.67,1.994,16014400000.0,1032900000.0,14981500000.0,16014400000.0,0.0,1802000000.0,0.0,0.0,0.0,5522600000.0,7324600000.0,0.073,7324600000.0,5522600000.0,4914700000.0,7.79,7.74,7.79,18119600000.0,16425825000.0,18119600000.0,53785980720.0,10.0,7.343,5083900000.0,8.764,1.0,8762100000.0,0.088,41540500000.0,607900000.0,8573700000.0,8629150000.0,2124900000.0,0.0,0.0,0.0,36130500000.0,17846400000.0,18284100000.0,42274080720.0,-767600000.0,-3415800000.0,-2857000000.0,468700000.0,0.0,-2433200000.0,-3690600000.0,0.0,5351300000.0,4900000.0,4517400000.0,4517400000.0,4517400000.0,0.0,14300000.0,0.045,3268100000.0,5494000000.0,13944200000.0,0.0,2.333,9.358,9.582,551300000.0,0.0,74.64,0.422,0.433,7056300000.0,16318600000.0,100064600000.0,100064600000.0,0.0,0.087,0.275,0.64,0.055,99600000.0,3268100000.0,1.0,566373000.0,580100000,583400000.0,172.495,12715300000.0,0.0,397300000.0,2562400000.0,21.919,-5889300000.0
1,ESRX,MRY,2016-12-31,2016-12-31,2016-12-31,2018-10-31,-12300000.0,51744900000.0,51155100000.0,12363400000.0,39381500000.0,1.96,25.899,-330400000.0,3077200000.0,3077200000.0,91667000000.0,3427600000.0,0.753,2.187,15568300000.0,722300000.0,14846000000.0,15568300000.0,0.0,2154600000.0,0.0,0.0,0.0,5098700000.0,7253300000.0,0.072,7253300000.0,5098700000.0,4403900000.0,5.43,5.39,5.43,16236000000.0,15520125000.0,16236000000.0,56221158590.0,11.0,7.751,4589000000.0,7.32,1.0,8620500000.0,0.086,38627300000.0,694800000.0,9180600000.0,9115850000.0,1959000000.0,0.0,0.0,0.0,35501100000.0,16428100000.0,19073000000.0,42417358590.0,-109100000.0,0.0,-4659700000.0,54300000.0,0.0,-4677800000.0,-351900000.0,0.0,4919400000.0,1200000.0,3404400000.0,3404400000.0,3404400000.0,0.0,23200000.0,0.034,3532700000.0,5087800000.0,12712600000.0,0.0,2.613,12.46,12.669,607000000.0,0.0,68.79,0.423,0.43,7062100000.0,11801200000.0,100287500000.0,100287500000.0,0.0,0.067,0.219,0.559,0.051,107000000.0,3532700000.0,1.0,616621000.0,626900000,631400000.0,159.974,13117600000.0,0.0,999500000.0,3603300000.0,20.925,-4064700000.0
2,ESRX,MRY,2015-12-31,2015-12-31,2015-12-31,2018-10-31,-14000000.0,53243300000.0,52253175000.0,12059500000.0,41183800000.0,1.947,25.215,-295900000.0,3186300000.0,3186300000.0,93349900000.0,2499500000.0,0.703,2.064,15592700000.0,1646400000.0,13946300000.0,15592700000.0,0.0,2359100000.0,0.0,0.0,0.0,4341000000.0,6700100000.0,0.066,6700100000.0,4341000000.0,3840700000.0,3.59,3.56,3.59,17372800000.0,17584525000.0,17372800000.0,74361985160.0,17.0,11.099,4552400000.0,6.607,1.0,8401900000.0,0.083,39747000000.0,500300000.0,8747400000.0,9598225000.0,2023100000.0,0.0,0.0,0.0,35862800000.0,17155300000.0,18707500000.0,59113285160.0,1353700000.0,0.0,-5316900000.0,2109200000.0,0.0,-3217000000.0,-268500000.0,0.0,4848300000.0,-9100000.0,2476400000.0,2476400000.0,2476400000.0,0.0,23100000.0,0.024,4062600000.0,4339300000.0,12849500000.0,0.0,3.403,23.871,24.348,1291300000.0,0.0,87.41,0.581,0.592,6721300000.0,8396800000.0,101751800000.0,101751800000.0,0.0,0.047,0.141,0.452,0.043,117100000.0,4062600000.0,1.0,676276000.0,689000000,695300000.0,147.68,13496300000.0,0.0,1364300000.0,4069800000.0,19.588,-5095800000.0
3,ESRX,MRY,2014-12-31,2014-12-31,2014-12-31,2018-10-31,2100000.0,53748300000.0,53642100000.0,10568100000.0,43180200000.0,1.881,26.728,-436600000.0,1832600000.0,1832600000.0,92962000000.0,2035000000.0,0.621,1.68,13517400000.0,2551000000.0,10966400000.0,13517400000.0,0.0,2242900000.0,0.0,0.0,0.0,3621700000.0,5864600000.0,0.058,5864600000.0,3621700000.0,3038800000.0,2.68,2.64,2.68,20054200000.0,20634525000.0,20054200000.0,75969259700.0,21.0,12.954,4112400000.0,5.481,1.0,7925100000.0,0.079,41481800000.0,582900000.0,6938700000.0,8485150000.0,2113200000.0,0.0,0.0,0.0,33684300000.0,17012600000.0,16671700000.0,62140159700.0,-158800000.0,0.0,-3982500000.0,-344200000.0,0.0,-4289700000.0,-411900000.0,0.0,4549000000.0,-6200000.0,2007600000.0,2007600000.0,2007600000.0,0.0,27400000.0,0.02,4322700000.0,3602400000.0,11625500000.0,0.0,3.099,30.952,31.593,1584000000.0,0.0,84.67,0.616,0.63,5979800000.0,5920400000.0,100887100000.0,100887100000.0,0.0,0.037,0.097,0.427,0.036,111000000.0,4322700000.0,1.0,733910000.0,750300000,759100000.0,134.462,12266500000.0,390800000.0,1031200000.0,4923200000.0,16.349,-6444500000.0
4,ESRX,MRY,2013-12-31,2013-12-31,2013-12-31,2018-10-31,11700000.0,53548200000.0,54619600000.0,8491400000.0,45056800000.0,1.906,27.006,-423000000.0,2014200000.0,2014200000.0,95966400000.0,1872700000.0,0.642,1.452,13947000000.0,1584000000.0,12363000000.0,13947000000.0,0.0,2447000000.0,0.0,0.0,0.0,3544700000.0,5991700000.0,0.058,5991700000.0,3544700000.0,2948600000.0,2.28,2.25,2.28,21837400000.0,23256000000.0,21837400000.0,68971913440.0,19.0,11.511,4334500000.0,5.36,1.0,8132400000.0,0.078,43321000000.0,596100000.0,8924700000.0,11286725000.0,1871100000.0,0.0,0.0,0.0,31703400000.0,13235300000.0,18468100000.0,56599813440.0,-801700000.0,356900000.0,-3589200000.0,-1931600000.0,0.0,-5494800000.0,-72100000.0,0.0,4757500000.0,-5700000.0,1844600000.0,1844600000.0,1844600000.0,53600000.0,28100000.0,0.018,4580700000.0,3551700000.0,9667800000.0,0.0,2.592,30.684,30.807,1658900000.0,0.0,70.24,0.544,0.546,4022900000.0,3912800000.0,104098800000.0,104098800000.0,0.0,0.034,0.079,0.314,0.034,164700000.0,4580700000.0,1.0,805806000.0,808600000,821600000.0,128.74,10227200000.0,455400000.0,1104000000.0,5440600000.0,12.648,-4743900000.0
5,ESRX,MRY,2012-12-31,2012-12-31,2012-12-31,2018-10-31,18900000.0,58111200000.0,48271400000.0,10756900000.0,47354300000.0,1.941,31.977,-160200000.0,2812700000.0,2812700000.0,86402400000.0,1330100000.0,0.824,1.485,15915000000.0,934900000.0,14980100000.0,15915000000.0,0.0,1871400000.0,0.0,0.0,0.0,2769900000.0,4641300000.0,0.05,4641300000.0,2769900000.0,2150900000.0,1.8,1.76,1.8,23385000000.0,17758425000.0,23385000000.0,59914800000.0,22.0,12.909,4621400000.0,6.319,1.0,7311900000.0,0.078,45358300000.0,619000000.0,12797800000.0,13070150000.0,1652100000.0,0.0,0.0,0.0,34715500000.0,13057400000.0,21658100000.0,44085600000.0,-2827000000.0,-10222100000.0,326000000.0,2590400000.0,0.0,2823600000.0,-10391700000.0,0.0,4781600000.0,2000000.0,1312900000.0,1312900000.0,1312900000.0,32300000.0,17200000.0,0.014,4518000000.0,2793900000.0,10338900000.0,0.0,1.885,33.579,30.0,1632100000.0,0.0,54.0,0.47,0.421,5425800000.0,2068200000.0,93714300000.0,93714300000.0,0.0,0.027,0.074,0.212,0.03,410000000.0,4518000000.0,1.0,816400000.0,731300000,747300000.0,128.148,12752900000.0,400600000.0,838000000.0,5936500000.0,17.439,-2300500000.0
6,ESRX,MRY,2011-12-31,2011-12-31,2011-12-31,2018-10-31,17000000.0,15607000000.0,11856175000.0,8058000000.0,7549000000.0,3.891,4.939,-144400000.0,5637900000.0,5637900000.0,42918400000.0,1278500000.0,1.476,5.309,8076300000.0,999900000.0,7076400000.0,8076300000.0,0.0,253400000.0,0.0,0.0,0.0,2324100000.0,2577500000.0,0.056,2577500000.0,2324100000.0,2024400000.0,2.55,2.53,2.55,2473700000.0,2607400000.0,2473700000.0,24648742520.0,11.0,9.563,2048700000.0,4.09,1.0,3209900000.0,0.07,7106600000.0,299700000.0,5480700000.0,2653575000.0,374400000.0,0.0,0.0,0.0,13131700000.0,5458100000.0,7673600000.0,21742042520.0,5096400000.0,0.0,-2483500000.0,5580200000.0,0.0,3029400000.0,-123900000.0,0.0,2193100000.0,-2200000.0,1275800000.0,1275800000.0,1275800000.0,0.0,2700000.0,0.028,895500000.0,2314400000.0,3802200000.0,0.0,8.789,17.042,17.525,416200000.0,0.0,44.69,0.471,0.485,1915700000.0,6645600000.0,46128300000.0,46128300000.0,0.0,0.108,0.489,0.876,0.05,48800000.0,895500000.0,1.0,486508000.0,500900000,505000000.0,92.091,8500400000.0,45800000.0,748600000.0,546500000.0,16.97,2599900000.0
7,ESRX,MRY,2010-12-31,2010-12-31,2010-12-31,2018-10-31,19800000.0,10557800000.0,11008750000.0,2941300000.0,7616500000.0,4.085,6.697,-119900000.0,540000000.0,540000000.0,42015000000.0,1181200000.0,0.751,1.927,2493800000.0,100000.0,2493700000.0,2493800000.0,0.0,244700000.0,0.0,0.0,0.0,2052400000.0,2297100000.0,0.051,2297100000.0,2052400000.0,1885300000.0,2.19,2.17,2.19,3606600000.0,3530100000.0,3606600000.0,30656804550.0,15.0,13.346,1997500000.0,3.709,1.0,2958200000.0,0.066,7211200000.0,167100000.0,1383200000.0,1292800000.0,382400000.0,0.0,0.0,0.0,6951200000.0,3917200000.0,3034000000.0,28441704550.0,-546700000.0,2500000.0,-1240900000.0,-1340100000.0,0.0,-2523000000.0,-145900000.0,-29400000.0,2117400000.0,4800000.0,1181200000.0,1181200000.0,1181200000.0,23400000.0,0.0,0.026,887300000.0,2070900000.0,3323200000.0,0.0,7.886,24.079,24.68,372700000.0,0.0,54.05,0.632,0.647,1720900000.0,5369800000.0,44973200000.0,44973200000.0,0.0,0.107,0.335,1.588,0.046,49700000.0,887300000.0,1.0,526211000.0,538500000,544000000.0,83.516,3346600000.0,86000000.0,704100000.0,0.0,6.215,-975900000.0
8,ESRX,MRY,2009-12-31,2009-12-31,2009-12-31,2018-10-31,14100000.0,11931200000.0,9418275000.0,4143500000.0,7787700000.0,2.625,6.74,-147500000.0,1079500000.0,1079500000.0,22298300000.0,827600000.0,0.759,2.359,3832600000.0,1340100000.0,2492500000.0,3832600000.0,0.0,106700000.0,0.0,0.0,0.0,1503800000.0,1610500000.0,0.065,1610500000.0,1503800000.0,1309400000.0,1.57,1.56,1.57,3551800000.0,2810875000.0,3551800000.0,23803102400.0,16.0,14.78,1624000000.0,3.082,1.0,2424000000.0,0.098,7377900000.0,194400000.0,1849600000.0,2658400000.0,313000000.0,0.0,0.0,0.0,8379400000.0,5456800000.0,2922600000.0,23741302400.0,539700000.0,-4672600000.0,1581600000.0,2071500000.0,0.0,3587000000.0,-4822400000.0,3900000.0,1771500000.0,3600000.0,827600000.0,827600000.0,827600000.0,-1000000.0,0.0,0.033,926500000.0,1497500000.0,3557100000.0,0.0,6.684,28.687,27.522,347100000.0,0.0,43.21,0.96,0.921,2516400000.0,4188600000.0,24722300000.0,24722300000.0,0.0,0.088,0.294,0.566,0.061,44600000.0,926500000.0,1.0,549440000.0,527000000,532200000.0,46.911,4553300000.0,135000000.0,481800000.0,0.0,8.64,-1313300000.0
9,ESRX,MRY,2008-12-31,2008-12-31,2008-12-31,2018-10-31,6200000.0,5509200000.0,5309125000.0,2043800000.0,3465400000.0,4.133,2.166,-83800000.0,535500000.0,535500000.0,19910600000.0,776100000.0,0.751,4.11,1760300000.0,420000000.0,1340300000.0,1760300000.0,0.0,94100000.0,0.0,0.0,0.0,1285200000.0,1379300000.0,0.063,1379300000.0,1285200000.0,1207600000.0,1.56,1.54,1.56,1078200000.0,837175000.0,1078200000.0,15215095820.0,12.0,11.031,1019200000.0,2.047,1.0,2030600000.0,0.093,3213700000.0,77600000.0,798600000.0,1058175000.0,203000000.0,0.0,0.0,0.0,4431000000.0,2721700000.0,1709300000.0,13605295820.0,96000000.0,-223800000.0,-462500000.0,-260000000.0,0.0,-680400000.0,-320600000.0,-10400000.0,1103000000.0,-6000000.0,776100000.0,776100000.0,776100000.0,-200000.0,0.0,0.035,756300000.0,1274300000.0,1877100000.0,0.0,12.619,17.53,17.622,222200000.0,0.0,27.49,0.62,0.624,1155900000.0,3361000000.0,21941200000.0,21941200000.0,0.0,0.146,0.927,1.215,0.059,40200000.0,756300000.0,1.0,494918000.0,497800000,503600000.0,44.076,2295500000.0,118200000.0,431500000.0,0.0,4.611,-677900000.0
10,ESRX,MRY,2007-12-31,2007-12-31,2007-12-31,2018-10-31,20900000.0,5256400000.0,5118375000.0,1967800000.0,3288600000.0,4.264,1.337,-75000000.0,436900000.0,436900000.0,20065200000.0,567800000.0,0.795,6.548,2020400000.0,260100000.0,1760300000.0,2020400000.0,0.0,97500000.0,0.0,0.0,0.0,1020400000.0,1117900000.0,0.051,1117900000.0,1020400000.0,912000000.0,1.09,1.075,1.09,696400000.0,802300000.0,696400000.0,20283612000.0,20.0,18.144,752300000.0,1.445,1.0,1758800000.0,0.081,3037300000.0,108400000.0,1327600000.0,1269650000.0,166100000.0,0.0,0.0,0.0,4560000000.0,2475000000.0,2085000000.0,18399212000.0,303700000.0,-14300000.0,-1087500000.0,569900000.0,0.0,-469700000.0,-58300000.0,34200000.0,827300000.0,4400000.0,567800000.0,567800000.0,567800000.0,32700000.0,0.0,0.026,698000000.0,1060800000.0,1776200000.0,0.0,26.42,32.404,33.486,215500000.0,0.0,36.5,0.843,0.871,1184600000.0,2584900000.0,21824000000.0,21824000000.0,0.0,0.111,0.708,0.804,0.047,31600000.0,698000000.0,1.0,504088000.0,520800000,528000000.0,41.905,2219100000.0,121100000.0,344200000.0,0.0,4.261,-507200000.0
11,ESRX,MRY,2006-12-31,2006-12-31,2006-12-31,2018-10-31,11900000.0,5108100000.0,5153925000.0,1772100000.0,3336000000.0,4.184,2.012,-66600000.0,131000000.0,131000000.0,20093700000.0,474400000.0,0.729,3.541,1450500000.0,180100000.0,1270400000.0,1450500000.0,0.0,99800000.0,0.0,0.0,0.0,836900000.0,936700000.0,0.043,936700000.0,836900000.0,741200000.0,0.85,0.835,0.85,1124900000.0,1186400000.0,1124900000.0,11259589200.0,13.0,12.02,592000000.0,1.059,1.0,1468900000.0,0.068,3056900000.0,95700000.0,941300000.0,1176425000.0,191400000.0,0.0,0.0,0.0,3983200000.0,2429400000.0,1553800000.0,9697289200.0,-346900000.0,100000.0,-874600000.0,-60100000.0,0.0,-904700000.0,-101000000.0,-31500000.0,658600000.0,200000.0,474400000.0,474400000.0,474400000.0,1000000.0,0.0,0.022,643100000.0,825800000.0,1851800000.0,0.0,8.621,20.441,21.059,198000000.0,0.0,17.9,0.45,0.464,1292800000.0,2017300000.0,21562600000.0,21562600000.0,0.0,0.092,0.4,0.711,0.039,27600000.0,643100000.0,1.0,541748000.0,559200000,568000000.0,38.56,2051200000.0,90500000.0,266800000.0,0.0,3.668,-657300000.0
12,ESRX,MRY,2005-12-31,2005-12-31,2005-12-31,2018-10-31,9800000.0,5493500000.0,4196073250.0,2257400000.0,3236100000.0,3.858,2.495,-58700000.0,477900000.0,477900000.0,14997300000.0,400100000.0,0.942,2.75,1510500000.0,110000000.0,1400500000.0,1510500000.0,0.0,84300000.0,0.0,0.0,0.0,651600000.0,735900000.0,0.045,735900000.0,651600000.0,614400000.0,0.68,0.67,0.68,1464800000.0,1380500250.0,1464800000.0,12166577607.0,19.0,16.533,734200000.0,1.25,1.0,1191100000.0,0.074,3003400000.0,37200000.0,1127500000.0,256445500.0,273400000.0,0.0,0.0,0.0,4028700000.0,2395200000.0,1633500000.0,12204097607.0,311900000.0,-1310600000.0,-180400000.0,1076400000.0,0.0,887000000.0,-1368600000.0,-300000.0,792900000.0,600000.0,400100000.0,400100000.0,400100000.0,-600000.0,0.0,0.025,548900000.0,642200000.0,1976500000.0,0.0,8.332,30.503,30.809,201300000.0,0.0,20.95,0.754,0.76,1393200000.0,1542900000.0,16188400000.0,16188400000.0,0.0,0.095,0.29,2.541,0.04,47100000.0,548900000.0,1.0,582534492.0,587200000,598000000.0,27.569,2490100000.0,53100000.0,214300000.0,0.0,4.241,-137800000.0
13,ESRX,MRY,2004-12-31,2004-12-31,2004-12-31,2018-10-31,8266000.0,3600086000.0,3614239500.0,1443017000.0,2157069000.0,4.182,1.957,-51500000.0,166054000.0,166054000.0,14170500000.0,278200000.0,0.796,2.009,434113000.0,22056000.0,412057000.0,434113000.0,0.0,70100000.0,0.0,0.0,0.0,492300000.0,562400000.0,0.037,562400000.0,492300000.0,450600000.0,0.455,0.448,0.455,1196314000.0,1266453000.0,1196314000.0,6086697098.0,12.0,10.823,444700000.0,0.728,1.0,944200000.0,0.062,1954205000.0,41700000.0,100529000.0,215376750.0,158775000.0,0.0,0.0,0.0,2403772000.0,1813411000.0,590361000.0,5808195098.0,-230000000.0,-331600000.0,-305400000.0,-20400000.0,0.0,-330400000.0,-397000000.0,-13900000.0,496200000.0,1200000.0,278200000.0,278200000.0,278200000.0,0.0,0.0,0.018,451200000.0,493000000.0,1559660000.0,0.0,4.855,20.878,21.0,181166000.0,0.0,9.555,0.384,0.386,1057222000.0,1142757000.0,15114700000.0,15114700000.0,0.0,0.077,0.22,2.286,0.033,22700000.0,451200000.0,1.0,607869712.0,611200000,620000000.0,24.73,1645881000.0,33074000.0,172400000.0,0.0,2.693,-370394000.0
14,ESRX,MRY,2003-12-31,2003-12-31,2003-12-31,2018-10-31,3638000.0,3409174000.0,3325098750.0,1560135000.0,1849039000.0,3.998,1.913,-47000000.0,396040000.0,396040000.0,12428000000.0,250000000.0,0.959,1.855,455018000.0,0.0,455018000.0,455018000.0,0.0,54000000.0,0.0,0.0,0.0,446000000.0,500000000.0,0.038,500000000.0,446000000.0,405000000.0,0.4,0.395,0.4,1193993000.0,1144232750.0,1193993000.0,5380420450.0,12.0,10.761,411000000.0,0.659,1.0,867000000.0,0.065,1653552000.0,41000000.0,188192000.0,293521000.0,116375000.0,0.0,0.0,0.0,2215181000.0,1626408000.0,588773000.0,5217641450.0,205000000.0,4000000.0,-102000000.0,-110000000.0,0.0,-212000000.0,-43000000.0,0.0,458000000.0,2000000.0,250000000.0,250000000.0,250000000.0,0.0,0.0,0.019,417000000.0,450000000.0,1409903000.0,0.0,4.37,20.871,20.759,177312000.0,0.0,8.304,0.392,0.39,1011154000.0,864550000.0,13295000000.0,13295000000.0,0.0,0.075,0.218,1.519,0.034,35000000.0,417000000.0,1.0,628347608.0,624000000,632000000.0,21.306,1755622000.0,15346000.0,155000000.0,0.0,2.813,-66273000.0
15,ESRX,MRY,2002-12-31,2002-12-31,2002-12-31,2018-10-31,-4422000.0,3206992000.0,3008571500.0,1393821000.0,1813171000.0,4.079,1.61,-61303000.0,190654000.0,190654000.0,11447095000.0,202836000.0,0.903,2.198,565806000.0,3250000.0,562556000.0,565806000.0,0.0,82038000.0,0.0,0.0,0.0,371893000.0,453931000.0,0.037,453931000.0,371893000.0,328003000.0,0.325,0.319,0.325,1002855000.0,948931250.0,1002855000.0,4201833745.0,11.0,9.257,364667000.0,0.585,1.0,823418000.0,0.067,1629547000.0,43890000.0,408840000.0,477999750.0,160483000.0,0.0,0.0,0.0,2204137000.0,1543757000.0,660380000.0,3742547745.0,12939000.0,-487982000.0,-80515000.0,220000000.0,0.0,135623000.0,-548728000.0,0.0,425970000.0,74000.0,202836000.0,202836000.0,202836000.0,0.0,0.0,0.017,451692000.0,371726000.0,1340151000.0,0.0,3.732,18.451,18.477,168973000.0,0.0,6.005,0.305,0.305,988544000.0,614950000.0,12270513000.0,12270513000.0,0.0,0.067,0.214,0.778,0.03,26700000.0,451692000.0,1.0,623238592.0,622928000,637336000.0,19.698,1577445000.0,25686000.0,125167000.0,0.0,2.532,-149936000.0
16,ESRX,MRY,2001-12-31,2001-12-31,2001-12-31,2018-10-31,-4593000.0,2500245000.0,2374443500.0,1213203000.0,1287042000.0,3.617,1.336,-56442000.0,177715000.0,177715000.0,7992132000.0,124700000.0,0.974,2.005,346119000.0,0.0,346119000.0,346119000.0,0.0,78181000.0,0.0,0.0,0.0,242463000.0,320644000.0,0.037,320644000.0,242463000.0,207642000.0,0.2,0.195,0.2,831997000.0,798871250.0,831997000.0,3943494499.0,16.0,12.299,224548000.0,0.361,1.0,595868000.0,0.069,1107629000.0,34821000.0,315403000.0,372897000.0,122375000.0,0.0,0.0,0.0,1668248000.0,1245617000.0,422631000.0,3702115499.0,124511000.0,-20265000.0,-29549000.0,-50000000.0,0.0,-79549000.0,-76719000.0,0.0,280990000.0,-211000.0,124700000.0,124700000.0,124700000.0,0.0,0.0,0.015,358691000.0,237177000.0,1092144000.0,0.0,4.45,29.688,29.225,165263000.0,0.0,5.845,0.431,0.424,883827000.0,412114000.0,8588000000.0,8588000000.0,0.0,0.053,0.156,0.65,0.028,31259000.0,358691000.0,1.0,633381608.0,622856000,638616000.0,13.788,1392616000.0,16368000.0,82942000.0,0.0,2.236,-32414000.0
17,ESRX,MRY,2000-12-31,2000-12-31,2000-12-31,2018-10-31,-97000.0,2276644000.0,2267828750.0,998169000.0,1278475000.0,2.69,1.154,-71387000.0,53204000.0,53204000.0,5562089000.0,-9126000.0,0.894,2.228,396441000.0,0.0,396441000.0,396441000.0,0.0,78038000.0,0.0,0.0,0.0,42330000.0,120368000.0,0.02,120368000.0,42330000.0,-5573000.0,-0.015,-0.015,-0.015,705244000.0,665405250.0,705244000.0,4352802949.0,103.0,36.162,174523000.0,0.286,1.0,538967000.0,0.088,1124111000.0,47903000.0,379826000.0,475073250.0,110053000.0,0.0,0.0,0.0,1571400000.0,1115944000.0,455456000.0,3948461949.0,-79426000.0,0.0,-11558000.0,-240069000.0,0.0,-251627000.0,-73578000.0,0.0,245910000.0,-131000.0,-9126000.0,-9126000.0,-9126000.0,0.0,0.0,-0.001,338755000.0,200212000.0,973029000.0,0.0,5.599,-432.661,-426.25,147709000.0,0.0,6.394,0.647,0.64,802790000.0,287414000.0,6101056000.0,6101056000.0,0.0,-0.004,-0.014,0.089,0.007,16742000.0,338755000.0,1.0,617550256.0,611136000,611136000.0,9.983,1152533000.0,22180000.0,3553000.0,0.0,1.886,-117775000.0
18,ESRX,MRY,1999-12-31,1999-12-31,1999-12-31,2018-10-31,-9521000.0,2487311000.0,1932365250.0,1066355000.0,1420956000.0,2.28,1.211,-36958000.0,132630000.0,132630000.0,3943998000.0,150218000.0,0.969,2.556,635873000.0,0.0,635873000.0,635873000.0,0.0,71867000.0,0.0,0.0,0.0,318326000.0,390193000.0,0.089,390193000.0,318326000.0,258316000.0,0.26,0.254,0.26,699482000.0,530888250.0,699482000.0,3078719536.0,10.0,7.89,177101000.0,0.307,1.0,461199000.0,0.105,1165916000.0,60010000.0,724280000.0,688645000.0,113248000.0,150365000.0,0.0,150365000.0,1787829000.0,1100358000.0,687471000.0,2465337536.0,10041000.0,-722618000.0,305816000.0,275950000.0,0.0,555450000.0,-759576000.0,0.0,214059000.0,108000.0,150218000.0,150218000.0,150218000.0,0.0,0.0,0.034,324415000.0,136784000.0,963361000.0,0.0,3.525,16.412,15.385,97573000.0,0.0,4.0,0.56,0.524,783086000.0,296540000.0,4405197000.0,4405197000.0,0.0,0.078,0.283,0.462,0.072,3201000.0,294194000.0,1.0,616334384.0,577520000,592528000.0,7.628,1321395000.0,32248000.0,108098000.0,0.0,2.288,-34003000.0
19,ESRX,MRY,1998-12-31,1998-12-31,1998-12-31,2018-10-31,-74000.0,1095461000.0,894242000.0,656907000.0,438554000.0,3.159,0.471,-23853000.0,122589000.0,122589000.0,2584997000.0,42674000.0,1.218,3.387,360000000.0,54000000.0,306000000.0,360000000.0,0.0,26449000.0,0.0,0.0,0.0,96470000.0,122919000.0,0.044,122919000.0,96470000.0,76240000.0,0.081,0.079,0.081,249694000.0,231718250.0,249694000.0,2515831410.0,26.0,20.467,102721000.0,0.194,1.0,239875000.0,0.085,347928000.0,20230000.0,445648000.0,406418750.0,55634000.0,0.0,0.0,0.0,845767000.0,539296000.0,306471000.0,2256931410.0,58434000.0,-460137000.0,2021000.0,360000000.0,0.0,357959000.0,-426052000.0,57938000.0,126574000.0,-47000.0,42674000.0,42674000.0,42674000.0,0.0,0.0,0.015,150641000.0,89234000.0,398498000.0,0.0,9.039,52.888,51.798,77499000.0,0.0,4.196,0.799,0.787,433006000.0,146322000.0,2824872000.0,2824872000.0,0.0,0.048,0.184,0.237,0.034,1345000.0,148990000.0,1.0,537924960.0,529680000,539168000.0,5.333,747533000.0,41011000.0,33566000.0,0.0,1.411,117611000.0
20,ESRX,MRY,1997-12-31,1997-12-31,1997-12-31,2018-10-31,-27000.0,402508000.0,351466500.0,363968000.0,38540000.0,3.501,0.389,-12905000.0,64155000.0,64155000.0,1119167000.0,33429000.0,1.839,0.976,0.0,0.0,0.0,0.0,0.0,10358000.0,0.0,0.0,0.0,54931000.0,65289000.0,0.053,65289000.0,54931000.0,54706000.0,0.064,0.063,0.064,203701000.0,183895500.0,203701000.0,,,,39486000.0,0.075,1.0,111467000.0,0.091,251000.0,225000.0,140196000.0,140260000.0,28935000.0,57938000.0,57938000.0,0.0,198807000.0,197906000.0,901000.0,1006756200.0,38944000.0,0.0,3033000.0,0.0,0.0,3033000.0,-16455000.0,-3550000.0,52391000.0,-25000.0,33429000.0,33429000.0,33429000.0,0.0,0.0,0.027,62617000.0,48850000.0,182899000.0,0.0,4.942,30.116,29.297,26821000.0,0.0,1.875,0.818,0.797,210291000.0,103648000.0,1230634000.0,1230634000.0,0.0,0.095,0.182,0.392,0.045,3174000.0,62617000.0,1.0,536936640.0,523408000,529952000.0,2.351,402257000.0,2303000.0,21277000.0,0.0,0.769,166062000.0
21,ESRX,MRY,1996-12-31,1996-12-31,1996-12-31,2018-10-31,-2000.0,300425000.0,,263149000.0,37276000.0,,0.319,-9480000.0,25211000.0,25211000.0,684882000.0,26148000.0,1.951,0.831,0.0,0.0,0.0,0.0,0.0,6707000.0,0.0,0.0,0.0,43139000.0,49846000.0,0.064,49846000.0,43139000.0,43080000.0,0.051,0.05,0.051,164090000.0,,164090000.0,,,,20383000.0,0.04,1.0,88733000.0,0.115,0.0,59000.0,140324000.0,,17491000.0,54388000.0,54388000.0,0.0,136335000.0,134890000.0,1445000.0,,13705000.0,-940000.0,48652000.0,0.0,0.0,48652000.0,-64808000.0,-54388000.0,29863000.0,-2000.0,26148000.0,26148000.0,26148000.0,0.0,0.0,0.034,49103000.0,39630000.0,115212000.0,0.0,,,21.979,21447000.0,0.0,1.121,,0.746,163805000.0,70219000.0,773615000.0,773615000.0,0.0,,,,0.056,661000.0,49103000.0,1.0,,514560000,523200000.0,1.503,300425000.0,2254000.0,16932000.0,0.0,0.584,128259000.0
22,ESRX,MRY,1995-12-31,1995-12-31,1995-12-31,2018-10-31,,,,,,,,-8047000.0,,,478283000.0,18327000.0,,,,,,,,4381000.0,,0.0,0.0,29720000.0,34101000.0,0.063,34101000.0,29720000.0,29634000.0,0.038,0.037,0.038,,,,,,,3453000.0,0.007,1.0,66177000.0,0.122,,86000.0,,,,,,,,,,,5764000.0,0.0,2311000.0,0.0,0.0,2311000.0,-8047000.0,0.0,11500000.0,0.0,18327000.0,18327000.0,18327000.0,0.0,0.0,0.034,37300000.0,28877000.0,,0.0,,,41.941,,0.0,1.594,,1.393,,,544460000.0,544460000.0,0.0,,,,0.055,3572000.0,37300000.0,,,475872000,489376000.0,1.144,,,11307000.0,,,
0,ESRX,MRQ,2018-09-30,2018-09-30,2018-09-30,2018-10-31,-6500000.0,55441600000.0,,14352200000.0,41089400000.0,,36.536,-65500000.0,3705700000.0,3705700000.0,23211800000.0,1073800000.0,0.768,1.695,14995500000.0,2021300000.0,12974200000.0,14995500000.0,0.0,497700000.0,0.0,0.0,0.0,1499400000.0,1997100000.0,0.078,1997100000.0,1499400000.0,1348400000.0,1.9,1.89,1.9,20565900000.0,,20565900000.0,65465777290.0,12.0,8.918,693900000.0,1.233,1.0,2351400000.0,0.092,40363500000.0,151000000.0,7676500000.0,,2168900000.0,0.0,0.0,0.0,34868800000.0,18691400000.0,16177400000.0,53417377290.0,763400000.0,0.0,92700000.0,0.0,0.0,69100000.0,-69100000.0,0.0,759400000.0,4000000.0,1071600000.0,1071600000.0,1071600000.0,0.0,2200000.0,0.042,862800000.0,1488600000.0,14603100000.0,0.0,2.597,10.902,11.022,490900000.0,0.0,95.01,0.527,0.528,7824100000.0,18890700000.0,25563200000.0,25563200000.0,0.0,,,,,29000000.0,862800000.0,1.0,562229000.0,562900000,567900000.0,45.413,15078100000.0,0.0,276800000.0,2347800000.0,26.786,-4339200000.0
1,ESRX,MRQ,2018-06-30,2018-06-30,2018-06-30,2018-10-31,-8000000.0,54677800000.0,,13170100000.0,41507700000.0,,34.472,-75400000.0,2942300000.0,2942300000.0,23437600000.0,879400000.0,0.709,1.823,14990700000.0,1533100000.0,13457600000.0,14990700000.0,0.0,503700000.0,0.0,0.0,0.0,1318900000.0,1822600000.0,0.071,1822600000.0,1318900000.0,1167600000.0,1.56,1.55,1.56,19370000000.0,,19370000000.0,56038978410.0,10.0,7.696,641900000.0,1.142,1.0,2204200000.0,0.086,40772200000.0,151300000.0,7367300000.0,,2293100000.0,0.0,0.0,0.0,35302500000.0,18586700000.0,16715800000.0,43370478410.0,624700000.0,-3300000.0,23900000.0,0.0,0.0,11300000.0,-97400000.0,0.0,717300000.0,-6500000.0,877300000.0,877300000.0,877300000.0,0.0,2100000.0,0.034,892000000.0,1312200000.0,14685000000.0,0.0,2.239,9.287,9.427,504700000.0,0.0,77.21,0.432,0.432,7338100000.0,17819100000.0,25641800000.0,25641800000.0,0.0,,,,,28400000.0,892000000.0,1.0,561721000.0,561900000,565500000.0,45.634,13905600000.0,0.0,290300000.0,2426600000.0,24.747,-5416600000.0
2,ESRX,MRQ,2018-03-31,2018-03-31,2018-03-31,2018-10-31,-5700000.0,53405600000.0,,11474800000.0,41930800000.0,,32.769,-100400000.0,2317600000.0,2317600000.0,22890000000.0,625900000.0,0.686,1.895,14986100000.0,85600000.0,14900500000.0,14986100000.0,0.0,498800000.0,0.0,0.0,0.0,970900000.0,1469700000.0,0.059,1469700000.0,970900000.0,816900000.0,1.11,1.1,1.11,18442500000.0,,18442500000.0,52689890760.0,10.0,7.226,1411200000.0,2.507,1.0,1879400000.0,0.076,41156500000.0,154000000.0,8194500000.0,,2027800000.0,0.0,0.0,0.0,34957500000.0,16723100000.0,18234400000.0,38985090760.0,8000000.0,-23100000.0,-338400000.0,-1026400000.0,0.0,-1372000000.0,-129500000.0,0.0,1511600000.0,-2100000.0,623200000.0,623200000.0,623200000.0,0.0,2700000.0,0.025,917800000.0,961600000.0,13926800000.0,0.0,2.114,8.486,8.624,552900000.0,0.0,69.08,0.389,0.388,6793600000.0,16941800000.0,24769400000.0,24769400000.0,0.0,,,,,32300000.0,917800000.0,1.0,564347000.0,562800000,567100000.0,44.011,12249100000.0,0.0,193700000.0,2496500000.0,21.765,-5248300000.0
3,ESRX,MRQ,2017-12-31,2017-12-31,2017-12-31,2018-10-31,-2900000.0,54255800000.0,,11957100000.0,42298700000.0,,32.064,-90100000.0,2309600000.0,2309600000.0,22888300000.0,2330900000.0,0.67,1.994,16014400000.0,1032900000.0,14981500000.0,16014400000.0,0.0,457800000.0,0.0,0.0,0.0,1593300000.0,2051100000.0,0.081,2051100000.0,1593300000.0,1425300000.0,4.05,4.02,4.05,18119600000.0,,18119600000.0,53785980720.0,10.0,7.343,1279700000.0,2.265,1.0,2490500000.0,0.098,41540500000.0,168000000.0,8573700000.0,,2124900000.0,0.0,0.0,0.0,36130500000.0,17846400000.0,18284100000.0,42274080720.0,-1086300000.0,-3293100000.0,-172600000.0,1118700000.0,0.0,923700000.0,-3379300000.0,0.0,1369800000.0,-500000.0,2327600000.0,2327600000.0,2327600000.0,0.0,3300000.0,0.092,908100000.0,1582400000.0,13944200000.0,0.0,2.333,9.358,9.582,551300000.0,0.0,74.64,0.422,0.433,7056300000.0,16318600000.0,25378800000.0,25378800000.0,0.0,,,,,21600000.0,908100000.0,1.0,566373000.0,565100000,568400000.0,44.91,12715300000.0,0.0,-902300000.0,2562400000.0,22.501,-5889300000.0
4,ESRX,MRQ,2017-09-30,2017-09-30,2017-09-30,2018-10-31,-3900000.0,51206200000.0,,12679000000.0,38527200000.0,,27.836,-72000000.0,3395900000.0,3395900000.0,22445700000.0,845000000.0,0.73,2.217,14907800000.0,1181100000.0,13726700000.0,14907800000.0,0.0,449400000.0,0.0,0.0,0.0,1488700000.0,1938100000.0,0.079,1938100000.0,1488700000.0,1341000000.0,1.47,1.46,1.47,15916500000.0,,15916500000.0,49204402680.0,9.0,6.747,1827900000.0,3.197,1.0,2237700000.0,0.091,37122600000.0,147700000.0,8238700000.0,,2052900000.0,0.0,0.0,0.0,35283900000.0,17356800000.0,17927100000.0,36570402680.0,1043400000.0,0.0,-701900000.0,-75000000.0,0.0,-783100000.0,-75800000.0,0.0,1899900000.0,2400000.0,841700000.0,841700000.0,841700000.0,0.0,3300000.0,0.034,759300000.0,1478400000.0,13861400000.0,0.0,2.298,10.09,10.414,1266600000.0,0.0,63.32,0.367,0.364,6871500000.0,13991000000.0,24683400000.0,24683400000.0,0.0,,,,,25900000.0,759300000.0,1.0,577549000.0,571800000,574700000.0,43.168,14083600000.0,0.0,499300000.0,3401900000.0,24.63,-4677800000.0
5,ESRX,MRQ,2017-06-30,2017-06-30,2017-06-30,2018-10-31,-7600000.0,50513400000.0,,11636800000.0,38876600000.0,,27.011,-59500000.0,2352500000.0,2352500000.0,23186300000.0,805500000.0,0.694,2.208,14986500000.0,1151300000.0,13835200000.0,14986500000.0,0.0,449200000.0,0.0,0.0,0.0,1383700000.0,1832900000.0,0.072,1832900000.0,1383700000.0,1237200000.0,1.38,1.37,1.38,15744600000.0,,15744600000.0,50254463680.0,9.0,6.873,1021700000.0,1.753,1.0,2161200000.0,0.085,37489400000.0,146500000.0,8878700000.0,,1918700000.0,0.0,0.0,0.0,34763300000.0,16779300000.0,17984000000.0,37890763680.0,-811300000.0,-122700000.0,-1159600000.0,-537500000.0,0.0,-1707300000.0,-187400000.0,0.0,1081200000.0,2200000.0,801800000.0,801800000.0,801800000.0,0.0,3700000.0,0.032,782600000.0,1378600000.0,13464700000.0,0.0,2.407,10.808,11.064,1255200000.0,0.0,63.84,0.378,0.371,7067500000.0,13149300000.0,25347500000.0,25347500000.0,0.0,,,,,25000000.0,782600000.0,1.0,593527000.0,582900000,585600000.0,43.485,13024000000.0,0.0,435400000.0,3471200000.0,22.343,-5142500000.0
6,ESRX,MRQ,2017-03-31,2017-03-31,2017-03-31,2018-10-31,-11100000.0,51056000000.0,,12089200000.0,38966800000.0,,26.494,-45800000.0,3163800000.0,3163800000.0,22782200000.0,550300000.0,0.709,2.206,15527500000.0,1621300000.0,13906200000.0,15527500000.0,0.0,445600000.0,0.0,0.0,0.0,1056900000.0,1502500000.0,0.061,1502500000.0,1056900000.0,911200000.0,0.91,0.9,0.91,15922600000.0,,15922600000.0,52414105200.0,10.0,7.193,954600000.0,1.588,1.0,1872700000.0,0.076,37552500000.0,145700000.0,8825500000.0,,1755400000.0,0.0,0.0,0.0,35126400000.0,17041700000.0,18084700000.0,39923005200.0,86600000.0,0.0,-822900000.0,-37500000.0,0.0,-866500000.0,-48100000.0,0.0,1000400000.0,800000.0,546300000.0,546300000.0,546300000.0,0.0,4000000.0,0.022,818100000.0,1054600000.0,12444300000.0,0.0,2.507,11.658,11.919,1277800000.0,0.0,65.91,0.399,0.396,6936100000.0,12347500000.0,24654900000.0,24654900000.0,0.0,,,,,27100000.0,818100000.0,1.0,605720000.0,601000000,605100000.0,41.023,13503500000.0,0.0,364900000.0,3537300000.0,22.468,-4952500000.0
7,ESRX,MRQ,2016-12-31,2016-12-31,2016-12-31,2018-10-31,-12300000.0,51744900000.0,,12363400000.0,39381500000.0,,26.664,-92800000.0,3077200000.0,3077200000.0,22525100000.0,1439800000.0,0.753,2.187,15568300000.0,722300000.0,14846000000.0,15568300000.0,0.0,543400000.0,0.0,0.0,0.0,1476300000.0,2019700000.0,0.081,2019700000.0,1476300000.0,1330300000.0,2.32,2.3,2.32,16236000000.0,,16236000000.0,56221158590.0,11.0,7.751,2156100000.0,3.541,1.0,2338200000.0,0.094,38627300000.0,146000000.0,9180600000.0,,1959000000.0,0.0,0.0,0.0,35501100000.0,16428100000.0,19073000000.0,42417358590.0,772500000.0,0.0,-823000000.0,-537500000.0,0.0,-1368300000.0,-106700000.0,0.0,2248900000.0,-1400000.0,1434700000.0,1434700000.0,1434700000.0,0.0,5100000.0,0.058,863500000.0,1474700000.0,12712600000.0,0.0,2.613,12.46,12.669,607000000.0,0.0,68.79,0.423,0.43,7062100000.0,11801200000.0,24863300000.0,24863300000.0,0.0,,,,,25100000.0,863500000.0,1.0,616621000.0,608900000,613400000.0,40.833,13117600000.0,0.0,-104400000.0,3603300000.0,21.543,-4064700000.0
8,ESRX,MRQ,2016-09-30,2016-09-30,2016-09-30,2018-10-31,-9600000.0,50909300000.0,,11123000000.0,39786300000.0,,25.057,-79100000.0,2304700000.0,2304700000.0,23136000000.0,728500000.0,0.696,2.263,16108500000.0,1184000000.0,14924500000.0,16108500000.0,0.0,537700000.0,0.0,0.0,0.0,1418700000.0,1956400000.0,0.077,1956400000.0,1418700000.0,1145300000.0,1.16,1.15,1.16,15600300000.0,,15600300000.0,59108446070.0,12.0,8.35,1401300000.0,2.251,1.0,2274100000.0,0.089,38377400000.0,273400000.0,10357200000.0,,1677400000.0,0.0,0.0,0.0,35300300000.0,15978500000.0,19321800000.0,44449346070.0,980300000.0,0.0,-552400000.0,175800000.0,0.0,-415500000.0,-83300000.0,0.0,1480400000.0,-1300000.0,722900000.0,722900000.0,722900000.0,0.0,5600000.0,0.028,858100000.0,1416000000.0,12508200000.0,0.0,2.849,16.203,16.595,1255500000.0,0.0,70.53,0.437,0.432,6967000000.0,10366500000.0,25410100000.0,25410100000.0,0.0,,,,,27200000.0,858100000.0,1.0,630219000.0,622600000,627100000.0,40.813,12531900000.0,0.0,422400000.0,3734800000.0,20.128,-4855500000.0
9,ESRX,MRQ,2016-06-30,2016-06-30,2016-06-30,2018-10-31,-7900000.0,50858600000.0,,10614500000.0,40244100000.0,,24.399,-75900000.0,1324400000.0,1324400000.0,23061100000.0,727100000.0,0.555,2.301,15983500000.0,4140900000.0,11842600000.0,15983500000.0,0.0,548200000.0,0.0,0.0,0.0,1260200000.0,1808400000.0,0.072,1808400000.0,1260200000.0,1123400000.0,1.14,1.13,1.14,15403100000.0,,15403100000.0,62766428800.0,14.0,9.131,363000000.0,0.575,1.0,2161200000.0,0.086,38841400000.0,136800000.0,7539800000.0,,1715700000.0,0.0,0.0,0.0,35447800000.0,19136500000.0,16311300000.0,47946228800.0,-446700000.0,0.0,-186200000.0,-602800000.0,0.0,-803600000.0,-82100000.0,0.0,438900000.0,100000.0,720700000.0,720700000.0,720700000.0,0.0,6400000.0,0.029,904900000.0,1256300000.0,12833200000.0,0.0,3.113,17.877,18.624,1249100000.0,0.0,75.8,0.473,0.472,7373600000.0,9643600000.0,25222300000.0,25222300000.0,0.0,,,,,26800000.0,904900000.0,1.0,632536000.0,631300000,635700000.0,39.953,12017200000.0,0.0,402700000.0,3857100000.0,19.036,-8522000000.0
10,ESRX,MRQ,2016-03-31,2016-03-31,2016-03-31,2018-10-31,-7700000.0,51107600000.0,,10399800000.0,40707800000.0,,23.009,-82600000.0,1771100000.0,1771100000.0,22944800000.0,532200000.0,0.603,2.443,16591300000.0,2208600000.0,14382700000.0,16591300000.0,0.0,525300000.0,0.0,0.0,0.0,943500000.0,1468800000.0,0.059,1468800000.0,943500000.0,804900000.0,0.82,0.81,0.82,14841100000.0,,14841100000.0,58294479740.0,13.0,8.59,668600000.0,1.037,1.0,1847000000.0,0.075,39305100000.0,138600000.0,9385800000.0,,1733400000.0,0.0,0.0,0.0,36258400000.0,17236900000.0,19021500000.0,45888079740.0,-1415200000.0,0.0,-3098100000.0,1018800000.0,0.0,-2090400000.0,-79800000.0,0.0,751200000.0,3800000.0,526100000.0,526100000.0,526100000.0,0.0,6100000.0,0.021,906200000.0,940800000.0,12638200000.0,0.0,3.092,17.915,17.982,1259700000.0,0.0,68.69,0.451,0.436,6758400000.0,8922900000.0,24791800000.0,24791800000.0,0.0,,,,,27900000.0,906200000.0,1.0,668046000.0,645000000,649700000.0,38.437,11802500000.0,0.0,278800000.0,3957000000.0,18.298,-6837100000.0
11,ESRX,MRQ,2015-12-31,2015-12-31,2015-12-31,2018-10-31,-14000000.0,53243300000.0,,12059500000.0,41183800000.0,,25.673,-118800000.0,3186300000.0,3186300000.0,23912200000.0,778900000.0,0.703,2.064,15592700000.0,1646400000.0,13946300000.0,15592700000.0,0.0,631400000.0,0.0,0.0,0.0,1214100000.0,1845500000.0,0.071,1845500000.0,1214100000.0,1090900000.0,1.13,1.13,1.13,17372800000.0,,17372800000.0,74361985160.0,17.0,11.099,2755200000.0,4.072,1.0,2263200000.0,0.086,39747000000.0,123200000.0,8747400000.0,,2023100000.0,0.0,0.0,0.0,35862800000.0,17155300000.0,18707500000.0,59113285160.0,2748100000.0,0.0,28100000.0,-37500000.0,0.0,-12900000.0,-110600000.0,0.0,2874000000.0,-2400000.0,773500000.0,773500000.0,773500000.0,0.0,5400000.0,0.03,1049400000.0,1213800000.0,12849500000.0,0.0,3.403,23.871,24.348,1291300000.0,0.0,87.41,0.581,0.592,6721300000.0,8396800000.0,26175400000.0,26175400000.0,0.0,,,,,30300000.0,1049400000.0,1.0,676276000.0,676700000,682700000.0,38.681,13496300000.0,0.0,317400000.0,4069800000.0,19.944,-5095800000.0
12,ESRX,MRQ,2015-09-30,2015-09-30,2015-09-30,2018-10-31,-10700000.0,51996500000.0,,10274400000.0,41722100000.0,,24.454,-70000000.0,438200000.0,438200000.0,23049100000.0,667400000.0,0.642,2.144,15686900000.0,1649200000.0,14037700000.0,15686900000.0,0.0,582800000.0,0.0,0.0,0.0,1168300000.0,1751100000.0,0.069,1751100000.0,1168300000.0,1039900000.0,0.98,0.97,0.98,16538300000.0,,16538300000.0,70658965970.0,17.0,11.066,723000000.0,1.069,1.0,2173500000.0,0.086,40239400000.0,128400000.0,10992000000.0,,1730400000.0,0.0,0.0,0.0,35450300000.0,16013800000.0,19436500000.0,54646365970.0,-282800000.0,0.0,25500000.0,-1037500000.0,0.0,-1018400000.0,-53000000.0,0.0,793000000.0,-4400000.0,661700000.0,661700000.0,661700000.0,0.0,5700000.0,0.026,1007300000.0,1166200000.0,12011600000.0,0.0,3.304,23.918,24.655,1343100000.0,0.0,80.87,0.536,0.537,7391100000.0,7623300000.0,25222600000.0,25222600000.0,0.0,,,,,32400000.0,1007300000.0,1.0,675731000.0,676300000,682200000.0,37.295,11757100000.0,359900000.0,378200000.0,4621800000.0,17.384,-5739400000.0
13,ESRX,MRQ,2015-06-30,2015-06-30,2015-06-30,2018-10-31,-3400000.0,51867800000.0,,9637700000.0,42230100000.0,,23.426,-58800000.0,721000000.0,721000000.0,23323000000.0,606100000.0,0.607,2.278,16733600000.0,2149700000.0,14583900000.0,16733600000.0,0.0,588200000.0,0.0,0.0,0.0,1132700000.0,1720900000.0,0.068,1720900000.0,1132700000.0,1000400000.0,0.89,0.88,0.89,15822200000.0,,15822200000.0,76277641540.0,20.0,12.355,841100000.0,1.245,1.0,2131200000.0,0.084,40680200000.0,132300000.0,11331400000.0,,1650000000.0,0.0,0.0,0.0,36036800000.0,15868800000.0,20168000000.0,64863141540.0,-184800000.0,0.0,-5419300000.0,4394700000.0,0.0,-1049200000.0,-36900000.0,0.0,899900000.0,1400000.0,600100000.0,600100000.0,600100000.0,0.0,6000000.0,0.024,998500000.0,1132700000.0,11536300000.0,0.0,4.1,29.412,28.783,1411900000.0,0.0,88.94,0.633,0.586,6494500000.0,6961600000.0,25454200000.0,25454200000.0,0.0,,,,,27500000.0,998500000.0,1.0,729291000.0,675400000,681400000.0,37.688,11187600000.0,423800000.0,400300000.0,4761700000.0,16.564,-6231100000.0
14,ESRX,MRQ,2015-03-31,2015-03-31,2015-03-31,2018-10-31,-5900000.0,51905100000.0,,9171500000.0,42733600000.0,,28.288,-48300000.0,933800000.0,933800000.0,23065600000.0,447100000.0,0.616,1.519,12348300000.0,1607100000.0,10741200000.0,12348300000.0,0.0,556700000.0,0.0,0.0,0.0,825900000.0,1382600000.0,0.056,1382600000.0,825900000.0,709500000.0,0.61,0.6,0.61,20604800000.0,,20604800000.0,74799239460.0,20.0,12.508,233100000.0,0.32,1.0,1834000000.0,0.074,41097300000.0,116400000.0,7322100000.0,,1885900000.0,0.0,0.0,0.0,31290400000.0,14900200000.0,16390200000.0,63072939460.0,-926800000.0,0.0,48800000.0,-1210500000.0,0.0,-1136500000.0,-68000000.0,0.0,281400000.0,-3700000.0,441100000.0,441100000.0,441100000.0,0.0,6000000.0,0.018,1007400000.0,826600000.0,10966800000.0,0.0,3.061,29.746,30.128,1510200000.0,0.0,86.77,0.618,0.619,5819400000.0,6361500000.0,24899600000.0,24899600000.0,0.0,,,,,26900000.0,1007400000.0,1.0,726898000.0,728400000,735400000.0,34.184,10807800000.0,427900000.0,268400000.0,4846100000.0,14.838,-5728700000.0
15,ESRX,MRQ,2014-12-31,2014-12-31,2014-12-31,2018-10-31,2100000.0,53748300000.0,,10568100000.0,43180200000.0,,27.475,-109600000.0,1832600000.0,1832600000.0,24218600000.0,588700000.0,0.621,1.68,13517400000.0,2551000000.0,10966400000.0,13517400000.0,0.0,584700000.0,0.0,0.0,0.0,945700000.0,1530400000.0,0.058,1530400000.0,945700000.0,823600000.0,0.8,0.78,0.8,20054200000.0,,20054200000.0,75969259700.0,21.0,12.954,2814800000.0,3.856,1.0,2094000000.0,0.08,41481800000.0,122100000.0,6938700000.0,,2113200000.0,0.0,0.0,0.0,33684300000.0,17012600000.0,16671700000.0,62140159700.0,997800000.0,0.0,-728400000.0,-1110600000.0,0.0,-1831200000.0,-92600000.0,0.0,2924400000.0,-2800000.0,581800000.0,581800000.0,581800000.0,0.0,6900000.0,0.022,1151200000.0,942800000.0,11625500000.0,0.0,3.099,30.952,31.593,1584000000.0,0.0,84.67,0.616,0.63,5979800000.0,5920400000.0,26312600000.0,26312600000.0,0.0,,,,,28700000.0,1151200000.0,1.0,733910000.0,729900000,738100000.0,36.05,12266500000.0,390800000.0,241800000.0,4923200000.0,16.806,-6444500000.0
16,ESRX,MRQ,2014-09-30,2014-09-30,2014-09-30,2018-10-31,7000000.0,53439200000.0,,9704700000.0,43734500000.0,,27.31,-118200000.0,858300000.0,858300000.0,23705500000.0,589100000.0,0.609,1.651,14687400000.0,3245400000.0,11442000000.0,14687400000.0,0.0,547000000.0,0.0,0.0,0.0,993100000.0,1540100000.0,0.06,1540100000.0,993100000.0,791500000.0,0.79,0.78,0.79,20157700000.0,,20157700000.0,65899133500.0,19.0,11.376,316900000.0,0.429,1.0,2073000000.0,0.08,41999900000.0,201600000.0,9345900000.0,,1789800000.0,0.0,0.0,0.0,33270900000.0,15922500000.0,17348400000.0,52651133500.0,-2000400000.0,0.0,-906300000.0,-1407900000.0,0.0,-2315100000.0,-117200000.0,0.0,435100000.0,-3200000.0,582300000.0,582300000.0,582300000.0,0.0,6800000.0,0.023,1088600000.0,984400000.0,10786500000.0,0.0,2.612,27.313,28.028,1639900000.0,0.0,70.63,0.525,0.519,6384500000.0,5338600000.0,25778500000.0,25778500000.0,0.0,,,,,27900000.0,1088600000.0,1.0,745450000.0,738100000,746000000.0,34.925,11439300000.0,439500000.0,209200000.0,5209500000.0,15.498,-6217800000.0
17,ESRX,MRQ,2014-06-30,2014-06-30,2014-06-30,2018-10-31,12900000.0,54633800000.0,,10452400000.0,44181400000.0,,26.978,-91700000.0,2855800000.0,2855800000.0,23103300000.0,522700000.0,0.654,1.671,16103800000.0,3938300000.0,12165500000.0,16103800000.0,0.0,558100000.0,0.0,0.0,0.0,968800000.0,1526900000.0,0.061,1526900000.0,968800000.0,834100000.0,0.68,0.67,0.68,20451900000.0,,20451900000.0,65541701400.0,19.0,11.403,643800000.0,0.849,1.0,2007700000.0,0.08,42447700000.0,134700000.0,9449700000.0,,1767000000.0,0.0,0.0,0.0,34175200000.0,15984400000.0,18190800000.0,53632301400.0,984800000.0,0.0,-1979900000.0,2332300000.0,0.0,334000000.0,-87000000.0,0.0,735500000.0,2300000.0,515200000.0,515200000.0,515200000.0,0.0,7500000.0,0.021,1041700000.0,966000000.0,10528300000.0,0.0,2.622,30.265,30.677,1644100000.0,0.0,69.33,0.534,0.523,5178200000.0,4756300000.0,25111000000.0,25111000000.0,0.0,,,,,26400000.0,1041700000.0,1.0,773580000.0,758100000,766500000.0,33.124,12186100000.0,518500000.0,318900000.0,5351400000.0,16.075,-5532000000.0
18,ESRX,MRQ,2014-03-31,2014-03-31,2014-03-31,2018-10-31,9400000.0,52747100000.0,,8134400000.0,44612700000.0,,28.21,-117100000.0,1870900000.0,1870900000.0,21934600000.0,334500000.0,0.599,1.411,13780300000.0,2635200000.0,11145100000.0,13780300000.0,0.0,553100000.0,0.0,0.0,0.0,714100000.0,1267200000.0,0.054,1267200000.0,714100000.0,589600000.0,0.42,0.42,0.42,21874300000.0,,21874300000.0,70205042880.0,21.0,12.081,336900000.0,0.434,1.0,1750400000.0,0.074,42875300000.0,124500000.0,8206300000.0,,1727300000.0,0.0,0.0,0.0,30861800000.0,13574900000.0,17286900000.0,58272242880.0,-141000000.0,0.0,-367900000.0,-158000000.0,0.0,-477400000.0,-115100000.0,0.0,454000000.0,-2500000.0,328300000.0,328300000.0,328300000.0,0.0,6200000.0,0.014,1041200000.0,709200000.0,9179300000.0,0.0,2.664,32.375,33.373,1659400000.0,0.0,75.09,0.573,0.572,3907300000.0,4241100000.0,23685000000.0,23685000000.0,0.0,,,,,28000000.0,1041200000.0,1.0,776032000.0,775400000,786400000.0,30.546,9871800000.0,528800000.0,261300000.0,5470800000.0,12.731,-5440500000.0
19,ESRX,MRQ,2013-12-31,2013-12-31,2013-12-31,2018-10-31,11700000.0,53548200000.0,,8491400000.0,45056800000.0,,27.632,-148400000.0,2014200000.0,2014200000.0,23720400000.0,506000000.0,0.642,1.452,13947000000.0,1584000000.0,12363000000.0,13947000000.0,0.0,623000000.0,0.0,0.0,0.0,835600000.0,1458600000.0,0.057,1458600000.0,835600000.0,709900000.0,0.63,0.63,0.63,21837400000.0,,21837400000.0,68971913440.0,19.0,11.511,2786700000.0,3.526,1.0,2061000000.0,0.08,43321000000.0,125700000.0,8924700000.0,,1871100000.0,0.0,0.0,0.0,31703400000.0,13235300000.0,18468100000.0,56599813440.0,269100000.0,43900000.0,-2420300000.0,-157900000.0,0.0,-2572800000.0,-82100000.0,0.0,2935100000.0,-1200000.0,501900000.0,501900000.0,501900000.0,12300000.0,4100000.0,0.019,1232200000.0,828800000.0,9667800000.0,0.0,2.592,30.684,30.807,1658900000.0,0.0,70.24,0.544,0.546,4022900000.0,3912800000.0,25781400000.0,25781400000.0,0.0,,,,,33500000.0,1232200000.0,1.0,805806000.0,790300000,802400000.0,32.622,10227200000.0,455400000.0,208000000.0,5440600000.0,12.941,-4743900000.0
20,ESRX,MRQ,2013-09-30,2013-09-30,2013-09-30,2018-10-31,15400000.0,54763000000.0,,9224200000.0,45538800000.0,,29.255,-79700000.0,1741500000.0,1741500000.0,23921400000.0,438100000.0,0.822,1.31,14113600000.0,631600000.0,13482000000.0,14113600000.0,0.0,614300000.0,0.0,0.0,0.0,880600000.0,1494900000.0,0.058,1494900000.0,880600000.0,753200000.0,0.53,0.52,0.53,23702300000.0,,23702300000.0,63242936400.0,18.0,10.485,960200000.0,1.185,1.0,1994200000.0,0.077,43832200000.0,127400000.0,12076700000.0,,1643600000.0,0.0,0.0,0.0,31043900000.0,11226200000.0,19817700000.0,50317436400.0,380400000.0,235100000.0,-638900000.0,-157900000.0,0.0,-783900000.0,127800000.0,0.0,1039900000.0,700000.0,426700000.0,426700000.0,426700000.0,15500000.0,11400000.0,0.016,1118700000.0,875500000.0,9033100000.0,0.0,2.123,27.246,26.753,1629200000.0,0.0,61.8,0.476,0.474,5112400000.0,3410900000.0,25915600000.0,25915600000.0,0.0,,,,,44200000.0,1118700000.0,1.0,814198000.0,810200000,822900000.0,31.987,10930800000.0,422700000.0,326500000.0,5589000000.0,13.491,-2002000000.0
21,ESRX,MRQ,2013-06-30,2013-06-30,2013-06-30,2018-10-31,12900000.0,54581500000.0,,8302800000.0,46278700000.0,,29.277,-86100000.0,1354600000.0,1354600000.0,24266800000.0,550500000.0,0.782,1.287,14280100000.0,631600000.0,13648500000.0,14280100000.0,0.0,609400000.0,0.0,0.0,0.0,981000000.0,1590400000.0,0.06,1590400000.0,981000000.0,853400000.0,0.67,0.66,0.67,23866500000.0,,23866500000.0,62913240460.0,18.0,10.574,-267000000.0,-0.328,1.0,2115100000.0,0.08,44366500000.0,127600000.0,12522200000.0,,1672900000.0,0.0,0.0,0.0,30704800000.0,10618300000.0,20086500000.0,50474240460.0,-647600000.0,77900000.0,-335900000.0,-157900000.0,0.0,-486000000.0,-3900000.0,0.0,-180900000.0,-3700000.0,543000000.0,543000000.0,543000000.0,23900000.0,7500000.0,0.021,1110800000.0,1004300000.0,8462700000.0,0.0,2.115,27.863,27.319,1663600000.0,0.0,61.74,0.474,0.472,4552800000.0,2984200000.0,26381900000.0,26381900000.0,0.0,,,,,34700000.0,1110800000.0,1.0,817529000.0,815200000,828400000.0,32.362,10215000000.0,387300000.0,310400000.0,5662000000.0,12.531,-2315500000.0
22,ESRX,MRQ,2013-03-31,2013-03-31,2013-03-31,2018-10-31,16800000.0,55585700000.0,,8707900000.0,46877800000.0,,28.848,-108800000.0,2007700000.0,2007700000.0,24057800000.0,378100000.0,0.756,1.353,14446700000.0,631600000.0,13815100000.0,14446700000.0,0.0,600300000.0,0.0,0.0,0.0,847500000.0,1447800000.0,0.056,1447800000.0,847500000.0,632100000.0,0.46,0.45,0.46,23617800000.0,,23617800000.0,60263412380.0,20.0,11.045,854600000.0,1.044,1.0,1962100000.0,0.075,44877300000.0,215400000.0,11623300000.0,,1657400000.0,0.0,0.0,0.0,31958200000.0,11524100000.0,20434100000.0,47161912380.0,-803600000.0,0.0,-194100000.0,-1457900000.0,0.0,-1652100000.0,-113900000.0,0.0,963400000.0,-1500000.0,373000000.0,373000000.0,373000000.0,1900000.0,5100000.0,0.014,1119000000.0,843100000.0,9219400000.0,0.0,1.997,33.257,32.371,1679700000.0,0.0,57.62,0.438,0.438,4294100000.0,2441200000.0,26019900000.0,26019900000.0,0.0,,,,,52300000.0,1119000000.0,1.0,818499000.0,818700000,832500000.0,31.782,10708400000.0,381900000.0,259100000.0,5783600000.0,13.08,-2816200000.0
23,ESRX,MRQ,2012-12-31,2012-12-31,2012-12-31,2018-10-31,18900000.0,58111200000.0,,10756900000.0,47354300000.0,,28.588,-58300000.0,2812700000.0,2812700000.0,25067400000.0,511000000.0,0.824,1.485,15915000000.0,934900000.0,14980100000.0,15915000000.0,0.0,601400000.0,0.0,0.0,0.0,897000000.0,1498400000.0,0.055,1498400000.0,897000000.0,739600000.0,0.65,0.63,0.65,23385000000.0,,23385000000.0,59914800000.0,22.0,12.909,2668600000.0,3.262,1.0,2297700000.0,0.084,45358300000.0,157400000.0,12797800000.0,,1652100000.0,0.0,0.0,0.0,34715500000.0,13057400000.0,21658100000.0,44085600000.0,1591900000.0,30000000.0,49500000.0,-1157900000.0,0.0,-1121800000.0,-17400000.0,0.0,2726900000.0,-600000.0,504100000.0,504100000.0,504100000.0,13100000.0,6900000.0,0.018,1390800000.0,906900000.0,10338900000.0,0.0,1.885,33.579,30.0,1632100000.0,0.0,54.0,0.47,0.421,5425800000.0,2068200000.0,27365100000.0,27365100000.0,0.0,,,,,68400000.0,1390800000.0,1.0,816400000.0,818000000,832500000.0,33.454,12752900000.0,400600000.0,235500000.0,5936500000.0,15.59,-2300500000.0
24,ESRX,MRQ,2012-09-30,2012-09-30,2012-09-30,2018-10-31,16600000.0,57307700000.0,,9432500000.0,47875200000.0,,27.98,-38000000.0,1295700000.0,1295700000.0,24658700000.0,395900000.0,0.8,1.52,17124900000.0,978600000.0,16146300000.0,17124900000.0,0.0,610400000.0,0.0,0.0,0.0,802700000.0,1413100000.0,0.053,1413100000.0,802700000.0,647500000.0,0.48,0.47,0.48,22744900000.0,,22744900000.0,67569972500.0,28.0,17.842,757100000.0,0.931,1.0,2102900000.0,0.079,46103400000.0,155200000.0,15240600000.0,,1561400000.0,0.0,0.0,0.0,34562800000.0,11792900000.0,22769900000.0,50777272500.0,-177900000.0,31500000.0,135400000.0,-1105200000.0,0.0,-956500000.0,-12900000.0,0.0,795100000.0,2800000.0,391400000.0,391400000.0,391400000.0,20000000.0,4500000.0,0.015,1282200000.0,820700000.0,8849400000.0,0.0,2.232,46.195,34.412,1710200000.0,0.0,62.63,0.647,0.649,5720300000.0,1564100000.0,26761600000.0,26761600000.0,0.0,,,,,341600000.0,1282200000.0,1.0,810750000.0,812900000,829600000.0,32.921,11204300000.0,417300000.0,256100000.0,0.0,13.783,-2360400000.0
25,ESRX,MRQ,2012-06-30,2012-06-30,2012-06-30,2018-10-31,8100000.0,58058500000.0,,9661300000.0,48397200000.0,,27.393,-45200000.0,1448900000.0,1448900000.0,25417500000.0,153000000.0,0.752,1.624,18241600000.0,1929300000.0,16312300000.0,18241600000.0,0.0,594600000.0,0.0,0.0,0.0,502200000.0,1096800000.0,0.04,1096800000.0,502200000.0,327800000.0,0.19,0.18,0.19,22128300000.0,,22128300000.0,46899348400.0,21.0,15.396,682300000.0,0.845,1.0,2087100000.0,0.076,46562000000.0,174400000.0,15445400000.0,,1423800000.0,0.0,0.0,0.0,35930200000.0,12843800000.0,23086400000.0,44969948400.0,-8198600000.0,-10283600000.0,139000000.0,1394600000.0,0.0,1448800000.0,-10332400000.0,0.0,727500000.0,-1600000.0,149600000.0,149600000.0,149600000.0,400000.0,3400000.0,0.005,1587700000.0,499400000.0,8924600000.0,0.0,2.032,43.554,27.776,1768500000.0,0.0,55.83,0.71,0.712,5997800000.0,1194000000.0,27504600000.0,27504600000.0,0.0,,,,,0.0,1587700000.0,1.0,805480000.0,807800000,823900000.0,34.049,11496500000.0,335900000.0,178200000.0,0.0,14.232,-3182500000.0
26,ESRX,MRQ,2012-03-31,2012-03-31,2012-03-31,2018-10-31,18600000.0,19608200000.0,,12104100000.0,7504100000.0,,5.719,-18700000.0,9607700000.0,9607700000.0,11300600000.0,270200000.0,2.136,6.065,11537100000.0,1000000000.0,10537100000.0,11537100000.0,0.0,65000000.0,0.0,0.0,0.0,566800000.0,631800000.0,0.052,631800000.0,566800000.0,434800000.0,0.55,0.55,0.55,2775500000.0,,2775500000.0,28703672040.0,12.0,11.067,513400000.0,1.058,1.0,832000000.0,0.069,7073500000.0,132000000.0,8796800000.0,,385400000.0,0.0,0.0,0.0,16832700000.0,5667300000.0,11165400000.0,26265272040.0,3957600000.0,0.0,2100000.0,3458900000.0,0.0,3453100000.0,-29000000.0,0.0,532100000.0,1400000.0,267800000.0,267800000.0,267800000.0,0.0,2400000.0,0.022,265100000.0,566900000.0,3768100000.0,0.0,9.463,21.58,21.847,405500000.0,0.0,54.18,0.557,0.557,2008400000.0,6913400000.0,12132600000.0,12132600000.0,0.0,,,,,0.0,265100000.0,1.0,484778000.0,485300000,489700000.0,25.0,12534700000.0,52200000.0,167000000.0,0.0,25.829,6436800000.0
27,ESRX,MRQ,2011-12-31,2011-12-31,2011-12-31,2018-10-31,17000000.0,15607000000.0,,8058000000.0,7549000000.0,,5.097,-46300000.0,5637900000.0,5637900000.0,11256900000.0,293100000.0,1.476,5.309,8076300000.0,999900000.0,7076400000.0,8076300000.0,0.0,65900000.0,0.0,0.0,0.0,579500000.0,645400000.0,0.053,645400000.0,579500000.0,464100000.0,0.6,0.6,0.6,2473700000.0,,2473700000.0,24648742520.0,11.0,9.563,486900000.0,1.003,1.0,844500000.0,0.07,7106600000.0,115400000.0,5480700000.0,,374400000.0,0.0,0.0,0.0,13131700000.0,5458100000.0,7673600000.0,21742042520.0,4557500000.0,0.0,3300000.0,4086300000.0,0.0,4057700000.0,-34300000.0,0.0,533200000.0,900000.0,290400000.0,290400000.0,290400000.0,0.0,2700000.0,0.024,266900000.0,577600000.0,3802200000.0,0.0,8.789,17.042,17.525,416200000.0,0.0,44.69,0.471,0.485,1915700000.0,6645600000.0,12101400000.0,12101400000.0,0.0,,,,,48800000.0,266900000.0,1.0,486508000.0,485300000,489100000.0,24.936,8500400000.0,45800000.0,173700000.0,546500000.0,17.516,2599900000.0
28,ESRX,MRQ,2011-09-30,2011-09-30,2011-09-30,2018-10-31,15600000.0,10871700000.0,,3306400000.0,7565300000.0,,4.443,-44000000.0,1082500000.0,1082500000.0,10735200000.0,324700000.0,0.643,4.022,3989200000.0,999900000.0,2989300000.0,3989200000.0,0.0,61300000.0,0.0,0.0,0.0,611000000.0,672300000.0,0.058,672300000.0,611000000.0,516700000.0,0.67,0.66,0.67,2164700000.0,,2164700000.0,21879359350.0,10.0,8.566,912800000.0,1.874,1.0,835800000.0,0.072,7151200000.0,94300000.0,1483500000.0,,340200000.0,0.0,0.0,0.0,8707000000.0,5143700000.0,3563300000.0,18097759350.0,771600000.0,0.0,5800000.0,-100000000.0,0.0,-144600000.0,-37900000.0,0.0,956800000.0,-2700000.0,324700000.0,324700000.0,324700000.0,0.0,0.0,0.028,230700000.0,605100000.0,3455200000.0,0.0,8.36,13.763,14.424,388800000.0,0.0,37.07,0.399,0.399,1770700000.0,6355200000.0,11571000000.0,11571000000.0,0.0,,,,,0.0,230700000.0,1.0,488205000.0,487200000,490800000.0,23.75,3720500000.0,45000000.0,192000000.0,0.0,7.636,-1837300000.0
29,ESRX,MRQ,2011-06-30,2011-06-30,2011-06-30,2018-10-31,20700000.0,10237900000.0,,2696500000.0,7541400000.0,,3.637,-34600000.0,306900000.0,306900000.0,10577300000.0,334200000.0,0.566,4.601,4088500000.0,999800000.0,3088700000.0,4088500000.0,0.0,63300000.0,0.0,0.0,0.0,580800000.0,644100000.0,0.057,644100000.0,580800000.0,530500000.0,0.66,0.66,0.66,1828000000.0,,1828000000.0,30292026920.0,14.0,12.272,424100000.0,0.844,1.0,784100000.0,0.069,7143000000.0,50300000.0,2113000000.0,,331600000.0,0.0,0.0,0.0,8409900000.0,4763500000.0,3646400000.0,28579926920.0,-475100000.0,0.0,-2495200000.0,1593900000.0,0.0,-899300000.0,-33900000.0,0.0,458700000.0,-600000.0,334200000.0,334200000.0,334200000.0,0.0,0.0,0.029,204800000.0,579300000.0,3276500000.0,0.0,15.635,22.124,21.854,369800000.0,0.0,53.98,0.635,0.603,1939400000.0,6030500000.0,11361400000.0,11361400000.0,0.0,,,,,0.0,204800000.0,1.0,529454000.0,502600000,507000000.0,22.605,3094900000.0,43300000.0,196300000.0,0.0,6.158,-2067000000.0
30,ESRX,MRQ,2011-03-31,2011-03-31,2011-03-31,2018-10-31,21100000.0,10708100000.0,,3148200000.0,7559900000.0,,7.492,-19500000.0,782000000.0,782000000.0,10349000000.0,326500000.0,0.848,1.702,2494100000.0,100000.0,2494000000.0,2494100000.0,0.0,62900000.0,0.0,0.0,0.0,552800000.0,615700000.0,0.055,615700000.0,552800000.0,513100000.0,0.62,0.61,0.62,3963200000.0,,3963200000.0,31331673240.0,15.0,13.065,224900000.0,0.425,1.0,745500000.0,0.067,7172200000.0,39700000.0,1537100000.0,,325500000.0,0.0,0.0,0.0,6744900000.0,3710900000.0,3034000000.0,29377873240.0,242400000.0,0.0,2600000.0,0.0,0.0,15600000.0,-17800000.0,0.0,244400000.0,200000.0,326500000.0,326500000.0,326500000.0,0.0,0.0,0.029,193100000.0,552400000.0,3173800000.0,0.0,7.413,23.549,23.765,359100000.0,0.0,55.61,0.654,0.655,1907000000.0,5696300000.0,11094500000.0,11094500000.0,0.0,,,,,0.0,193100000.0,1.0,528284000.0,529000000,533900000.0,20.973,3535900000.0,49500000.0,186600000.0,0.0,6.684,-562700000.0
31,ESRX,MRQ,2010-12-31,2010-12-31,2010-12-31,2018-10-31,19800000.0,10557800000.0,,2941300000.0,7616500000.0,,6.827,-35300000.0,540000000.0,540000000.0,10520800000.0,329600000.0,0.751,1.927,2493800000.0,100000.0,2493700000.0,2493800000.0,0.0,63800000.0,0.0,0.0,0.0,558400000.0,622200000.0,0.055,622200000.0,558400000.0,518300000.0,0.62,0.61,0.62,3606600000.0,,3606600000.0,30656804550.0,15.0,13.346,240100000.0,0.454,1.0,773400000.0,0.068,7211200000.0,40100000.0,1383200000.0,,382400000.0,0.0,0.0,0.0,6951200000.0,3917200000.0,3034000000.0,28441704550.0,256200000.0,2500000.0,16000000.0,0.0,0.0,45000000.0,-66300000.0,-29400000.0,275400000.0,2100000.0,329600000.0,329600000.0,329600000.0,0.0,0.0,0.029,215500000.0,557900000.0,3323200000.0,0.0,7.886,24.079,24.68,372700000.0,0.0,54.05,0.632,0.647,1720900000.0,5369800000.0,11294200000.0,11294200000.0,0.0,,,,,49700000.0,215500000.0,1.0,526211000.0,528300000,533500000.0,21.378,3346600000.0,86000000.0,188700000.0,0.0,6.335,-975900000.0
32,ESRX,MRQ,2010-09-30,2010-09-30,2010-09-30,2018-10-31,17400000.0,10194700000.0,,2554000000.0,7640700000.0,,6.056,-33500000.0,278400000.0,278400000.0,10487700000.0,301500000.0,0.644,2.166,2493500000.0,100000.0,2493400000.0,2493500000.0,0.0,61700000.0,0.0,0.0,0.0,524600000.0,586300000.0,0.052,586300000.0,524600000.0,482400000.0,0.57,0.56,0.57,3220000000.0,,3220000000.0,28246664400.0,15.0,13.351,359700000.0,0.677,1.0,764100000.0,0.068,7255200000.0,42200000.0,1188000000.0,,315800000.0,0.0,0.0,0.0,6974700000.0,3966600000.0,3008100000.0,26415464400.0,-1363700000.0,0.0,-744900000.0,-980100000.0,0.0,-1726800000.0,-30400000.0,0.0,393200000.0,300000.0,301500000.0,301500000.0,301500000.0,5600000.0,0.0,0.027,236100000.0,528000000.0,3283600000.0,0.0,8.204,24.575,24.596,353700000.0,0.0,48.7,0.631,0.618,1795500000.0,5040200000.0,11251800000.0,11251800000.0,0.0,,,,,0.0,236100000.0,1.0,542412000.0,531700000,537000000.0,21.162,2939500000.0,119200000.0,180900000.0,0.0,5.528,-1412600000.0
33,ESRX,MRQ,2010-06-30,2010-06-30,2010-06-30,2018-10-31,15900000.0,11483600000.0,,3807400000.0,7676200000.0,,6.698,-17400000.0,1642000000.0,1642000000.0,10531300000.0,289900000.0,0.782,2.149,3473200000.0,980100000.0,2493100000.0,3473200000.0,0.0,60500000.0,0.0,0.0,0.0,513400000.0,573900000.0,0.051,573900000.0,513400000.0,471400000.0,0.53,0.53,0.53,3646800000.0,,3646800000.0,27971273920.0,16.0,14.616,670600000.0,1.232,1.0,757500000.0,0.067,7291000000.0,42000000.0,1154700000.0,,302400000.0,0.0,0.0,0.0,7836800000.0,4869100000.0,2967700000.0,25771473920.0,188100000.0,0.0,-304500000.0,-180000000.0,0.0,-480400000.0,-20200000.0,0.0,688000000.0,700000.0,289900000.0,289900000.0,289900000.0,17400000.0,0.0,0.026,227200000.0,530300000.0,3318600000.0,0.0,7.067,26.541,26.565,351900000.0,0.0,47.02,0.711,0.707,1685300000.0,4738700000.0,11288800000.0,11288800000.0,0.0,,,,,0.0,227200000.0,1.0,548096000.0,544500000,550100000.0,20.732,4192600000.0,125100000.0,181500000.0,0.0,7.7,-1061700000.0
34,ESRX,MRQ,2010-03-31,2010-03-31,2010-03-31,2018-10-31,18000000.0,11798900000.0,,4039600000.0,7759300000.0,,6.633,-33700000.0,1453100000.0,1453100000.0,10475200000.0,260200000.0,0.778,2.235,3652900000.0,1160100000.0,2492800000.0,3652900000.0,0.0,58700000.0,0.0,0.0,0.0,456000000.0,514700000.0,0.046,514700000.0,456000000.0,413200000.0,0.47,0.47,0.47,3647000000.0,,3647000000.0,30767424480.0,19.0,17.636,727100000.0,1.322,1.0,663200000.0,0.06,7363900000.0,42800000.0,1445300000.0,,297000000.0,0.0,0.0,0.0,8151900000.0,5189500000.0,2962400000.0,28014324480.0,372700000.0,0.0,-207500000.0,-180000000.0,0.0,-360800000.0,-29000000.0,0.0,760800000.0,1700000.0,260200000.0,260200000.0,260200000.0,400000.0,0.0,0.023,208500000.0,454700000.0,3383800000.0,0.0,7.681,32.075,31.602,362900000.0,0.0,50.88,0.92,0.919,2121300000.0,4448800000.0,11138400000.0,11138400000.0,0.0,,,,,0.0,208500000.0,1.0,550596000.0,549800000,555800000.0,20.259,4435000000.0,141000000.0,153000000.0,0.0,8.067,-1149900000.0
35,ESRX,MRQ,2009-12-31,2009-12-31,2009-12-31,2018-10-31,14100000.0,11931200000.0,,4143500000.0,7787700000.0,,6.46,-58000000.0,1079500000.0,1079500000.0,7509300000.0,223300000.0,0.759,2.359,3832600000.0,1340100000.0,2492500000.0,3832600000.0,0.0,35800000.0,0.0,0.0,0.0,405000000.0,440800000.0,0.054,440800000.0,405000000.0,353300000.0,0.41,0.41,0.41,3551800000.0,,3551800000.0,23803102400.0,16.0,14.78,787000000.0,1.431,1.0,687700000.0,0.084,7377900000.0,51700000.0,1849600000.0,,313000000.0,0.0,0.0,0.0,8379400000.0,5456800000.0,2922600000.0,23741302400.0,-2872000000.0,-4672600000.0,5400000.0,-180000000.0,0.0,-178900000.0,-3538400000.0,1202800000.0,845000000.0,300000.0,223300000.0,223300000.0,223300000.0,-200000.0,0.0,0.027,284100000.0,403600000.0,3557100000.0,0.0,6.684,28.687,27.522,347100000.0,0.0,43.21,0.96,0.921,2516400000.0,4188600000.0,8197000000.0,8197000000.0,0.0,,,,,44600000.0,284100000.0,1.0,549440000.0,549800000,556200000.0,14.909,4553300000.0,135000000.0,130000000.0,0.0,8.282,-1313300000.0
36,ESRX,MRQ,2009-09-30,2009-09-30,2009-09-30,2018-10-31,14200000.0,10229100000.0,,6743000000.0,3486100000.0,,6.025,-57900000.0,3950500000.0,3950500000.0,5001900000.0,197600000.0,2.207,2.093,4012300000.0,540100000.0,3472200000.0,4012300000.0,0.0,23100000.0,0.0,0.0,0.0,361200000.0,384300000.0,0.068,384300000.0,361200000.0,313200000.0,0.36,0.36,0.36,3307500000.0,,3307500000.0,21713715700.0,15.0,14.195,350600000.0,0.639,1.0,611100000.0,0.109,3187500000.0,48000000.0,4047500000.0,,184200000.0,1202700000.0,1202700000.0,0.0,6921600000.0,3055900000.0,3865700000.0,21289115700.0,281400000.0,0.0,4900000.0,-80000000.0,0.0,-70300000.0,-58500000.0,0.0,408500000.0,1700000.0,197600000.0,197600000.0,197600000.0,-800000.0,0.0,0.035,252700000.0,358400000.0,1986000000.0,0.0,6.437,26.247,24.473,265700000.0,0.0,38.79,0.968,0.968,1249800000.0,3965300000.0,5613000000.0,5613000000.0,0.0,,,,,0.0,252700000.0,1.0,548830000.0,549000000,554400000.0,10.224,7041600000.0,126200000.0,115600000.0,0.0,12.826,3687100000.0
37,ESRX,MRQ,2009-06-30,2009-06-30,2009-06-30,2018-10-31,9900000.0,9804100000.0,,6341700000.0,3462400000.0,,6.01,-18000000.0,3667300000.0,3667300000.0,4904200000.0,192300000.0,2.213,2.179,4091900000.0,620000000.0,3471900000.0,4091900000.0,0.0,23200000.0,0.0,0.0,0.0,381600000.0,404800000.0,0.074,404800000.0,381600000.0,304000000.0,0.37,0.37,0.37,3084200000.0,,3084200000.0,17987543750.0,13.0,12.005,213700000.0,0.416,1.0,592600000.0,0.108,3209400000.0,77600000.0,4153600000.0,,180200000.0,1202000000.0,1202000000.0,0.0,6719900000.0,2865700000.0,3854200000.0,17038243750.0,2936000000.0,0.0,1572700000.0,2411500000.0,0.0,3917300000.0,-1215100000.0,-1198900000.0,231700000.0,2100000.0,192300000.0,192300000.0,192300000.0,-200000.0,0.0,0.035,212400000.0,380200000.0,1834500000.0,0.0,5.524,20.896,21.024,222000000.0,0.0,34.375,0.78,0.808,1148100000.0,3767700000.0,5496800000.0,5496800000.0,0.0,,,,,0.0,212400000.0,1.0,495658000.0,513200000,517600000.0,10.711,6594700000.0,119700000.0,111700000.0,0.0,12.85,3476000000.0
38,ESRX,MRQ,2009-03-31,2009-03-31,2009-03-31,2018-10-31,4900000.0,5708700000.0,,2256800000.0,3451900000.0,,2.625,-13600000.0,731100000.0,731100000.0,4888700000.0,214400000.0,0.786,3.391,1680400000.0,520100000.0,1160300000.0,1680400000.0,0.0,24600000.0,0.0,0.0,0.0,356100000.0,380700000.0,0.07,380700000.0,356100000.0,339000000.0,0.435,0.43,0.435,1300000000.0,,1300000000.0,12660000920.0,9.0,8.811,272700000.0,0.551,1.0,534100000.0,0.098,3203900000.0,17100000.0,582900000.0,,180100000.0,0.0,0.0,0.0,4408700000.0,2871200000.0,1537500000.0,11435200920.0,194300000.0,0.0,-1400000.0,-80000000.0,0.0,-81100000.0,-10400000.0,0.0,286300000.0,-500000.0,214400000.0,214400000.0,214400000.0,300000.0,0.0,0.04,178600000.0,355500000.0,1856300000.0,0.0,8.796,14.06,14.033,219600000.0,0.0,23.085,0.523,0.523,1200800000.0,3575400000.0,5422800000.0,5422800000.0,0.0,,,,,0.0,178600000.0,1.0,495352000.0,495200000,498600000.0,10.951,2504800000.0,120300000.0,124600000.0,0.0,5.058,-614400000.0
39,ESRX,MRQ,2008-12-31,2008-12-31,2008-12-31,2018-10-31,6200000.0,5509200000.0,,2043800000.0,3465400000.0,,2.176,-23900000.0,535500000.0,535500000.0,4927600000.0,206800000.0,0.751,4.11,1760300000.0,420000000.0,1340300000.0,1760300000.0,0.0,21200000.0,0.0,0.0,0.0,338700000.0,359900000.0,0.066,359900000.0,338700000.0,317200000.0,0.42,0.415,0.42,1078200000.0,,1078200000.0,15215095820.0,12.0,11.031,350100000.0,0.707,1.0,541500000.0,0.099,3213700000.0,21500000.0,798600000.0,,203000000.0,0.0,0.0,0.0,4431000000.0,2721700000.0,1709300000.0,13605295820.0,303600000.0,-5000000.0,2700000.0,-79900000.0,0.0,-74300000.0,8300000.0,38900000.0,374000000.0,-4400000.0,206800000.0,206800000.0,206800000.0,-4200000.0,0.0,0.038,209200000.0,332300000.0,1877100000.0,0.0,12.619,17.53,17.622,222200000.0,0.0,27.49,0.62,0.624,1155900000.0,3361000000.0,5469100000.0,5469100000.0,0.0,,,,,40200000.0,209200000.0,1.0,494918000.0,495400000,498200000.0,11.04,2295500000.0,118200000.0,110400000.0,0.0,4.634,-677900000.0
40,ESRX,MRQ,2008-09-30,2008-09-30,2008-09-30,2018-10-31,16900000.0,5299300000.0,,1797000000.0,3502300000.0,,1.751,-29800000.0,230600000.0,230600000.0,4930100000.0,201900000.0,0.704,5.123,1840400000.0,320100000.0,1520300000.0,1840400000.0,0.0,23300000.0,0.0,0.0,0.0,329700000.0,353000000.0,0.065,353000000.0,329700000.0,314000000.0,0.41,0.405,0.41,865500000.0,,865500000.0,19787178960.0,16.0,15.24,212800000.0,0.431,1.0,520400000.0,0.095,3248600000.0,15700000.0,1108200000.0,,158600000.0,0.0,0.0,0.0,4433800000.0,2552300000.0,1881500000.0,18206078960.0,-88700000.0,-218800000.0,13900000.0,-60100000.0,0.0,-32400000.0,-298100000.0,-49300000.0,242600000.0,-800000.0,201900000.0,201900000.0,201900000.0,1100000.0,0.0,0.037,189700000.0,330700000.0,1842800000.0,0.0,21.035,25.722,26.085,216900000.0,0.0,36.91,0.827,0.828,1228300000.0,3154200000.0,5450500000.0,5450500000.0,0.0,,,,,0.0,189700000.0,1.0,493256000.0,494200000,500600000.0,11.029,2050700000.0,113300000.0,112100000.0,0.0,4.15,-755300000.0
41,ESRX,MRQ,2008-06-30,2008-06-30,2008-06-30,2018-10-31,18500000.0,5080500000.0,,1812800000.0,3267700000.0,,1.262,-18400000.0,319300000.0,319300000.0,5028200000.0,190200000.0,0.72,7.093,1900400000.0,300100000.0,1600300000.0,1900400000.0,0.0,25100000.0,0.0,0.0,0.0,318200000.0,343300000.0,0.062,343300000.0,318200000.0,301200000.0,0.38,0.375,0.38,627800000.0,,627800000.0,17197114400.0,15.0,13.951,215000000.0,0.432,1.0,502600000.0,0.091,3017500000.0,17000000.0,1124600000.0,,168300000.0,0.0,0.0,0.0,4452700000.0,2519500000.0,1933200000.0,15751814400.0,-196100000.0,0.0,-364700000.0,-60000000.0,0.0,-411300000.0,-18700000.0,0.0,233400000.0,500000.0,190200000.0,190200000.0,190200000.0,1700000.0,0.0,0.034,185900000.0,316700000.0,1831300000.0,0.0,25.09,24.278,24.405,211800000.0,0.0,31.36,0.718,0.711,1185900000.0,2952200000.0,5530800000.0,5530800000.0,0.0,,,,,0.0,185900000.0,1.0,502290000.0,497400000,504000000.0,11.119,2063000000.0,113200000.0,111000000.0,0.0,4.148,-706700000.0
42,ESRX,MRQ,2008-03-31,2008-03-31,2008-03-31,2018-10-31,17800000.0,5347500000.0,,2074700000.0,3272800000.0,,1.54,-11700000.0,515100000.0,515100000.0,5024700000.0,177200000.0,0.809,5.88,1960400000.0,280100000.0,1680300000.0,1960400000.0,0.0,24500000.0,0.0,0.0,0.0,298600000.0,323100000.0,0.059,323100000.0,298600000.0,275300000.0,0.35,0.345,0.35,777200000.0,,777200000.0,17844110560.0,16.0,15.086,241300000.0,0.478,1.0,466100000.0,0.085,3026700000.0,23300000.0,1201300000.0,,166500000.0,0.0,0.0,0.0,4570300000.0,2564800000.0,2005500000.0,16260610560.0,77200000.0,0.0,-114400000.0,-60000000.0,0.0,-162400000.0,-12100000.0,0.0,253000000.0,-1300000.0,177200000.0,177200000.0,177200000.0,1100000.0,0.0,0.032,171500000.0,294600000.0,1818900000.0,0.0,20.922,26.6,26.912,210100000.0,0.0,32.16,0.775,0.774,1222100000.0,2762100000.0,5490800000.0,5490800000.0,0.0,,,,,0.0,171500000.0,1.0,505616000.0,504600000,511400000.0,10.881,2320800000.0,121300000.0,98100000.0,0.0,4.599,-490100000.0
43,ESRX,MRQ,2007-12-31,2007-12-31,2007-12-31,2018-10-31,20900000.0,5256400000.0,,1967800000.0,3288600000.0,,1.38,-27500000.0,436900000.0,436900000.0,5090900000.0,138500000.0,0.795,6.548,2020400000.0,260100000.0,1760300000.0,2020400000.0,0.0,23200000.0,0.0,0.0,0.0,255800000.0,279000000.0,0.05,279000000.0,255800000.0,226500000.0,0.275,0.27,0.275,696400000.0,,696400000.0,20283612000.0,20.0,18.144,301500000.0,0.598,1.0,462400000.0,0.083,3037300000.0,29300000.0,1327600000.0,,166100000.0,0.0,0.0,0.0,4560000000.0,2475000000.0,2085000000.0,18399212000.0,338700000.0,-14300000.0,5700000.0,40000000.0,0.0,51200000.0,-42400000.0,0.0,329000000.0,900000.0,138500000.0,138500000.0,138500000.0,27600000.0,0.0,0.025,182900000.0,279500000.0,1776200000.0,0.0,26.42,32.404,33.486,215500000.0,0.0,36.5,0.843,0.871,1184600000.0,2584900000.0,5553300000.0,5553300000.0,0.0,,,,,31600000.0,182900000.0,1.0,504088000.0,504600000,514200000.0,11.005,2219100000.0,121100000.0,88000000.0,0.0,4.398,-507200000.0
44,ESRX,MRQ,2007-09-30,2007-09-30,2007-09-30,2018-10-31,19400000.0,4984000000.0,,1696100000.0,3287900000.0,,1.057,-18500000.0,96000000.0,96000000.0,4918100000.0,142900000.0,0.709,8.274,1980400000.0,240100000.0,1740300000.0,1980400000.0,0.0,22800000.0,0.0,0.0,0.0,264500000.0,287300000.0,0.054,287300000.0,264500000.0,233200000.0,0.28,0.28,0.28,537400000.0,,537400000.0,16202442820.0,16.0,14.623,228500000.0,0.449,1.0,440100000.0,0.082,3040400000.0,31300000.0,1435700000.0,,158800000.0,0.0,0.0,0.0,4446600000.0,2392300000.0,2054300000.0,14393242820.0,-15200000.0,0.0,-308600000.0,60000000.0,0.0,-244200000.0,-19600000.0,0.0,247000000.0,1600000.0,142900000.0,142900000.0,142900000.0,3800000.0,0.0,0.027,174400000.0,265700000.0,1751000000.0,0.0,26.783,24.967,25.724,203900000.0,0.0,27.91,0.629,0.62,1308400000.0,2446400000.0,5358200000.0,5358200000.0,0.0,,,,,0.0,174400000.0,1.0,515702000.0,508400000,514600000.0,10.539,1943600000.0,113300000.0,90300000.0,0.0,3.823,-696200000.0
45,ESRX,MRQ,2007-06-30,2007-06-30,2007-06-30,2018-10-31,15000000.0,5032900000.0,,1744800000.0,3288100000.0,,1.304,-20700000.0,111200000.0,111200000.0,4135700000.0,152700000.0,0.747,6.322,1920400000.0,220100000.0,1700300000.0,1920400000.0,0.0,25900000.0,0.0,0.0,0.0,267500000.0,293400000.0,0.064,293400000.0,267500000.0,241900000.0,0.29,0.285,0.29,687400000.0,,687400000.0,14777524300.0,16.0,14.046,75000000.0,0.142,1.0,439100000.0,0.096,3048500000.0,25600000.0,1458600000.0,,198400000.0,0.0,0.0,0.0,4345500000.0,2335000000.0,2010500000.0,13624224300.0,-96000000.0,0.0,-797600000.0,559900000.0,0.0,-206400000.0,12800000.0,34200000.0,95700000.0,1900000.0,152700000.0,152700000.0,152700000.0,2000000.0,0.0,0.033,176000000.0,263100000.0,1768500000.0,0.0,19.82,24.848,24.635,198500000.0,0.0,25.005,0.624,0.603,1303900000.0,2303500000.0,4574800000.0,4574800000.0,0.0,,,,,0.0,176000000.0,1.0,544860000.0,527200000,534000000.0,8.678,1984400000.0,107100000.0,89200000.0,0.0,3.764,-590200000.0
46,ESRX,MRQ,2007-03-31,2007-03-31,2007-03-31,2018-10-31,12300000.0,5200200000.0,,1879900000.0,3320300000.0,,2.371,-8300000.0,207200000.0,207200000.0,4088600000.0,133700000.0,0.77,3.037,1360500000.0,200100000.0,1160400000.0,1360500000.0,0.0,25600000.0,0.0,0.0,0.0,232500000.0,258100000.0,0.057,258100000.0,232500000.0,210300000.0,0.245,0.245,0.245,1288000000.0,,1288000000.0,12268037920.0,14.0,12.506,147300000.0,0.271,1.0,420300000.0,0.093,3054500000.0,22200000.0,856700000.0,,203100000.0,0.0,0.0,0.0,3912200000.0,2442300000.0,1469900000.0,10948537920.0,76200000.0,0.0,13000000.0,-90000000.0,0.0,-70300000.0,-9100000.0,0.0,155600000.0,0.0,133700000.0,133700000.0,133700000.0,-800000.0,0.0,0.03,168000000.0,252300000.0,1820100000.0,0.0,8.5,21.749,22.055,193100000.0,0.0,20.18,0.505,0.505,1344500000.0,2150800000.0,4508900000.0,4508900000.0,0.0,,,,,0.0,168000000.0,1.0,542544000.0,543200000,550800000.0,8.301,2145700000.0,103800000.0,76600000.0,0.0,3.95,-562400000.0
47,ESRX,MRQ,2006-12-31,2006-12-31,2006-12-31,2018-10-31,11900000.0,5108100000.0,,1772100000.0,3336000000.0,,2.074,-28400000.0,131000000.0,131000000.0,8044900000.0,147200000.0,0.729,3.541,1450500000.0,180100000.0,1270400000.0,1450500000.0,0.0,24100000.0,0.0,0.0,0.0,245100000.0,269200000.0,0.032,269200000.0,245100000.0,220000000.0,0.27,0.265,0.27,1124900000.0,,1124900000.0,11259589200.0,13.0,12.02,277600000.0,0.512,1.0,386400000.0,0.046,3056900000.0,25100000.0,941300000.0,,191400000.0,0.0,0.0,0.0,3983200000.0,2429400000.0,1553800000.0,9697289200.0,62900000.0,100000.0,3400000.0,-180000000.0,0.0,-179300000.0,-62900000.0,-31500000.0,306000000.0,-900000.0,147200000.0,147200000.0,147200000.0,1000000.0,0.0,0.017,142300000.0,244100000.0,1851800000.0,0.0,8.621,20.441,21.059,198000000.0,0.0,17.9,0.45,0.464,1292800000.0,2017300000.0,8431300000.0,8431300000.0,0.0,,,,,27600000.0,142300000.0,1.0,541748000.0,542400000,550000000.0,15.544,2051200000.0,90500000.0,72800000.0,0.0,3.782,-657300000.0
48,ESRX,MRQ,2006-09-30,2006-09-30,2006-09-30,2018-10-31,12400000.0,5023400000.0,,1725900000.0,3297500000.0,,1.783,-17500000.0,68100000.0,68100000.0,3955900000.0,114700000.0,0.743,4.175,1630400000.0,150000000.0,1480400000.0,1630400000.0,0.0,23800000.0,0.0,0.0,0.0,207600000.0,231400000.0,0.053,231400000.0,207600000.0,181200000.0,0.21,0.21,0.21,970700000.0,,970700000.0,11912602973.0,15.0,13.38,141300000.0,0.26,1.0,374300000.0,0.086,3076300000.0,26400000.0,1186700000.0,,271400000.0,0.0,0.0,0.0,4052700000.0,2322700000.0,1730000000.0,10393102973.0,-127800000.0,0.0,-190000000.0,-85000000.0,0.0,-269500000.0,-17300000.0,0.0,158800000.0,200000.0,114700000.0,114700000.0,114700000.0,0.0,0.0,0.026,168600000.0,205700000.0,1796700000.0,0.0,10.707,23.712,24.561,189800000.0,0.0,18.863,0.588,0.581,1298300000.0,1870000000.0,4330200000.0,4330200000.0,0.0,,,,,0.0,168600000.0,1.0,550992868.0,544400000,552800000.0,7.954,1947100000.0,62800000.0,66500000.0,0.0,3.577,-596800000.0
49,ESRX,MRQ,2006-06-30,2006-06-30,2006-06-30,2018-10-31,12000000.0,5053400000.0,,1839400000.0,3214000000.0,,1.83,-12000000.0,195900000.0,195900000.0,4057500000.0,107800000.0,0.845,3.89,1715400000.0,110000000.0,1605400000.0,1715400000.0,0.0,26100000.0,0.0,0.0,0.0,196200000.0,222300000.0,0.05,222300000.0,196200000.0,172500000.0,0.19,0.19,0.19,1033400000.0,,1033400000.0,11508912394.0,15.0,13.649,140800000.0,0.249,1.0,363600000.0,0.082,2995300000.0,23700000.0,1399800000.0,,260800000.0,0.0,0.0,0.0,4020000000.0,2177800000.0,1842200000.0,10547812394.0,-313500000.0,0.0,-705500000.0,244900000.0,0.0,-454900000.0,-12300000.0,0.0,152800000.0,900000.0,107800000.0,107800000.0,107800000.0,0.0,0.0,0.024,171100000.0,192500000.0,1775400000.0,0.0,10.207,24.801,24.468,187500000.0,0.0,17.935,0.613,0.589,1265100000.0,1755300000.0,4421100000.0,4421100000.0,0.0,,,,,0.0,171100000.0,1.0,588113320.0,564800000,573600000.0,7.828,2058100000.0,60600000.0,64700000.0,0.0,3.644,-338400000.0
50,ESRX,MRQ,2006-03-31,2006-03-31,2006-03-31,2018-10-31,9900000.0,5430800000.0,,2212300000.0,3218500000.0,,2.759,-8700000.0,509400000.0,509400000.0,4035400000.0,104700000.0,0.998,2.359,1470500000.0,110000000.0,1360500000.0,1470500000.0,0.0,25800000.0,0.0,0.0,0.0,188000000.0,213800000.0,0.049,213800000.0,188000000.0,167500000.0,0.177,0.175,0.177,1616600000.0,,1616600000.0,13899012834.0,20.0,17.578,32300000.0,0.055,1.0,344600000.0,0.079,2997100000.0,20500000.0,1177900000.0,,260900000.0,0.0,0.0,0.0,3814200000.0,2216900000.0,1597300000.0,12866012834.0,31500000.0,0.0,17500000.0,-40000000.0,0.0,-1000000.0,-8500000.0,0.0,41000000.0,0.0,104700000.0,104700000.0,104700000.0,0.0,0.0,0.024,161100000.0,183500000.0,1822400000.0,0.0,7.959,30.67,30.734,192800000.0,0.0,21.975,0.769,0.77,1332100000.0,1647500000.0,4380000000.0,4380000000.0,0.0,,,,,0.0,161100000.0,1.0,585484088.0,586000000,596400000.0,7.474,2433700000.0,52300000.0,62800000.0,0.0,4.153,-4600000.0
51,ESRX,MRQ,2005-12-31,2005-12-31,2005-12-31,2018-10-31,9800000.0,5493500000.0,,2257400000.0,3236100000.0,,2.52,-24500000.0,477900000.0,477900000.0,4201200000.0,111100000.0,0.942,2.75,1510500000.0,110000000.0,1400500000.0,1510500000.0,0.0,24700000.0,0.0,0.0,0.0,198100000.0,222800000.0,0.049,222800000.0,198100000.0,175400000.0,0.19,0.188,0.19,1464800000.0,,1464800000.0,12166577607.0,19.0,16.533,237300000.0,0.408,1.0,356200000.0,0.078,3003400000.0,22700000.0,1127500000.0,,273400000.0,0.0,0.0,0.0,4028700000.0,2395200000.0,1633500000.0,12204097607.0,72900000.0,-1310600000.0,11000000.0,1143000000.0,0.0,1145000000.0,-1334100000.0,-300000.0,261800000.0,200000.0,111100000.0,111100000.0,111100000.0,-600000.0,0.0,0.024,161800000.0,194400000.0,1976500000.0,0.0,8.332,30.503,30.809,201300000.0,0.0,20.95,0.754,0.76,1393200000.0,1542900000.0,4557400000.0,4557400000.0,0.0,,,,,18700000.0,161800000.0,1.0,582534492.0,581200000,595600000.0,7.841,2490100000.0,53100000.0,64300000.0,0.0,4.284,-137800000.0
52,ESRX,MRQ,2005-09-30,2005-09-30,2005-09-30,2018-10-31,9785000.0,3743191000.0,,1616531000.0,2126660000.0,,2.278,-16300000.0,405027000.0,405027000.0,3554400000.0,101700000.0,0.862,1.808,367507000.0,22056000.0,345451000.0,367507000.0,0.0,20300000.0,0.0,0.0,0.0,164000000.0,184300000.0,0.048,184300000.0,164000000.0,158900000.0,0.175,0.17,0.175,1333144000.0,,1333144000.0,9200477800.0,16.0,13.766,198400000.0,0.339,1.0,293200000.0,0.076,1931285000.0,5100000.0,-100321000.0,,144027000.0,0.0,0.0,0.0,2410047000.0,1874707000.0,535340000.0,9244723800.0,-12200000.0,0.0,-204000000.0,-5500000.0,0.0,-209500000.0,-18100000.0,0.0,214700000.0,700000.0,101700000.0,101700000.0,101700000.0,0.0,0.0,0.026,132100000.0,161100000.0,1597234000.0,0.0,6.935,24.992,24.801,169421000.0,0.0,15.55,0.594,0.584,1002422000.0,1431727000.0,3847600000.0,3847600000.0,0.0,,,,,14400000.0,132100000.0,1.0,594516000.0,585200000,595600000.0,6.575,1811906000.0,41185000.0,57200000.0,0.0,3.096,-258176000.0
53,ESRX,MRQ,2005-06-30,2005-06-30,2005-06-30,2018-10-31,7478000.0,3838764000.0,,1708949000.0,2129815000.0,,2.39,-12000000.0,417253000.0,417253000.0,3667500000.0,102000000.0,0.906,1.709,373007000.0,22056000.0,350951000.0,373007000.0,0.0,19500000.0,0.0,0.0,0.0,150300000.0,169800000.0,0.043,169800000.0,150300000.0,145600000.0,0.172,0.17,0.172,1416803000.0,,1416803000.0,7538339754.0,14.0,12.435,166200000.0,0.28,1.0,276800000.0,0.07,1937545000.0,4700000.0,-29504000.0,,147680000.0,0.0,0.0,0.0,2421961000.0,1886477000.0,535484000.0,7414896754.0,162200000.0,0.0,2300000.0,-5600000.0,0.0,-3300000.0,-12600000.0,-2100000.0,178200000.0,-100000.0,102000000.0,102000000.0,102000000.0,0.0,0.0,0.026,128400000.0,148400000.0,1597666000.0,0.0,5.234,22.461,22.514,168690000.0,0.0,12.495,0.479,0.478,1079744000.0,1330033000.0,3944300000.0,3944300000.0,0.0,,,,,4200000.0,128400000.0,1.0,593429112.0,592800000,602000000.0,6.654,1901219000.0,41678000.0,43600000.0,0.0,3.207,-177528000.0
54,ESRX,MRQ,2005-03-31,2005-03-31,2005-03-31,2018-10-31,8023000.0,3708838000.0,,1570015000.0,2138823000.0,,2.219,-5900000.0,255121000.0,255121000.0,3574200000.0,85300000.0,0.845,1.837,378564000.0,22056000.0,356508000.0,378564000.0,0.0,19800000.0,0.0,0.0,0.0,139200000.0,159000000.0,0.041,159000000.0,139200000.0,134500000.0,0.145,0.142,0.145,1307254000.0,,1307254000.0,6665676866.0,13.0,11.499,132300000.0,0.225,1.0,264900000.0,0.069,1945603000.0,4700000.0,28107000.0,,158199000.0,0.0,0.0,0.0,2401584000.0,1858571000.0,543013000.0,6397617866.0,89000000.0,0.0,10300000.0,-55500000.0,0.0,-45200000.0,-3800000.0,2100000.0,138200000.0,-200000.0,85300000.0,85300000.0,85300000.0,0.0,0.0,0.022,126600000.0,138300000.0,1561360000.0,0.0,4.894,21.795,22.379,171793000.0,0.0,10.899,0.417,0.419,1094594000.0,1228033000.0,3839100000.0,3839100000.0,0.0,,,,,9800000.0,126600000.0,1.0,587004736.0,589200000,597200000.0,6.516,1763235000.0,38116000.0,49200000.0,0.0,2.993,-288556000.0
55,ESRX,MRQ,2004-12-31,2004-12-31,2004-12-31,2018-10-31,8266000.0,3600086000.0,,1443017000.0,2157069000.0,,1.997,-18113000.0,166054000.0,166054000.0,3676209000.0,80900000.0,0.796,2.009,434113000.0,22056000.0,412057000.0,434113000.0,0.0,19623000.0,0.0,0.0,0.0,135616000.0,155239000.0,0.039,155239000.0,135616000.0,131034000.0,0.135,0.133,0.135,1196314000.0,,1196314000.0,6086697098.0,12.0,10.823,174811000.0,0.292,1.0,263481000.0,0.067,1954205000.0,4582000.0,100529000.0,,158775000.0,0.0,0.0,0.0,2403772000.0,1813411000.0,590361000.0,5808195098.0,4879000.0,-464000.0,-166370000.0,-5509000.0,0.0,-170443000.0,-18530000.0,150000.0,192924000.0,928000.0,80900000.0,80900000.0,80900000.0,0.0,0.0,0.021,128427000.0,135054000.0,1559660000.0,0.0,4.855,20.878,21.0,181166000.0,0.0,9.555,0.384,0.386,1057222000.0,1142757000.0,3939690000.0,3939690000.0,0.0,,,,,22700000.0,128427000.0,1.0,607869712.0,599152000,606296000.0,6.575,1645881000.0,33074000.0,50134000.0,0.0,2.747,-370394000.0
56,ESRX,MRQ,2004-09-30,2004-09-30,2004-09-30,2018-10-31,5975000.0,3592575000.0,,1428502000.0,2164073000.0,,2.09,-16033000.0,161161000.0,161161000.0,3532280000.0,61917000.0,0.828,1.822,439663000.0,22056000.0,417607000.0,439663000.0,0.0,17652000.0,0.0,0.0,0.0,104517000.0,122169000.0,0.032,122169000.0,104517000.0,100269000.0,0.102,0.1,0.102,1272881000.0,,1272881000.0,5371504707.0,11.0,9.964,133932000.0,0.22,1.0,235410000.0,0.062,1951472000.0,4248000.0,194342000.0,,151581000.0,0.0,0.0,0.0,2319694000.0,1725263000.0,594431000.0,5069567707.0,43448000.0,-78000.0,-108399000.0,20064000.0,0.0,-88339000.0,-18854000.0,-2750000.0,149965000.0,676000.0,61917000.0,61917000.0,61917000.0,0.0,0.0,0.016,130806000.0,104604000.0,1484667000.0,0.0,3.983,19.121,19.038,177764000.0,0.0,8.168,0.346,0.339,1073726000.0,1061850000.0,3767690000.0,3767690000.0,0.0,,,,,0.0,130806000.0,1.0,620700056.0,609008000,617416000.0,6.187,1641103000.0,18424000.0,38352000.0,0.0,2.695,-296761000.0
57,ESRX,MRQ,2004-06-30,2004-06-30,2004-06-30,2018-10-31,3585000.0,3544655000.0,,1381425000.0,2163230000.0,,2.133,-9615000.0,117713000.0,117713000.0,3555983000.0,65420000.0,0.826,1.689,419650000.0,22000000.0,397650000.0,419650000.0,0.0,17120000.0,0.0,0.0,0.0,126140000.0,143260000.0,0.038,143260000.0,126140000.0,105980000.0,0.105,0.105,0.105,1318360000.0,,1318360000.0,6478608070.0,13.0,11.931,45911000.0,0.074,1.0,223522000.0,0.059,1956722000.0,20160000.0,217902000.0,,137208000.0,0.0,0.0,0.0,2226295000.0,1671968000.0,554327000.0,6174434070.0,-183144000.0,752000.0,-34281000.0,-184955000.0,0.0,-219239000.0,-19162000.0,-10300000.0,55526000.0,-269000.0,65420000.0,65420000.0,65420000.0,0.0,0.0,0.017,96723000.0,126799000.0,1454718000.0,0.0,4.683,23.06,23.086,174666000.0,0.0,9.904,0.437,0.433,1082532000.0,999933000.0,3779505000.0,3779505000.0,0.0,,,,,0.0,96723000.0,1.0,623444056.0,618032000,628416000.0,6.115,1587933000.0,16024000.0,40560000.0,0.0,2.569,-290543000.0
58,ESRX,MRQ,2004-03-31,2004-03-31,2004-03-31,2018-10-31,3655000.0,3719642000.0,,1561946000.0,2157696000.0,,2.066,-7739000.0,300857000.0,300857000.0,3406028000.0,69963000.0,0.91,1.91,605031000.0,22084000.0,582947000.0,605031000.0,0.0,15705000.0,0.0,0.0,0.0,126027000.0,141732000.0,0.039,141732000.0,126027000.0,113317000.0,0.113,0.111,0.113,1278257000.0,,1278257000.0,5840521348.0,13.0,11.179,90046000.0,0.146,1.0,221787000.0,0.061,1958066000.0,12710000.0,348734000.0,,128603000.0,0.0,0.0,0.0,2441385000.0,1717016000.0,724369000.0,5781543348.0,-95183000.0,-331810000.0,3650000.0,150000000.0,0.0,147621000.0,-340454000.0,-1000000.0,97785000.0,-135000.0,69963000.0,69963000.0,69963000.0,0.0,0.0,0.019,95244000.0,126543000.0,1478383000.0,0.0,4.523,22.123,22.347,177783000.0,0.0,9.319,0.422,0.421,1092043000.0,934513000.0,3627815000.0,3627815000.0,0.0,,,,,0.0,95244000.0,1.0,620420480.0,618664000,628568000.0,5.864,1761576000.0,17156000.0,43354000.0,0.0,2.847,-155070000.0
59,ESRX,MRQ,2003-12-31,2003-12-31,2003-12-31,2018-10-31,3638000.0,3409174000.0,,1560135000.0,1849039000.0,,1.928,-14988000.0,396040000.0,396040000.0,3254845000.0,67831000.0,0.959,1.855,455018000.0,0.0,455018000.0,455018000.0,0.0,14313000.0,0.0,0.0,0.0,117605000.0,131918000.0,0.038,131918000.0,117605000.0,109777000.0,0.109,0.109,0.109,1193993000.0,,1193993000.0,5380420450.0,12.0,10.761,161616000.0,0.261,1.0,233375000.0,0.067,1653552000.0,7828000.0,188192000.0,,116375000.0,0.0,0.0,0.0,2215181000.0,1626408000.0,588773000.0,5217641450.0,103344000.0,440000.0,-58835000.0,430000.0,0.0,-58405000.0,-14563000.0,0.0,176604000.0,-292000.0,67831000.0,67831000.0,67831000.0,0.0,0.0,0.019,114973000.0,118402000.0,1409903000.0,0.0,4.37,20.871,20.759,177312000.0,0.0,8.304,0.392,0.39,1011154000.0,864550000.0,3488220000.0,3488220000.0,0.0,,,,,35000000.0,114973000.0,1.0,628347608.0,619272000,622376000.0,5.633,1755622000.0,15346000.0,41946000.0,0.0,2.835,-66273000.0
60,ESRX,MRQ,2003-09-30,2003-09-30,2003-09-30,2018-10-31,1744000.0,3294791000.0,,1445241000.0,1849550000.0,,1.872,-10450000.0,292310000.0,292310000.0,3041825000.0,64542000.0,0.94,1.796,455089000.0,0.0,455089000.0,455089000.0,0.0,13293000.0,0.0,0.0,0.0,112811000.0,126104000.0,0.039,126104000.0,112811000.0,104381000.0,0.102,0.101,0.102,1178253000.0,,1178253000.0,5088166312.0,12.0,10.38,150348000.0,0.239,1.0,206777000.0,0.064,1656344000.0,8430000.0,264237000.0,,130113000.0,0.0,0.0,0.0,2116538000.0,1536989000.0,579549000.0,4802567312.0,97748000.0,636000.0,-28359000.0,-25000000.0,0.0,-53359000.0,-9809000.0,0.0,160798000.0,118000.0,64542000.0,64542000.0,64542000.0,0.0,0.0,0.02,93286000.0,113491000.0,1351406000.0,0.0,4.076,20.103,19.945,173116000.0,0.0,7.639,0.365,0.365,983193000.0,797119000.0,3248602000.0,3248602000.0,0.0,,,,,0.0,93286000.0,1.0,628711152.0,629328000,640184000.0,5.162,1638447000.0,14979000.0,39839000.0,0.0,2.603,-91748000.0
61,ESRX,MRQ,2003-06-30,2003-06-30,2003-06-30,2018-10-31,1234000.0,3242143000.0,,1388837000.0,1853306000.0,,1.813,-12367000.0,194562000.0,194562000.0,3116962000.0,59006000.0,0.917,1.853,480161000.0,0.0,480161000.0,480161000.0,0.0,13231000.0,0.0,0.0,0.0,109456000.0,122687000.0,0.037,122687000.0,109456000.0,95416000.0,0.094,0.092,0.094,1136406000.0,,1136406000.0,5608088632.0,13.0,11.792,13795000.0,0.022,1.0,217235000.0,0.065,1661941000.0,14040000.0,351195000.0,,155078000.0,0.0,0.0,0.0,2105737000.0,1514606000.0,591131000.0,5323900632.0,-61979000.0,120000.0,-16745000.0,-60430000.0,0.0,-77175000.0,-12244000.0,0.0,26162000.0,1278000.0,59006000.0,59006000.0,59006000.0,0.0,0.0,0.018,106955000.0,110280000.0,1347266000.0,0.0,4.685,23.372,23.289,172551000.0,0.0,8.524,0.406,0.408,990090000.0,732577000.0,3334197000.0,3334197000.0,0.0,,,,,0.0,106955000.0,1.0,624596056.0,626928000,640168000.0,5.318,1580202000.0,16454000.0,36410000.0,0.0,2.521,-125769000.0
62,ESRX,MRQ,2003-03-31,2003-03-31,2003-03-31,2018-10-31,-2131000.0,3354287000.0,,1541073000.0,1813214000.0,,1.722,-9195000.0,256541000.0,256541000.0,3014368000.0,58621000.0,0.939,2.14,540729000.0,0.0,540729000.0,540729000.0,0.0,13163000.0,0.0,0.0,0.0,106128000.0,119291000.0,0.037,119291000.0,106128000.0,95426000.0,0.095,0.092,0.095,1068279000.0,,1068279000.0,4798584697.0,12.0,10.28,85241000.0,0.137,1.0,209613000.0,0.065,1626995000.0,10702000.0,370460000.0,,197251000.0,0.0,0.0,0.0,2286008000.0,1641020000.0,644988000.0,4339298697.0,65887000.0,2804000.0,1939000.0,-25000000.0,0.0,-23061000.0,-6384000.0,0.0,94436000.0,896000.0,58621000.0,58621000.0,58621000.0,0.0,0.0,0.018,101786000.0,107827000.0,1437577000.0,0.0,4.062,19.952,19.893,170011000.0,0.0,6.963,0.335,0.334,1020219000.0,673571000.0,3223981000.0,3223981000.0,0.0,,,,,0.0,101786000.0,1.0,623238592.0,620376000,632600000.0,5.197,1727292000.0,25693000.0,36805000.0,0.0,2.784,-99947000.0
63,ESRX,MRQ,2002-12-31,2002-12-31,2002-12-31,2018-10-31,-4422000.0,3206992000.0,,1393821000.0,1813171000.0,,1.616,-28831000.0,190654000.0,190654000.0,3139314000.0,56725000.0,0.903,2.198,565806000.0,3250000.0,562556000.0,565806000.0,0.0,19063000.0,0.0,0.0,0.0,103054000.0,122117000.0,0.036,122117000.0,103054000.0,91501000.0,0.091,0.09,0.091,1002855000.0,,1002855000.0,4201833745.0,11.0,9.257,110175000.0,0.178,1.0,225195000.0,0.067,1629547000.0,11553000.0,408840000.0,,160483000.0,0.0,0.0,0.0,2204137000.0,1543757000.0,660380000.0,3742547745.0,29056000.0,9247000.0,-35375000.0,-55000000.0,0.0,-90352000.0,-19682000.0,0.0,139006000.0,84000.0,56725000.0,56725000.0,56725000.0,0.0,0.0,0.017,121832000.0,103363000.0,1340151000.0,0.0,3.732,18.451,18.477,168973000.0,0.0,6.005,0.305,0.305,988544000.0,614950000.0,3364509000.0,3364509000.0,0.0,,,,,26700000.0,121832000.0,1.0,623238592.0,620624000,634480000.0,5.421,1577445000.0,25686000.0,34776000.0,0.0,2.542,-149936000.0
64,ESRX,MRQ,2002-09-30,2002-09-30,2002-09-30,2018-10-31,-5122000.0,3124066000.0,,1317516000.0,1806550000.0,,1.559,-9471000.0,161598000.0,161598000.0,2975996000.0,53442000.0,0.913,2.218,620884000.0,0.0,620884000.0,620884000.0,0.0,12012000.0,0.0,0.0,0.0,99467000.0,111479000.0,0.035,111479000.0,99467000.0,86912000.0,0.086,0.084,0.086,970778000.0,,970778000.0,4831624548.0,14.0,11.517,81979000.0,0.132,1.0,211462000.0,0.066,1633759000.0,12555000.0,506930000.0,,123671000.0,0.0,0.0,0.0,2153288000.0,1442663000.0,710625000.0,4293210548.0,-5950000.0,23711000.0,-26297000.0,-85000000.0,0.0,-111411000.0,14387000.0,0.0,91450000.0,-376000.0,53442000.0,53442000.0,53442000.0,0.0,0.0,0.017,112162000.0,99300000.0,1256426000.0,0.0,4.422,23.812,23.5,156647000.0,0.0,6.815,0.398,0.394,994787000.0,558225000.0,3187458000.0,3187458000.0,0.0,,,,,0.0,112162000.0,1.0,629964864.0,622632000,635592000.0,5.119,1490307000.0,26102000.0,33470000.0,0.0,2.394,-125147000.0
65,ESRX,MRQ,2002-06-30,2002-06-30,2002-06-30,2018-10-31,-3327000.0,3195716000.0,,1412479000.0,1783237000.0,,1.505,-13739000.0,167548000.0,167548000.0,2955420000.0,48700000.0,0.962,2.387,705962000.0,0.0,705962000.0,705962000.0,0.0,22810000.0,0.0,0.0,0.0,91079000.0,113889000.0,0.036,113889000.0,91079000.0,79425000.0,0.077,0.076,0.077,943427000.0,,943427000.0,4186085945.0,14.0,10.818,156976000.0,0.25,1.0,212104000.0,0.067,1609416000.0,11654000.0,656493000.0,,131053000.0,0.0,0.0,0.0,2252289000.0,1468221000.0,784068000.0,3998729945.0,8864000.0,-488006000.0,-17421000.0,360000000.0,0.0,339124000.0,-501242000.0,0.0,170715000.0,267000.0,48700000.0,48700000.0,48700000.0,0.0,0.0,0.015,121311000.0,90793000.0,1060999000.0,0.0,4.239,25.142,24.564,155778000.0,0.0,6.264,0.401,0.394,1032390000.0,504783000.0,3167524000.0,3167524000.0,0.0,,,,,0.0,121311000.0,1.0,638392328.0,626936000,642216000.0,5.052,1586300000.0,28770000.0,30725000.0,0.0,2.53,-55742000.0
66,ESRX,MRQ,2002-03-31,2002-03-31,2002-03-31,2018-10-31,-4033000.0,2507512000.0,,1202440000.0,1305072000.0,,1.414,-9262000.0,158684000.0,158684000.0,2376365000.0,43969000.0,0.987,1.854,346040000.0,0.0,346040000.0,346040000.0,0.0,28153000.0,0.0,0.0,0.0,78293000.0,106446000.0,0.042,106446000.0,78293000.0,70165000.0,0.071,0.069,0.071,878665000.0,,878665000.0,4641444812.0,18.0,13.202,15537000.0,0.025,1.0,174657000.0,0.068,1136937000.0,8128000.0,339736000.0,,154072000.0,0.0,0.0,0.0,1628847000.0,1218195000.0,410652000.0,4473040812.0,-19031000.0,-32934000.0,-1422000.0,0.0,0.0,-1738000.0,-42191000.0,0.0,24799000.0,99000.0,43969000.0,43969000.0,43969000.0,0.0,0.0,0.017,96387000.0,78270000.0,867585000.0,0.0,5.091,31.816,31.853,150808000.0,0.0,7.199,0.494,0.494,858777000.0,456083000.0,2551022000.0,2551022000.0,0.0,,,,,0.0,96387000.0,1.0,621363544.0,621488000,636600000.0,4.105,1370575000.0,18016000.0,26196000.0,0.0,2.205,-15755000.0
67,ESRX,MRQ,2001-12-31,2001-12-31,2001-12-31,2018-10-31,-4593000.0,2500245000.0,,1213203000.0,1287042000.0,,1.342,-20456000.0,177715000.0,177715000.0,1712633000.0,34186000.0,0.974,2.005,346119000.0,0.0,346119000.0,346119000.0,0.0,22343000.0,0.0,0.0,0.0,65381000.0,87724000.0,0.047,87724000.0,65381000.0,56750000.0,0.055,0.054,0.055,831997000.0,,831997000.0,3943494499.0,16.0,12.299,92482000.0,0.149,1.0,156232000.0,0.084,1107629000.0,8631000.0,315403000.0,,122375000.0,0.0,0.0,0.0,1668248000.0,1245617000.0,422631000.0,3702115499.0,72895000.0,-683000.0,-26157000.0,0.0,0.0,-26157000.0,-13917000.0,0.0,112938000.0,31000.0,34186000.0,34186000.0,34186000.0,0.0,0.0,0.018,92081000.0,64151000.0,1092144000.0,0.0,4.45,29.688,29.225,165263000.0,0.0,5.845,0.431,0.424,883827000.0,412114000.0,1868865000.0,1868865000.0,0.0,,,,,31259000.0,92081000.0,1.0,633381608.0,619952000,630720000.0,3.015,1392616000.0,16368000.0,22564000.0,0.0,2.246,-32414000.0
68,ESRX,MRQ,2001-09-30,2001-09-30,2001-09-30,2018-10-31,-4914000.0,2360298000.0,,1072105000.0,1288193000.0,,1.301,-17023000.0,104820000.0,104820000.0,2236799000.0,32191000.0,0.956,1.893,346199000.0,0.0,346199000.0,346199000.0,0.0,17638000.0,0.0,0.0,0.0,61261000.0,78899000.0,0.033,78899000.0,61261000.0,52844000.0,0.051,0.05,0.051,815777000.0,,815777000.0,4645999921.0,21.0,15.768,55485000.0,0.088,1.0,144453000.0,0.061,1115547000.0,8417000.0,364137000.0,,109243000.0,0.0,0.0,0.0,1544521000.0,1121993000.0,422528000.0,4370663921.0,-16123000.0,-1083000.0,-18759000.0,-50000000.0,0.0,-68759000.0,-19632000.0,0.0,72508000.0,-240000.0,32191000.0,32191000.0,32191000.0,0.0,0.0,0.014,84222000.0,60231000.0,831605000.0,0.0,5.358,39.64,38.848,154869000.0,0.0,6.915,0.549,0.545,831921000.0,377928000.0,2381252000.0,2381252000.0,0.0,,,,,0.0,84222000.0,1.0,632055520.0,627056000,644896000.0,3.798,1244751000.0,0.0,20653000.0,0.0,1.985,-49888000.0
69,ESRX,MRQ,2001-06-30,2001-06-30,2001-06-30,2018-10-31,-1883000.0,2357524000.0,,1077769000.0,1279755000.0,,1.273,-8521000.0,120943000.0,120943000.0,2097059000.0,30244000.0,0.981,1.967,396279000.0,0.0,396279000.0,396279000.0,0.0,19199000.0,0.0,0.0,0.0,59310000.0,78509000.0,0.035,78509000.0,59310000.0,50681000.0,0.049,0.048,0.049,794470000.0,,794470000.0,4619505651.0,22.0,16.213,36960000.0,0.059,1.0,150284000.0,0.067,1117115000.0,8629000.0,416729000.0,,97951000.0,0.0,0.0,0.0,1563054000.0,1099016000.0,464038000.0,4308245651.0,35843000.0,-766000.0,4807000.0,0.0,0.0,4807000.0,-15063000.0,0.0,45481000.0,618000.0,30244000.0,30244000.0,30244000.0,0.0,0.0,0.013,92590000.0,57694000.0,846338000.0,0.0,5.423,42.262,41.689,145914000.0,0.0,6.879,0.589,0.587,832052000.0,345737000.0,2247343000.0,2247343000.0,0.0,,,,,0.0,92590000.0,1.0,626312288.0,624080000,641024000.0,3.601,1240409000.0,0.0,20437000.0,0.0,1.988,-21247000.0
70,ESRX,MRQ,2001-03-31,2001-03-31,2001-03-31,2018-10-31,-2749000.0,2279707000.0,,994051000.0,1285656000.0,,1.214,-10442000.0,85100000.0,85100000.0,1945641000.0,28079000.0,0.931,2.027,396360000.0,0.0,396360000.0,396360000.0,0.0,19001000.0,0.0,0.0,0.0,56511000.0,75512000.0,0.036,75512000.0,56511000.0,47367000.0,0.045,0.044,0.045,753241000.0,,753241000.0,3705234437.0,77.0,29.915,39621000.0,0.064,1.0,144899000.0,0.069,1128115000.0,9144000.0,395319000.0,,85478000.0,0.0,0.0,0.0,1526466000.0,1067533000.0,458933000.0,3361997437.0,31896000.0,-17733000.0,10560000.0,0.0,0.0,10560000.0,-28107000.0,0.0,50063000.0,-620000.0,28079000.0,28079000.0,28079000.0,0.0,0.0,0.013,89798000.0,55101000.0,846637000.0,0.0,4.463,-1356.191,-902.917,147787000.0,0.0,5.418,0.501,0.5,791848000.0,315493000.0,2090540000.0,2090540000.0,0.0,,,,,0.0,89798000.0,1.0,620580976.0,620320000,637072000.0,3.37,1151592000.0,0.0,19288000.0,0.0,1.856,-73482000.0
71,ESRX,MRQ,2000-12-31,2000-12-31,2000-12-31,2018-10-31,-97000.0,2276644000.0,,998169000.0,1278475000.0,,1.151,-33242000.0,53204000.0,53204000.0,1099412000.0,19744000.0,0.894,2.228,396441000.0,0.0,396441000.0,396441000.0,0.0,18407000.0,0.0,0.0,0.0,43318000.0,61725000.0,0.05,61725000.0,43318000.0,33660000.0,0.033,0.033,0.033,705244000.0,,705244000.0,4352802949.0,103.0,36.162,55499000.0,0.091,1.0,136279000.0,0.11,1124111000.0,9658000.0,379826000.0,,110053000.0,0.0,0.0,0.0,1571400000.0,1115944000.0,455456000.0,3948461949.0,31022000.0,0.0,6726000.0,-30000000.0,0.0,-23274000.0,-34467000.0,0.0,88741000.0,22000.0,19744000.0,19744000.0,19744000.0,0.0,0.0,0.016,85276000.0,51003000.0,973029000.0,0.0,5.599,-432.661,-426.25,147709000.0,0.0,6.394,0.647,0.64,802790000.0,287414000.0,1235691000.0,1235691000.0,0.0,,,,,16742000.0,85276000.0,1.0,617550256.0,612720000,612720000.0,2.017,1152533000.0,22180000.0,13916000.0,0.0,1.881,-117775000.0
72,ESRX,MRQ,2000-09-30,2000-09-30,2000-09-30,2018-10-31,-3723000.0,2156728000.0,,887660000.0,1269068000.0,,1.089,-11631000.0,22182000.0,22182000.0,1603650000.0,23875000.0,0.868,2.228,426523000.0,0.0,426523000.0,426523000.0,0.0,17156000.0,0.0,0.0,0.0,52028000.0,69184000.0,0.04,69184000.0,52028000.0,41167000.0,0.039,0.037,0.039,668177000.0,,668177000.0,3203521217.0,15.0,11.004,47511000.0,0.077,1.0,132839000.0,0.076,1135169000.0,10861000.0,403416000.0,,71141000.0,4493000.0,0.0,4493000.0,1488551000.0,1022484000.0,466067000.0,2742698217.0,-77653000.0,0.0,9864000.0,-135000000.0,0.0,-125136000.0,-11597000.0,0.0,59142000.0,-62000.0,23875000.0,23875000.0,23875000.0,0.0,0.0,0.014,82687000.0,50152000.0,798087000.0,0.0,4.105,30.343,28.946,122494000.0,0.0,4.516,0.436,0.44,768110000.0,267670000.0,1736489000.0,1736489000.0,0.0,,,,,0.0,82687000.0,1.0,607379536.0,613296000,628640000.0,2.831,1021559000.0,0.0,17292000.0,0.0,1.666,-134824000.0
73,ESRX,MRQ,2000-06-30,2000-06-30,2000-06-30,2018-10-31,-57000.0,2336880000.0,,1055742000.0,1281138000.0,,1.04,-14791000.0,99835000.0,99835000.0,1515964000.0,-74177000.0,0.913,2.714,560658000.0,42750000.0,517908000.0,560658000.0,0.0,20908000.0,0.0,0.0,0.0,-103472000.0,-82564000.0,-0.05,-82564000.0,-103472000.0,-116655000.0,-0.122,-0.122,-0.122,629264000.0,,629264000.0,2825927163.0,14.0,9.783,22560000.0,0.037,1.0,137403000.0,0.083,1148323000.0,13183000.0,492495000.0,,75984000.0,10270000.0,0.0,10270000.0,1707616000.0,1156885000.0,550731000.0,2351635163.0,-31712000.0,0.0,-8126000.0,-45069000.0,0.0,-53195000.0,-15791000.0,0.0,37351000.0,-77000.0,-74177000.0,-74177000.0,-74177000.0,0.0,0.0,-0.045,87421000.0,49982000.0,855839000.0,0.0,3.737,28.16,26.78,112319000.0,0.0,3.883,0.417,0.417,845699000.0,243795000.0,1653367000.0,1653367000.0,0.0,,,,,0.0,87421000.0,1.0,605603776.0,605000000,605000000.0,2.733,1188557000.0,0.0,-42478000.0,0.0,1.965,-101143000.0
74,ESRX,MRQ,2000-03-31,2000-03-31,2000-03-31,2018-10-31,-51594000.0,2301063000.0,,959464000.0,1341599000.0,,1.069,-11723000.0,131547000.0,131547000.0,1343063000.0,21432000.0,0.955,2.492,605839000.0,0.0,605839000.0,605839000.0,0.0,21567000.0,0.0,0.0,0.0,50456000.0,72023000.0,0.049,72023000.0,50456000.0,36255000.0,0.035,0.034,0.035,658936000.0,,658936000.0,2117564492.0,6.0,5.004,48953000.0,0.079,1.0,132446000.0,0.09,1146429000.0,14201000.0,624556000.0,,77426000.0,82961000.0,0.0,82961000.0,1642127000.0,1004370000.0,637757000.0,1614321492.0,-1083000.0,0.0,-20022000.0,-30000000.0,0.0,-50022000.0,-11723000.0,0.0,60676000.0,-14000.0,21432000.0,21432000.0,21432000.0,0.0,0.0,0.015,83371000.0,49075000.0,877491000.0,0.0,2.45,10.21,9.795,104216000.0,0.0,2.625,0.324,0.325,720587000.0,317972000.0,1475509000.0,1475509000.0,0.0,,,,,0.0,83371000.0,1.0,614979616.0,616640000,627296000.0,2.393,1154634000.0,26400000.0,14823000.0,0.0,1.872,-44906000.0
75,ESRX,MRQ,1999-12-31,1999-12-31,1999-12-31,2018-10-31,-9521000.0,2487311000.0,,1066355000.0,1420956000.0,,1.134,-11034000.0,132630000.0,132630000.0,1291375000.0,119259000.0,0.969,2.556,635873000.0,0.0,635873000.0,635873000.0,0.0,21111000.0,0.0,0.0,0.0,211363000.0,232474000.0,0.163,232474000.0,211363000.0,196600000.0,0.205,0.2,0.205,699482000.0,,699482000.0,3078719536.0,10.0,7.89,114408000.0,0.185,1.0,134490000.0,0.094,1165916000.0,14763000.0,724280000.0,,113248000.0,150365000.0,0.0,150365000.0,1787829000.0,1100358000.0,687471000.0,2465337536.0,72176000.0,-4202000.0,6435000.0,-37865000.0,0.0,-38090000.0,-15236000.0,0.0,125442000.0,60000.0,119259000.0,119259000.0,119259000.0,0.0,0.0,0.084,107917000.0,26573000.0,963361000.0,0.0,3.525,16.412,15.385,97573000.0,0.0,4.0,0.56,0.524,783086000.0,296540000.0,1425865000.0,1425865000.0,0.0,,,,,512000.0,87096000.0,1.0,616334384.0,616928000,635008000.0,2.311,1321395000.0,32248000.0,77341000.0,0.0,2.142,-34003000.0
76,ESRX,MRQ,1999-09-30,1999-09-30,1999-09-30,2018-10-31,-26000.0,2105036000.0,,816880000.0,1288156000.0,,0.956,-9746000.0,60454000.0,60454000.0,958987000.0,16995000.0,0.97,2.577,673836000.0,0.0,673836000.0,673836000.0,0.0,20675000.0,0.0,0.0,0.0,46260000.0,66935000.0,0.062,66935000.0,46260000.0,30466000.0,0.028,0.027,0.028,588552000.0,,588552000.0,3651592954.0,27.0,18.813,26455000.0,0.043,1.0,124509000.0,0.115,1155065000.0,15794000.0,721165000.0,,55367000.0,0.0,0.0,0.0,1516484000.0,842188000.0,674296000.0,3009827954.0,-21829000.0,-530000.0,69000.0,-50230000.0,0.0,-47766000.0,-10276000.0,0.0,36201000.0,12000.0,16995000.0,16995000.0,16995000.0,0.0,0.0,0.016,78761000.0,45748000.0,708031000.0,0.0,5.114,70.187,64.35,95912000.0,0.0,4.891,0.788,0.789,656146000.0,177281000.0,1083496000.0,1083496000.0,0.0,,,,,925000.0,78761000.0,1.0,615428080.0,615680000,629664000.0,1.76,949971000.0,41376000.0,13471000.0,0.0,1.543,-25308000.0
77,ESRX,MRQ,1999-06-30,1999-06-30,1999-06-30,2018-10-31,-38000.0,2040164000.0,,736293000.0,1303871000.0,,1.042,-10501000.0,82283000.0,82283000.0,869989000.0,421000.0,0.985,2.592,724048000.0,0.0,724048000.0,724048000.0,0.0,21396000.0,0.0,0.0,0.0,30310000.0,51706000.0,0.052,51706000.0,30310000.0,7079000.0,0.001,0.001,0.001,567977000.0,,567977000.0,2245609510.0,19.0,13.802,45723000.0,0.084,1.0,126760000.0,0.127,1175264000.0,23231000.0,759010000.0,,45028000.0,0.0,0.0,0.0,1472187000.0,747655000.0,724532000.0,2001447510.0,-33555000.0,-717886000.0,299312000.0,364045000.0,0.0,638584000.0,-728387000.0,0.0,56224000.0,24000.0,421000.0,421000.0,421000.0,0.0,0.0,0.0,91297000.0,35463000.0,626731000.0,0.0,3.524,53.815,53.741,88073000.0,0.0,3.762,0.565,0.579,561247000.0,160286000.0,996749000.0,996749000.0,0.0,,,,,193000.0,81897000.0,1.0,532034560.0,544880000,559232000.0,1.829,864900000.0,41545000.0,6658000.0,0.0,1.587,-11362000.0
78,ESRX,MRQ,1999-03-31,1999-03-31,1999-03-31,2018-10-31,-62000.0,1096950000.0,,663127000.0,433823000.0,,0.503,-5677000.0,115838000.0,115838000.0,823647000.0,13543000.0,1.268,3.1,360000000.0,54000000.0,306000000.0,360000000.0,0.0,8685000.0,0.0,0.0,0.0,30393000.0,39078000.0,0.043,39078000.0,30393000.0,24171000.0,0.026,0.025,0.026,267542000.0,,267542000.0,3092864612.0,28.0,21.565,-9485000.0,-0.018,1.0,75440000.0,0.084,268081000.0,6222000.0,550125000.0,,55234000.0,0.0,0.0,0.0,829408000.0,522906000.0,306502000.0,2855453612.0,-6751000.0,0.0,0.0,0.0,0.0,2722000.0,-5677000.0,0.0,-3808000.0,12000.0,13543000.0,13543000.0,13543000.0,0.0,0.0,0.015,46440000.0,29000000.0,397240000.0,0.0,10.673,61.622,61.037,73346000.0,0.0,5.371,0.852,0.851,446453000.0,159865000.0,899087000.0,899087000.0,0.0,,,,,1571000.0,46440000.0,1.0,531618080.0,531376000,546464000.0,1.692,828869000.0,41841000.0,10628000.0,0.0,1.56,140221000.0
79,ESRX,MRQ,1998-12-31,1998-12-31,1998-12-31,2018-10-31,-74000.0,1095461000.0,,656907000.0,438554000.0,,0.471,-5863000.0,122589000.0,122589000.0,764404000.0,11924000.0,1.218,3.387,360000000.0,54000000.0,306000000.0,360000000.0,0.0,8195000.0,0.0,0.0,0.0,28189000.0,36384000.0,0.043,36384000.0,28189000.0,21752000.0,0.022,0.022,0.022,249694000.0,,249694000.0,2515831410.0,26.0,20.467,20939000.0,0.039,1.0,74381000.0,0.089,347928000.0,6437000.0,445648000.0,,55634000.0,0.0,0.0,0.0,845767000.0,539296000.0,306471000.0,2256931410.0,21489000.0,0.0,2021000.0,0.0,0.0,543000.0,-5863000.0,0.0,26802000.0,7000.0,11924000.0,11924000.0,11924000.0,0.0,0.0,0.014,47745000.0,26636000.0,398498000.0,0.0,9.039,52.888,51.798,77499000.0,0.0,4.196,0.799,0.787,433006000.0,146322000.0,838785000.0,838785000.0,0.0,,,,,297000.0,47745000.0,1.0,537924960.0,530352000,542192000.0,1.582,747533000.0,41011000.0,9828000.0,0.0,1.41,117611000.0
80,ESRX,MRQ,1998-09-30,1998-09-30,1998-09-30,2018-10-31,-81000.0,1055678000.0,,585046000.0,470632000.0,,0.447,-8746000.0,101100000.0,101100000.0,738544000.0,11303000.0,1.207,3.456,360000000.0,27000000.0,333000000.0,360000000.0,0.0,8119000.0,0.0,0.0,0.0,27416000.0,35535000.0,0.044,35535000.0,27416000.0,20504000.0,0.021,0.021,0.021,236923000.0,,236923000.0,1659438993.0,20.0,15.824,18969000.0,0.036,1.0,68775000.0,0.085,307781000.0,6912000.0,522241000.0,,42344000.0,0.0,0.0,0.0,818755000.0,484556000.0,334199000.0,1381382993.0,19156000.0,0.0,0.0,0.0,0.0,222000.0,-8746000.0,0.0,27715000.0,-35000.0,11303000.0,11303000.0,11303000.0,0.0,0.0,0.014,43153000.0,25622000.0,291020000.0,0.0,5.831,34.714,34.271,75392000.0,0.0,2.57,0.592,0.584,391299000.0,134398000.0,807319000.0,807319000.0,0.0,,,,,107000.0,43153000.0,1.0,537437760.0,529936000,538912000.0,1.523,747897000.0,50303000.0,9201000.0,0.0,1.411,100490000.0
81,ESRX,MRQ,1998-06-30,1998-06-30,1998-06-30,2018-10-31,-46000.0,1011085000.0,,538515000.0,472570000.0,,0.425,-6068000.0,81944000.0,81944000.0,743557000.0,9568000.0,1.192,3.487,360000000.0,27000000.0,333000000.0,360000000.0,0.0,7739000.0,0.0,0.0,0.0,24683000.0,32422000.0,0.04,32422000.0,24683000.0,17816000.0,0.018,0.018,0.018,225326000.0,,225326000.0,1268481517.0,18.0,14.756,41767000.0,0.079,1.0,63849000.0,0.079,310487000.0,6867000.0,526722000.0,,41567000.0,0.0,0.0,0.0,785759000.0,451932000.0,333827000.0,1353037517.0,-2612000.0,-460137000.0,0.0,360000000.0,0.0,356511000.0,-406933000.0,59272000.0,47835000.0,-25000.0,9568000.0,9568000.0,9568000.0,0.0,0.0,0.012,40917000.0,22932000.0,278225000.0,0.0,6.005,36.467,35.996,69794000.0,0.0,2.52,0.733,0.723,364603000.0,123095000.0,807406000.0,807406000.0,0.0,,,,,279000.0,39266000.0,1.0,536986240.0,529600000,538288000.0,1.525,700598000.0,50401000.0,8248000.0,0.0,1.323,86583000.0
82,ESRX,MRQ,1998-03-31,1998-03-31,1998-03-31,2018-10-31,-21000.0,414744000.0,,374356000.0,40388000.0,,0.406,-3176000.0,84556000.0,84556000.0,338492000.0,9878000.0,1.88,0.93,0.0,0.0,0.0,0.0,0.0,2396000.0,0.0,0.0,0.0,16182000.0,18578000.0,0.05,18578000.0,16182000.0,16168000.0,0.019,0.018,0.019,214930000.0,,214930000.0,1358391511.0,23.0,19.651,21046000.0,0.04,1.0,32870000.0,0.089,0.0,14000.0,131064000.0,,26721000.0,59272000.0,59272000.0,0.0,199814000.0,199124000.0,690000.0,1422546511.0,20401000.0,0.0,0.0,0.0,0.0,683000.0,-4510000.0,-1334000.0,24222000.0,6000.0,9878000.0,9878000.0,9878000.0,0.0,0.0,0.027,18826000.0,14044000.0,163797000.0,0.0,6.619,39.885,38.961,27850000.0,0.0,2.649,1.062,1.046,199959000.0,113526000.0,371362000.0,371362000.0,0.0,,,,,662000.0,18826000.0,1.0,536936640.0,528848000,537264000.0,0.702,414744000.0,3848000.0,6290000.0,0.0,0.784,175232000.0
83,ESRX,MRQ,1997-12-31,1997-12-31,1997-12-31,2018-10-31,-27000.0,402508000.0,,363968000.0,38540000.0,,0.386,-2083000.0,64155000.0,64155000.0,315373000.0,9044000.0,1.839,0.976,0.0,0.0,0.0,0.0,0.0,3434000.0,0.0,0.0,0.0,14901000.0,18335000.0,0.053,18335000.0,14901000.0,14741000.0,0.017,0.017,0.017,203701000.0,,203701000.0,,,,17782000.0,0.034,1.0,32819000.0,0.094,251000.0,160000.0,140196000.0,,28935000.0,57938000.0,57938000.0,0.0,198807000.0,197906000.0,901000.0,1006756200.0,18413000.0,0.0,3033000.0,0.0,0.0,1422000.0,-2849000.0,-766000.0,19865000.0,-25000.0,9044000.0,9044000.0,9044000.0,0.0,0.0,0.026,19828000.0,12991000.0,182899000.0,0.0,4.942,30.116,29.297,26821000.0,0.0,1.875,0.818,0.797,210291000.0,103648000.0,348192000.0,348192000.0,0.0,,,,,319000.0,19828000.0,1.0,536936640.0,527680000,535472000.0,0.66,402257000.0,2303000.0,5697000.0,0.0,0.762,166062000.0
84,ESRX,MRQ,1997-09-30,1997-09-30,1997-09-30,2018-10-31,,,,,,,,-1906000.0,,,291590000.0,8613000.0,,,,,,,,2428000.0,,0.0,0.0,14198000.0,16626000.0,0.052,16626000.0,14198000.0,14169000.0,0.016,0.016,0.016,,,,,,,16364000.0,0.031,1.0,28347000.0,0.089,,29000.0,,,,,,,,,,,18614000.0,0.0,0.0,0.0,0.0,2841000.0,-2497000.0,-591000.0,18270000.0,0.0,8613000.0,8613000.0,8613000.0,0.0,0.0,0.027,15758000.0,12589000.0,,0.0,,,,,0.0,1.684,,,,,319937000.0,319937000.0,0.0,,,,,2644000.0,15758000.0,1.0,,524800000,530992000.0,0.61,,,5556000.0,,,
85,ESRX,MRQ,1997-06-30,1997-06-30,1997-06-30,2018-10-31,,,,,,,,-2833000.0,,,274906000.0,8131000.0,,,,,,,,2409000.0,,0.0,0.0,13179000.0,15588000.0,0.052,15588000.0,13179000.0,13161000.0,0.016,0.016,0.016,,,,,,,17395000.0,0.033,1.0,25609000.0,0.085,,18000.0,,,,,,,,,,,16094000.0,0.0,1665000.0,0.0,0.0,435000.0,-4576000.0,-1743000.0,20228000.0,7000.0,8131000.0,8131000.0,8131000.0,0.0,0.0,0.027,13733000.0,11876000.0,,0.0,,,,,0.0,1.305,,,,,300515000.0,300515000.0,0.0,,,,,189000.0,13733000.0,1.0,,520448000,527232000.0,0.577,,,5030000.0,,,
86,ESRX,MRQ,1997-03-31,1997-03-31,1997-03-31,2018-10-31,,,,,,,,-6083000.0,,,237298000.0,7641000.0,,,,,,,,2087000.0,,0.0,0.0,12653000.0,14740000.0,0.056,14740000.0,12653000.0,12635000.0,0.015,0.014,0.015,,,,,,,-12055000.0,-0.023,1.0,24692000.0,0.094,,18000.0,,,,,,,,,,,-14177000.0,0.0,-1665000.0,0.0,0.0,-1665000.0,-6533000.0,-450000.0,-5972000.0,-7000.0,7641000.0,7641000.0,7641000.0,0.0,0.0,0.029,13298000.0,11394000.0,,0.0,,,,,0.0,1.117,,,,,261990000.0,261990000.0,0.0,,,,,22000.0,13298000.0,1.0,,520544000,525952000.0,0.503,,,4994000.0,,,
87,ESRX,MRQ,1996-12-31,1996-12-31,1996-12-31,2018-10-31,-2000.0,300425000.0,,263149000.0,37276000.0,,0.319,,25211000.0,25211000.0,,,1.951,0.831,0.0,0.0,0.0,0.0,0.0,,0.0,0.0,0.0,,,,,,,,,,164090000.0,,164090000.0,,,,,,1.0,,,0.0,,140324000.0,,17491000.0,54388000.0,54388000.0,0.0,136335000.0,134890000.0,1445000.0,,,,,,,,,,,,,,,,,,,,115212000.0,,,,21.979,21447000.0,,1.121,,0.746,163805000.0,70219000.0,,,,,,,,,,1.0,,514560000,,,300425000.0,2254000.0,,0.0,0.584,128259000.0
0,ESRX,MRT,2018-09-30,2018-09-30,2018-09-30,2018-10-31,-6500000.0,55441600000.0,54445200000.0,14352200000.0,41089400000.0,1.862,36.536,-331400000.0,3705700000.0,3705700000.0,92427700000.0,4910000000.0,0.768,1.695,14995500000.0,2021300000.0,12974200000.0,14995500000.0,0.0,1958000000.0,0.0,0.0,0.0,5382500000.0,7340500000.0,0.072,7340500000.0,5382500000.0,4758200000.0,8.62,8.56,8.62,20565900000.0,19124500000.0,20565900000.0,65465777290.0,12.0,8.918,4026700000.0,7.153,1.0,8925500000.0,0.088,40363500000.0,624300000.0,7676500000.0,7953000000.0,2168900000.0,0.0,0.0,0.0,34868800000.0,18691400000.0,16177400000.0,53417377290.0,309800000.0,-3319500000.0,-394400000.0,92300000.0,0.0,-367900000.0,-3675300000.0,0.0,4358100000.0,-5100000.0,4899700000.0,4899700000.0,4899700000.0,0.0,10300000.0,0.048,3580700000.0,5344800000.0,14603100000.0,0.0,2.597,10.902,11.022,490900000.0,0.0,95.01,0.527,0.528,7824100000.0,18890700000.0,101353200000.0,101353200000.0,0.0,0.09,0.256,0.677,0.053,111300000.0,3580700000.0,1.0,562229000.0,562900000,567900000.0,180.055,15078100000.0,0.0,-141500000.0,2347800000.0,26.786,-4339200000.0
1,ESRX,MRT,2018-06-30,2018-06-30,2018-06-30,2018-10-31,-8000000.0,54677800000.0,53386350000.0,13170100000.0,41507700000.0,1.882,34.472,-337900000.0,2942300000.0,2942300000.0,91661600000.0,4681200000.0,0.709,1.823,14990700000.0,1533100000.0,13457600000.0,14990700000.0,0.0,1909700000.0,0.0,0.0,0.0,5371800000.0,7281500000.0,0.072,7281500000.0,5371800000.0,4750800000.0,8.19,8.13,8.19,19370000000.0,17962150000.0,19370000000.0,56038978410.0,10.0,7.696,5160700000.0,9.184,1.0,8811800000.0,0.088,40772200000.0,621000000.0,7367300000.0,8093550000.0,2293100000.0,0.0,0.0,0.0,35302500000.0,18586700000.0,16715800000.0,43370478410.0,589800000.0,-3319500000.0,-1189000000.0,17300000.0,0.0,-1220100000.0,-3682000000.0,0.0,5498600000.0,-6700000.0,4669800000.0,4669800000.0,4669800000.0,0.0,11400000.0,0.046,3477200000.0,5334600000.0,14685000000.0,0.0,2.239,9.287,9.427,504700000.0,0.0,77.21,0.432,0.432,7338100000.0,17819100000.0,100473400000.0,100473400000.0,0.0,0.087,0.26,0.664,0.053,108200000.0,3477200000.0,1.0,561721000.0,561900000,565500000.0,178.81,13905600000.0,0.0,81000000.0,2426600000.0,24.747,-5416600000.0
2,ESRX,MRT,2018-03-31,2018-03-31,2018-03-31,2018-10-31,-5700000.0,53405600000.0,52345250000.0,11474800000.0,41930800000.0,1.914,32.769,-322000000.0,2317600000.0,2317600000.0,91410300000.0,4607300000.0,0.686,1.895,14986100000.0,85600000.0,14900500000.0,14986100000.0,0.0,1855200000.0,0.0,0.0,0.0,5436600000.0,7291800000.0,0.073,7291800000.0,5436600000.0,4820400000.0,8.01,7.95,8.01,18442500000.0,17055800000.0,18442500000.0,52689890760.0,10.0,7.226,5540500000.0,9.845,1.0,8768800000.0,0.088,41156500000.0,616200000.0,8194500000.0,8471400000.0,2027800000.0,0.0,0.0,0.0,34957500000.0,16723100000.0,18234400000.0,38985090760.0,-846200000.0,-3438900000.0,-2372500000.0,-520200000.0,0.0,-2938700000.0,-3772000000.0,0.0,5862500000.0,2000000.0,4594300000.0,4594300000.0,4594300000.0,0.0,13000000.0,0.046,3367800000.0,5401000000.0,13926800000.0,0.0,2.114,8.486,8.624,552900000.0,0.0,69.08,0.389,0.388,6793600000.0,16941800000.0,100179100000.0,100179100000.0,0.0,0.088,0.269,0.642,0.054,104800000.0,3367800000.0,1.0,564347000.0,562800000,567100000.0,178.001,12249100000.0,0.0,226100000.0,2496500000.0,21.765,-5248300000.0
3,ESRX,MRT,2017-12-31,2017-12-31,2017-12-31,2018-10-31,-2900000.0,54255800000.0,51757850000.0,11957100000.0,42298700000.0,1.933,31.235,-267400000.0,2309600000.0,2309600000.0,91302500000.0,4531700000.0,0.67,1.994,16014400000.0,1032900000.0,14981500000.0,16014400000.0,0.0,1802000000.0,0.0,0.0,0.0,5522600000.0,7324600000.0,0.073,7324600000.0,5522600000.0,4914700000.0,7.79,7.74,7.79,18119600000.0,16425825000.0,18119600000.0,53785980720.0,10.0,7.343,5083900000.0,8.764,1.0,8762100000.0,0.088,41540500000.0,607900000.0,8573700000.0,8629150000.0,2124900000.0,0.0,0.0,0.0,36130500000.0,17846400000.0,18284100000.0,42274080720.0,-767600000.0,-3415800000.0,-2857000000.0,468700000.0,0.0,-2433200000.0,-3690600000.0,0.0,5351300000.0,4900000.0,4517400000.0,4517400000.0,4517400000.0,0.0,14300000.0,0.045,3268100000.0,5494000000.0,13944200000.0,0.0,2.333,9.358,9.582,551300000.0,0.0,74.64,0.422,0.433,7056300000.0,16318600000.0,100064600000.0,100064600000.0,0.0,0.087,0.275,0.64,0.055,99600000.0,3268100000.0,1.0,566373000.0,580100000,583400000.0,172.495,12715300000.0,0.0,397300000.0,2562400000.0,21.919,-5889300000.0
4,ESRX,MRT,2017-09-30,2017-09-30,2017-09-30,2018-10-31,-3900000.0,51206200000.0,51130125000.0,12679000000.0,38527200000.0,1.947,27.836,-270100000.0,3395900000.0,3395900000.0,90939300000.0,3640600000.0,0.73,2.217,14907800000.0,1181100000.0,13726700000.0,14907800000.0,0.0,1887600000.0,0.0,0.0,0.0,5405600000.0,7293200000.0,0.073,7293200000.0,5405600000.0,4819700000.0,6.08,6.03,6.08,15916500000.0,15954925000.0,15916500000.0,49204402680.0,9.0,6.747,5960300000.0,10.424,1.0,8609800000.0,0.086,37122600000.0,585900000.0,8238700000.0,8780875000.0,2052900000.0,0.0,0.0,0.0,35283900000.0,17356800000.0,17927100000.0,36570402680.0,1091200000.0,-122700000.0,-3507400000.0,-1187500000.0,0.0,-4725200000.0,-418000000.0,0.0,6230400000.0,4000000.0,3624500000.0,3624500000.0,3624500000.0,0.0,16100000.0,0.036,3223500000.0,5386300000.0,13861400000.0,0.0,2.298,10.09,10.414,1266600000.0,0.0,63.32,0.367,0.364,6871500000.0,13991000000.0,99549100000.0,99549100000.0,0.0,0.071,0.227,0.616,0.054,103100000.0,3223500000.0,1.0,577549000.0,571800000,574700000.0,174.098,14083600000.0,0.0,1195200000.0,3401900000.0,24.63,-4677800000.0
5,ESRX,MRT,2017-06-30,2017-06-30,2017-06-30,2018-10-31,-7600000.0,50513400000.0,51055900000.0,11636800000.0,38876600000.0,1.964,27.011,-277200000.0,2352500000.0,2352500000.0,91629600000.0,3524100000.0,0.694,2.208,14986500000.0,1151300000.0,13835200000.0,14986500000.0,0.0,1975900000.0,0.0,0.0,0.0,5335600000.0,7311500000.0,0.073,7311500000.0,5335600000.0,4624000000.0,5.77,5.72,5.77,15744600000.0,15875875000.0,15744600000.0,50254463680.0,9.0,6.873,5533700000.0,9.493,1.0,8646200000.0,0.086,37489400000.0,711600000.0,8878700000.0,9310500000.0,1918700000.0,0.0,0.0,0.0,34763300000.0,16779300000.0,17984000000.0,37890763680.0,1028100000.0,-122700000.0,-3357900000.0,-936700000.0,0.0,-4357600000.0,-425500000.0,0.0,5810900000.0,300000.0,3505700000.0,3505700000.0,3505700000.0,0.0,18400000.0,0.035,3322300000.0,5323900000.0,13464700000.0,0.0,2.407,10.808,11.064,1255200000.0,0.0,63.84,0.378,0.371,7067500000.0,13149300000.0,100275800000.0,100275800000.0,0.0,0.069,0.221,0.573,0.053,104400000.0,3322300000.0,1.0,593527000.0,582900000,585600000.0,172.029,13024000000.0,0.0,1118300000.0,3471200000.0,22.343,-5142500000.0
6,ESRX,MRT,2017-03-31,2017-03-31,2017-03-31,2018-10-31,-11100000.0,51056000000.0,51142200000.0,12089200000.0,38966800000.0,1.958,26.494,-293600000.0,3163800000.0,3163800000.0,91504400000.0,3445700000.0,0.709,2.206,15527500000.0,1621300000.0,13906200000.0,15527500000.0,0.0,2074900000.0,0.0,0.0,0.0,5212100000.0,7287000000.0,0.073,7287000000.0,5212100000.0,4510200000.0,5.53,5.48,5.53,15922600000.0,15790500000.0,15922600000.0,52414105200.0,10.0,7.193,4875000000.0,8.111,1.0,8646200000.0,0.086,37552500000.0,701900000.0,8825500000.0,8975775000.0,1755400000.0,0.0,0.0,0.0,35126400000.0,17041700000.0,18084700000.0,39923005200.0,1392700000.0,0.0,-2384500000.0,-1002000000.0,0.0,-3453900000.0,-320200000.0,0.0,5168600000.0,-1800000.0,3424600000.0,3424600000.0,3424600000.0,0.0,21100000.0,0.034,3444600000.0,5201600000.0,12444300000.0,0.0,2.507,11.658,11.919,1277800000.0,0.0,65.91,0.399,0.396,6936100000.0,12347500000.0,100150600000.0,100150600000.0,0.0,0.067,0.217,0.581,0.052,106200000.0,3444600000.0,1.0,605720000.0,601000000,605100000.0,166.64,13503500000.0,0.0,1085600000.0,3537300000.0,22.468,-4952500000.0
7,ESRX,MRT,2016-12-31,2016-12-31,2016-12-31,2018-10-31,-12300000.0,51744900000.0,51155100000.0,12363400000.0,39381500000.0,1.96,25.899,-330400000.0,3077200000.0,3077200000.0,91667000000.0,3427600000.0,0.753,2.187,15568300000.0,722300000.0,14846000000.0,15568300000.0,0.0,2154600000.0,0.0,0.0,0.0,5098700000.0,7253300000.0,0.072,7253300000.0,5098700000.0,4403900000.0,5.43,5.39,5.43,16236000000.0,15520125000.0,16236000000.0,56221158590.0,11.0,7.751,4589000000.0,7.32,1.0,8620500000.0,0.086,38627300000.0,694800000.0,9180600000.0,9115850000.0,1959000000.0,0.0,0.0,0.0,35501100000.0,16428100000.0,19073000000.0,42417358590.0,-109100000.0,0.0,-4659700000.0,54300000.0,0.0,-4677800000.0,-351900000.0,0.0,4919400000.0,1200000.0,3404400000.0,3404400000.0,3404400000.0,0.0,23200000.0,0.034,3532700000.0,5087800000.0,12712600000.0,0.0,2.613,12.46,12.669,607000000.0,0.0,68.79,0.423,0.43,7062100000.0,11801200000.0,100287500000.0,100287500000.0,0.0,0.067,0.219,0.559,0.051,107000000.0,3532700000.0,1.0,616621000.0,626900000,631400000.0,159.974,13117600000.0,0.0,999500000.0,3603300000.0,20.925,-4064700000.0
8,ESRX,MRT,2016-09-30,2016-09-30,2016-09-30,2018-10-31,-9600000.0,50909300000.0,51529700000.0,11123000000.0,39786300000.0,1.972,25.057,-356400000.0,2304700000.0,2304700000.0,93054100000.0,2766700000.0,0.696,2.263,16108500000.0,1184000000.0,14924500000.0,16108500000.0,0.0,2242600000.0,0.0,0.0,0.0,4836500000.0,7079100000.0,0.07,7079100000.0,4836500000.0,4164500000.0,4.25,4.22,4.25,15600300000.0,15804325000.0,15600300000.0,59108446070.0,12.0,8.35,5188100000.0,8.333,1.0,8545500000.0,0.084,38377400000.0,672000000.0,10357200000.0,9007550000.0,1677400000.0,0.0,0.0,0.0,35300300000.0,15978500000.0,19321800000.0,44449346070.0,1866500000.0,0.0,-3808600000.0,554300000.0,0.0,-3322400000.0,-355800000.0,0.0,5544500000.0,200000.0,2743200000.0,2743200000.0,2743200000.0,0.0,23500000.0,0.027,3718600000.0,4826900000.0,12508200000.0,0.0,2.849,16.203,16.595,1255500000.0,0.0,70.53,0.437,0.432,6967000000.0,10366500000.0,101599600000.0,101599600000.0,0.0,0.053,0.174,0.537,0.048,112200000.0,3718600000.0,1.0,630219000.0,622600000,627100000.0,163.186,12531900000.0,0.0,1421300000.0,3734800000.0,20.128,-4855500000.0
9,ESRX,MRT,2016-06-30,2016-06-30,2016-06-30,2018-10-31,-7900000.0,50858600000.0,51801500000.0,10614500000.0,40244100000.0,1.958,24.399,-347300000.0,1324400000.0,1324400000.0,92967200000.0,2705600000.0,0.555,2.301,15983500000.0,4140900000.0,11842600000.0,15983500000.0,0.0,2287700000.0,0.0,0.0,0.0,4586100000.0,6873800000.0,0.068,6873800000.0,4586100000.0,4059100000.0,4.07,4.04,4.07,15403100000.0,16038825000.0,15403100000.0,62766428800.0,14.0,9.131,4509800000.0,7.144,1.0,8444900000.0,0.083,38841400000.0,527000000.0,7539800000.0,9166250000.0,1715700000.0,0.0,0.0,0.0,35447800000.0,19136500000.0,16311300000.0,47946228800.0,603400000.0,0.0,-3230700000.0,-659000000.0,0.0,-3925300000.0,-325500000.0,0.0,4857100000.0,-2900000.0,2682000000.0,2682000000.0,2682000000.0,0.0,23600000.0,0.026,3867800000.0,4577100000.0,12833200000.0,0.0,3.113,17.877,18.624,1249100000.0,0.0,75.8,0.473,0.472,7373600000.0,9643600000.0,101412100000.0,101412100000.0,0.0,0.052,0.167,0.5,0.045,117400000.0,3867800000.0,1.0,632536000.0,631300000,635700000.0,160.64,12017200000.0,0.0,1377100000.0,3857100000.0,19.036,-8522000000.0
10,ESRX,MRT,2016-03-31,2016-03-31,2016-03-31,2018-10-31,-7700000.0,51107600000.0,52053800000.0,10399800000.0,40707800000.0,1.953,23.009,-330200000.0,1771100000.0,1771100000.0,93229100000.0,2584600000.0,0.603,2.443,16591300000.0,2208600000.0,14382700000.0,16591300000.0,0.0,2327700000.0,0.0,0.0,0.0,4458600000.0,6786300000.0,0.067,6786300000.0,4458600000.0,3936100000.0,3.82,3.79,3.82,14841100000.0,16143600000.0,14841100000.0,58294479740.0,13.0,8.59,4987900000.0,7.733,1.0,8414900000.0,0.083,39305100000.0,522500000.0,9385800000.0,10114150000.0,1733400000.0,0.0,0.0,0.0,36258400000.0,17236900000.0,19021500000.0,45888079740.0,865300000.0,0.0,-8463800000.0,4338500000.0,0.0,-4170900000.0,-280300000.0,0.0,5318100000.0,-1600000.0,2561400000.0,2561400000.0,2561400000.0,0.0,23200000.0,0.025,3961400000.0,4453500000.0,12638200000.0,0.0,3.092,17.915,17.982,1259700000.0,0.0,68.69,0.451,0.436,6758400000.0,8922900000.0,101644000000.0,101644000000.0,0.0,0.049,0.159,0.441,0.044,118100000.0,3961400000.0,1.0,668046000.0,645000000,649700000.0,157.588,11802500000.0,0.0,1374700000.0,3957000000.0,18.298,-6837100000.0
11,ESRX,MRT,2015-12-31,2015-12-31,2015-12-31,2018-10-31,-14000000.0,53243300000.0,52253175000.0,12059500000.0,41183800000.0,1.947,25.215,-295900000.0,3186300000.0,3186300000.0,93349900000.0,2499500000.0,0.703,2.064,15592700000.0,1646400000.0,13946300000.0,15592700000.0,0.0,2359100000.0,0.0,0.0,0.0,4341000000.0,6700100000.0,0.066,6700100000.0,4341000000.0,3840700000.0,3.59,3.56,3.59,17372800000.0,17584525000.0,17372800000.0,74361985160.0,17.0,11.099,4552400000.0,6.607,1.0,8401900000.0,0.083,39747000000.0,500300000.0,8747400000.0,9598225000.0,2023100000.0,0.0,0.0,0.0,35862800000.0,17155300000.0,18707500000.0,59113285160.0,1353700000.0,0.0,-5316900000.0,2109200000.0,0.0,-3217000000.0,-268500000.0,0.0,4848300000.0,-9100000.0,2476400000.0,2476400000.0,2476400000.0,0.0,23100000.0,0.024,4062600000.0,4339300000.0,12849500000.0,0.0,3.403,23.871,24.348,1291300000.0,0.0,87.41,0.581,0.592,6721300000.0,8396800000.0,101751800000.0,101751800000.0,0.0,0.047,0.141,0.452,0.043,117100000.0,4062600000.0,1.0,676276000.0,689000000,695300000.0,147.68,13496300000.0,0.0,1364300000.0,4069800000.0,19.588,-5095800000.0
12,ESRX,MRT,2015-09-30,2015-09-30,2015-09-30,2018-10-31,-10700000.0,51996500000.0,52379425000.0,10274400000.0,41722100000.0,1.945,24.454,-286700000.0,438200000.0,438200000.0,93656300000.0,2309300000.0,0.642,2.144,15686900000.0,1649200000.0,14037700000.0,15686900000.0,0.0,2312400000.0,0.0,0.0,0.0,4072600000.0,6385000000.0,0.063,6385000000.0,4072600000.0,3573400000.0,3.28,3.23,3.28,16538300000.0,18254875000.0,16538300000.0,70658965970.0,17.0,11.066,4612000000.0,6.819,1.0,8232700000.0,0.081,40239400000.0,499200000.0,10992000000.0,9146050000.0,1730400000.0,0.0,0.0,0.0,35450300000.0,16013800000.0,19436500000.0,54646365970.0,-396600000.0,0.0,-6073400000.0,1036100000.0,0.0,-5035300000.0,-250500000.0,0.0,4898700000.0,-9500000.0,2284700000.0,2284700000.0,2284700000.0,0.0,24600000.0,0.022,4164400000.0,4068300000.0,12011600000.0,0.0,3.304,23.918,24.655,1343100000.0,0.0,80.87,0.536,0.537,7391100000.0,7623300000.0,101889000000.0,101889000000.0,0.0,0.044,0.125,0.445,0.04,115500000.0,4164400000.0,1.0,675731000.0,676300000,682200000.0,150.657,11757100000.0,359900000.0,1288700000.0,4621800000.0,17.384,-5739400000.0
13,ESRX,MRT,2015-06-30,2015-06-30,2015-06-30,2018-10-31,-3400000.0,51867800000.0,52740100000.0,9637700000.0,42230100000.0,1.942,23.426,-334900000.0,721000000.0,721000000.0,94312700000.0,2231000000.0,0.607,2.278,16733600000.0,2149700000.0,14583900000.0,16733600000.0,0.0,2276600000.0,0.0,0.0,0.0,3897400000.0,6174000000.0,0.06,6174000000.0,3897400000.0,3325000000.0,3.09,3.04,3.09,15822200000.0,19159725000.0,15822200000.0,76277641540.0,20.0,12.355,4205900000.0,6.227,1.0,8132200000.0,0.079,40680200000.0,572400000.0,11331400000.0,8734525000.0,1650000000.0,0.0,0.0,0.0,36036800000.0,15868800000.0,20168000000.0,64863141540.0,-2114200000.0,0.0,-7005200000.0,665700000.0,0.0,-6332000000.0,-314700000.0,0.0,4540800000.0,-8300000.0,2205300000.0,2205300000.0,2205300000.0,0.0,25700000.0,0.022,4245700000.0,3886500000.0,11536300000.0,0.0,4.1,29.412,28.783,1411900000.0,0.0,88.94,0.633,0.586,6494500000.0,6961600000.0,102444900000.0,102444900000.0,0.0,0.042,0.115,0.446,0.038,111000000.0,4245700000.0,1.0,729291000.0,675400000,681400000.0,151.68,11187600000.0,423800000.0,1119700000.0,4761700000.0,16.564,-6231100000.0
14,ESRX,MRT,2015-03-31,2015-03-31,2015-03-31,2018-10-31,-5900000.0,51905100000.0,53431600000.0,9171500000.0,42733600000.0,1.911,28.288,-367800000.0,933800000.0,933800000.0,94093000000.0,2147600000.0,0.616,1.519,12348300000.0,1607100000.0,10741200000.0,12348300000.0,0.0,2246500000.0,0.0,0.0,0.0,3733500000.0,5980000000.0,0.059,5980000000.0,3733500000.0,3158700000.0,2.88,2.83,2.88,20604800000.0,20317150000.0,20604800000.0,74799239460.0,20.0,12.508,4008600000.0,5.503,1.0,8008700000.0,0.078,41097300000.0,574800000.0,7322100000.0,8264100000.0,1885900000.0,0.0,0.0,0.0,31290400000.0,14900200000.0,16390200000.0,63072939460.0,-944600000.0,0.0,-3565800000.0,-1396700000.0,0.0,-4948800000.0,-364800000.0,0.0,4376400000.0,-7400000.0,2120400000.0,2120400000.0,2120400000.0,0.0,27200000.0,0.021,4288900000.0,3719800000.0,10966800000.0,0.0,3.061,29.746,30.128,1510200000.0,0.0,86.77,0.618,0.619,5819400000.0,6361500000.0,102101700000.0,102101700000.0,0.0,0.04,0.104,0.452,0.037,109900000.0,4288900000.0,1.0,726898000.0,728400000,735400000.0,140.173,10807800000.0,427900000.0,1038300000.0,4846100000.0,14.838,-5728700000.0
15,ESRX,MRT,2014-12-31,2014-12-31,2014-12-31,2018-10-31,2100000.0,53748300000.0,53642100000.0,10568100000.0,43180200000.0,1.881,26.728,-436600000.0,1832600000.0,1832600000.0,92962000000.0,2035000000.0,0.621,1.68,13517400000.0,2551000000.0,10966400000.0,13517400000.0,0.0,2242900000.0,0.0,0.0,0.0,3621700000.0,5864600000.0,0.058,5864600000.0,3621700000.0,3038800000.0,2.68,2.64,2.68,20054200000.0,20634525000.0,20054200000.0,75969259700.0,21.0,12.954,4112400000.0,5.481,1.0,7925100000.0,0.079,41481800000.0,582900000.0,6938700000.0,8485150000.0,2113200000.0,0.0,0.0,0.0,33684300000.0,17012600000.0,16671700000.0,62140159700.0,-158800000.0,0.0,-3982500000.0,-344200000.0,0.0,-4289700000.0,-411900000.0,0.0,4549000000.0,-6200000.0,2007600000.0,2007600000.0,2007600000.0,0.0,27400000.0,0.02,4322700000.0,3602400000.0,11625500000.0,0.0,3.099,30.952,31.593,1584000000.0,0.0,84.67,0.616,0.63,5979800000.0,5920400000.0,100887100000.0,100887100000.0,0.0,0.037,0.097,0.427,0.036,111000000.0,4322700000.0,1.0,733910000.0,750300000,759100000.0,134.462,12266500000.0,390800000.0,1031200000.0,4923200000.0,16.349,-6444500000.0
16,ESRX,MRT,2014-09-30,2014-09-30,2014-09-30,2018-10-31,7000000.0,53439200000.0,53592075000.0,9704700000.0,43734500000.0,1.873,27.31,-475400000.0,858300000.0,858300000.0,92463800000.0,1952300000.0,0.609,1.651,14687400000.0,3245400000.0,11442000000.0,14687400000.0,0.0,2281200000.0,0.0,0.0,0.0,3511600000.0,5792800000.0,0.058,5792800000.0,3511600000.0,2925100000.0,2.52,2.5,2.52,20157700000.0,21080325000.0,20157700000.0,65899133500.0,19.0,11.376,4084300000.0,5.534,1.0,7892100000.0,0.079,41999900000.0,586500000.0,9345900000.0,8981650000.0,1789800000.0,0.0,0.0,0.0,33270900000.0,15922500000.0,17348400000.0,52651133500.0,-887500000.0,43900000.0,-5674400000.0,608500000.0,0.0,-5031300000.0,-401400000.0,0.0,4559700000.0,-4600000.0,1927700000.0,1927700000.0,1927700000.0,12300000.0,24600000.0,0.019,4403700000.0,3488400000.0,10786500000.0,0.0,2.612,27.313,28.028,1639900000.0,0.0,70.63,0.525,0.519,6384500000.0,5338600000.0,100355900000.0,100355900000.0,0.0,0.036,0.091,0.391,0.035,115800000.0,4403700000.0,1.0,745450000.0,738100000,746000000.0,135.965,11439300000.0,439500000.0,997400000.0,5209500000.0,15.498,-6217800000.0
17,ESRX,MRT,2014-06-30,2014-06-30,2014-06-30,2018-10-31,12900000.0,54633800000.0,53923025000.0,10452400000.0,44181400000.0,1.864,26.978,-436900000.0,2855800000.0,2855800000.0,92679700000.0,1801300000.0,0.654,1.671,16103800000.0,3938300000.0,12165500000.0,16103800000.0,0.0,2348500000.0,0.0,0.0,0.0,3399100000.0,5747600000.0,0.057,5747600000.0,3399100000.0,2886800000.0,2.26,2.24,2.26,20451900000.0,21966475000.0,20451900000.0,65541701400.0,19.0,11.403,4727600000.0,6.236,1.0,7813300000.0,0.078,42447700000.0,512300000.0,9449700000.0,9664350000.0,1767000000.0,0.0,0.0,0.0,34175200000.0,15984400000.0,18190800000.0,53632301400.0,1493300000.0,279000000.0,-5407000000.0,1858500000.0,0.0,-3500100000.0,-156400000.0,0.0,5164500000.0,-700000.0,1772100000.0,1772100000.0,1772100000.0,27800000.0,29200000.0,0.018,4433800000.0,3379500000.0,10528300000.0,0.0,2.622,30.265,30.677,1644100000.0,0.0,69.33,0.534,0.523,5178200000.0,4756300000.0,100493000000.0,100493000000.0,0.0,0.033,0.081,0.352,0.034,132100000.0,4433800000.0,1.0,773580000.0,758100000,766500000.0,132.559,12186100000.0,518500000.0,1114700000.0,5351400000.0,16.075,-5532000000.0
18,ESRX,MRT,2014-03-31,2014-03-31,2014-03-31,2018-10-31,9400000.0,52747100000.0,53909950000.0,8134400000.0,44612700000.0,1.888,28.21,-431300000.0,1870900000.0,1870900000.0,93843200000.0,1829100000.0,0.599,1.411,13780300000.0,2635200000.0,11145100000.0,13780300000.0,0.0,2399800000.0,0.0,0.0,0.0,3411300000.0,5811100000.0,0.057,5811100000.0,3411300000.0,2906100000.0,2.25,2.23,2.25,21874300000.0,22820125000.0,21874300000.0,70205042880.0,21.0,12.081,3816800000.0,4.922,1.0,7920700000.0,0.078,42875300000.0,505200000.0,8206300000.0,10432475000.0,1727300000.0,0.0,0.0,0.0,30861800000.0,13574900000.0,17286900000.0,58272242880.0,-139100000.0,356900000.0,-3763000000.0,-631700000.0,0.0,-4320100000.0,-73300000.0,0.0,4248100000.0,-6700000.0,1799900000.0,1799900000.0,1799900000.0,51700000.0,29200000.0,0.018,4502900000.0,3417800000.0,9179300000.0,0.0,2.664,32.375,33.373,1659400000.0,0.0,75.09,0.573,0.572,3907300000.0,4241100000.0,101763900000.0,101763900000.0,0.0,0.033,0.079,0.327,0.034,140400000.0,4502900000.0,1.0,776032000.0,775400000,786400000.0,131.241,9871800000.0,528800000.0,1106200000.0,5470800000.0,12.731,-5440500000.0
19,ESRX,MRT,2013-12-31,2013-12-31,2013-12-31,2018-10-31,11700000.0,53548200000.0,54619600000.0,8491400000.0,45056800000.0,1.906,27.006,-423000000.0,2014200000.0,2014200000.0,95966400000.0,1872700000.0,0.642,1.452,13947000000.0,1584000000.0,12363000000.0,13947000000.0,0.0,2447000000.0,0.0,0.0,0.0,3544700000.0,5991700000.0,0.058,5991700000.0,3544700000.0,2948600000.0,2.28,2.25,2.28,21837400000.0,23256000000.0,21837400000.0,68971913440.0,19.0,11.511,4334500000.0,5.36,1.0,8132400000.0,0.078,43321000000.0,596100000.0,8924700000.0,11286725000.0,1871100000.0,0.0,0.0,0.0,31703400000.0,13235300000.0,18468100000.0,56599813440.0,-801700000.0,356900000.0,-3589200000.0,-1931600000.0,0.0,-5494800000.0,-72100000.0,0.0,4757500000.0,-5700000.0,1844600000.0,1844600000.0,1844600000.0,53600000.0,28100000.0,0.018,4580700000.0,3551700000.0,9667800000.0,0.0,2.592,30.684,30.807,1658900000.0,0.0,70.24,0.544,0.546,4022900000.0,3912800000.0,104098800000.0,104098800000.0,0.0,0.034,0.079,0.314,0.034,164700000.0,4580700000.0,1.0,805806000.0,808600000,821600000.0,128.74,10227200000.0,455400000.0,1104000000.0,5440600000.0,12.648,-4743900000.0
20,ESRX,MRT,2013-09-30,2013-09-30,2013-09-30,2018-10-31,15400000.0,54763000000.0,55760350000.0,9224200000.0,45538800000.0,1.895,29.255,-332900000.0,1741500000.0,1741500000.0,97313400000.0,1877700000.0,0.822,1.31,14113600000.0,631600000.0,13482000000.0,14113600000.0,0.0,2425400000.0,0.0,0.0,0.0,3606100000.0,6031500000.0,0.057,6031500000.0,3606100000.0,2978300000.0,2.31,2.26,2.31,23702300000.0,23642900000.0,23702300000.0,63242936400.0,18.0,10.485,4216400000.0,5.204,1.0,8369100000.0,0.079,43832200000.0,627800000.0,12076700000.0,12255000000.0,1643600000.0,0.0,0.0,0.0,31043900000.0,11226200000.0,19817700000.0,50317436400.0,521100000.0,343000000.0,-1119400000.0,-2931600000.0,0.0,-4043800000.0,-7400000.0,0.0,4549300000.0,-5100000.0,1846800000.0,1846800000.0,1846800000.0,54400000.0,30900000.0,0.017,4739300000.0,3629800000.0,9033100000.0,0.0,2.123,27.246,26.753,1629200000.0,0.0,61.8,0.476,0.474,5112400000.0,3410900000.0,105682500000.0,105682500000.0,0.0,0.033,0.078,0.294,0.034,199600000.0,4739300000.0,1.0,814198000.0,810200000,822900000.0,130.44,10930800000.0,422700000.0,1131500000.0,5589000000.0,13.491,-2002000000.0
21,ESRX,MRT,2013-06-30,2013-06-30,2013-06-30,2018-10-31,12900000.0,54581500000.0,56396525000.0,8302800000.0,46278700000.0,1.889,29.277,-291200000.0,1354600000.0,1354600000.0,98050700000.0,1835500000.0,0.782,1.287,14280100000.0,631600000.0,13648500000.0,14280100000.0,0.0,2421500000.0,0.0,0.0,0.0,3528200000.0,5949700000.0,0.056,5949700000.0,3528200000.0,2872600000.0,2.26,2.21,2.26,23866500000.0,23403550000.0,23866500000.0,62913240460.0,18.0,10.574,4013300000.0,4.923,1.0,8477800000.0,0.08,44366500000.0,655600000.0,12522200000.0,13045975000.0,1672900000.0,0.0,0.0,0.0,30704800000.0,10618300000.0,20086500000.0,50474240460.0,-37200000.0,139400000.0,-345100000.0,-3878900000.0,0.0,-4216400000.0,-148100000.0,0.0,4304500000.0,-3000000.0,1811500000.0,1811500000.0,1811500000.0,58900000.0,24000000.0,0.017,4902800000.0,3575000000.0,8462700000.0,0.0,2.115,27.863,27.319,1663600000.0,0.0,61.74,0.474,0.472,4552800000.0,2984200000.0,106528500000.0,106528500000.0,0.0,0.032,0.077,0.27,0.033,497000000.0,4902800000.0,1.0,817529000.0,815200000,828400000.0,130.678,10215000000.0,387300000.0,1061100000.0,5662000000.0,12.531,-2315500000.0
22,ESRX,MRT,2013-03-31,2013-03-31,2013-03-31,2018-10-31,16800000.0,55585700000.0,57265775000.0,8707900000.0,46877800000.0,1.88,28.848,-250300000.0,2007700000.0,2007700000.0,99201400000.0,1438000000.0,0.756,1.353,14446700000.0,631600000.0,13815100000.0,14446700000.0,0.0,2406700000.0,0.0,0.0,0.0,3049400000.0,5456100000.0,0.051,5456100000.0,3049400000.0,2347000000.0,1.78,1.73,1.78,23617800000.0,22969000000.0,23617800000.0,60263412380.0,20.0,11.045,4962600000.0,6.062,1.0,8449800000.0,0.078,44877300000.0,702400000.0,11623300000.0,13776775000.0,1657400000.0,0.0,0.0,0.0,31958200000.0,11524100000.0,20434100000.0,47161912380.0,-7588200000.0,-10222100000.0,129800000.0,-2326400000.0,0.0,-2281600000.0,-10476600000.0,0.0,5212900000.0,-900000.0,1418100000.0,1418100000.0,1418100000.0,35400000.0,19900000.0,0.013,5379700000.0,3070100000.0,9219400000.0,0.0,1.997,33.257,32.371,1679700000.0,0.0,57.62,0.438,0.438,4294100000.0,2441200000.0,107651200000.0,107651200000.0,0.0,0.025,0.062,0.221,0.028,462300000.0,5379700000.0,1.0,818499000.0,818700000,832500000.0,131.49,10708400000.0,381900000.0,928900000.0,5783600000.0,13.08,-2816200000.0
23,ESRX,MRT,2012-12-31,2012-12-31,2012-12-31,2018-10-31,18900000.0,58111200000.0,48271400000.0,10756900000.0,47354300000.0,1.941,31.977,-160200000.0,2812700000.0,2812700000.0,86402400000.0,1330100000.0,0.824,1.485,15915000000.0,934900000.0,14980100000.0,15915000000.0,0.0,1871400000.0,0.0,0.0,0.0,2769900000.0,4641300000.0,0.05,4641300000.0,2769900000.0,2150900000.0,1.8,1.76,1.8,23385000000.0,17758425000.0,23385000000.0,59914800000.0,22.0,12.909,4621400000.0,6.319,1.0,7311900000.0,0.078,45358300000.0,619000000.0,12797800000.0,13070150000.0,1652100000.0,0.0,0.0,0.0,34715500000.0,13057400000.0,21658100000.0,44085600000.0,-2827000000.0,-10222100000.0,326000000.0,2590400000.0,0.0,2823600000.0,-10391700000.0,0.0,4781600000.0,2000000.0,1312900000.0,1312900000.0,1312900000.0,32300000.0,17200000.0,0.014,4518000000.0,2793900000.0,10338900000.0,0.0,1.885,33.579,30.0,1632100000.0,0.0,54.0,0.47,0.421,5425800000.0,2068200000.0,93714300000.0,93714300000.0,0.0,0.027,0.074,0.212,0.03,410000000.0,4518000000.0,1.0,816400000.0,731300000,747300000.0,128.148,12752900000.0,400600000.0,838000000.0,5936500000.0,17.439,-2300500000.0
24,ESRX,MRT,2012-09-30,2012-09-30,2012-09-30,2018-10-31,16600000.0,57307700000.0,37645350000.0,9432500000.0,47875200000.0,2.085,27.98,-148200000.0,1295700000.0,1295700000.0,72633700000.0,1112200000.0,0.8,1.52,17124900000.0,978600000.0,16146300000.0,17124900000.0,0.0,1335900000.0,0.0,0.0,0.0,2451200000.0,3787100000.0,0.048,3787100000.0,2451200000.0,1874200000.0,1.82,1.8,1.82,22744900000.0,12530600000.0,22744900000.0,67569972500.0,28.0,17.842,2439700000.0,3.001,1.0,5866500000.0,0.075,46103400000.0,577000000.0,15240600000.0,11240875000.0,1561400000.0,0.0,0.0,0.0,34562800000.0,11792900000.0,22769900000.0,50777272500.0,138600000.0,-10252100000.0,279800000.0,7834600000.0,0.0,8003100000.0,-10408600000.0,0.0,2587900000.0,3500000.0,1099200000.0,1099200000.0,1099200000.0,20400000.0,13000000.0,0.014,3401900000.0,2464600000.0,8849400000.0,0.0,2.232,46.195,34.412,1710200000.0,0.0,62.63,0.647,0.649,5720300000.0,1564100000.0,78500200000.0,78500200000.0,0.0,0.029,0.088,0.218,0.031,390400000.0,3401900000.0,1.0,810750000.0,812900000,829600000.0,96.568,11204300000.0,417300000.0,775000000.0,0.0,13.783,-2360400000.0
25,ESRX,MRT,2012-06-30,2012-06-30,2012-06-30,2018-10-31,8100000.0,58058500000.0,26036350000.0,9661300000.0,48397200000.0,2.432,27.393,-154200000.0,1448900000.0,1448900000.0,58710200000.0,1041000000.0,0.752,1.624,18241600000.0,1929300000.0,16312300000.0,18241600000.0,0.0,786800000.0,0.0,0.0,0.0,2259500000.0,3046300000.0,0.048,3046300000.0,2259500000.0,1743400000.0,2.01,1.99,2.01,22128300000.0,7385550000.0,22128300000.0,46899348400.0,21.0,15.396,2595400000.0,3.213,1.0,4599400000.0,0.073,46562000000.0,516100000.0,15445400000.0,7801600000.0,1423800000.0,0.0,0.0,0.0,35930200000.0,12843800000.0,23086400000.0,44969948400.0,1088100000.0,-10283600000.0,150200000.0,8839800000.0,0.0,8815000000.0,-10433600000.0,0.0,2749600000.0,-2000000.0,1032500000.0,1032500000.0,1032500000.0,400000.0,8500000.0,0.016,2350400000.0,2249000000.0,8924600000.0,0.0,2.032,43.554,27.776,1768500000.0,0.0,55.83,0.71,0.712,5997800000.0,1194000000.0,63309600000.0,63309600000.0,0.0,0.04,0.14,0.29,0.036,48800000.0,2350400000.0,1.0,805480000.0,807800000,823900000.0,78.373,11496500000.0,335900000.0,710900000.0,0.0,14.232,-3182500000.0
26,ESRX,MRT,2012-03-31,2012-03-31,2012-03-31,2018-10-31,18600000.0,19608200000.0,14081200000.0,12104100000.0,7504100000.0,3.35,5.719,-143600000.0,9607700000.0,9607700000.0,43870000000.0,1222200000.0,2.136,6.065,11537100000.0,1000000000.0,10537100000.0,11537100000.0,0.0,255500000.0,0.0,0.0,0.0,2338100000.0,2593600000.0,0.055,2593600000.0,2338100000.0,1946100000.0,2.48,2.47,2.48,2775500000.0,2310475000.0,2775500000.0,28703672040.0,12.0,11.067,2337200000.0,4.816,1.0,3296400000.0,0.07,7073500000.0,392000000.0,8796800000.0,4468500000.0,385400000.0,0.0,0.0,0.0,16832700000.0,5667300000.0,11165400000.0,26265272040.0,8811600000.0,0.0,-2484000000.0,9039100000.0,0.0,6466900000.0,-135100000.0,0.0,2480800000.0,-1000000.0,1217100000.0,1217100000.0,1217100000.0,0.0,5100000.0,0.026,967500000.0,2328900000.0,3768100000.0,0.0,9.463,21.58,21.847,405500000.0,0.0,54.18,0.557,0.557,2008400000.0,6913400000.0,47166400000.0,47166400000.0,0.0,0.086,0.527,0.523,0.05,48800000.0,967500000.0,1.0,484778000.0,485300000,489700000.0,97.19,12534700000.0,52200000.0,729000000.0,0.0,25.829,6436800000.0
27,ESRX,MRT,2011-12-31,2011-12-31,2011-12-31,2018-10-31,17000000.0,15607000000.0,11856175000.0,8058000000.0,7549000000.0,3.891,4.939,-144400000.0,5637900000.0,5637900000.0,42918400000.0,1278500000.0,1.476,5.309,8076300000.0,999900000.0,7076400000.0,8076300000.0,0.0,253400000.0,0.0,0.0,0.0,2324100000.0,2577500000.0,0.056,2577500000.0,2324100000.0,2024400000.0,2.55,2.53,2.55,2473700000.0,2607400000.0,2473700000.0,24648742520.0,11.0,9.563,2048700000.0,4.09,1.0,3209900000.0,0.07,7106600000.0,299700000.0,5480700000.0,2653575000.0,374400000.0,0.0,0.0,0.0,13131700000.0,5458100000.0,7673600000.0,21742042520.0,5096400000.0,0.0,-2483500000.0,5580200000.0,0.0,3029400000.0,-123900000.0,0.0,2193100000.0,-2200000.0,1275800000.0,1275800000.0,1275800000.0,0.0,2700000.0,0.028,895500000.0,2314400000.0,3802200000.0,0.0,8.789,17.042,17.525,416200000.0,0.0,44.69,0.471,0.485,1915700000.0,6645600000.0,46128300000.0,46128300000.0,0.0,0.108,0.489,0.876,0.05,48800000.0,895500000.0,1.0,486508000.0,500900000,505000000.0,92.091,8500400000.0,45800000.0,748600000.0,546500000.0,16.97,2599900000.0
28,ESRX,MRT,2011-09-30,2011-09-30,2011-09-30,2018-10-31,15600000.0,10871700000.0,10593875000.0,3306400000.0,7565300000.0,4.278,4.443,-133400000.0,1082500000.0,1082500000.0,42182300000.0,1315000000.0,0.643,4.022,3989200000.0,999900000.0,2989300000.0,3989200000.0,0.0,251300000.0,0.0,0.0,0.0,2303000000.0,2554300000.0,0.056,2554300000.0,2303000000.0,2078600000.0,2.57,2.54,2.57,2164700000.0,2890625000.0,2164700000.0,21879359350.0,10.0,8.566,1801900000.0,3.698,1.0,3138800000.0,0.069,7151200000.0,224400000.0,1483500000.0,1629200000.0,340200000.0,0.0,0.0,0.0,8707000000.0,5143700000.0,3563300000.0,18097759350.0,795100000.0,2500000.0,-2470800000.0,1493900000.0,0.0,-983300000.0,-155900000.0,-29400000.0,1935300000.0,-1000000.0,1315000000.0,1315000000.0,1315000000.0,0.0,0.0,0.029,844100000.0,2294700000.0,3455200000.0,0.0,8.36,13.763,14.424,388800000.0,0.0,37.07,0.399,0.399,1770700000.0,6355200000.0,45321100000.0,45321100000.0,0.0,0.124,0.455,1.414,0.051,49700000.0,844100000.0,1.0,488205000.0,487200000,490800000.0,93.024,3720500000.0,45000000.0,763600000.0,0.0,7.636,-1837300000.0
29,ESRX,MRT,2011-06-30,2011-06-30,2011-06-30,2018-10-31,20700000.0,10237900000.0,10424625000.0,2696500000.0,7541400000.0,4.317,3.637,-122900000.0,306900000.0,306900000.0,41934800000.0,1291800000.0,0.566,4.601,4088500000.0,999800000.0,3088700000.0,4088500000.0,0.0,251700000.0,0.0,0.0,0.0,2216600000.0,2468300000.0,0.055,2468300000.0,2216600000.0,2044300000.0,2.47,2.44,2.47,1828000000.0,3154450000.0,1828000000.0,30292026920.0,14.0,12.272,1248800000.0,2.485,1.0,3067100000.0,0.068,7143000000.0,172300000.0,2113000000.0,1555325000.0,331600000.0,0.0,0.0,0.0,8409900000.0,4763500000.0,3646400000.0,28579926920.0,-1340200000.0,2500000.0,-3221500000.0,613800000.0,0.0,-2565500000.0,-148400000.0,-29400000.0,1371700000.0,2000000.0,1291800000.0,1291800000.0,1291800000.0,5600000.0,0.0,0.029,849500000.0,2217600000.0,3276500000.0,0.0,15.635,22.124,21.854,369800000.0,0.0,53.98,0.635,0.603,1939400000.0,6030500000.0,45001900000.0,45001900000.0,0.0,0.124,0.41,1.425,0.049,49700000.0,849500000.0,1.0,529454000.0,502600000,507000000.0,89.538,3094900000.0,43300000.0,752500000.0,0.0,6.158,-2067000000.0
30,ESRX,MRT,2011-03-31,2011-03-31,2011-03-31,2018-10-31,21100000.0,10708100000.0,10736050000.0,3148200000.0,7559900000.0,4.185,7.492,-105700000.0,782000000.0,782000000.0,41888800000.0,1247500000.0,0.848,1.702,2494100000.0,100000.0,2494000000.0,2494100000.0,0.0,248900000.0,0.0,0.0,0.0,2149200000.0,2398100000.0,0.053,2398100000.0,2149200000.0,1985200000.0,2.34,2.31,2.34,3963200000.0,3609150000.0,3963200000.0,31331673240.0,15.0,13.065,1495300000.0,2.827,1.0,3040500000.0,0.068,7172200000.0,164000000.0,1537100000.0,1315750000.0,325500000.0,0.0,0.0,0.0,6744900000.0,3710900000.0,3034000000.0,29377873240.0,-677000000.0,2500000.0,-1030800000.0,-1160100000.0,0.0,-2146600000.0,-134700000.0,-29400000.0,1601000000.0,3300000.0,1247500000.0,1247500000.0,1247500000.0,23000000.0,0.0,0.028,871900000.0,2168600000.0,3173800000.0,0.0,7.413,23.549,23.765,359100000.0,0.0,55.61,0.654,0.655,1907000000.0,5696300000.0,44929300000.0,44929300000.0,0.0,0.116,0.346,1.633,0.048,49700000.0,871900000.0,1.0,528284000.0,529000000,533900000.0,84.933,3535900000.0,49500000.0,737700000.0,0.0,6.684,-562700000.0
31,ESRX,MRT,2010-12-31,2010-12-31,2010-12-31,2018-10-31,19800000.0,10557800000.0,11008750000.0,2941300000.0,7616500000.0,4.085,6.697,-119900000.0,540000000.0,540000000.0,42015000000.0,1181200000.0,0.751,1.927,2493800000.0,100000.0,2493700000.0,2493800000.0,0.0,244700000.0,0.0,0.0,0.0,2052400000.0,2297100000.0,0.051,2297100000.0,2052400000.0,1885300000.0,2.19,2.17,2.19,3606600000.0,3530100000.0,3606600000.0,30656804550.0,15.0,13.346,1997500000.0,3.709,1.0,2958200000.0,0.066,7211200000.0,167100000.0,1383200000.0,1292800000.0,382400000.0,0.0,0.0,0.0,6951200000.0,3917200000.0,3034000000.0,28441704550.0,-546700000.0,2500000.0,-1240900000.0,-1340100000.0,0.0,-2523000000.0,-145900000.0,-29400000.0,2117400000.0,4800000.0,1181200000.0,1181200000.0,1181200000.0,23400000.0,0.0,0.026,887300000.0,2070900000.0,3323200000.0,0.0,7.886,24.079,24.68,372700000.0,0.0,54.05,0.632,0.647,1720900000.0,5369800000.0,44973200000.0,44973200000.0,0.0,0.107,0.335,1.588,0.046,49700000.0,887300000.0,1.0,526211000.0,538500000,544000000.0,83.516,3346600000.0,86000000.0,704100000.0,0.0,6.215,-975900000.0
32,ESRX,MRT,2010-09-30,2010-09-30,2010-09-30,2018-10-31,17400000.0,10194700000.0,11352100000.0,2554000000.0,7640700000.0,3.689,6.056,-142600000.0,278400000.0,278400000.0,39003500000.0,1074900000.0,0.644,2.166,2493500000.0,100000.0,2493400000.0,2493500000.0,0.0,216700000.0,0.0,0.0,0.0,1899000000.0,2115700000.0,0.051,2115700000.0,1899000000.0,1720300000.0,1.98,1.97,1.98,3220000000.0,3516400000.0,3220000000.0,28246664400.0,15.0,13.351,2544400000.0,4.785,1.0,2872500000.0,0.069,7255200000.0,178700000.0,1188000000.0,1409400000.0,315800000.0,0.0,0.0,0.0,6974700000.0,3966600000.0,3008100000.0,26415464400.0,-3674900000.0,-4672600000.0,-1251500000.0,-1520100000.0,0.0,-2746900000.0,-3618000000.0,1202800000.0,2687000000.0,3000000.0,1074900000.0,1074900000.0,1074900000.0,23200000.0,0.0,0.026,955900000.0,1916600000.0,3283600000.0,0.0,8.204,24.575,24.596,353700000.0,0.0,48.7,0.631,0.618,1795500000.0,5040200000.0,41876000000.0,41876000000.0,0.0,0.095,0.306,1.347,0.045,44600000.0,955900000.0,1.0,542412000.0,531700000,537000000.0,78.759,2939500000.0,119200000.0,645400000.0,0.0,5.528,-1412600000.0
33,ESRX,MRT,2010-06-30,2010-06-30,2010-06-30,2018-10-31,15900000.0,11483600000.0,11360700000.0,3807400000.0,7676200000.0,3.19,6.698,-167000000.0,1642000000.0,1642000000.0,33517700000.0,971000000.0,0.782,2.149,3473200000.0,980100000.0,2493100000.0,3473200000.0,0.0,178100000.0,0.0,0.0,0.0,1735600000.0,1913700000.0,0.053,1913700000.0,1735600000.0,1551100000.0,1.77,1.77,1.77,3646800000.0,3538275000.0,3646800000.0,27971273920.0,16.0,14.616,2535300000.0,4.656,1.0,2719500000.0,0.075,7291000000.0,184500000.0,1154700000.0,2124275000.0,302400000.0,0.0,0.0,0.0,7836800000.0,4869100000.0,2967700000.0,25771473920.0,-2029800000.0,-4672600000.0,-501700000.0,-620000000.0,0.0,-1090400000.0,-3646100000.0,1202800000.0,2702300000.0,4400000.0,971000000.0,971000000.0,971000000.0,16800000.0,0.0,0.027,972500000.0,1747000000.0,3318600000.0,0.0,7.067,26.541,26.565,351900000.0,0.0,47.02,0.711,0.707,1685300000.0,4738700000.0,36237200000.0,36237200000.0,0.0,0.085,0.274,0.817,0.048,44600000.0,972500000.0,1.0,548096000.0,544500000,550100000.0,66.551,4192600000.0,125100000.0,580100000.0,0.0,7.7,-1061700000.0
34,ESRX,MRT,2010-03-31,2010-03-31,2010-03-31,2018-10-31,18000000.0,11798900000.0,10940825000.0,4039600000.0,7759300000.0,2.783,6.633,-167600000.0,1453100000.0,1453100000.0,27890600000.0,873400000.0,0.778,2.235,3652900000.0,1160100000.0,2492800000.0,3652900000.0,0.0,140800000.0,0.0,0.0,0.0,1603800000.0,1744600000.0,0.057,1744600000.0,1603800000.0,1383700000.0,1.61,1.61,1.61,3647000000.0,3397625000.0,3647000000.0,30767424480.0,19.0,17.636,2078400000.0,3.78,1.0,2554600000.0,0.084,7363900000.0,220100000.0,1445300000.0,2874000000.0,297000000.0,0.0,0.0,0.0,8151900000.0,5189500000.0,2962400000.0,28014324480.0,718100000.0,-4672600000.0,1375500000.0,1971500000.0,0.0,3307300000.0,-4841000000.0,3900000.0,2246000000.0,5800000.0,873400000.0,873400000.0,873400000.0,-800000.0,0.0,0.029,957700000.0,1596900000.0,3383800000.0,0.0,7.681,32.075,31.602,362900000.0,0.0,50.88,0.92,0.919,2121300000.0,4448800000.0,30445200000.0,30445200000.0,0.0,0.08,0.257,0.558,0.053,44600000.0,957700000.0,1.0,550596000.0,549800000,555800000.0,55.375,4435000000.0,141000000.0,510300000.0,0.0,8.067,-1149900000.0
35,ESRX,MRT,2009-12-31,2009-12-31,2009-12-31,2018-10-31,14100000.0,11931200000.0,9418275000.0,4143500000.0,7787700000.0,2.625,6.74,-147500000.0,1079500000.0,1079500000.0,22298300000.0,827600000.0,0.759,2.359,3832600000.0,1340100000.0,2492500000.0,3832600000.0,0.0,106700000.0,0.0,0.0,0.0,1503800000.0,1610500000.0,0.065,1610500000.0,1503800000.0,1309400000.0,1.57,1.56,1.57,3551800000.0,2810875000.0,3551800000.0,23803102400.0,16.0,14.78,1624000000.0,3.082,1.0,2424000000.0,0.098,7377900000.0,194400000.0,1849600000.0,2658400000.0,313000000.0,0.0,0.0,0.0,8379400000.0,5456800000.0,2922600000.0,23741302400.0,539700000.0,-4672600000.0,1581600000.0,2071500000.0,0.0,3587000000.0,-4822400000.0,3900000.0,1771500000.0,3600000.0,827600000.0,827600000.0,827600000.0,-1000000.0,0.0,0.033,926500000.0,1497500000.0,3557100000.0,0.0,6.684,28.687,27.522,347100000.0,0.0,43.21,0.96,0.921,2516400000.0,4188600000.0,24722300000.0,24722300000.0,0.0,0.088,0.294,0.566,0.061,44600000.0,926500000.0,1.0,549440000.0,527000000,532200000.0,46.911,4553300000.0,135000000.0,481800000.0,0.0,8.64,-1313300000.0
36,ESRX,MRT,2009-09-30,2009-09-30,2009-09-30,2018-10-31,14200000.0,10229100000.0,7812775000.0,6743000000.0,3486100000.0,2.816,6.025,-113400000.0,3950500000.0,3950500000.0,19722400000.0,811100000.0,2.207,2.093,4012300000.0,540100000.0,3472200000.0,4012300000.0,0.0,92100000.0,0.0,0.0,0.0,1437600000.0,1529700000.0,0.07,1529700000.0,1437600000.0,1273400000.0,1.585,1.575,1.585,3307500000.0,2192475000.0,3307500000.0,21713715700.0,15.0,14.195,1187100000.0,2.162,1.0,2279300000.0,0.104,3187500000.0,164200000.0,4047500000.0,2395650000.0,184200000.0,1202700000.0,1202700000.0,0.0,6921600000.0,3055900000.0,3865700000.0,21289115700.0,3715300000.0,-5000000.0,1578900000.0,2171600000.0,0.0,3691600000.0,-1275700000.0,-1160000000.0,1300500000.0,-1100000.0,811100000.0,811100000.0,811100000.0,-4900000.0,0.0,0.037,852900000.0,1426400000.0,1986000000.0,0.0,6.437,26.247,24.473,265700000.0,0.0,38.79,0.968,0.968,1249800000.0,3965300000.0,22001700000.0,22001700000.0,0.0,0.104,0.37,0.6,0.065,40200000.0,852900000.0,1.0,548830000.0,549000000,554400000.0,40.076,7041600000.0,126200000.0,462300000.0,0.0,12.826,3687100000.0
37,ESRX,MRT,2009-06-30,2009-06-30,2009-06-30,2018-10-31,9900000.0,9804100000.0,6580325000.0,6341700000.0,3462400000.0,3.319,6.01,-85300000.0,3667300000.0,3667300000.0,19650600000.0,815400000.0,2.213,2.179,4091900000.0,620000000.0,3471900000.0,4091900000.0,0.0,92300000.0,0.0,0.0,0.0,1406100000.0,1498400000.0,0.069,1498400000.0,1406100000.0,1274200000.0,1.635,1.62,1.635,3084200000.0,1581975000.0,3084200000.0,17987543750.0,13.0,12.005,1049300000.0,2.045,1.0,2188600000.0,0.1,3209400000.0,131900000.0,4153600000.0,1660825000.0,180200000.0,1202000000.0,1202000000.0,0.0,6719900000.0,2865700000.0,3854200000.0,17038243750.0,3345200000.0,-223800000.0,1587900000.0,2191500000.0,0.0,3729500000.0,-1515300000.0,-1209300000.0,1134600000.0,-3600000.0,815400000.0,815400000.0,815400000.0,-3000000.0,0.0,0.037,789900000.0,1398700000.0,1834500000.0,0.0,5.524,20.896,21.024,222000000.0,0.0,34.375,0.78,0.808,1148100000.0,3767700000.0,21839200000.0,21839200000.0,0.0,0.124,0.515,0.847,0.064,40200000.0,789900000.0,1.0,495658000.0,513200000,517600000.0,42.555,6594700000.0,119700000.0,458800000.0,0.0,12.85,3476000000.0
38,ESRX,MRT,2009-03-31,2009-03-31,2009-03-31,2018-10-31,4900000.0,5708700000.0,5399425000.0,2256800000.0,3451900000.0,4.051,2.625,-85700000.0,731100000.0,731100000.0,19774600000.0,813300000.0,0.786,3.391,1680400000.0,520100000.0,1160300000.0,1680400000.0,0.0,94200000.0,0.0,0.0,0.0,1342700000.0,1436900000.0,0.066,1436900000.0,1342700000.0,1271400000.0,1.645,1.625,1.645,1300000000.0,967875000.0,1300000000.0,12660000920.0,9.0,8.811,1050600000.0,2.122,1.0,2098600000.0,0.096,3203900000.0,71300000.0,582900000.0,903575000.0,180100000.0,0.0,0.0,0.0,4408700000.0,2871200000.0,1537500000.0,11435200920.0,213100000.0,-223800000.0,-349500000.0,-280000000.0,0.0,-599100000.0,-318900000.0,-10400000.0,1136300000.0,-5200000.0,813300000.0,813300000.0,813300000.0,-1100000.0,0.0,0.037,763400000.0,1335200000.0,1856300000.0,0.0,8.796,14.06,14.033,219600000.0,0.0,23.085,0.523,0.523,1200800000.0,3575400000.0,21873200000.0,21873200000.0,0.0,0.151,0.84,1.486,0.061,40200000.0,763400000.0,1.0,495352000.0,495200000,498600000.0,44.17,2504800000.0,120300000.0,458100000.0,0.0,5.058,-614400000.0
39,ESRX,MRT,2008-12-31,2008-12-31,2008-12-31,2018-10-31,6200000.0,5509200000.0,5309125000.0,2043800000.0,3465400000.0,4.133,2.166,-83800000.0,535500000.0,535500000.0,19910600000.0,776100000.0,0.751,4.11,1760300000.0,420000000.0,1340300000.0,1760300000.0,0.0,94100000.0,0.0,0.0,0.0,1285200000.0,1379300000.0,0.063,1379300000.0,1285200000.0,1207600000.0,1.56,1.54,1.56,1078200000.0,837175000.0,1078200000.0,15215095820.0,12.0,11.031,1019200000.0,2.047,1.0,2030600000.0,0.093,3213700000.0,77600000.0,798600000.0,1058175000.0,203000000.0,0.0,0.0,0.0,4431000000.0,2721700000.0,1709300000.0,13605295820.0,96000000.0,-223800000.0,-462500000.0,-260000000.0,0.0,-680400000.0,-320600000.0,-10400000.0,1103000000.0,-6000000.0,776100000.0,776100000.0,776100000.0,-200000.0,0.0,0.035,756300000.0,1274300000.0,1877100000.0,0.0,12.619,17.53,17.622,222200000.0,0.0,27.49,0.62,0.624,1155900000.0,3361000000.0,21941200000.0,21941200000.0,0.0,0.146,0.927,1.215,0.059,40200000.0,756300000.0,1.0,494918000.0,497800000,503600000.0,44.076,2295500000.0,118200000.0,431500000.0,0.0,4.611,-677900000.0
40,ESRX,MRT,2008-09-30,2008-09-30,2008-09-30,2018-10-31,16900000.0,5299300000.0,5245925000.0,1797000000.0,3502300000.0,4.199,1.751,-87400000.0,230600000.0,230600000.0,20073900000.0,707800000.0,0.704,5.123,1840400000.0,320100000.0,1520300000.0,1840400000.0,0.0,96100000.0,0.0,0.0,0.0,1202300000.0,1298400000.0,0.059,1298400000.0,1202300000.0,1117000000.0,1.415,1.395,1.415,865500000.0,741725000.0,865500000.0,19787178960.0,16.0,15.24,970600000.0,1.964,1.0,1951500000.0,0.089,3248600000.0,85300000.0,1108200000.0,1190425000.0,158600000.0,0.0,0.0,0.0,4433800000.0,2552300000.0,1881500000.0,18206078960.0,131100000.0,-233100000.0,-459500000.0,-140100000.0,0.0,-554900000.0,-371300000.0,-49300000.0,1058000000.0,-700000.0,707800000.0,707800000.0,707800000.0,31500000.0,0.0,0.032,730000000.0,1221500000.0,1842800000.0,0.0,21.035,25.722,26.085,216900000.0,0.0,36.91,0.827,0.828,1228300000.0,3154200000.0,22025400000.0,22025400000.0,0.0,0.135,0.954,1.01,0.055,31600000.0,730000000.0,1.0,493256000.0,494200000,500600000.0,44.568,2050700000.0,113300000.0,409200000.0,0.0,4.15,-755300000.0
41,ESRX,MRT,2008-06-30,2008-06-30,2008-06-30,2018-10-31,18500000.0,5080500000.0,5167100000.0,1812800000.0,3267700000.0,4.245,1.262,-76100000.0,319300000.0,319300000.0,20061900000.0,648800000.0,0.72,7.093,1900400000.0,300100000.0,1600300000.0,1900400000.0,0.0,95600000.0,0.0,0.0,0.0,1137100000.0,1232700000.0,0.056,1232700000.0,1137100000.0,1036200000.0,1.285,1.27,1.285,627800000.0,659700000.0,627800000.0,17197114400.0,15.0,13.951,986300000.0,1.983,1.0,1871200000.0,0.085,3017500000.0,100900000.0,1124600000.0,1272300000.0,168300000.0,0.0,0.0,0.0,4452700000.0,2519500000.0,1933200000.0,15751814400.0,204600000.0,-14300000.0,-782000000.0,-20000000.0,0.0,-766700000.0,-92800000.0,0.0,1062400000.0,1700000.0,648800000.0,648800000.0,648800000.0,34200000.0,0.0,0.03,714700000.0,1156500000.0,1831300000.0,0.0,25.09,24.278,24.405,211800000.0,0.0,31.36,0.718,0.711,1185900000.0,2952200000.0,21933100000.0,21933100000.0,0.0,0.126,0.983,0.894,0.052,31600000.0,714700000.0,1.0,502290000.0,497400000,504000000.0,44.095,2063000000.0,113200000.0,387400000.0,0.0,4.148,-706700000.0
42,ESRX,MRT,2008-03-31,2008-03-31,2008-03-31,2018-10-31,17800000.0,5347500000.0,5155200000.0,2074700000.0,3272800000.0,4.069,1.54,-78400000.0,515100000.0,515100000.0,19169400000.0,611300000.0,0.809,5.88,1960400000.0,280100000.0,1680300000.0,1960400000.0,0.0,96400000.0,0.0,0.0,0.0,1086400000.0,1182800000.0,0.056,1182800000.0,1086400000.0,976900000.0,1.195,1.18,1.195,777200000.0,674600000.0,777200000.0,17844110560.0,16.0,15.086,846300000.0,1.677,1.0,1807700000.0,0.086,3026700000.0,109500000.0,1201300000.0,1355800000.0,166500000.0,0.0,0.0,0.0,4570300000.0,2564800000.0,2005500000.0,16260610560.0,304700000.0,-14300000.0,-1214900000.0,599900000.0,0.0,-561800000.0,-61300000.0,34200000.0,924700000.0,3100000.0,611300000.0,611300000.0,611300000.0,34500000.0,0.0,0.029,704800000.0,1102900000.0,1818900000.0,0.0,20.922,26.6,26.912,210100000.0,0.0,32.16,0.775,0.774,1222100000.0,2762100000.0,20977100000.0,20977100000.0,0.0,0.119,0.906,0.801,0.052,31600000.0,704800000.0,1.0,505616000.0,504600000,511400000.0,41.572,2320800000.0,121300000.0,365600000.0,0.0,4.599,-490100000.0
43,ESRX,MRT,2007-12-31,2007-12-31,2007-12-31,2018-10-31,20900000.0,5256400000.0,5118375000.0,1967800000.0,3288600000.0,4.264,1.337,-75000000.0,436900000.0,436900000.0,20065200000.0,567800000.0,0.795,6.548,2020400000.0,260100000.0,1760300000.0,2020400000.0,0.0,97500000.0,0.0,0.0,0.0,1020400000.0,1117900000.0,0.051,1117900000.0,1020400000.0,912000000.0,1.09,1.075,1.09,696400000.0,802300000.0,696400000.0,20283612000.0,20.0,18.144,752300000.0,1.445,1.0,1758800000.0,0.081,3037300000.0,108400000.0,1327600000.0,1269650000.0,166100000.0,0.0,0.0,0.0,4560000000.0,2475000000.0,2085000000.0,18399212000.0,303700000.0,-14300000.0,-1087500000.0,569900000.0,0.0,-469700000.0,-58300000.0,34200000.0,827300000.0,4400000.0,567800000.0,567800000.0,567800000.0,32700000.0,0.0,0.026,698000000.0,1060800000.0,1776200000.0,0.0,26.42,32.404,33.486,215500000.0,0.0,36.5,0.843,0.871,1184600000.0,2584900000.0,21824000000.0,21824000000.0,0.0,0.111,0.708,0.804,0.047,31600000.0,698000000.0,1.0,504088000.0,520800000,528000000.0,41.905,2219100000.0,121100000.0,344200000.0,0.0,4.261,-507200000.0
44,ESRX,MRT,2007-09-30,2007-09-30,2007-09-30,2018-10-31,19400000.0,4984000000.0,5081300000.0,1696100000.0,3287900000.0,4.501,1.057,-75900000.0,96000000.0,96000000.0,21187300000.0,576500000.0,0.709,8.274,1980400000.0,240100000.0,1740300000.0,1980400000.0,0.0,98400000.0,0.0,0.0,0.0,1009600000.0,1108000000.0,0.048,1108000000.0,1009600000.0,905400000.0,1.085,1.075,1.085,537400000.0,909425000.0,537400000.0,16202442820.0,16.0,14.623,728400000.0,1.433,1.0,1685900000.0,0.074,3040400000.0,104200000.0,1435700000.0,1173075000.0,158800000.0,0.0,0.0,0.0,4446600000.0,2392300000.0,2054300000.0,14393242820.0,27900000.0,100000.0,-1089800000.0,349900000.0,0.0,-700200000.0,-78800000.0,2700000.0,804300000.0,2600000.0,576500000.0,576500000.0,576500000.0,6000000.0,0.0,0.025,660700000.0,1025200000.0,1751000000.0,0.0,26.783,24.967,25.724,203900000.0,0.0,27.91,0.629,0.62,1308400000.0,2446400000.0,22873200000.0,22873200000.0,0.0,0.113,0.634,0.861,0.044,27600000.0,660700000.0,1.0,515702000.0,508400000,514600000.0,44.991,1943600000.0,113300000.0,328900000.0,0.0,3.823,-696200000.0
45,ESRX,MRT,2007-06-30,2007-06-30,2007-06-30,2018-10-31,15000000.0,5032900000.0,5091150000.0,1744800000.0,3288100000.0,4.291,1.304,-74900000.0,111200000.0,111200000.0,20225100000.0,548300000.0,0.747,6.322,1920400000.0,220100000.0,1700300000.0,1920400000.0,0.0,99400000.0,0.0,0.0,0.0,952700000.0,1052100000.0,0.048,1052100000.0,952700000.0,853400000.0,1.015,1.005,1.015,687400000.0,1017750000.0,687400000.0,14777524300.0,16.0,14.046,641200000.0,1.216,1.0,1620100000.0,0.074,3048500000.0,99300000.0,1458600000.0,1110825000.0,198400000.0,0.0,0.0,0.0,4345500000.0,2335000000.0,2010500000.0,13624224300.0,-84700000.0,100000.0,-971200000.0,204900000.0,0.0,-725500000.0,-76500000.0,2700000.0,716100000.0,1200000.0,548300000.0,548300000.0,548300000.0,2200000.0,0.0,0.025,654900000.0,965200000.0,1768500000.0,0.0,19.82,24.848,24.635,198500000.0,0.0,25.005,0.624,0.603,1303900000.0,2303500000.0,21845200000.0,21845200000.0,0.0,0.108,0.539,0.858,0.044,27600000.0,654900000.0,1.0,544860000.0,527200000,534000000.0,41.436,1984400000.0,107100000.0,305100000.0,0.0,3.764,-590200000.0
46,ESRX,MRT,2007-03-31,2007-03-31,2007-03-31,2018-10-31,12300000.0,5200200000.0,5096275000.0,1879900000.0,3320300000.0,4.256,2.371,-66200000.0,207200000.0,207200000.0,20146900000.0,503400000.0,0.77,3.037,1360500000.0,200100000.0,1160400000.0,1360500000.0,0.0,99600000.0,0.0,0.0,0.0,881400000.0,981000000.0,0.045,981000000.0,881400000.0,784000000.0,0.915,0.91,0.915,1288000000.0,1104250000.0,1288000000.0,12268037920.0,14.0,12.506,707000000.0,1.302,1.0,1544600000.0,0.071,3054500000.0,97400000.0,856700000.0,1096125000.0,203100000.0,0.0,0.0,0.0,3912200000.0,2442300000.0,1469900000.0,10948537920.0,-302200000.0,100000.0,-879100000.0,-110100000.0,0.0,-974000000.0,-101600000.0,-31500000.0,773200000.0,200000.0,503400000.0,503400000.0,503400000.0,200000.0,0.0,0.023,650000000.0,894600000.0,1820100000.0,0.0,8.5,21.749,22.055,193100000.0,0.0,20.18,0.505,0.505,1344500000.0,2150800000.0,21691500000.0,21691500000.0,0.0,0.099,0.456,0.804,0.041,27600000.0,650000000.0,1.0,542544000.0,543200000,550800000.0,39.933,2145700000.0,103800000.0,280600000.0,0.0,3.95,-562400000.0
47,ESRX,MRT,2006-12-31,2006-12-31,2006-12-31,2018-10-31,11900000.0,5108100000.0,5153925000.0,1772100000.0,3336000000.0,4.184,2.012,-66600000.0,131000000.0,131000000.0,20093700000.0,474400000.0,0.729,3.541,1450500000.0,180100000.0,1270400000.0,1450500000.0,0.0,99800000.0,0.0,0.0,0.0,836900000.0,936700000.0,0.043,936700000.0,836900000.0,741200000.0,0.85,0.835,0.85,1124900000.0,1186400000.0,1124900000.0,11259589200.0,13.0,12.02,592000000.0,1.059,1.0,1468900000.0,0.068,3056900000.0,95700000.0,941300000.0,1176425000.0,191400000.0,0.0,0.0,0.0,3983200000.0,2429400000.0,1553800000.0,9697289200.0,-346900000.0,100000.0,-874600000.0,-60100000.0,0.0,-904700000.0,-101000000.0,-31500000.0,658600000.0,200000.0,474400000.0,474400000.0,474400000.0,1000000.0,0.0,0.022,643100000.0,825800000.0,1851800000.0,0.0,8.621,20.441,21.059,198000000.0,0.0,17.9,0.45,0.464,1292800000.0,2017300000.0,21562600000.0,21562600000.0,0.0,0.092,0.4,0.711,0.039,27600000.0,643100000.0,1.0,541748000.0,559200000,568000000.0,38.56,2051200000.0,90500000.0,266800000.0,0.0,3.668,-657300000.0
48,ESRX,MRT,2006-09-30,2006-09-30,2006-09-30,2018-10-31,12400000.0,5023400000.0,5250275000.0,1725900000.0,3297500000.0,3.369,1.783,-62700000.0,68100000.0,68100000.0,16250000000.0,438300000.0,0.743,4.175,1630400000.0,150000000.0,1480400000.0,1630400000.0,0.0,100400000.0,0.0,0.0,0.0,789900000.0,890300000.0,0.05,890300000.0,789900000.0,696600000.0,0.768,0.762,0.768,970700000.0,1271375000.0,970700000.0,11912602973.0,15.0,13.38,551700000.0,1.013,1.0,1438700000.0,0.081,3076300000.0,93300000.0,1186700000.0,1222975000.0,271400000.0,0.0,0.0,0.0,4052700000.0,2322700000.0,1730000000.0,10393102973.0,-336900000.0,-1310600000.0,-867000000.0,1262900000.0,0.0,419600000.0,-1372200000.0,-300000.0,614400000.0,1300000.0,438300000.0,438300000.0,438300000.0,-600000.0,0.0,0.025,662600000.0,776100000.0,1796700000.0,0.0,10.707,23.712,24.561,189800000.0,0.0,18.863,0.588,0.581,1298300000.0,1870000000.0,17688700000.0,17688700000.0,0.0,0.083,0.345,0.646,0.045,18700000.0,662600000.0,1.0,550992868.0,544400000,552800000.0,32.492,1947100000.0,62800000.0,258300000.0,0.0,3.577,-596800000.0
49,ESRX,MRT,2006-06-30,2006-06-30,2006-06-30,2018-10-31,12000000.0,5053400000.0,4930222750.0,1839400000.0,3214000000.0,3.49,1.83,-61500000.0,195900000.0,195900000.0,15848500000.0,425300000.0,0.845,3.89,1715400000.0,110000000.0,1605400000.0,1715400000.0,0.0,96900000.0,0.0,0.0,0.0,746300000.0,843200000.0,0.049,843200000.0,746300000.0,674300000.0,0.733,0.723,0.733,1033400000.0,1361986000.0,1033400000.0,11508912394.0,15.0,13.649,608800000.0,1.078,1.0,1357600000.0,0.079,2995300000.0,72000000.0,1399800000.0,901219750.0,260800000.0,0.0,0.0,0.0,4020000000.0,2177800000.0,1842200000.0,10547812394.0,-221300000.0,-1310600000.0,-881000000.0,1342400000.0,0.0,479600000.0,-1373000000.0,-300000.0,670300000.0,1800000.0,425300000.0,425300000.0,425300000.0,-600000.0,0.0,0.025,626100000.0,731500000.0,1775400000.0,0.0,10.207,24.801,24.468,187500000.0,0.0,17.935,0.613,0.589,1265100000.0,1755300000.0,17206100000.0,17206100000.0,0.0,0.086,0.312,0.828,0.043,33100000.0,626100000.0,1.0,588113320.0,564800000,573600000.0,30.464,2058100000.0,60600000.0,249000000.0,0.0,3.644,-338400000.0
50,ESRX,MRT,2006-03-31,2006-03-31,2006-03-31,2018-10-31,9900000.0,5430800000.0,4626563750.0,2212300000.0,3218500000.0,3.616,2.759,-61500000.0,509400000.0,509400000.0,15458500000.0,419500000.0,0.998,2.359,1470500000.0,110000000.0,1360500000.0,1470500000.0,0.0,90300000.0,0.0,0.0,0.0,700400000.0,790700000.0,0.047,790700000.0,700400000.0,647400000.0,0.715,0.703,0.715,1616600000.0,1457836750.0,1616600000.0,13899012834.0,20.0,17.578,634200000.0,1.082,1.0,1270800000.0,0.076,2997100000.0,53000000.0,1177900000.0,543893750.0,260900000.0,0.0,0.0,0.0,3814200000.0,2216900000.0,1597300000.0,12866012834.0,254400000.0,-1310600000.0,-173200000.0,1091900000.0,0.0,931200000.0,-1373300000.0,-2400000.0,695700000.0,800000.0,419500000.0,419500000.0,419500000.0,-600000.0,0.0,0.025,583400000.0,687400000.0,1822400000.0,0.0,7.959,30.67,30.734,192800000.0,0.0,21.975,0.769,0.77,1332100000.0,1647500000.0,16729300000.0,16729300000.0,0.0,0.091,0.288,1.288,0.042,37300000.0,583400000.0,1.0,585484088.0,586000000,596400000.0,28.548,2433700000.0,52300000.0,227900000.0,0.0,4.153,-4600000.0
51,ESRX,MRT,2005-12-31,2005-12-31,2005-12-31,2018-10-31,9800000.0,5493500000.0,4196073250.0,2257400000.0,3236100000.0,3.858,2.495,-58700000.0,477900000.0,477900000.0,14997300000.0,400100000.0,0.942,2.75,1510500000.0,110000000.0,1400500000.0,1510500000.0,0.0,84300000.0,0.0,0.0,0.0,651600000.0,735900000.0,0.045,735900000.0,651600000.0,614400000.0,0.68,0.67,0.68,1464800000.0,1380500250.0,1464800000.0,12166577607.0,19.0,16.533,734200000.0,1.25,1.0,1191100000.0,0.074,3003400000.0,37200000.0,1127500000.0,256445500.0,273400000.0,0.0,0.0,0.0,4028700000.0,2395200000.0,1633500000.0,12204097607.0,311900000.0,-1310600000.0,-180400000.0,1076400000.0,0.0,887000000.0,-1368600000.0,-300000.0,792900000.0,600000.0,400100000.0,400100000.0,400100000.0,-600000.0,0.0,0.025,548900000.0,642200000.0,1976500000.0,0.0,8.332,30.503,30.809,201300000.0,0.0,20.95,0.754,0.76,1393200000.0,1542900000.0,16188400000.0,16188400000.0,0.0,0.095,0.29,2.541,0.04,47100000.0,548900000.0,1.0,582534492.0,587200000,598000000.0,27.569,2490100000.0,53100000.0,214300000.0,0.0,4.241,-137800000.0
52,ESRX,MRT,2005-09-30,2005-09-30,2005-09-30,2018-10-31,9785000.0,3743191000.0,3722719750.0,1616531000.0,2126660000.0,4.183,2.278,-52313000.0,405027000.0,405027000.0,14472309000.0,369900000.0,0.862,1.808,367507000.0,22056000.0,345451000.0,367507000.0,0.0,79223000.0,0.0,0.0,0.0,589116000.0,668339000.0,0.043,668339000.0,589116000.0,570034000.0,0.627,0.615,0.627,1333144000.0,1313378750.0,1333144000.0,9200477800.0,16.0,13.766,671711000.0,1.148,1.0,1098381000.0,0.071,1931285000.0,19082000.0,-100321000.0,-297250.0,144027000.0,0.0,0.0,0.0,2410047000.0,1874707000.0,535340000.0,9244723800.0,243879000.0,-464000.0,-357770000.0,-72109000.0,0.0,-428443000.0,-53030000.0,150000.0,724024000.0,1328000.0,369900000.0,369900000.0,369900000.0,0.0,0.0,0.024,515527000.0,582854000.0,1597234000.0,0.0,6.935,24.992,24.801,169421000.0,0.0,15.55,0.594,0.584,1002422000.0,1431727000.0,15570690000.0,15570690000.0,0.0,0.099,0.282,-1981.887,0.038,51100000.0,515527000.0,1.0,594516000.0,585200000,595600000.0,26.607,1811906000.0,41185000.0,200134000.0,0.0,3.096,-258176000.0
53,ESRX,MRT,2005-06-30,2005-06-30,2005-06-30,2018-10-31,7478000.0,3838764000.0,3685065750.0,1708949000.0,2129815000.0,4.204,2.39,-52046000.0,417253000.0,417253000.0,14450189000.0,330117000.0,0.906,1.709,373007000.0,22056000.0,350951000.0,373007000.0,0.0,76575000.0,0.0,0.0,0.0,529633000.0,606208000.0,0.039,606208000.0,529633000.0,511403000.0,0.555,0.545,0.555,1416803000.0,1298313000.0,1416803000.0,7538339754.0,14.0,12.435,607243000.0,1.024,1.0,1040591000.0,0.067,1937545000.0,18230000.0,-29504000.0,73368500.0,147680000.0,0.0,0.0,0.0,2421961000.0,1886477000.0,535484000.0,7414896754.0,299527000.0,-542000.0,-262169000.0,-46545000.0,0.0,-307282000.0,-53784000.0,-2600000.0,659289000.0,1304000.0,330117000.0,330117000.0,330117000.0,0.0,0.0,0.021,514233000.0,526358000.0,1597666000.0,0.0,5.234,22.461,22.514,168690000.0,0.0,12.495,0.479,0.478,1079744000.0,1330033000.0,15490780000.0,15490780000.0,0.0,0.09,0.254,7.219,0.034,36700000.0,514233000.0,1.0,593429112.0,592800000,602000000.0,26.132,1901219000.0,41678000.0,181286000.0,0.0,3.207,-177528000.0
54,ESRX,MRT,2005-03-31,2005-03-31,2005-03-31,2018-10-31,8023000.0,3708838000.0,3611538500.0,1570015000.0,2138823000.0,4.244,2.219,-49661000.0,255121000.0,255121000.0,14338672000.0,293537000.0,0.845,1.837,378564000.0,22056000.0,356508000.0,378564000.0,0.0,74195000.0,0.0,0.0,0.0,505473000.0,579668000.0,0.038,579668000.0,505473000.0,471783000.0,0.487,0.48,0.487,1307254000.0,1273702250.0,1307254000.0,6665676866.0,13.0,11.499,486954000.0,0.826,1.0,987313000.0,0.064,1945603000.0,33690000.0,28107000.0,135220000.0,158199000.0,0.0,0.0,0.0,2401584000.0,1858571000.0,543013000.0,6397617866.0,-45817000.0,210000.0,-298750000.0,-225900000.0,0.0,-523221000.0,-60346000.0,-10800000.0,536615000.0,1135000.0,293537000.0,293537000.0,293537000.0,0.0,0.0,0.019,482556000.0,504757000.0,1561360000.0,0.0,4.894,21.795,22.379,171793000.0,0.0,10.899,0.417,0.419,1094594000.0,1228033000.0,15325985000.0,15325985000.0,0.0,0.081,0.23,3.738,0.033,32500000.0,482556000.0,1.0,587004736.0,589200000,597200000.0,26.012,1763235000.0,38116000.0,178246000.0,0.0,2.993,-288556000.0
55,ESRX,MRT,2004-12-31,2004-12-31,2004-12-31,2018-10-31,8266000.0,3600086000.0,3614239500.0,1443017000.0,2157069000.0,4.182,1.957,-51500000.0,166054000.0,166054000.0,14170500000.0,278200000.0,0.796,2.009,434113000.0,22056000.0,412057000.0,434113000.0,0.0,70100000.0,0.0,0.0,0.0,492300000.0,562400000.0,0.037,562400000.0,492300000.0,450600000.0,0.455,0.448,0.455,1196314000.0,1266453000.0,1196314000.0,6086697098.0,12.0,10.823,444700000.0,0.728,1.0,944200000.0,0.062,1954205000.0,41700000.0,100529000.0,215376750.0,158775000.0,0.0,0.0,0.0,2403772000.0,1813411000.0,590361000.0,5808195098.0,-230000000.0,-331600000.0,-305400000.0,-20400000.0,0.0,-330400000.0,-397000000.0,-13900000.0,496200000.0,1200000.0,278200000.0,278200000.0,278200000.0,0.0,0.0,0.018,451200000.0,493000000.0,1559660000.0,0.0,4.855,20.878,21.0,181166000.0,0.0,9.555,0.384,0.386,1057222000.0,1142757000.0,15114700000.0,15114700000.0,0.0,0.077,0.22,2.286,0.033,22700000.0,451200000.0,1.0,607869712.0,611200000,620000000.0,24.73,1645881000.0,33074000.0,172400000.0,0.0,2.693,-370394000.0
56,ESRX,MRT,2004-09-30,2004-09-30,2004-09-30,2018-10-31,5975000.0,3592575000.0,3566511500.0,1428502000.0,2164073000.0,4.111,2.09,-48375000.0,161161000.0,161161000.0,13749136000.0,265131000.0,0.828,1.822,439663000.0,22056000.0,417607000.0,439663000.0,0.0,64790000.0,0.0,0.0,0.0,474289000.0,539079000.0,0.037,539079000.0,474289000.0,429343000.0,0.429,0.425,0.429,1272881000.0,1265872750.0,1272881000.0,5371504707.0,11.0,9.964,431505000.0,0.709,1.0,914094000.0,0.062,1951472000.0,44946000.0,194342000.0,237292500.0,151581000.0,0.0,0.0,0.0,2319694000.0,1725263000.0,594431000.0,5069567707.0,-131535000.0,-330696000.0,-197865000.0,-14461000.0,0.0,-218362000.0,-393033000.0,-14050000.0,479880000.0,-20000.0,265131000.0,265131000.0,265131000.0,0.0,0.0,0.018,437746000.0,476348000.0,1484667000.0,0.0,3.983,19.121,19.038,177764000.0,0.0,8.168,0.346,0.339,1073726000.0,1061850000.0,14663230000.0,14663230000.0,0.0,0.074,0.209,1.999,0.032,35000000.0,437746000.0,1.0,620700056.0,609008000,617416000.0,24.077,1641103000.0,18424000.0,164212000.0,0.0,2.695,-296761000.0
57,ESRX,MRT,2004-06-30,2004-06-30,2004-06-30,2018-10-31,3585000.0,3544655000.0,3492065500.0,1381425000.0,2163230000.0,4.05,2.133,-42792000.0,117713000.0,117713000.0,13258681000.0,267756000.0,0.826,1.689,419650000.0,22000000.0,397650000.0,419650000.0,0.0,60431000.0,0.0,0.0,0.0,482583000.0,543014000.0,0.038,543014000.0,482583000.0,433455000.0,0.429,0.426,0.429,1318360000.0,1242215750.0,1318360000.0,6478608070.0,13.0,11.931,447921000.0,0.725,1.0,885461000.0,0.063,1956722000.0,49128000.0,217902000.0,254766250.0,137208000.0,0.0,0.0,0.0,2226295000.0,1671968000.0,554327000.0,6174434070.0,-77235000.0,-329982000.0,-117825000.0,-59525000.0,0.0,-183382000.0,-383988000.0,-11300000.0,490713000.0,-578000.0,267756000.0,267756000.0,267756000.0,0.0,0.0,0.019,400226000.0,485235000.0,1454718000.0,0.0,4.683,23.06,23.086,174666000.0,0.0,9.904,0.437,0.433,1082532000.0,999933000.0,14144142000.0,14144142000.0,0.0,0.077,0.216,1.894,0.034,35000000.0,400226000.0,1.0,623444056.0,618032000,628416000.0,22.886,1587933000.0,16024000.0,165699000.0,0.0,2.569,-290543000.0
58,ESRX,MRT,2004-03-31,2004-03-31,2004-03-31,2018-10-31,3655000.0,3719642000.0,3416437500.0,1561946000.0,2157696000.0,4.01,2.066,-45544000.0,300857000.0,300857000.0,12819660000.0,261342000.0,0.91,1.91,605031000.0,22084000.0,582947000.0,605031000.0,0.0,56542000.0,0.0,0.0,0.0,465899000.0,522441000.0,0.038,522441000.0,465899000.0,422891000.0,0.417,0.414,0.417,1278257000.0,1196727250.0,1278257000.0,5840521348.0,13.0,11.179,415805000.0,0.672,1.0,879174000.0,0.064,1958066000.0,43008000.0,348734000.0,288089500.0,128603000.0,0.0,0.0,0.0,2441385000.0,1717016000.0,724369000.0,5781543348.0,43930000.0,-330614000.0,-100289000.0,65000000.0,0.0,-41318000.0,-377070000.0,-1000000.0,461349000.0,969000.0,261342000.0,261342000.0,261342000.0,0.0,0.0,0.019,410458000.0,468716000.0,1478383000.0,0.0,4.523,22.123,22.347,177783000.0,0.0,9.319,0.422,0.421,1092043000.0,934513000.0,13698834000.0,13698834000.0,0.0,0.076,0.218,1.617,0.034,35000000.0,410458000.0,1.0,620420480.0,618664000,628568000.0,22.143,1761576000.0,17156000.0,161549000.0,0.0,2.847,-155070000.0
59,ESRX,MRT,2003-12-31,2003-12-31,2003-12-31,2018-10-31,3638000.0,3409174000.0,3325098750.0,1560135000.0,1849039000.0,3.998,1.913,-47000000.0,396040000.0,396040000.0,12428000000.0,250000000.0,0.959,1.855,455018000.0,0.0,455018000.0,455018000.0,0.0,54000000.0,0.0,0.0,0.0,446000000.0,500000000.0,0.038,500000000.0,446000000.0,405000000.0,0.4,0.395,0.4,1193993000.0,1144232750.0,1193993000.0,5380420450.0,12.0,10.761,411000000.0,0.659,1.0,867000000.0,0.065,1653552000.0,41000000.0,188192000.0,293521000.0,116375000.0,0.0,0.0,0.0,2215181000.0,1626408000.0,588773000.0,5217641450.0,205000000.0,4000000.0,-102000000.0,-110000000.0,0.0,-212000000.0,-43000000.0,0.0,458000000.0,2000000.0,250000000.0,250000000.0,250000000.0,0.0,0.0,0.019,417000000.0,450000000.0,1409903000.0,0.0,4.37,20.871,20.759,177312000.0,0.0,8.304,0.392,0.39,1011154000.0,864550000.0,13295000000.0,13295000000.0,0.0,0.075,0.218,1.519,0.034,35000000.0,417000000.0,1.0,628347608.0,624000000,632000000.0,21.306,1755622000.0,15346000.0,155000000.0,0.0,2.813,-66273000.0
60,ESRX,MRT,2003-09-30,2003-09-30,2003-09-30,2018-10-31,1744000.0,3294791000.0,3274553250.0,1445241000.0,1849550000.0,4.022,1.872,-60843000.0,292310000.0,292310000.0,12312469000.0,238894000.0,0.94,1.796,455089000.0,0.0,455089000.0,455089000.0,0.0,58750000.0,0.0,0.0,0.0,431449000.0,490199000.0,0.037,490199000.0,431449000.0,386724000.0,0.383,0.376,0.383,1178253000.0,1096448250.0,1178253000.0,5088166312.0,12.0,10.38,359559000.0,0.571,1.0,858820000.0,0.065,1656344000.0,44725000.0,264237000.0,348683000.0,130113000.0,0.0,0.0,0.0,2116538000.0,1536989000.0,579549000.0,4802567312.0,130712000.0,12807000.0,-78540000.0,-165430000.0,0.0,-243947000.0,-48119000.0,0.0,420402000.0,2376000.0,238894000.0,238894000.0,238894000.0,0.0,0.0,0.018,423859000.0,434961000.0,1351406000.0,0.0,4.076,20.103,19.945,173116000.0,0.0,7.639,0.365,0.365,983193000.0,797119000.0,13171289000.0,13171289000.0,0.0,0.073,0.218,1.237,0.033,26700000.0,423859000.0,1.0,628711152.0,629328000,640184000.0,20.929,1638447000.0,14979000.0,147830000.0,0.0,2.603,-91748000.0
61,ESRX,MRT,2003-06-30,2003-06-30,2003-06-30,2018-10-31,1234000.0,3242143000.0,3231872000.0,1388837000.0,1853306000.0,4.057,1.813,-59864000.0,194562000.0,194562000.0,12246640000.0,227794000.0,0.917,1.853,480161000.0,0.0,480161000.0,480161000.0,0.0,57469000.0,0.0,0.0,0.0,418105000.0,475574000.0,0.036,475574000.0,418105000.0,369255000.0,0.366,0.359,0.366,1136406000.0,1044579500.0,1136406000.0,5608088632.0,13.0,11.792,291190000.0,0.464,1.0,863505000.0,0.066,1661941000.0,48850000.0,351195000.0,409356250.0,155078000.0,0.0,0.0,0.0,2105737000.0,1514606000.0,591131000.0,5323900632.0,27014000.0,35882000.0,-76478000.0,-225430000.0,0.0,-301999000.0,-23923000.0,0.0,351054000.0,1882000.0,227794000.0,227794000.0,227794000.0,0.0,0.0,0.017,442735000.0,420770000.0,1347266000.0,0.0,4.685,23.372,23.289,172551000.0,0.0,8.524,0.406,0.408,990090000.0,732577000.0,13110145000.0,13110145000.0,0.0,0.07,0.218,1.021,0.032,26700000.0,442735000.0,1.0,624596056.0,626928000,640168000.0,20.912,1580202000.0,16454000.0,141461000.0,0.0,2.521,-125769000.0
62,ESRX,MRT,2003-03-31,2003-03-31,2003-03-31,2018-10-31,-2131000.0,3354287000.0,3220265250.0,1541073000.0,1813214000.0,4.019,1.722,-61236000.0,256541000.0,256541000.0,12085098000.0,217488000.0,0.939,2.14,540729000.0,0.0,540729000.0,540729000.0,0.0,67048000.0,0.0,0.0,0.0,399728000.0,466776000.0,0.036,466776000.0,399728000.0,353264000.0,0.35,0.342,0.35,1068279000.0,996334750.0,1068279000.0,4798584697.0,12.0,10.28,434371000.0,0.7,1.0,858374000.0,0.066,1626995000.0,46464000.0,370460000.0,485680750.0,197251000.0,0.0,0.0,0.0,2286008000.0,1641020000.0,644988000.0,4339298697.0,97857000.0,-452244000.0,-77154000.0,195000000.0,0.0,114300000.0,-512921000.0,0.0,495607000.0,871000.0,217488000.0,217488000.0,217488000.0,0.0,0.0,0.017,457091000.0,401283000.0,1437577000.0,0.0,4.062,19.952,19.893,170011000.0,0.0,6.963,0.335,0.334,1020219000.0,673571000.0,12943472000.0,12943472000.0,0.0,0.068,0.218,0.823,0.031,26700000.0,457091000.0,1.0,623238592.0,620376000,632600000.0,20.864,1727292000.0,25693000.0,135776000.0,0.0,2.784,-99947000.0
63,ESRX,MRT,2002-12-31,2002-12-31,2002-12-31,2018-10-31,-4422000.0,3206992000.0,3008571500.0,1393821000.0,1813171000.0,4.079,1.61,-61303000.0,190654000.0,190654000.0,11447095000.0,202836000.0,0.903,2.198,565806000.0,3250000.0,562556000.0,565806000.0,0.0,82038000.0,0.0,0.0,0.0,371893000.0,453931000.0,0.037,453931000.0,371893000.0,328003000.0,0.325,0.319,0.325,1002855000.0,948931250.0,1002855000.0,4201833745.0,11.0,9.257,364667000.0,0.585,1.0,823418000.0,0.067,1629547000.0,43890000.0,408840000.0,477999750.0,160483000.0,0.0,0.0,0.0,2204137000.0,1543757000.0,660380000.0,3742547745.0,12939000.0,-487982000.0,-80515000.0,220000000.0,0.0,135623000.0,-548728000.0,0.0,425970000.0,74000.0,202836000.0,202836000.0,202836000.0,0.0,0.0,0.017,451692000.0,371726000.0,1340151000.0,0.0,3.732,18.451,18.477,168973000.0,0.0,6.005,0.305,0.305,988544000.0,614950000.0,12270513000.0,12270513000.0,0.0,0.067,0.214,0.778,0.03,26700000.0,451692000.0,1.0,623238592.0,622928000,637336000.0,19.698,1577445000.0,25686000.0,125167000.0,0.0,2.532,-149936000.0
64,ESRX,MRT,2002-09-30,2002-09-30,2002-09-30,2018-10-31,-5122000.0,3124066000.0,2831884750.0,1317516000.0,1806550000.0,3.805,1.559,-52928000.0,161598000.0,161598000.0,10020414000.0,180297000.0,0.913,2.218,620884000.0,0.0,620884000.0,620884000.0,0.0,85318000.0,0.0,0.0,0.0,334220000.0,419538000.0,0.039,419538000.0,334220000.0,293252000.0,0.29,0.283,0.29,970778000.0,906216750.0,970778000.0,4831624548.0,14.0,11.517,346974000.0,0.557,1.0,754455000.0,0.07,1633759000.0,40968000.0,506930000.0,454640500.0,123671000.0,0.0,0.0,0.0,2153288000.0,1442663000.0,710625000.0,4293210548.0,56778000.0,-497912000.0,-71297000.0,275000000.0,0.0,199818000.0,-542963000.0,0.0,399902000.0,21000.0,180297000.0,180297000.0,180297000.0,0.0,0.0,0.017,421941000.0,332514000.0,1256426000.0,0.0,4.422,23.812,23.5,156647000.0,0.0,6.815,0.398,0.394,994787000.0,558225000.0,10774869000.0,10774869000.0,0.0,0.064,0.199,0.735,0.031,31259000.0,421941000.0,1.0,629964864.0,622632000,635592000.0,17.305,1490307000.0,26102000.0,112955000.0,0.0,2.394,-125147000.0
65,ESRX,MRT,2002-06-30,2002-06-30,2002-06-30,2018-10-31,-3327000.0,3195716000.0,2640942750.0,1412479000.0,1783237000.0,3.775,1.505,-60480000.0,167548000.0,167548000.0,9281217000.0,159046000.0,0.962,2.387,705962000.0,0.0,705962000.0,705962000.0,0.0,90944000.0,0.0,0.0,0.0,296014000.0,386958000.0,0.039,386958000.0,296014000.0,259184000.0,0.255,0.249,0.255,943427000.0,867466500.0,943427000.0,4186085945.0,14.0,10.818,320480000.0,0.511,1.0,687446000.0,0.069,1609416000.0,36830000.0,656493000.0,418942250.0,131053000.0,0.0,0.0,0.0,2252289000.0,1468221000.0,784068000.0,3998729945.0,46605000.0,-522706000.0,-63759000.0,310000000.0,0.0,242470000.0,-576982000.0,0.0,380960000.0,157000.0,159046000.0,159046000.0,159046000.0,0.0,0.0,0.016,394001000.0,293445000.0,1060999000.0,0.0,4.239,25.142,24.564,155778000.0,0.0,6.264,0.401,0.394,1032390000.0,504783000.0,9968663000.0,9968663000.0,0.0,0.06,0.183,0.707,0.03,31259000.0,394001000.0,1.0,638392328.0,626936000,642216000.0,15.901,1586300000.0,28770000.0,100138000.0,0.0,2.53,-55742000.0
66,ESRX,MRT,2002-03-31,2002-03-31,2002-03-31,2018-10-31,-4033000.0,2507512000.0,2431394750.0,1202440000.0,1305072000.0,3.722,1.414,-55262000.0,158684000.0,158684000.0,8422856000.0,140590000.0,0.987,1.854,346040000.0,0.0,346040000.0,346040000.0,0.0,87333000.0,0.0,0.0,0.0,264245000.0,351578000.0,0.039,351578000.0,264245000.0,230440000.0,0.226,0.22,0.226,878665000.0,830227250.0,878665000.0,4641444812.0,18.0,13.202,200464000.0,0.323,1.0,625626000.0,0.069,1136937000.0,33805000.0,339736000.0,359001250.0,154072000.0,0.0,0.0,0.0,1628847000.0,1218195000.0,410652000.0,4473040812.0,73584000.0,-35466000.0,-41531000.0,-50000000.0,0.0,-91847000.0,-90803000.0,0.0,255726000.0,508000.0,140590000.0,140590000.0,140590000.0,0.0,0.0,0.016,365280000.0,260346000.0,867585000.0,0.0,5.091,31.816,31.853,150808000.0,0.0,7.199,0.494,0.494,858777000.0,456083000.0,9048482000.0,9048482000.0,0.0,0.058,0.169,0.736,0.029,31259000.0,365280000.0,1.0,621363544.0,621488000,636600000.0,14.559,1370575000.0,18016000.0,89850000.0,0.0,2.205,-15755000.0
67,ESRX,MRT,2001-12-31,2001-12-31,2001-12-31,2018-10-31,-4593000.0,2500245000.0,2374443500.0,1213203000.0,1287042000.0,3.617,1.336,-56442000.0,177715000.0,177715000.0,7992132000.0,124700000.0,0.974,2.005,346119000.0,0.0,346119000.0,346119000.0,0.0,78181000.0,0.0,0.0,0.0,242463000.0,320644000.0,0.037,320644000.0,242463000.0,207642000.0,0.2,0.195,0.2,831997000.0,798871250.0,831997000.0,3943494499.0,16.0,12.299,224548000.0,0.361,1.0,595868000.0,0.069,1107629000.0,34821000.0,315403000.0,372897000.0,122375000.0,0.0,0.0,0.0,1668248000.0,1245617000.0,422631000.0,3702115499.0,124511000.0,-20265000.0,-29549000.0,-50000000.0,0.0,-79549000.0,-76719000.0,0.0,280990000.0,-211000.0,124700000.0,124700000.0,124700000.0,0.0,0.0,0.015,358691000.0,237177000.0,1092144000.0,0.0,4.45,29.688,29.225,165263000.0,0.0,5.845,0.431,0.424,883827000.0,412114000.0,8588000000.0,8588000000.0,0.0,0.053,0.156,0.65,0.028,31259000.0,358691000.0,1.0,633381608.0,622856000,638616000.0,13.788,1392616000.0,16368000.0,82942000.0,0.0,2.236,-32414000.0
68,ESRX,MRT,2001-09-30,2001-09-30,2001-09-30,2018-10-31,-4914000.0,2360298000.0,2318543250.0,1072105000.0,1288193000.0,3.431,1.301,-69228000.0,104820000.0,104820000.0,7378911000.0,110258000.0,0.956,1.893,346199000.0,0.0,346199000.0,346199000.0,0.0,74245000.0,0.0,0.0,0.0,220400000.0,294645000.0,0.037,294645000.0,220400000.0,184552000.0,0.178,0.174,0.178,815777000.0,767183000.0,815777000.0,4645999921.0,21.0,15.768,187565000.0,0.299,1.0,575915000.0,0.072,1115547000.0,35848000.0,364137000.0,389002750.0,109243000.0,0.0,0.0,0.0,1544521000.0,1121993000.0,422528000.0,4370663921.0,82638000.0,-19582000.0,3334000.0,-80000000.0,0.0,-76666000.0,-97269000.0,0.0,256793000.0,-220000.0,110258000.0,110258000.0,110258000.0,0.0,0.0,0.014,351886000.0,224029000.0,831605000.0,0.0,5.358,39.64,38.848,154869000.0,0.0,6.915,0.549,0.545,831921000.0,377928000.0,7954826000.0,7954826000.0,0.0,0.048,0.144,0.567,0.028,16742000.0,351886000.0,1.0,632055520.0,627056000,644896000.0,12.686,1244751000.0,0.0,74294000.0,0.0,1.985,-49888000.0
69,ESRX,MRT,2001-06-30,2001-06-30,2001-06-30,2018-10-31,-1883000.0,2357524000.0,2267650750.0,1077769000.0,1279755000.0,3.224,1.273,-63836000.0,120943000.0,120943000.0,6745762000.0,101942000.0,0.981,1.967,396279000.0,0.0,396279000.0,396279000.0,0.0,73763000.0,0.0,0.0,0.0,211167000.0,284930000.0,0.039,284930000.0,211167000.0,172875000.0,0.165,0.161,0.165,794470000.0,730283000.0,794470000.0,4619505651.0,22.0,16.213,179591000.0,0.288,1.0,564301000.0,0.077,1117115000.0,38292000.0,416729000.0,398822500.0,97951000.0,0.0,0.0,0.0,1563054000.0,1099016000.0,464038000.0,4308245651.0,21108000.0,-18499000.0,31957000.0,-165000000.0,0.0,-133043000.0,-89234000.0,0.0,243427000.0,-42000.0,101942000.0,101942000.0,101942000.0,0.0,0.0,0.014,350351000.0,213950000.0,846338000.0,0.0,5.423,42.262,41.689,145914000.0,0.0,6.879,0.589,0.587,832052000.0,345737000.0,7310063000.0,7310063000.0,0.0,0.045,0.14,0.529,0.029,16742000.0,350351000.0,1.0,626312288.0,624080000,641024000.0,11.713,1240409000.0,0.0,70933000.0,0.0,1.988,-21247000.0
70,ESRX,MRT,2001-03-31,2001-03-31,2001-03-31,2018-10-31,-2749000.0,2279707000.0,2262489750.0,994051000.0,1285656000.0,2.968,1.214,-70106000.0,85100000.0,85100000.0,6164667000.0,-2479000.0,0.931,2.027,396360000.0,0.0,396360000.0,396360000.0,0.0,75472000.0,0.0,0.0,0.0,48385000.0,123857000.0,0.018,123857000.0,48385000.0,5539000.0,-0.006,-0.009,-0.006,753241000.0,688981500.0,753241000.0,3705234437.0,77.0,29.915,165191000.0,0.266,1.0,551420000.0,0.082,1128115000.0,42846000.0,395319000.0,417764000.0,85478000.0,0.0,0.0,0.0,1526466000.0,1067533000.0,458933000.0,3361997437.0,-46447000.0,-17733000.0,19024000.0,-210069000.0,0.0,-191045000.0,-89962000.0,0.0,235297000.0,-737000.0,-2479000.0,-2479000.0,-2479000.0,0.0,0.0,0.0,345182000.0,206238000.0,846637000.0,0.0,4.463,-1356.191,-902.917,147787000.0,0.0,5.418,0.501,0.5,791848000.0,315493000.0,6716087000.0,6716087000.0,0.0,-0.001,-0.004,0.116,0.007,16742000.0,345182000.0,1.0,620580976.0,620320000,637072000.0,10.827,1151592000.0,0.0,8018000.0,0.0,1.856,-73482000.0
71,ESRX,MRT,2000-12-31,2000-12-31,2000-12-31,2018-10-31,-97000.0,2276644000.0,2267828750.0,998169000.0,1278475000.0,2.69,1.154,-71387000.0,53204000.0,53204000.0,5562089000.0,-9126000.0,0.894,2.228,396441000.0,0.0,396441000.0,396441000.0,0.0,78038000.0,0.0,0.0,0.0,42330000.0,120368000.0,0.02,120368000.0,42330000.0,-5573000.0,-0.015,-0.015,-0.015,705244000.0,665405250.0,705244000.0,4352802949.0,103.0,36.162,174523000.0,0.286,1.0,538967000.0,0.088,1124111000.0,47903000.0,379826000.0,475073250.0,110053000.0,0.0,0.0,0.0,1571400000.0,1115944000.0,455456000.0,3948461949.0,-79426000.0,0.0,-11558000.0,-240069000.0,0.0,-251627000.0,-73578000.0,0.0,245910000.0,-131000.0,-9126000.0,-9126000.0,-9126000.0,0.0,0.0,-0.001,338755000.0,200212000.0,973029000.0,0.0,5.599,-432.661,-426.25,147709000.0,0.0,6.394,0.647,0.64,802790000.0,287414000.0,6101056000.0,6101056000.0,0.0,-0.004,-0.014,0.089,0.007,16742000.0,338755000.0,1.0,617550256.0,611136000,611136000.0,9.983,1152533000.0,22180000.0,3553000.0,0.0,1.886,-117775000.0
72,ESRX,MRT,2000-09-30,2000-09-30,2000-09-30,2018-10-31,-3723000.0,2156728000.0,2320495500.0,887660000.0,1269068000.0,2.711,1.089,-49179000.0,22182000.0,22182000.0,5754052000.0,90389000.0,0.868,2.228,426523000.0,0.0,426523000.0,426523000.0,0.0,80742000.0,0.0,0.0,0.0,210375000.0,291117000.0,0.046,291117000.0,210375000.0,157367000.0,0.156,0.149,0.156,668177000.0,663964750.0,668177000.0,3203521217.0,15.0,11.004,233432000.0,0.381,1.0,537178000.0,0.085,1135169000.0,53008000.0,403416000.0,561186750.0,71141000.0,4493000.0,0.0,4493000.0,1488551000.0,1022484000.0,466067000.0,2742698217.0,-38272000.0,-4202000.0,-11849000.0,-247934000.0,0.0,-266443000.0,-54347000.0,0.0,282611000.0,-93000.0,90389000.0,90389000.0,90389000.0,0.0,0.0,0.014,361396000.0,175782000.0,798087000.0,0.0,4.105,30.343,28.946,122494000.0,0.0,4.516,0.436,0.44,768110000.0,267670000.0,6291230000.0,6291230000.0,0.0,0.039,0.136,0.375,0.033,512000.0,340575000.0,1.0,607379536.0,613296000,628640000.0,10.258,1021559000.0,0.0,66978000.0,0.0,1.666,-134824000.0
73,ESRX,MRT,2000-06-30,2000-06-30,2000-06-30,2018-10-31,-57000.0,2336880000.0,2307572500.0,1055742000.0,1281138000.0,2.443,1.04,-47294000.0,99835000.0,99835000.0,5109389000.0,83509000.0,0.913,2.714,560658000.0,42750000.0,517908000.0,560658000.0,0.0,84261000.0,0.0,0.0,0.0,204607000.0,288868000.0,0.051,288868000.0,204607000.0,146666000.0,0.145,0.139,0.145,629264000.0,644058500.0,629264000.0,2825927163.0,14.0,9.783,212376000.0,0.351,1.0,528848000.0,0.094,1148323000.0,57941000.0,492495000.0,640624000.0,75984000.0,10270000.0,0.0,10270000.0,1707616000.0,1156885000.0,550731000.0,2351635163.0,17552000.0,-4732000.0,-21644000.0,-163164000.0,0.0,-189073000.0,-53026000.0,0.0,259670000.0,-19000.0,83509000.0,83509000.0,83509000.0,0.0,0.0,0.015,357470000.0,171378000.0,855839000.0,0.0,3.737,28.16,26.78,112319000.0,0.0,3.883,0.417,0.417,845699000.0,243795000.0,5638237000.0,5638237000.0,0.0,0.036,0.13,0.319,0.036,1437000.0,336649000.0,1.0,605603776.0,605000000,605000000.0,9.319,1188557000.0,0.0,63157000.0,0.0,1.965,-101143000.0
74,ESRX,MRT,2000-03-31,2000-03-31,2000-03-31,2018-10-31,-51594000.0,2301063000.0,2233393500.0,959464000.0,1341599000.0,2.231,1.069,-43004000.0,131547000.0,131547000.0,4463414000.0,158107000.0,0.955,2.492,605839000.0,0.0,605839000.0,605839000.0,0.0,84749000.0,0.0,0.0,0.0,338389000.0,423138000.0,0.085,423138000.0,338389000.0,270400000.0,0.268,0.262,0.268,658936000.0,628736750.0,658936000.0,2117564492.0,6.0,5.004,235539000.0,0.382,1.0,518205000.0,0.104,1146429000.0,67989000.0,624556000.0,707252750.0,77426000.0,82961000.0,0.0,82961000.0,1642127000.0,1004370000.0,637757000.0,1614321492.0,15709000.0,-722618000.0,285794000.0,245950000.0,0.0,502706000.0,-765622000.0,0.0,278543000.0,82000.0,158107000.0,158107000.0,158107000.0,0.0,0.0,0.032,361346000.0,156859000.0,877491000.0,0.0,2.45,10.21,9.795,104216000.0,0.0,2.625,0.324,0.325,720587000.0,317972000.0,4981619000.0,4981619000.0,0.0,0.071,0.251,0.478,0.068,1630000.0,331125000.0,1.0,614979616.0,616640000,627296000.0,8.079,1154634000.0,26400000.0,112293000.0,0.0,1.872,-44906000.0
75,ESRX,MRT,1999-12-31,1999-12-31,1999-12-31,2018-10-31,-9521000.0,2487311000.0,1932365250.0,1066355000.0,1420956000.0,2.28,1.211,-36958000.0,132630000.0,132630000.0,3943998000.0,150218000.0,0.969,2.556,635873000.0,0.0,635873000.0,635873000.0,0.0,71867000.0,0.0,0.0,0.0,318326000.0,390193000.0,0.089,390193000.0,318326000.0,258316000.0,0.26,0.254,0.26,699482000.0,530888250.0,699482000.0,3078719536.0,10.0,7.89,177101000.0,0.307,1.0,461199000.0,0.105,1165916000.0,60010000.0,724280000.0,688645000.0,113248000.0,150365000.0,0.0,150365000.0,1787829000.0,1100358000.0,687471000.0,2465337536.0,10041000.0,-722618000.0,305816000.0,275950000.0,0.0,555450000.0,-759576000.0,0.0,214059000.0,108000.0,150218000.0,150218000.0,150218000.0,0.0,0.0,0.034,324415000.0,136784000.0,963361000.0,0.0,3.525,16.412,15.385,97573000.0,0.0,4.0,0.56,0.524,783086000.0,296540000.0,4405197000.0,4405197000.0,0.0,0.078,0.283,0.462,0.072,3201000.0,294194000.0,1.0,616334384.0,577520000,592528000.0,7.628,1321395000.0,32248000.0,108098000.0,0.0,2.288,-34003000.0
76,ESRX,MRT,1999-09-30,1999-09-30,1999-09-30,2018-10-31,-26000.0,2105036000.0,1584402750.0,816880000.0,1288156000.0,2.41,0.956,-31787000.0,60454000.0,60454000.0,3417027000.0,42883000.0,0.97,2.577,673836000.0,0.0,673836000.0,673836000.0,0.0,58951000.0,0.0,0.0,0.0,135152000.0,194103000.0,0.051,194103000.0,135152000.0,83468000.0,0.076,0.075,0.076,588552000.0,418441250.0,588552000.0,3651592954.0,27.0,18.813,83632000.0,0.136,1.0,401090000.0,0.105,1155065000.0,51684000.0,721165000.0,618987000.0,55367000.0,0.0,0.0,0.0,1516484000.0,842188000.0,674296000.0,3009827954.0,-40646000.0,-718416000.0,301402000.0,313815000.0,0.0,594083000.0,-750203000.0,0.0,115419000.0,55000.0,42883000.0,42883000.0,42883000.0,0.0,0.0,0.011,264243000.0,136847000.0,708031000.0,0.0,5.114,70.187,64.35,95912000.0,0.0,4.891,0.788,0.789,656146000.0,177281000.0,3818117000.0,3818117000.0,0.0,0.027,0.102,0.218,0.035,2986000.0,254843000.0,1.0,615428080.0,615680000,629664000.0,6.201,949971000.0,41376000.0,40585000.0,0.0,1.543,-25308000.0
77,ESRX,MRT,1999-06-30,1999-06-30,1999-06-30,2018-10-31,-38000.0,2040164000.0,1322063250.0,736293000.0,1303871000.0,2.679,1.042,-30787000.0,82283000.0,82283000.0,3196584000.0,37191000.0,0.985,2.592,724048000.0,0.0,724048000.0,724048000.0,0.0,46395000.0,0.0,0.0,0.0,116308000.0,162703000.0,0.046,162703000.0,116308000.0,73506000.0,0.07,0.069,0.07,567977000.0,330534000.0,567977000.0,2245609510.0,19.0,13.802,76146000.0,0.14,1.0,345356000.0,0.098,1175264000.0,42802000.0,759010000.0,569256000.0,45028000.0,0.0,0.0,0.0,1472187000.0,747655000.0,724532000.0,2001447510.0,339000.0,-717886000.0,301333000.0,364045000.0,0.0,642071000.0,-748673000.0,0.0,106933000.0,8000.0,37191000.0,37191000.0,37191000.0,0.0,0.0,0.011,228635000.0,116721000.0,626731000.0,0.0,3.524,53.815,53.741,88073000.0,0.0,3.762,0.565,0.579,561247000.0,160286000.0,3541940000.0,3541940000.0,0.0,0.028,0.113,0.204,0.033,2168000.0,219235000.0,1.0,532034560.0,544880000,559232000.0,6.5,864900000.0,41545000.0,36315000.0,0.0,1.587,-11362000.0
78,ESRX,MRT,1999-03-31,1999-03-31,1999-03-31,2018-10-31,-62000.0,1096950000.0,1064793500.0,663127000.0,433823000.0,3.149,0.503,-26354000.0,115838000.0,115838000.0,3070152000.0,46338000.0,1.268,3.1,360000000.0,54000000.0,306000000.0,360000000.0,0.0,32738000.0,0.0,0.0,0.0,110681000.0,143419000.0,0.043,143419000.0,110681000.0,84243000.0,0.088,0.086,0.088,267542000.0,244871250.0,267542000.0,3092864612.0,28.0,21.565,72190000.0,0.136,1.0,282445000.0,0.084,268081000.0,26438000.0,550125000.0,511184000.0,55234000.0,0.0,0.0,0.0,829408000.0,522906000.0,306502000.0,2855453612.0,31282000.0,-460137000.0,2021000.0,360000000.0,0.0,359998000.0,-427219000.0,59272000.0,98544000.0,-41000.0,46338000.0,46338000.0,46338000.0,0.0,0.0,0.014,178255000.0,104190000.0,397240000.0,0.0,10.673,61.622,61.037,73346000.0,0.0,5.371,0.852,0.851,446453000.0,159865000.0,3352597000.0,3352597000.0,0.0,0.044,0.189,0.217,0.033,2254000.0,176604000.0,1.0,531618080.0,531376000,546464000.0,6.309,828869000.0,41841000.0,37905000.0,0.0,1.56,140221000.0
79,ESRX,MRT,1998-12-31,1998-12-31,1998-12-31,2018-10-31,-74000.0,1095461000.0,894242000.0,656907000.0,438554000.0,3.159,0.471,-23853000.0,122589000.0,122589000.0,2584997000.0,42674000.0,1.218,3.387,360000000.0,54000000.0,306000000.0,360000000.0,0.0,26449000.0,0.0,0.0,0.0,96470000.0,122919000.0,0.044,122919000.0,96470000.0,76240000.0,0.081,0.079,0.081,249694000.0,231718250.0,249694000.0,2515831410.0,26.0,20.467,102721000.0,0.194,1.0,239875000.0,0.085,347928000.0,20230000.0,445648000.0,406418750.0,55634000.0,0.0,0.0,0.0,845767000.0,539296000.0,306471000.0,2256931410.0,58434000.0,-460137000.0,2021000.0,360000000.0,0.0,357959000.0,-426052000.0,57938000.0,126574000.0,-47000.0,42674000.0,42674000.0,42674000.0,0.0,0.0,0.015,150641000.0,89234000.0,398498000.0,0.0,9.039,52.888,51.798,77499000.0,0.0,4.196,0.799,0.787,433006000.0,146322000.0,2824872000.0,2824872000.0,0.0,0.048,0.184,0.237,0.034,1345000.0,148990000.0,1.0,537924960.0,529680000,539168000.0,5.333,747533000.0,41011000.0,33566000.0,0.0,1.411,117611000.0
80,ESRX,MRT,1998-09-30,1998-09-30,1998-09-30,2018-10-31,-81000.0,1055678000.0,721003750.0,585046000.0,470632000.0,3.238,0.447,-20073000.0,101100000.0,101100000.0,2135966000.0,39793000.0,1.207,3.456,360000000.0,27000000.0,333000000.0,360000000.0,0.0,21688000.0,0.0,0.0,0.0,83182000.0,104870000.0,0.045,104870000.0,83182000.0,69229000.0,0.075,0.074,0.075,236923000.0,220220000.0,236923000.0,1659438993.0,20.0,15.824,99564000.0,0.188,1.0,198313000.0,0.085,307781000.0,13953000.0,522241000.0,330055750.0,42344000.0,0.0,0.0,0.0,818755000.0,484556000.0,334199000.0,1381382993.0,55358000.0,-460137000.0,3033000.0,360000000.0,0.0,358838000.0,-423038000.0,57172000.0,119637000.0,-79000.0,39793000.0,39793000.0,39793000.0,0.0,0.0,0.017,122724000.0,75589000.0,291020000.0,0.0,5.831,34.714,34.271,75392000.0,0.0,2.57,0.592,0.584,391299000.0,134398000.0,2334279000.0,2334279000.0,0.0,0.055,0.181,0.252,0.036,1367000.0,121073000.0,1.0,537437760.0,529936000,538912000.0,4.405,747897000.0,50303000.0,29436000.0,0.0,1.411,100490000.0
81,ESRX,MRT,1998-06-30,1998-06-30,1998-06-30,2018-10-31,-46000.0,1011085000.0,,538515000.0,472570000.0,,0.425,-13233000.0,81944000.0,81944000.0,1689012000.0,37103000.0,1.192,3.487,360000000.0,27000000.0,333000000.0,360000000.0,0.0,15997000.0,0.0,0.0,0.0,69964000.0,85961000.0,0.047,85961000.0,69964000.0,62894000.0,0.07,0.069,0.07,225326000.0,,225326000.0,1268481517.0,18.0,14.756,96959000.0,0.183,1.0,157885000.0,0.085,310487000.0,7070000.0,526722000.0,,41567000.0,0.0,0.0,0.0,785759000.0,451932000.0,333827000.0,1353037517.0,54816000.0,-460137000.0,3033000.0,360000000.0,0.0,361457000.0,-416789000.0,56581000.0,110192000.0,-44000.0,37103000.0,37103000.0,37103000.0,0.0,0.0,0.02,95329000.0,62556000.0,278225000.0,0.0,6.005,36.467,35.996,69794000.0,0.0,2.52,0.733,0.723,364603000.0,123095000.0,1846897000.0,1846897000.0,0.0,,,,0.038,3904000.0,93678000.0,1.0,536986240.0,529600000,538288000.0,3.487,700598000.0,50401000.0,25791000.0,0.0,1.323,86583000.0
82,ESRX,MRT,1998-03-31,1998-03-31,1998-03-31,2018-10-31,-21000.0,414744000.0,,374356000.0,40388000.0,,0.406,-9998000.0,84556000.0,84556000.0,1220361000.0,35666000.0,1.88,0.93,0.0,0.0,0.0,0.0,0.0,10667000.0,0.0,0.0,0.0,58460000.0,69127000.0,0.052,69127000.0,58460000.0,58239000.0,0.068,0.067,0.068,214930000.0,,214930000.0,1358391511.0,23.0,19.651,72587000.0,0.137,1.0,119645000.0,0.089,0.0,221000.0,131064000.0,,26721000.0,59272000.0,59272000.0,0.0,199814000.0,199124000.0,690000.0,1422546511.0,73522000.0,0.0,4698000.0,0.0,0.0,5381000.0,-14432000.0,-4434000.0,82585000.0,-12000.0,35666000.0,35666000.0,35666000.0,0.0,0.0,0.027,68145000.0,51500000.0,163797000.0,0.0,6.619,39.885,38.961,27850000.0,0.0,2.649,1.062,1.046,199959000.0,113526000.0,1340006000.0,1340006000.0,0.0,,,,0.044,3814000.0,68145000.0,1.0,536936640.0,528848000,537264000.0,2.534,414744000.0,3848000.0,22573000.0,0.0,0.784,175232000.0
83,ESRX,MRT,1997-12-31,1997-12-31,1997-12-31,2018-10-31,-27000.0,402508000.0,351466500.0,363968000.0,38540000.0,3.501,0.389,-12905000.0,64155000.0,64155000.0,1119167000.0,33429000.0,1.839,0.976,0.0,0.0,0.0,0.0,0.0,10358000.0,0.0,0.0,0.0,54931000.0,65289000.0,0.053,65289000.0,54931000.0,54706000.0,0.064,0.063,0.064,203701000.0,183895500.0,203701000.0,,,,39486000.0,0.075,1.0,111467000.0,0.091,251000.0,225000.0,140196000.0,140260000.0,28935000.0,57938000.0,57938000.0,0.0,198807000.0,197906000.0,901000.0,1006756200.0,38944000.0,0.0,3033000.0,0.0,0.0,3033000.0,-16455000.0,-3550000.0,52391000.0,-25000.0,33429000.0,33429000.0,33429000.0,0.0,0.0,0.027,62617000.0,48850000.0,182899000.0,0.0,4.942,30.116,29.297,26821000.0,0.0,1.875,0.818,0.797,210291000.0,103648000.0,1230634000.0,1230634000.0,0.0,0.095,0.182,0.392,0.045,3174000.0,62617000.0,1.0,536936640.0,523408000,529952000.0,2.351,402257000.0,2303000.0,21277000.0,0.0,0.769,166062000.0
84,ESRX,MRT,1997-09-30,1997-09-30,1997-09-30,2018-10-31,,,,,,,,,,,,,,,,,,,,,,0.0,0.0,,,,,,,,,,,,,,,,,,1.0,,,,,,,,,,,,,,,,,,,,,,,,,,,,,,,,,,,,,,,,1.684,,,,,,,,,,,,,,1.0,,524800000,,,,,,,,
85,ESRX,MRT,1997-06-30,1997-06-30,1997-06-30,2018-10-31,,,,,,,,,,,,,,,,,,,,,,0.0,0.0,,,,,,,,,,,,,,,,,,1.0,,,,,,,,,,,,,,,,,,,,,,,,,,,,,,,,,,,,,,,,1.305,,,,,,,,,,,,,,1.0,,520448000,,,,,,,,
86,ESRX,MRT,1997-03-31,1997-03-31,1997-03-31,2018-10-31,,,,,,,,,,,,,,,,,,,,,,0.0,0.0,,,,,,,,,,,,,,,,,,1.0,,,,,,,,,,,,,,,,,,,,,,,,,,,,,,,,,,,,,,,,1.117,,,,,,,,,,,,,,1.0,,520544000,,,,,,,,
87,ESRX,MRT,1996-12-31,1996-12-31,1996-12-31,2018-10-31,-2000.0,300425000.0,,263149000.0,37276000.0,,0.319,-9480000.0,25211000.0,25211000.0,684882000.0,26148000.0,1.951,0.831,0.0,0.0,0.0,0.0,0.0,6707000.0,0.0,0.0,0.0,43139000.0,49846000.0,0.064,49846000.0,43139000.0,43080000.0,0.051,0.05,0.051,164090000.0,,164090000.0,,,,20383000.0,0.04,1.0,88733000.0,0.115,0.0,59000.0,140324000.0,,17491000.0,54388000.0,54388000.0,0.0,136335000.0,134890000.0,1445000.0,,13705000.0,-940000.0,48652000.0,0.0,0.0,48652000.0,-64808000.0,-54388000.0,29863000.0,-2000.0,26148000.0,26148000.0,26148000.0,0.0,0.0,0.034,49103000.0,39630000.0,115212000.0,0.0,,,21.979,21447000.0,0.0,1.121,,0.746,163805000.0,70219000.0,773615000.0,773615000.0,0.0,,,,0.056,661000.0,49103000.0,1.0,,514560000,523200000.0,1.503,300425000.0,2254000.0,16932000.0,0.0,0.584,128259000.0
88,ESRX,MRT,1995-12-31,1995-12-31,1995-12-31,2018-10-31,,,,,,,,-8047000.0,,,478283000.0,18327000.0,,,,,,,,4381000.0,,0.0,0.0,29720000.0,34101000.0,0.063,34101000.0,29720000.0,29634000.0,0.038,0.037,0.038,,,,,,,3453000.0,0.007,1.0,66177000.0,0.122,,86000.0,,,,,,,,,,,5764000.0,0.0,2311000.0,0.0,0.0,2311000.0,-8047000.0,0.0,11500000.0,0.0,18327000.0,18327000.0,18327000.0,0.0,0.0,0.034,37300000.0,28877000.0,,0.0,,,41.941,,0.0,1.594,,1.393,,,544460000.0,544460000.0,0.0,,,,0.055,3572000.0,37300000.0,,,475872000,489376000.0,1.144,,,11307000.0,,,
