None,ticker,dimension,calendardate,datekey,reportperiod,lastupdated,accoci,assets,assetsavg,assetsc,assetsnc,assetturnover,bvps,capex,cashneq,cashnequsd,cor,consolinc,currentratio,de,debt,debtc,debtnc,debtusd,deferredrev,depamor,deposits,divyield,dps,ebit,ebitda,ebitdamargin,ebitdausd,ebitusd,ebt,eps,epsdil,epsusd,equity,equityavg,equityusd,ev,evebit,evebitda,fcf,fcfps,fxusd,gp,grossmargin,intangibles,intexp,invcap,invcapavg,inventory,investments,investmentsc,investmentsnc,liabilities,liabilitiesc,liabilitiesnc,marketcap,ncf,ncfbus,ncfcommon,ncfdebt,ncfdiv,ncff,ncfi,ncfinv,ncfo,ncfx,netinc,netinccmn,netinccmnusd,netincdis,netincnci,netmargin,opex,opinc,payables,payoutratio,pb,pe,pe1,ppnenet,prefdivis,price,ps,ps1,receivables,retearn,revenue,revenueusd,rnd,roa,roe,roic,ros,sbcomp,sgna,sharefactor,sharesbas,shareswa,shareswadil,sps,tangibles,taxassets,taxexp,taxliabilities,tbvps,workingcapital
0,PM,MRY,2020-12-31,2020-12-31,2020-12-31,2021-07-27,-11181000000.0,44815000000.0,40150000000.0,21492000000.0,23323000000.0,1.894,-8.07,-602000000.0,7280000000.0,7280000000.0,56922000000.0,8592000000.0,1.096,-4.412,31536000000.0,3368000000.0,28168000000.0,31536000000.0,0.0,981000000.0,0.0,0.057,4.74,11051000000.0,12032000000.0,0.158,12032000000.0,11051000000.0,10433000000.0,5.16,5.16,5.16,-12567000000.0,-12400000000.0,-12567000000.0,153599186424.0,14.0,12.766,9210000000.0,5.914,1.0,19125000000.0,0.251,7983000000.0,618000000.0,41473000000.0,40442500000.0,9591000000.0,4798000000.0,0.0,4798000000.0,55446000000.0,19615000000.0,35831000000.0,128930186424.0,420000000.0,0.0,0.0,-356000000.0,-7364000000.0,-8496000000.0,-1154000000.0,-598000000.0,9812000000.0,258000000.0,8056000000.0,8056000000.0,8056000000.0,0.0,536000000.0,0.106,7457000000.0,11668000000.0,2780000000.0,0.919,-10.259,16.004,16.045,6365000000.0,0.0,82.79,1.695,1.695,3761000000.0,31638000000.0,76047000000.0,76047000000.0,0.0,0.201,-0.65,0.273,0.145,0.0,7384000000.0,1.0,1557315937.0,1557315937.0,,48.832,36832000000.0,1410000000.0,2377000000.0,10687000000.0,23.651,1877000000.0
1,PM,MRY,2019-12-31,2019-12-31,2019-12-31,2021-07-27,-9363000000.0,42875000000.0,40565000000.0,20514000000.0,22361000000.0,1.921,-7.441,-852000000.0,6861000000.0,6861000000.0,58629000000.0,7728000000.0,1.089,-4.533,31045000000.0,4389000000.0,26656000000.0,31045000000.0,0.0,964000000.0,0.0,0.054,4.62,10048000000.0,11012000000.0,0.141,11012000000.0,10048000000.0,9478000000.0,4.61,4.61,4.61,-11577000000.0,-11438500000.0,-11577000000.0,157698371501.0,16.0,14.321,9238000000.0,5.937,1.0,19292000000.0,0.248,7971000000.0,570000000.0,40255000000.0,39941500000.0,9235000000.0,4635000000.0,0.0,4635000000.0,52474000000.0,18833000000.0,33641000000.0,132389371501.0,245000000.0,-1346000000.0,0.0,-543000000.0,-7161000000.0,-8061000000.0,-1811000000.0,355000000.0,10090000000.0,27000000.0,7185000000.0,7185000000.0,7185000000.0,0.0,543000000.0,0.092,8761000000.0,10531000000.0,2299000000.0,1.002,-11.436,18.426,18.458,6631000000.0,0.0,85.09,1.699,1.699,3717000000.0,30987000000.0,77921000000.0,77921000000.0,0.0,0.177,-0.628,0.252,0.129,0.0,8695000000.0,1.0,1555874621.0,1555874621.0,,50.082,34904000000.0,1153000000.0,2293000000.0,9984000000.0,22.434,1681000000.0
2,PM,MRY,2018-12-31,2018-12-31,2018-12-31,2021-07-27,-10111000000.0,39801000000.0,40743000000.0,19442000000.0,20359000000.0,1.959,-8.015,-1436000000.0,6593000000.0,6593000000.0,60956000000.0,8286000000.0,1.131,-4.057,31759000000.0,4784000000.0,26975000000.0,31759000000.0,0.0,989000000.0,0.0,0.067,4.49,11021000000.0,12010000000.0,0.15,12010000000.0,11021000000.0,10356000000.0,5.08,5.08,5.08,-12459000000.0,-12111000000.0,-12459000000.0,129666015631.0,12.0,10.797,8042000000.0,5.173,1.0,18867000000.0,0.236,9467000000.0,665000000.0,38309000000.0,40001500000.0,8804000000.0,1269000000.0,0.0,1269000000.0,50540000000.0,17191000000.0,33349000000.0,103780015631.0,-1856000000.0,0.0,0.0,-2229000000.0,-6885000000.0,-9651000000.0,-998000000.0,353000000.0,9478000000.0,-685000000.0,7911000000.0,7911000000.0,7911000000.0,0.0,375000000.0,0.099,7490000000.0,11377000000.0,2068000000.0,0.884,-8.33,13.118,13.142,7201000000.0,0.0,66.76,1.3,1.3,3564000000.0,31014000000.0,79823000000.0,79823000000.0,0.0,0.194,-0.653,0.276,0.138,0.0,7408000000.0,1.0,1554523901.0,1554523901.0,,51.349,30334000000.0,977000000.0,2445000000.0,8955000000.0,19.513,2251000000.0
3,PM,MRY,2017-12-31,2017-12-31,2017-12-31,2021-07-27,-8535000000.0,42968000000.0,40051500000.0,21594000000.0,21374000000.0,1.95,-7.781,-1548000000.0,8447000000.0,8447000000.0,59782000000.0,6341000000.0,1.353,-4.402,34339000000.0,3005000000.0,31334000000.0,34339000000.0,0.0,875000000.0,0.0,0.04,4.22,11256000000.0,12131000000.0,0.155,12131000000.0,11256000000.0,10342000000.0,3.88,3.88,3.88,-12086000000.0,-11973250000.0,-12086000000.0,190403853317.0,17.0,15.696,7364000000.0,4.741,1.0,18316000000.0,0.235,10098000000.0,914000000.0,42800000000.0,39682250000.0,8806000000.0,1074000000.0,0.0,1074000000.0,53198000000.0,15962000000.0,37236000000.0,164095853317.0,4145000000.0,-111000000.0,0.0,4172000000.0,-6520000000.0,-2769000000.0,-3083000000.0,-1527000000.0,8912000000.0,1085000000.0,6035000000.0,6035000000.0,6035000000.0,0.0,306000000.0,0.077,6735000000.0,11581000000.0,2242000000.0,1.088,-13.577,27.191,27.229,7271000000.0,0.0,105.65,2.101,2.101,3738000000.0,29859000000.0,78098000000.0,78098000000.0,0.0,0.151,-0.504,0.284,0.144,0.0,6647000000.0,1.0,1553202587.0,1553202587.0,,50.282,32870000000.0,1007000000.0,4307000000.0,9767000000.0,21.163,5632000000.0
4,PM,MRY,2016-12-31,2016-12-31,2016-12-31,2021-07-27,-9559000000.0,36851000000.0,35462750000.0,17608000000.0,19243000000.0,2.114,-8.179,-1172000000.0,4239000000.0,4239000000.0,57659000000.0,7250000000.0,1.069,-3.763,29067000000.0,3216000000.0,25851000000.0,29067000000.0,0.0,743000000.0,0.0,0.045,4.12,10626000000.0,11369000000.0,0.152,11369000000.0,10626000000.0,9735000000.0,4.48,4.48,4.48,-12688000000.0,-12534750000.0,-12688000000.0,167136001436.0,16.0,14.701,6905000000.0,4.451,1.0,17294000000.0,0.231,9794000000.0,891000000.0,35418000000.0,36702000000.0,9017000000.0,1011000000.0,0.0,1011000000.0,47751000000.0,16467000000.0,31284000000.0,141933001436.0,865000000.0,-41000000.0,0.0,1131000000.0,-6378000000.0,-5413000000.0,-834000000.0,295000000.0,8077000000.0,-965000000.0,6967000000.0,6967000000.0,6967000000.0,0.0,283000000.0,0.093,6391000000.0,10903000000.0,1666000000.0,0.92,-11.186,20.372,20.422,6064000000.0,0.0,91.49,1.894,1.894,3499000000.0,30397000000.0,74953000000.0,74953000000.0,0.0,0.196,-0.556,0.29,0.142,0.0,6317000000.0,1.0,1551349890.0,1551349890.0,,48.315,27057000000.0,859000000.0,2768000000.0,9669000000.0,17.441,1141000000.0
5,PM,MRY,2015-12-31,2015-12-31,2015-12-31,2021-07-27,-9402000000.0,33956000000.0,32983750000.0,15804000000.0,18152000000.0,2.241,-8.548,-960000000.0,3417000000.0,3417000000.0,56479000000.0,7032000000.0,1.027,-3.43,28480000000.0,3230000000.0,25250000000.0,28480000000.0,0.0,754000000.0,0.0,0.046,4.04,10569000000.0,11323000000.0,0.153,11323000000.0,10569000000.0,9561000000.0,4.42,4.42,4.42,-13244000000.0,-13398250000.0,-13244000000.0,162712584547.0,15.0,14.37,6905000000.0,4.457,1.0,17429000000.0,0.236,10038000000.0,1008000000.0,33595000000.0,34631000000.0,8473000000.0,890000000.0,0.0,890000000.0,45432000000.0,15386000000.0,30046000000.0,136198584547.0,1735000000.0,0.0,-48000000.0,44000000.0,-6250000000.0,-4736000000.0,-708000000.0,184000000.0,7865000000.0,-686000000.0,6873000000.0,6873000000.0,6873000000.0,0.0,159000000.0,0.093,6806000000.0,10623000000.0,1289000000.0,0.914,-10.284,19.816,19.889,5721000000.0,0.0,87.91,1.843,1.843,2778000000.0,29842000000.0,73908000000.0,73908000000.0,0.0,0.208,-0.513,0.305,0.143,0.0,6656000000.0,1.0,1549295695.0,1549295695.0,,47.704,23918000000.0,848000000.0,2688000000.0,7840000000.0,15.438,418000000.0
6,PM,MRY,2014-12-31,2014-12-31,2014-12-31,2021-07-27,-6826000000.0,35187000000.0,35762500000.0,15484000000.0,19703000000.0,2.24,-8.128,-1153000000.0,1682000000.0,1682000000.0,60775000000.0,7658000000.0,1.025,-3.673,29455000000.0,2526000000.0,26929000000.0,29455000000.0,0.0,889000000.0,0.0,0.048,3.88,11642000000.0,12531000000.0,0.156,12531000000.0,11642000000.0,10590000000.0,4.76,4.76,4.76,-12629000000.0,-10161500000.0,-12629000000.0,153350098153.0,13.0,12.238,6586000000.0,4.239,1.0,19331000000.0,0.241,11373000000.0,1052000000.0,36475000000.0,36979000000.0,8592000000.0,1083000000.0,0.0,1083000000.0,46390000000.0,15112000000.0,31278000000.0,126550098153.0,-472000000.0,-110000000.0,-3833000000.0,3271000000.0,-6035000000.0,-6839000000.0,-996000000.0,-29000000.0,7739000000.0,-376000000.0,7493000000.0,7493000000.0,7493000000.0,0.0,165000000.0,0.094,7629000000.0,11702000000.0,1242000000.0,0.815,-10.021,16.889,17.111,6071000000.0,0.0,81.45,1.58,1.58,4004000000.0,29249000000.0,80106000000.0,80106000000.0,0.0,0.21,-0.737,0.315,0.145,0.0,7001000000.0,1.0,1553715140.0,1553715140.0,,51.558,23814000000.0,533000000.0,3097000000.0,8275000000.0,15.327,372000000.0
7,PM,MRY,2013-12-31,2013-12-31,2013-12-31,2021-07-27,-4190000000.0,38168000000.0,37380250000.0,16852000000.0,21316000000.0,2.141,-4.847,-1200000000.0,2154000000.0,2154000000.0,59222000000.0,8850000000.0,0.987,-5.723,27678000000.0,3655000000.0,24023000000.0,27678000000.0,0.0,882000000.0,0.0,0.041,3.58,13219000000.0,14101000000.0,0.176,14101000000.0,13219000000.0,12246000000.0,5.26,5.26,5.26,-7766000000.0,-6243750000.0,-7766000000.0,163014739873.0,12.0,11.561,8935000000.0,5.577,1.0,20807000000.0,0.26,12086000000.0,973000000.0,34540000000.0,32194500000.0,9846000000.0,1536000000.0,0.0,1536000000.0,44442000000.0,17066000000.0,27376000000.0,139596739873.0,-829000000.0,0.0,-5963000000.0,4495000000.0,-5720000000.0,-8215000000.0,-2680000000.0,-1418000000.0,10135000000.0,-69000000.0,8576000000.0,8576000000.0,8576000000.0,0.0,274000000.0,0.107,7292000000.0,13515000000.0,1274000000.0,0.681,-17.975,16.278,16.565,6755000000.0,0.0,87.13,1.744,1.744,3853000000.0,27843000000.0,80029000000.0,80029000000.0,0.0,0.229,-1.374,0.411,0.165,0.0,6890000000.0,1.0,1602166187.0,1602166187.0,,49.95,26082000000.0,502000000.0,3670000000.0,9273000000.0,16.279,-214000000.0
8,PM,MRY,2012-12-31,2012-12-31,2012-12-31,2021-07-27,-3604000000.0,37670000000.0,37044000000.0,16590000000.0,21080000000.0,2.089,-2.081,-1056000000.0,2983000000.0,2983000000.0,56389000000.0,9154000000.0,0.975,-11.37,22839000000.0,5200000000.0,17639000000.0,22839000000.0,0.0,898000000.0,0.0,0.039,3.24,13492000000.0,14390000000.0,0.186,14390000000.0,13492000000.0,12633000000.0,5.17,5.17,5.17,-3476000000.0,-1552750000.0,-3476000000.0,157344047651.0,12.0,10.934,8365000000.0,5.007,1.0,21004000000.0,0.271,13519000000.0,859000000.0,26991000000.0,24938250000.0,8949000000.0,24000000.0,0.0,24000000.0,39523000000.0,17016000000.0,22507000000.0,139725047651.0,433000000.0,0.0,-6525000000.0,4177000000.0,-5404000000.0,-8100000000.0,-992000000.0,-6000000.0,9421000000.0,104000000.0,8800000000.0,8800000000.0,8800000000.0,0.0,354000000.0,0.114,7141000000.0,13863000000.0,1103000000.0,0.627,-40.197,15.878,16.178,6645000000.0,0.0,83.64,1.805,1.805,3589000000.0,25076000000.0,77393000000.0,77393000000.0,0.0,0.238,-5.667,0.541,0.174,0.0,6961000000.0,1.0,1670552937.0,1670552937.0,,46.328,24151000000.0,450000000.0,3833000000.0,8795000000.0,14.457,-426000000.0
9,PM,MRY,2011-12-31,2011-12-31,2011-12-31,2021-07-27,-2863000000.0,35488000000.0,36014000000.0,14859000000.0,20629000000.0,2.12,0.132,-897000000.0,2550000000.0,2550000000.0,55927000000.0,8879000000.0,1.004,147.271,18545000000.0,3717000000.0,14828000000.0,18545000000.0,0.0,993000000.0,0.0,0.036,2.82,13044000000.0,14037000000.0,0.184,14037000000.0,13044000000.0,12244000000.0,4.85,4.85,4.85,229000000.0,2505000000.0,229000000.0,150686381656.0,12.0,10.735,9632000000.0,5.545,1.0,20419000000.0,0.267,13625000000.0,800000000.0,23064000000.0,22017500000.0,8120000000.0,0.0,0.0,0.0,33725000000.0,14794000000.0,18931000000.0,136318381656.0,847000000.0,-80000000.0,-5297000000.0,2058000000.0,-4788000000.0,-8338000000.0,-1032000000.0,-36000000.0,10529000000.0,-312000000.0,8591000000.0,8591000000.0,8591000000.0,0.0,288000000.0,0.113,7077000000.0,13342000000.0,1031000000.0,0.581,595.277,15.868,16.181,6250000000.0,0.0,78.48,1.786,1.786,3201000000.0,21757000000.0,76346000000.0,76346000000.0,0.0,0.239,3.43,0.592,0.171,0.0,6870000000.0,1.0,1736982437.0,1736982437.0,,43.953,21863000000.0,397000000.0,3653000000.0,8395000000.0,12.587,65000000.0
10,PM,MRY,2010-12-31,2010-12-31,2010-12-31,2021-07-27,-1140000000.0,35050000000.0,34856500000.0,13756000000.0,21294000000.0,1.943,1.932,-713000000.0,1703000000.0,1703000000.0,50218000000.0,7498000000.0,1.074,8.537,16502000000.0,3132000000.0,13370000000.0,16502000000.0,0.0,932000000.0,0.0,0.042,2.44,10961000000.0,11893000000.0,0.176,11893000000.0,10961000000.0,10085000000.0,3.93,3.92,3.93,3506000000.0,4244750000.0,3506000000.0,120136455242.0,11.0,10.101,8724000000.0,4.808,1.0,17495000000.0,0.258,14034000000.0,876000000.0,23011000000.0,23842250000.0,8317000000.0,0.0,0.0,0.0,29929000000.0,12804000000.0,17125000000.0,106196455242.0,163000000.0,-83000000.0,-4801000000.0,938000000.0,-4423000000.0,-8578000000.0,-710000000.0,0.0,9437000000.0,14000000.0,7259000000.0,7259000000.0,7259000000.0,0.0,239000000.0,0.107,6295000000.0,11200000000.0,835000000.0,0.621,30.29,14.63,14.893,6499000000.0,0.0,58.53,1.568,1.568,3009000000.0,18133000000.0,67713000000.0,67713000000.0,0.0,0.208,1.71,0.46,0.162,0.0,6160000000.0,1.0,1814393563.0,1814393563.0,,37.32,21016000000.0,371000000.0,2826000000.0,7650000000.0,11.583,952000000.0
11,PM,MRY,2009-12-31,2009-12-31,2009-12-31,2021-07-27,-817000000.0,34552000000.0,33032000000.0,14682000000.0,19870000000.0,1.879,3.001,-715000000.0,1540000000.0,1540000000.0,46067000000.0,6552000000.0,1.313,4.97,15416000000.0,1744000000.0,13672000000.0,15416000000.0,0.0,853000000.0,0.0,0.046,2.24,9830000000.0,10683000000.0,0.172,10683000000.0,9830000000.0,9033000000.0,3.25,3.24,3.25,5716000000.0,6084750000.0,5716000000.0,104435757235.0,11.0,9.776,7169000000.0,3.764,1.0,16013000000.0,0.258,12658000000.0,797000000.0,24592000000.0,23827500000.0,9207000000.0,0.0,0.0,0.0,28407000000.0,11178000000.0,17229000000.0,91786757235.0,9000000.0,-429000000.0,-5448000000.0,3132000000.0,-4327000000.0,-6911000000.0,-1098000000.0,0.0,7884000000.0,134000000.0,6342000000.0,6342000000.0,6342000000.0,0.0,210000000.0,0.102,5973000000.0,10040000000.0,670000000.0,0.689,16.058,14.473,14.828,6390000000.0,0.0,48.19,1.479,1.479,3098000000.0,15358000000.0,62080000000.0,62080000000.0,0.0,0.192,1.042,0.413,0.158,0.0,5870000000.0,1.0,1904684732.0,1904684732.0,,32.593,21894000000.0,305000000.0,2691000000.0,7203000000.0,11.495,3504000000.0
12,PM,MRY,2008-12-31,2008-12-31,2008-12-31,2021-07-27,-2281000000.0,32972000000.0,33531750000.0,14939000000.0,18033000000.0,1.898,3.707,-1099000000.0,1531000000.0,1531000000.0,47263000000.0,7150000000.0,1.473,3.342,11961000000.0,584000000.0,11377000000.0,11961000000.0,0.0,842000000.0,0.0,0.035,1.54,9988000000.0,10830000000.0,0.17,10830000000.0,9988000000.0,9677000000.0,3.32,3.31,3.32,7500000000.0,11944250000.0,7500000000.0,96366203901.0,10.0,8.898,6836000000.0,3.379,1.0,16377000000.0,0.257,11099000000.0,311000000.0,22159000000.0,19939500000.0,9664000000.0,0.0,0.0,0.0,25068000000.0,10144000000.0,14924000000.0,88022203901.0,30000000.0,-1663000000.0,-5138000000.0,5707000000.0,-2060000000.0,-4178000000.0,-3161000000.0,0.0,7935000000.0,-566000000.0,6890000000.0,6890000000.0,6890000000.0,0.0,260000000.0,0.108,6129000000.0,10248000000.0,1013000000.0,0.464,11.736,12.775,13.105,6348000000.0,0.0,43.51,1.383,1.383,2848000000.0,13354000000.0,63640000000.0,63640000000.0,0.0,0.205,0.577,0.501,0.157,0.0,6001000000.0,1.0,2023033875.0,2023033875.0,,31.458,21873000000.0,322000000.0,2787000000.0,6569000000.0,10.812,4795000000.0
13,PM,MRY,2007-12-31,2007-12-31,2007-12-31,2021-07-27,1688000000.0,31777000000.0,28948500000.0,14786000000.0,16991000000.0,1.908,7.393,-1072000000.0,1501000000.0,1501000000.0,41144000000.0,6314000000.0,1.827,1.038,6069000000.0,491000000.0,5578000000.0,6069000000.0,0.0,748000000.0,0.0,,0.0,8618000000.0,9366000000.0,0.17,9366000000.0,8618000000.0,8608000000.0,2.86,2.86,2.86,15595000000.0,14931000000.0,15595000000.0,,,,4478000000.0,2.123,1.0,14099000000.0,0.255,9831000000.0,10000000.0,18423000000.0,15420000000.0,9371000000.0,0.0,0.0,0.0,16182000000.0,8091000000.0,8091000000.0,,-284000000.0,-1432000000.0,0.0,2941000000.0,0.0,-3594000000.0,-2586000000.0,0.0,5550000000.0,346000000.0,6038000000.0,6038000000.0,6038000000.0,0.0,276000000.0,0.109,5257000000.0,8842000000.0,819000000.0,0.0,,,,6435000000.0,0.0,,,,3356000000.0,12642000000.0,55243000000.0,55243000000.0,0.0,0.209,0.404,0.559,0.156,0.0,5021000000.0,1.0,2109313033.0,2109313033.0,,26.19,21946000000.0,302000000.0,2570000000.0,6396000000.0,10.404,6695000000.0
14,PM,MRY,2006-12-31,2006-12-31,2006-12-31,2021-07-27,476000000.0,26120000000.0,24627500000.0,11925000000.0,14195000000.0,1.961,6.764,-886000000.0,1676000000.0,1676000000.0,35679000000.0,6130000000.0,1.706,0.831,2786000000.0,564000000.0,2222000000.0,2786000000.0,0.0,658000000.0,0.0,,0.0,8097000000.0,8755000000.0,0.181,8755000000.0,8097000000.0,7955000000.0,2.91,2.91,2.91,14267000000.0,12287000000.0,14267000000.0,,,,5404000000.0,2.562,1.0,12623000000.0,0.261,7824000000.0,142000000.0,12417000000.0,12974000000.0,7075000000.0,0.0,0.0,0.0,11853000000.0,6989000000.0,4864000000.0,,496000000.0,516000000.0,0.0,-2511000000.0,0.0,-5442000000.0,-439000000.0,0.0,6290000000.0,87000000.0,6130000000.0,6130000000.0,6130000000.0,0.0,0.0,0.127,4761000000.0,7862000000.0,672000000.0,0.0,,,,5238000000.0,0.0,,,,2748000000.0,12526000000.0,48302000000.0,48302000000.0,0.0,0.249,0.499,0.624,0.168,0.0,4551000000.0,1.0,2109313033.0,2109313033.0,,22.899,18296000000.0,263000000.0,1825000000.0,5439000000.0,8.674,4936000000.0
15,PM,MRY,2005-12-31,2005-12-31,2005-12-31,2021-07-27,-118000000.0,23135000000.0,,10025000000.0,13110000000.0,,,-736000000.0,1209000000.0,1209000000.0,32920000000.0,5620000000.0,1.583,1.245,4909000000.0,768000000.0,4141000000.0,4909000000.0,0.0,527000000.0,0.0,,0.0,7549000000.0,8076000000.0,0.178,8076000000.0,7549000000.0,7455000000.0,2.676,,2.676,10307000000.0,,10307000000.0,,,,4422000000.0,,1.0,12368000000.0,0.273,6970000000.0,94000000.0,13531000000.0,,5420000000.0,0.0,0.0,0.0,12828000000.0,6334000000.0,6494000000.0,,-3787000000.0,-4932000000.0,0.0,4119000000.0,0.0,-2964000000.0,-5622000000.0,0.0,5158000000.0,-359000000.0,5620000000.0,5620000000.0,5620000000.0,0.0,0.0,0.124,4633000000.0,7735000000.0,669000000.0,0.0,,,,4603000000.0,0.0,,,,2591000000.0,9160000000.0,45288000000.0,45288000000.0,0.0,,,,0.167,0.0,4525000000.0,1.0,,,,,16165000000.0,286000000.0,1835000000.0,4428000000.0,,3691000000.0
16,PM,MRY,2004-12-31,2004-12-31,2004-12-31,2021-07-27,,,,,,,,-711000000.0,,,28674000000.0,4570000000.0,,,,,,,,459000000.0,,,0.0,6336000000.0,6795000000.0,0.172,6795000000.0,6336000000.0,6332000000.0,2.176,,2.176,,,,,,,4115000000.0,,1.0,10862000000.0,0.275,,4000000.0,,,,,,,,,,,1835000000.0,-42000000.0,0.0,520000000.0,0.0,-2425000000.0,-852000000.0,0.0,4826000000.0,286000000.0,4570000000.0,4570000000.0,4570000000.0,0.0,0.0,0.116,4380000000.0,6482000000.0,,0.0,,,,,0.0,,,,,,39536000000.0,39536000000.0,0.0,,,,0.16,0.0,4086000000.0,1.0,,,,,,,1762000000.0,,,
0,PM,MRQ,2021-06-30,2021-06-30,2021-06-30,2021-07-27,-10665000000.0,40686000000.0,,18743000000.0,21943000000.0,,-7.13,-128000000.0,4915000000.0,4915000000.0,15180000000.0,2298000000.0,1.18,-4.489,29158000000.0,1744000000.0,27414000000.0,29158000000.0,0.0,239000000.0,0.0,0.048,1.2,2979000000.0,3218000000.0,0.158,3218000000.0,2979000000.0,2818000000.0,1.39,1.38,1.39,-11113000000.0,,-11113000000.0,179962601773.0,15.0,13.718,3502000000.0,2.247,1.0,5241000000.0,0.257,7800000000.0,161000000.0,41245000000.0,,8690000000.0,4633000000.0,0.0,4633000000.0,49886000000.0,15884000000.0,34002000000.0,154466601773.0,1014000000.0,-27000000.0,0.0,-406000000.0,-1873000000.0,-2474000000.0,-183000000.0,-52000000.0,3630000000.0,41000000.0,2172000000.0,2172000000.0,2172000000.0,0.0,126000000.0,0.106,2112000000.0,3129000000.0,2630000000.0,0.863,-13.9,17.409,17.449,5975000000.0,0.0,99.11,1.937,1.937,4445000000.0,32465000000.0,20421000000.0,20421000000.0,0.0,,,,,0.0,2093000000.0,1.0,1558536997.0,1558536997.0,,13.103,32886000000.0,1112000000.0,646000000.0,8558000000.0,21.101,2859000000.0
1,PM,MRQ,2021-03-31,2021-03-31,2021-03-31,2021-07-27,-10746000000.0,39804000000.0,,17910000000.0,21894000000.0,,-7.415,-179000000.0,3902000000.0,3902000000.0,14044000000.0,2595000000.0,1.177,-4.276,29398000000.0,2122000000.0,27276000000.0,29398000000.0,0.0,245000000.0,0.0,0.054,1.2,3282000000.0,3527000000.0,0.182,3527000000.0,3282000000.0,3115000000.0,1.55,1.55,1.55,-11548000000.0,,-11548000000.0,162464277701.0,14.0,12.725,256000000.0,0.164,1.0,5311000000.0,0.274,7720000000.0,167000000.0,42365000000.0,,9019000000.0,4637000000.0,0.0,4637000000.0,49378000000.0,15215000000.0,34163000000.0,138208277701.0,-3379000000.0,0.0,0.0,-1681000000.0,-1879000000.0,-3649000000.0,55000000.0,199000000.0,435000000.0,-220000000.0,2418000000.0,2418000000.0,2418000000.0,0.0,177000000.0,0.125,1867000000.0,3444000000.0,2537000000.0,0.774,-11.968,15.982,16.018,5952000000.0,0.0,88.74,1.791,1.791,4087000000.0,32178000000.0,19355000000.0,19355000000.0,0.0,,,,,0.0,1849000000.0,1.0,1557451856.0,1557451856.0,,12.427,32084000000.0,1070000000.0,697000000.0,7995000000.0,20.6,2695000000.0
2,PM,MRQ,2020-12-31,2020-12-31,2020-12-31,2021-07-27,-11181000000.0,44815000000.0,,21492000000.0,23323000000.0,,-8.07,-140000000.0,7280000000.0,7280000000.0,14659000000.0,2119000000.0,1.096,-4.412,31536000000.0,3368000000.0,28168000000.0,31536000000.0,0.0,272000000.0,0.0,0.057,1.2,2753000000.0,3025000000.0,0.155,3025000000.0,2753000000.0,2589000000.0,1.26,1.26,1.26,-12567000000.0,,-12567000000.0,153599186424.0,14.0,12.766,3022000000.0,1.941,1.0,4872000000.0,0.249,7983000000.0,164000000.0,41473000000.0,,9591000000.0,4798000000.0,0.0,4798000000.0,55446000000.0,19615000000.0,35831000000.0,128930186424.0,2458000000.0,3000000.0,0.0,1572000000.0,-1879000000.0,-465000000.0,-586000000.0,-460000000.0,3162000000.0,347000000.0,1976000000.0,1976000000.0,1976000000.0,0.0,143000000.0,0.101,1967000000.0,2905000000.0,2780000000.0,0.952,-10.259,16.004,16.045,6365000000.0,0.0,82.79,1.695,1.695,3761000000.0,31638000000.0,19531000000.0,19531000000.0,0.0,,,,,0.0,1949000000.0,1.0,1557315937.0,1557315937.0,,12.541,36832000000.0,1410000000.0,613000000.0,10687000000.0,23.651,1877000000.0
3,PM,MRQ,2020-09-30,2020-09-30,2020-09-30,2021-07-27,-10567000000.0,39129000000.0,,17453000000.0,21676000000.0,,-7.765,-152000000.0,4821000000.0,4821000000.0,15414000000.0,2437000000.0,1.124,-4.083,29490000000.0,2144000000.0,27346000000.0,29490000000.0,0.0,239000000.0,0.0,0.063,1.2,3110000000.0,3349000000.0,0.164,3349000000.0,3110000000.0,2947000000.0,1.48,1.48,1.48,-12092000000.0,,-12092000000.0,142208979951.0,13.0,12.22,3462000000.0,2.223,1.0,5030000000.0,0.246,7573000000.0,163000000.0,40700000000.0,,8160000000.0,4579000000.0,0.0,4579000000.0,49374000000.0,15525000000.0,33849000000.0,116780979951.0,620000000.0,0.0,0.0,-487000000.0,-1827000000.0,-2528000000.0,-434000000.0,-312000000.0,3614000000.0,-32000000.0,2307000000.0,2307000000.0,2307000000.0,0.0,130000000.0,0.113,1787000000.0,3243000000.0,2155000000.0,0.811,-9.658,15.174,15.211,6134000000.0,0.0,74.99,1.529,1.529,3712000000.0,31537000000.0,20444000000.0,20444000000.0,0.0,,,,,0.0,1769000000.0,1.0,1557287371.0,1557287371.0,,13.128,31556000000.0,1225000000.0,640000000.0,8631000000.0,20.263,1928000000.0
4,PM,MRQ,2020-06-30,2020-06-30,2020-06-30,2021-07-27,-10009000000.0,39162000000.0,,17776000000.0,21386000000.0,,-7.705,-140000000.0,4200000000.0,4200000000.0,13347000000.0,2049000000.0,1.126,-4.108,29628000000.0,2585000000.0,27043000000.0,29628000000.0,0.0,229000000.0,0.0,0.067,1.17,2637000000.0,2866000000.0,0.161,2866000000.0,2637000000.0,2475000000.0,1.25,1.25,1.25,-11997000000.0,,-11997000000.0,133716495432.0,13.0,11.952,1785000000.0,1.146,1.0,4472000000.0,0.251,7601000000.0,162000000.0,41197000000.0,,8968000000.0,4516000000.0,0.0,4516000000.0,49282000000.0,15792000000.0,33490000000.0,109092495432.0,457000000.0,0.0,0.0,1078000000.0,-1830000000.0,-954000000.0,-648000000.0,-511000000.0,1925000000.0,134000000.0,1947000000.0,1947000000.0,1947000000.0,0.0,102000000.0,0.109,1741000000.0,2731000000.0,1991000000.0,0.936,-9.093,14.975,15.002,6184000000.0,0.0,70.06,1.43,1.43,3944000000.0,31103000000.0,17819000000.0,17819000000.0,0.0,,,,,0.0,1722000000.0,1.0,1557129538.0,1557129538.0,,11.443,31561000000.0,1159000000.0,528000000.0,8981000000.0,20.269,1984000000.0
5,PM,MRQ,2020-03-31,2020-03-31,2020-03-31,2021-07-27,-10774000000.0,37494000000.0,,16861000000.0,20633000000.0,,-8.319,-170000000.0,3746000000.0,3746000000.0,13502000000.0,1987000000.0,1.017,-3.751,28370000000.0,3371000000.0,24999000000.0,28370000000.0,0.0,241000000.0,0.0,0.064,1.17,2551000000.0,2792000000.0,0.153,2792000000.0,2551000000.0,2422000000.0,1.17,1.17,1.17,-12944000000.0,,-12944000000.0,137703334413.0,13.0,11.836,941000000.0,0.605,1.0,4751000000.0,0.26,7134000000.0,129000000.0,38400000000.0,,9045000000.0,4390000000.0,0.0,4390000000.0,48557000000.0,16584000000.0,31973000000.0,113519334413.0,-3115000000.0,0.0,0.0,-2519000000.0,-1828000000.0,-4549000000.0,514000000.0,682000000.0,1111000000.0,-191000000.0,1826000000.0,1826000000.0,1826000000.0,0.0,161000000.0,0.1,1962000000.0,2789000000.0,2073000000.0,1.0,-8.77,14.826,14.859,6107000000.0,0.0,72.96,1.447,1.447,3334000000.0,30984000000.0,18253000000.0,18253000000.0,0.0,,,,,0.0,1944000000.0,1.0,1555911930.0,1555911930.0,,11.731,30360000000.0,1113000000.0,596000000.0,9283000000.0,19.513,277000000.0
6,PM,MRQ,2019-12-31,2019-12-31,2019-12-31,2021-07-27,-9363000000.0,42875000000.0,,20514000000.0,22361000000.0,,-7.441,-156000000.0,6861000000.0,6861000000.0,14914000000.0,1782000000.0,1.089,-4.533,31045000000.0,4389000000.0,26656000000.0,31045000000.0,0.0,255000000.0,0.0,0.054,1.17,2375000000.0,2630000000.0,0.133,2630000000.0,2375000000.0,2239000000.0,1.03,1.03,1.03,-11577000000.0,,-11577000000.0,157698371501.0,16.0,14.321,3168000000.0,2.036,1.0,4935000000.0,0.249,7971000000.0,136000000.0,40255000000.0,,9235000000.0,4635000000.0,0.0,4635000000.0,52474000000.0,18833000000.0,33641000000.0,132389371501.0,354000000.0,31000000.0,0.0,-1051000000.0,-1825000000.0,-2959000000.0,-184000000.0,-74000000.0,3324000000.0,173000000.0,1616000000.0,1616000000.0,1616000000.0,0.0,166000000.0,0.081,2429000000.0,2506000000.0,2299000000.0,1.136,-11.436,18.426,18.458,6631000000.0,0.0,85.09,1.699,1.699,3717000000.0,30987000000.0,19849000000.0,19849000000.0,0.0,,,,,0.0,2413000000.0,1.0,1555874621.0,1555874621.0,,12.757,34904000000.0,1153000000.0,623000000.0,9984000000.0,22.434,1681000000.0
7,PM,MRQ,2019-09-30,2019-09-30,2019-09-30,2021-07-27,-8966000000.0,41420000000.0,,19575000000.0,21845000000.0,,-7.077,-194000000.0,6507000000.0,6507000000.0,15343000000.0,2046000000.0,1.085,-4.594,31816000000.0,5390000000.0,26426000000.0,31816000000.0,0.0,237000000.0,0.0,0.06,1.17,2663000000.0,2900000000.0,0.142,2900000000.0,2663000000.0,2531000000.0,1.22,1.22,1.22,-11010000000.0,,-11010000000.0,144015919962.0,14.0,12.832,1889000000.0,1.214,1.0,5037000000.0,0.247,7808000000.0,132000000.0,40876000000.0,,8529000000.0,4499000000.0,0.0,4499000000.0,50575000000.0,18045000000.0,32530000000.0,118134919962.0,2498000000.0,-3000000.0,0.0,2280000000.0,-1779000000.0,453000000.0,122000000.0,313000000.0,2083000000.0,-160000000.0,1896000000.0,1896000000.0,1896000000.0,0.0,150000000.0,0.093,2249000000.0,2788000000.0,1704000000.0,0.959,-10.73,15.796,15.786,6636000000.0,0.0,75.93,1.516,1.516,3729000000.0,31197000000.0,20380000000.0,20380000000.0,0.0,,,,,0.0,2234000000.0,1.0,1555839852.0,1555839852.0,,13.099,33612000000.0,968000000.0,635000000.0,9098000000.0,21.604,1530000000.0
8,PM,MRQ,2019-06-30,2019-06-30,2019-06-30,2021-07-27,-9051000000.0,39923000000.0,,17163000000.0,22760000000.0,,-7.198,-178000000.0,4008000000.0,4008000000.0,14953000000.0,2436000000.0,0.951,-4.405,29889000000.0,5031000000.0,24858000000.0,29889000000.0,0.0,232000000.0,0.0,0.058,1.14,3080000000.0,3312000000.0,0.166,3312000000.0,3080000000.0,2930000000.0,1.49,1.49,1.49,-11199000000.0,,-11199000000.0,149360194748.0,14.0,12.818,3264000000.0,2.098,1.0,5034000000.0,0.252,7958000000.0,150000000.0,39800000000.0,,8255000000.0,4665000000.0,0.0,4665000000.0,49332000000.0,18046000000.0,31286000000.0,122177194748.0,927000000.0,-4000000.0,0.0,-457000000.0,-1777000000.0,-2404000000.0,-153000000.0,25000000.0,3442000000.0,42000000.0,2319000000.0,2319000000.0,2319000000.0,0.0,117000000.0,0.116,1847000000.0,3187000000.0,1708000000.0,0.765,-10.91,15.604,15.612,6917000000.0,0.0,78.53,1.567,1.567,4074000000.0,31128000000.0,19987000000.0,19987000000.0,0.0,,,,,0.0,1831000000.0,1.0,1555802811.0,1555802811.0,,12.847,31965000000.0,1042000000.0,611000000.0,9850000000.0,20.546,-883000000.0
9,PM,MRQ,2019-03-31,2019-03-31,2019-03-31,2021-07-27,-9237000000.0,38042000000.0,,15741000000.0,22301000000.0,,-7.699,-324000000.0,3081000000.0,3081000000.0,13419000000.0,1464000000.0,0.852,-4.03,30264000000.0,7133000000.0,23131000000.0,30264000000.0,0.0,240000000.0,0.0,0.052,1.14,1930000000.0,2170000000.0,0.123,2170000000.0,1930000000.0,1778000000.0,0.87,0.87,0.87,-11968000000.0,,-11968000000.0,162575710166.0,15.0,14.02,917000000.0,0.59,1.0,4286000000.0,0.242,7904000000.0,152000000.0,38835000000.0,,8318000000.0,4578000000.0,0.0,4578000000.0,48227000000.0,18486000000.0,29741000000.0,137409710166.0,-3534000000.0,-1370000000.0,0.0,-1315000000.0,-1780000000.0,-3151000000.0,-1596000000.0,91000000.0,1241000000.0,-28000000.0,1354000000.0,1354000000.0,1354000000.0,0.0,110000000.0,0.076,2236000000.0,2050000000.0,1812000000.0,1.31,-11.481,17.825,17.857,6894000000.0,0.0,88.39,1.737,1.737,3535000000.0,30588000000.0,17705000000.0,17705000000.0,0.0,,,,,0.0,2217000000.0,1.0,1554584344.0,1554584344.0,,11.389,30138000000.0,951000000.0,424000000.0,8376000000.0,19.387,-2745000000.0
10,PM,MRQ,2018-12-31,2018-12-31,2018-12-31,2021-07-27,-10111000000.0,39801000000.0,,19442000000.0,20359000000.0,,-8.015,-334000000.0,6593000000.0,6593000000.0,15140000000.0,2003000000.0,1.131,-4.057,31759000000.0,4784000000.0,26975000000.0,31759000000.0,0.0,255000000.0,0.0,0.067,1.14,2586000000.0,2841000000.0,0.143,2841000000.0,2586000000.0,2461000000.0,1.23,1.23,1.23,-12459000000.0,,-12459000000.0,129666015631.0,12.0,10.797,2088000000.0,1.343,1.0,4718000000.0,0.238,9467000000.0,125000000.0,38309000000.0,,8804000000.0,1269000000.0,0.0,1269000000.0,50540000000.0,17191000000.0,33349000000.0,103780015631.0,707000000.0,41000000.0,0.0,179000000.0,-1775000000.0,-1747000000.0,166000000.0,413000000.0,2422000000.0,-134000000.0,1910000000.0,1910000000.0,1910000000.0,0.0,93000000.0,0.096,2016000000.0,2702000000.0,2068000000.0,0.927,-8.33,13.118,13.142,7201000000.0,0.0,66.76,1.3,1.3,3564000000.0,31014000000.0,19858000000.0,19858000000.0,0.0,,,,,0.0,1997000000.0,1.0,1554523901.0,1554523901.0,,12.774,30334000000.0,977000000.0,551000000.0,8955000000.0,19.513,2251000000.0
11,PM,MRQ,2018-09-30,2018-09-30,2018-09-30,2021-07-27,-9199000000.0,39380000000.0,,18538000000.0,20842000000.0,,-7.539,-328000000.0,5880000000.0,5880000000.0,15553000000.0,2341000000.0,1.188,-4.208,31766000000.0,3587000000.0,28179000000.0,31766000000.0,0.0,246000000.0,0.0,0.054,1.14,3083000000.0,3329000000.0,0.163,3329000000.0,3083000000.0,2938000000.0,1.44,1.44,1.44,-11720000000.0,,-11720000000.0,151832488141.0,13.0,12.022,1355000000.0,0.872,1.0,4886000000.0,0.239,9588000000.0,145000000.0,40079000000.0,,8440000000.0,1361000000.0,0.0,1361000000.0,49322000000.0,15599000000.0,33723000000.0,126754488141.0,-709000000.0,-11000000.0,0.0,-44000000.0,-1778000000.0,-1889000000.0,-481000000.0,-137000000.0,1683000000.0,-22000000.0,2247000000.0,2247000000.0,2247000000.0,0.0,94000000.0,0.11,1730000000.0,3156000000.0,1662000000.0,0.792,-10.815,18.933,18.963,7138000000.0,0.0,81.54,1.554,1.554,3522000000.0,30877000000.0,20439000000.0,20439000000.0,0.0,,,,,0.0,1710000000.0,1.0,1554506845.0,1554506845.0,,13.148,29792000000.0,990000000.0,691000000.0,9208000000.0,19.165,2939000000.0
12,PM,MRQ,2018-06-30,2018-06-30,2018-06-30,2021-07-27,-8908000000.0,40721000000.0,,20028000000.0,20693000000.0,,-7.665,-409000000.0,6587000000.0,6587000000.0,16118000000.0,2295000000.0,1.148,-4.271,31665000000.0,3617000000.0,28048000000.0,31665000000.0,0.0,246000000.0,0.0,0.054,1.14,3010000000.0,3256000000.0,0.154,3256000000.0,3010000000.0,2842000000.0,1.41,1.41,1.41,-11915000000.0,,-11915000000.0,153156208556.0,13.0,12.222,3584000000.0,2.306,1.0,4982000000.0,0.236,9648000000.0,168000000.0,38710000000.0,,8925000000.0,1352000000.0,0.0,1352000000.0,50889000000.0,17441000000.0,33448000000.0,125508208556.0,-609000000.0,-12000000.0,0.0,-2467000000.0,-1673000000.0,-4277000000.0,335000000.0,742000000.0,3993000000.0,-660000000.0,2198000000.0,2198000000.0,2198000000.0,0.0,97000000.0,0.104,1889000000.0,3093000000.0,1953000000.0,0.809,-10.534,19.556,19.55,7113000000.0,0.0,80.74,1.535,1.535,3772000000.0,30406000000.0,21100000000.0,21100000000.0,0.0,,,,,0.0,1868000000.0,1.0,1554473725.0,1554473725.0,,13.574,31073000000.0,909000000.0,644000000.0,10661000000.0,19.989,2587000000.0
13,PM,MRQ,2018-03-31,2018-03-31,2018-03-31,2021-07-27,-8883000000.0,43070000000.0,,20593000000.0,22477000000.0,,-7.951,-365000000.0,7200000000.0,7200000000.0,14145000000.0,1647000000.0,1.164,-4.336,34848000000.0,5270000000.0,29578000000.0,34848000000.0,0.0,242000000.0,0.0,0.043,1.07,2342000000.0,2584000000.0,0.14,2584000000.0,2342000000.0,2115000000.0,1.0,1.0,1.0,-12350000000.0,,-12350000000.0,180283051861.0,16.0,14.816,1015000000.0,0.653,1.0,4281000000.0,0.232,10122000000.0,227000000.0,42908000000.0,,8592000000.0,1395000000.0,0.0,1395000000.0,53552000000.0,17688000000.0,35864000000.0,154391051861.0,-1245000000.0,-18000000.0,0.0,103000000.0,-1659000000.0,-1738000000.0,-1018000000.0,-665000000.0,1380000000.0,131000000.0,1556000000.0,1556000000.0,1556000000.0,0.0,91000000.0,0.084,1855000000.0,2426000000.0,2156000000.0,1.07,-12.501,25.728,25.751,7459000000.0,0.0,99.4,1.931,1.931,3894000000.0,29985000000.0,18426000000.0,18426000000.0,0.0,,,,,0.0,1833000000.0,1.0,1553229898.0,1553229898.0,,11.863,32948000000.0,1150000000.0,559000000.0,9607000000.0,21.213,2905000000.0
14,PM,MRQ,2017-12-31,2017-12-31,2017-12-31,2021-07-27,-8535000000.0,42968000000.0,,21594000000.0,21374000000.0,,-7.781,-553000000.0,8447000000.0,8447000000.0,16292000000.0,796000000.0,1.353,-4.402,34339000000.0,3005000000.0,31334000000.0,34339000000.0,0.0,243000000.0,0.0,0.04,1.07,3218000000.0,3461000000.0,0.16,3461000000.0,3218000000.0,2959000000.0,0.45,0.45,0.45,-12086000000.0,,-12086000000.0,190403853317.0,17.0,15.696,2368000000.0,1.525,1.0,5293000000.0,0.245,10098000000.0,259000000.0,42800000000.0,,8806000000.0,1074000000.0,0.0,1074000000.0,53198000000.0,15962000000.0,37236000000.0,164095853317.0,741000000.0,-71000000.0,0.0,224000000.0,-1666000000.0,-1537000000.0,-761000000.0,-136000000.0,2921000000.0,118000000.0,694000000.0,694000000.0,694000000.0,0.0,102000000.0,0.032,1897000000.0,3396000000.0,2242000000.0,2.378,-13.577,27.191,27.229,7271000000.0,0.0,105.65,2.101,2.101,3738000000.0,29859000000.0,21585000000.0,21585000000.0,0.0,,,,,0.0,1874000000.0,1.0,1553202587.0,1553202587.0,,13.897,32870000000.0,1007000000.0,2265000000.0,9767000000.0,21.163,5632000000.0
15,PM,MRQ,2017-09-30,2017-09-30,2017-09-30,2021-07-27,-8797000000.0,41951000000.0,,20859000000.0,21092000000.0,,-7.344,-435000000.0,7667000000.0,7667000000.0,15900000000.0,2045000000.0,1.127,-4.522,33975000000.0,5910000000.0,28065000000.0,33975000000.0,0.0,225000000.0,0.0,0.038,1.07,3005000000.0,3230000000.0,0.157,3230000000.0,3005000000.0,2782000000.0,1.27,1.27,1.27,-11407000000.0,,-11407000000.0,197969412202.0,19.0,17.313,1485000000.0,0.956,1.0,4738000000.0,0.23,10182000000.0,223000000.0,39563000000.0,,8283000000.0,1080000000.0,0.0,1080000000.0,51584000000.0,18514000000.0,33070000000.0,172419412202.0,1448000000.0,-21000000.0,0.0,2015000000.0,-1618000000.0,359000000.0,-1078000000.0,-714000000.0,1920000000.0,247000000.0,1970000000.0,1970000000.0,1970000000.0,0.0,75000000.0,0.095,1650000000.0,3088000000.0,1973000000.0,0.843,-15.115,24.45,24.506,6857000000.0,0.0,111.01,2.278,2.278,3985000000.0,30831000000.0,20638000000.0,20638000000.0,0.0,,,,,0.0,1629000000.0,1.0,1553188111.0,1553188111.0,,13.288,31769000000.0,1138000000.0,812000000.0,6991000000.0,20.454,2345000000.0
16,PM,MRQ,2017-06-30,2017-06-30,2017-06-30,2021-07-27,-9070000000.0,38660000000.0,,18432000000.0,20228000000.0,,-7.731,-268000000.0,6197000000.0,6197000000.0,14921000000.0,1842000000.0,1.069,-4.075,31747000000.0,5152000000.0,26595000000.0,31747000000.0,0.0,210000000.0,0.0,0.035,1.04,2683000000.0,2893000000.0,0.15,2893000000.0,2683000000.0,2470000000.0,1.14,1.14,1.14,-12008000000.0,,-12008000000.0,208686668253.0,20.0,18.443,2960000000.0,1.906,1.0,4398000000.0,0.228,10141000000.0,213000000.0,36826000000.0,,7730000000.0,1072000000.0,0.0,1072000000.0,48937000000.0,17243000000.0,31694000000.0,182416668253.0,1081000000.0,-14000000.0,0.0,-109000000.0,-1618000000.0,-1932000000.0,-701000000.0,-423000000.0,3228000000.0,486000000.0,1781000000.0,1781000000.0,1781000000.0,0.0,61000000.0,0.092,1661000000.0,2737000000.0,1909000000.0,0.912,-15.191,25.985,26.042,6629000000.0,0.0,117.45,2.432,2.432,3648000000.0,30528000000.0,19319000000.0,19319000000.0,0.0,,,,,0.0,1639000000.0,1.0,1553143195.0,1553143195.0,,12.439,28519000000.0,800000000.0,689000000.0,7159000000.0,18.362,1189000000.0
17,PM,MRQ,2017-03-31,2017-03-31,2017-03-31,2021-07-27,-9265000000.0,36627000000.0,,16884000000.0,19743000000.0,,-7.988,-292000000.0,5076000000.0,5076000000.0,12669000000.0,1658000000.0,1.264,-3.808,31346000000.0,2758000000.0,28588000000.0,31346000000.0,0.0,197000000.0,0.0,0.037,1.04,2350000000.0,2547000000.0,0.154,2547000000.0,2350000000.0,2131000000.0,1.02,1.02,1.02,-12392000000.0,,-12392000000.0,199979466304.0,19.0,17.644,551000000.0,0.355,1.0,3887000000.0,0.235,10002000000.0,219000000.0,39540000000.0,,8007000000.0,1079000000.0,0.0,1079000000.0,47184000000.0,13355000000.0,33829000000.0,175151466304.0,875000000.0,-5000000.0,0.0,2042000000.0,-1618000000.0,341000000.0,-543000000.0,-254000000.0,843000000.0,234000000.0,1590000000.0,1590000000.0,1590000000.0,0.0,68000000.0,0.096,1471000000.0,2416000000.0,1746000000.0,1.02,-14.134,24.925,24.978,6264000000.0,0.0,112.9,2.344,2.344,3090000000.0,30367000000.0,16556000000.0,16556000000.0,0.0,,,,,0.0,1449000000.0,1.0,1551385884.0,1551385884.0,,10.672,26625000000.0,834000000.0,541000000.0,6344000000.0,17.162,3529000000.0
18,PM,MRQ,2016-12-31,2016-12-31,2016-12-31,2021-07-27,-9559000000.0,36851000000.0,,17608000000.0,19243000000.0,,-8.179,-438000000.0,4239000000.0,4239000000.0,14717000000.0,1775000000.0,1.069,-3.763,29067000000.0,3216000000.0,25851000000.0,29067000000.0,0.0,195000000.0,0.0,0.045,1.04,2570000000.0,2765000000.0,0.144,2765000000.0,2570000000.0,2369000000.0,1.1,1.1,1.1,-12688000000.0,,-12688000000.0,167136001436.0,16.0,14.701,1711000000.0,1.103,1.0,4472000000.0,0.233,9794000000.0,201000000.0,35418000000.0,,9017000000.0,1011000000.0,0.0,1011000000.0,47751000000.0,16467000000.0,31284000000.0,141933001436.0,-602000000.0,-41000000.0,0.0,-278000000.0,-1619000000.0,-1853000000.0,109000000.0,504000000.0,2149000000.0,-1007000000.0,1711000000.0,1711000000.0,1711000000.0,0.0,64000000.0,0.089,1772000000.0,2700000000.0,1666000000.0,0.945,-11.186,20.372,20.422,6064000000.0,0.0,91.49,1.894,1.894,3499000000.0,30397000000.0,19189000000.0,19189000000.0,0.0,,,,,0.0,1754000000.0,1.0,1551349890.0,1551349890.0,,12.369,27057000000.0,859000000.0,658000000.0,9669000000.0,17.441,1141000000.0
19,PM,MRQ,2016-09-30,2016-09-30,2016-09-30,2021-07-27,-8889000000.0,35577000000.0,,16574000000.0,19003000000.0,,-7.827,-254000000.0,4884000000.0,4884000000.0,15385000000.0,2028000000.0,1.162,-3.78,30087000000.0,3127000000.0,26960000000.0,30087000000.0,0.0,188000000.0,0.0,0.042,1.04,2922000000.0,3110000000.0,0.156,3110000000.0,2922000000.0,2702000000.0,1.25,1.25,1.25,-12142000000.0,,-12142000000.0,176975009676.0,18.0,16.563,2838000000.0,1.829,1.0,4550000000.0,0.228,10224000000.0,220000000.0,36298000000.0,,7486000000.0,986000000.0,0.0,986000000.0,45894000000.0,14258000000.0,31636000000.0,150820009676.0,1070000000.0,0.0,0.0,56000000.0,-1586000000.0,-1566000000.0,-506000000.0,-252000000.0,3092000000.0,50000000.0,1938000000.0,1938000000.0,1938000000.0,0.0,90000000.0,0.097,1573000000.0,2977000000.0,1573000000.0,0.832,-12.421,23.185,23.258,6133000000.0,0.0,97.22,2.034,2.034,3100000000.0,30305000000.0,19935000000.0,19935000000.0,0.0,,,,,0.0,1554000000.0,1.0,1551326987.0,1551326987.0,,12.85,25353000000.0,450000000.0,764000000.0,6684000000.0,16.343,2316000000.0
20,PM,MRQ,2016-06-30,2016-06-30,2016-06-30,2021-07-27,-8955000000.0,34802000000.0,,16046000000.0,18756000000.0,,-8.094,-254000000.0,3814000000.0,3814000000.0,14756000000.0,1842000000.0,1.266,-3.632,29969000000.0,1871000000.0,28098000000.0,29969000000.0,0.0,185000000.0,0.0,0.04,1.02,2727000000.0,2912000000.0,0.153,2912000000.0,2727000000.0,2504000000.0,1.15,1.15,1.15,-12556000000.0,,-12556000000.0,184643607241.0,19.0,17.263,2120000000.0,1.367,1.0,4285000000.0,0.225,10225000000.0,223000000.0,38060000000.0,,7989000000.0,948000000.0,0.0,948000000.0,45601000000.0,12672000000.0,32929000000.0,157794607241.0,870000000.0,0.0,0.0,338000000.0,-1588000000.0,-1401000000.0,-18000000.0,50000000.0,2374000000.0,-85000000.0,1788000000.0,1788000000.0,1788000000.0,0.0,54000000.0,0.094,1532000000.0,2753000000.0,1547000000.0,0.887,-12.567,24.243,24.335,5931000000.0,0.0,101.72,2.143,2.143,3085000000.0,29985000000.0,19041000000.0,19041000000.0,0.0,,,,,0.0,1513000000.0,1.0,1551264326.0,1551264326.0,,12.275,24577000000.0,469000000.0,716000000.0,6671000000.0,15.843,3374000000.0
21,PM,MRQ,2016-03-31,2016-03-31,2016-03-31,2021-07-27,-8914000000.0,34621000000.0,,15928000000.0,18693000000.0,,-8.231,-226000000.0,2944000000.0,2944000000.0,12801000000.0,1605000000.0,1.13,-3.569,29793000000.0,3110000000.0,26683000000.0,29793000000.0,0.0,175000000.0,0.0,0.041,1.02,2407000000.0,2582000000.0,0.154,2582000000.0,2407000000.0,2160000000.0,0.98,0.98,0.98,-12753000000.0,,-12753000000.0,177069478908.0,17.0,16.308,236000000.0,0.152,1.0,3987000000.0,0.237,10347000000.0,247000000.0,37032000000.0,,8699000000.0,942000000.0,0.0,942000000.0,45515000000.0,14091000000.0,31424000000.0,152006478908.0,-473000000.0,0.0,0.0,1015000000.0,-1585000000.0,-593000000.0,-419000000.0,-7000000.0,462000000.0,77000000.0,1530000000.0,1530000000.0,1530000000.0,0.0,75000000.0,0.091,1514000000.0,2473000000.0,1496000000.0,1.041,-11.919,23.003,23.139,5865000000.0,0.0,98.11,2.073,2.073,2989000000.0,29785000000.0,16788000000.0,16788000000.0,0.0,,,,,0.0,1496000000.0,1.0,1549347456.0,1549347456.0,,10.836,24274000000.0,485000000.0,630000000.0,6614000000.0,15.667,1837000000.0
22,PM,MRQ,2015-12-31,2015-12-31,2015-12-31,2021-07-27,-9402000000.0,33956000000.0,,15804000000.0,18152000000.0,,-8.548,-324000000.0,3417000000.0,3417000000.0,14354000000.0,1298000000.0,1.027,-3.43,28480000000.0,3230000000.0,25250000000.0,28480000000.0,0.0,193000000.0,0.0,0.046,1.02,1888000000.0,2081000000.0,0.113,2081000000.0,1888000000.0,1661000000.0,0.8,0.8,0.8,-13244000000.0,,-13244000000.0,162712584547.0,15.0,14.37,1548000000.0,0.999,1.0,4017000000.0,0.219,10038000000.0,227000000.0,33595000000.0,,8473000000.0,890000000.0,0.0,890000000.0,45432000000.0,15386000000.0,30046000000.0,136198584547.0,1024000000.0,0.0,0.0,-181000000.0,-1585000000.0,-275000000.0,-320000000.0,208000000.0,1872000000.0,-253000000.0,1249000000.0,1249000000.0,1249000000.0,0.0,49000000.0,0.068,2116000000.0,1901000000.0,1289000000.0,1.275,-10.284,19.816,19.889,5721000000.0,0.0,87.91,1.843,1.843,2778000000.0,29842000000.0,18371000000.0,18371000000.0,0.0,,,,,0.0,2028000000.0,1.0,1549295695.0,1549295695.0,,11.858,23918000000.0,848000000.0,412000000.0,7840000000.0,15.438,418000000.0
23,PM,MRQ,2015-09-30,2015-09-30,2015-09-30,2021-07-27,-8927000000.0,32011000000.0,,14112000000.0,17899000000.0,,-8.767,-223000000.0,2393000000.0,2393000000.0,14878000000.0,1984000000.0,1.001,-3.257,28907000000.0,3107000000.0,25800000000.0,28907000000.0,0.0,184000000.0,0.0,0.051,1.02,2937000000.0,3121000000.0,0.161,3121000000.0,2937000000.0,2690000000.0,1.25,1.25,1.25,-13582000000.0,,-13582000000.0,150260900946.0,13.0,12.525,2470000000.0,1.594,1.0,4544000000.0,0.234,10025000000.0,247000000.0,34398000000.0,,7207000000.0,919000000.0,0.0,919000000.0,44237000000.0,14102000000.0,30135000000.0,122896900946.0,555000000.0,0.0,0.0,-250000000.0,-1555000000.0,-1821000000.0,-164000000.0,-13000000.0,2693000000.0,-153000000.0,1942000000.0,1942000000.0,1942000000.0,0.0,42000000.0,0.1,1585000000.0,2959000000.0,1237000000.0,0.816,-9.049,16.984,17.06,5600000000.0,0.0,79.33,1.628,1.628,3322000000.0,30178000000.0,19422000000.0,19422000000.0,0.0,,,,,0.0,1566000000.0,1.0,1549185692.0,1549185692.0,,12.537,21986000000.0,386000000.0,748000000.0,7208000000.0,14.192,10000000.0
24,PM,MRQ,2015-06-30,2015-06-30,2015-06-30,2021-07-27,-8107000000.0,32713000000.0,,13772000000.0,18941000000.0,,-8.489,-210000000.0,1838000000.0,1838000000.0,14282000000.0,1916000000.0,0.895,-3.385,29202000000.0,4636000000.0,24566000000.0,29202000000.0,0.0,185000000.0,0.0,0.05,1.0,2889000000.0,3074000000.0,0.164,3074000000.0,2889000000.0,2630000000.0,1.21,1.21,1.21,-13151000000.0,,-13151000000.0,153255962426.0,13.0,12.311,3465000000.0,2.237,1.0,4481000000.0,0.239,10721000000.0,259000000.0,33970000000.0,,7207000000.0,1020000000.0,0.0,1020000000.0,44511000000.0,15386000000.0,29125000000.0,124194962426.0,314000000.0,0.0,0.0,-1678000000.0,-1555000000.0,-3165000000.0,-292000000.0,-3000000.0,3675000000.0,96000000.0,1887000000.0,1887000000.0,1887000000.0,0.0,29000000.0,0.101,1589000000.0,2892000000.0,1089000000.0,0.826,-9.444,16.673,16.772,5815000000.0,0.0,80.17,1.605,1.605,3619000000.0,29822000000.0,18763000000.0,18763000000.0,0.0,,,,,0.0,1568000000.0,1.0,1549145097.0,1549145097.0,,12.112,21992000000.0,428000000.0,743000000.0,7226000000.0,14.196,-1614000000.0
25,PM,MRQ,2015-03-31,2015-03-31,2015-03-31,2021-07-27,-8090000000.0,33255000000.0,,14275000000.0,18980000000.0,,-8.802,-203000000.0,1524000000.0,1524000000.0,12965000000.0,1834000000.0,0.953,-3.342,30585000000.0,5013000000.0,25572000000.0,30585000000.0,0.0,192000000.0,0.0,0.052,1.0,2855000000.0,3047000000.0,0.176,3047000000.0,2855000000.0,2580000000.0,1.16,1.16,1.16,-13616000000.0,,-13616000000.0,144303309066.0,12.0,11.592,-578000000.0,-0.374,1.0,4387000000.0,0.253,10775000000.0,275000000.0,36561000000.0,,7552000000.0,1064000000.0,0.0,1064000000.0,45501000000.0,14980000000.0,30521000000.0,116530309066.0,-158000000.0,0.0,-48000000.0,2153000000.0,-1555000000.0,525000000.0,68000000.0,-8000000.0,-375000000.0,-376000000.0,1795000000.0,1795000000.0,1795000000.0,0.0,39000000.0,0.103,1516000000.0,2871000000.0,1038000000.0,0.862,-8.558,15.72,15.892,5697000000.0,0.0,75.33,1.462,1.462,3741000000.0,29489000000.0,17352000000.0,17352000000.0,0.0,,,,,0.0,1494000000.0,1.0,1546930958.0,1546930958.0,,11.217,22480000000.0,457000000.0,785000000.0,6578000000.0,14.532,-705000000.0
26,PM,MRQ,2014-12-31,2014-12-31,2014-12-31,2021-07-27,-6826000000.0,35187000000.0,,15484000000.0,19703000000.0,,-8.128,-349000000.0,1682000000.0,1682000000.0,15376000000.0,1649000000.0,1.025,-3.673,29455000000.0,2526000000.0,26929000000.0,29455000000.0,0.0,229000000.0,0.0,0.048,1.0,2526000000.0,2755000000.0,0.138,2755000000.0,2526000000.0,2263000000.0,1.03,1.03,1.03,-12629000000.0,,-12629000000.0,153350098153.0,13.0,12.238,1005000000.0,0.647,1.0,4565000000.0,0.229,11373000000.0,263000000.0,36475000000.0,,8592000000.0,1083000000.0,0.0,1083000000.0,46390000000.0,15112000000.0,31278000000.0,126550098153.0,-361000000.0,0.0,-783000000.0,1104000000.0,-1564000000.0,-1277000000.0,-223000000.0,-7000000.0,1354000000.0,-215000000.0,1612000000.0,1612000000.0,1612000000.0,0.0,37000000.0,0.081,2033000000.0,2532000000.0,1242000000.0,0.971,-10.021,16.889,17.111,6071000000.0,0.0,81.45,1.58,1.58,4004000000.0,29249000000.0,19941000000.0,19941000000.0,0.0,,,,,0.0,1975000000.0,1.0,1553715140.0,1553715140.0,,12.834,23814000000.0,533000000.0,651000000.0,8275000000.0,15.327,372000000.0
27,PM,MRQ,2014-09-30,2014-09-30,2014-09-30,2021-07-27,-5022000000.0,35401000000.0,,14761000000.0,20640000000.0,,-6.473,-296000000.0,2043000000.0,2043000000.0,16213000000.0,2198000000.0,0.976,-4.359,28843000000.0,3448000000.0,25395000000.0,28843000000.0,0.0,233000000.0,0.0,0.046,1.0,3340000000.0,3573000000.0,0.167,3573000000.0,3340000000.0,3073000000.0,1.38,1.38,1.38,-10112000000.0,,-10112000000.0,158249731822.0,13.0,12.052,2669000000.0,1.709,1.0,5122000000.0,0.24,11841000000.0,267000000.0,35243000000.0,,7979000000.0,1371000000.0,0.0,1371000000.0,44078000000.0,15117000000.0,28961000000.0,130281731822.0,502000000.0,-7000000.0,-769000000.0,203000000.0,-1478000000.0,-2075000000.0,-229000000.0,-6000000.0,2965000000.0,-159000000.0,2155000000.0,2155000000.0,2155000000.0,0.0,43000000.0,0.101,1777000000.0,3345000000.0,1255000000.0,0.725,-12.884,16.558,16.781,6273000000.0,0.0,83.4,1.617,1.617,3785000000.0,29192000000.0,21335000000.0,21335000000.0,0.0,,,,,0.0,1763000000.0,1.0,1562131077.0,1562131077.0,,13.658,23560000000.0,381000000.0,918000000.0,7542000000.0,15.082,-356000000.0
28,PM,MRQ,2014-06-30,2014-06-30,2014-06-30,2021-07-27,-4314000000.0,36325000000.0,,14710000000.0,21615000000.0,,-5.908,-252000000.0,1541000000.0,1541000000.0,15950000000.0,1895000000.0,1.083,-4.754,29509000000.0,2348000000.0,27161000000.0,29509000000.0,0.0,216000000.0,0.0,0.045,0.94,2857000000.0,3073000000.0,0.146,3073000000.0,2857000000.0,2603000000.0,1.17,1.17,1.17,-9292000000.0,,-9292000000.0,160465284404.0,13.0,12.059,2453000000.0,1.56,1.0,5101000000.0,0.242,12294000000.0,254000000.0,38419000000.0,,8271000000.0,1508000000.0,0.0,1508000000.0,44172000000.0,13580000000.0,30592000000.0,132609284404.0,-282000000.0,-103000000.0,-1040000000.0,-89000000.0,-1490000000.0,-2682000000.0,-336000000.0,-16000000.0,2705000000.0,31000000.0,1851000000.0,1851000000.0,1851000000.0,0.0,44000000.0,0.088,2227000000.0,2874000000.0,1109000000.0,0.803,-14.271,16.467,16.761,6648000000.0,0.0,84.31,1.661,1.661,4081000000.0,28601000000.0,21051000000.0,21051000000.0,0.0,,,,,0.0,1716000000.0,1.0,1572877291.0,1572877291.0,,13.384,24031000000.0,414000000.0,752000000.0,7166000000.0,15.278,1130000000.0
29,PM,MRQ,2014-03-31,2014-03-31,2014-03-31,2021-07-27,-4213000000.0,36137000000.0,,14825000000.0,21312000000.0,,-5.433,-256000000.0,1823000000.0,1823000000.0,13236000000.0,1916000000.0,1.061,-5.027,29679000000.0,3690000000.0,25989000000.0,29679000000.0,0.0,211000000.0,0.0,0.045,0.94,2919000000.0,3130000000.0,0.176,3130000000.0,2919000000.0,2651000000.0,1.18,1.18,1.18,-8613000000.0,,-8613000000.0,155303928814.0,12.0,11.324,459000000.0,0.29,1.0,4543000000.0,0.256,12243000000.0,268000000.0,37779000000.0,,8724000000.0,1460000000.0,0.0,1460000000.0,43294000000.0,13971000000.0,29323000000.0,129779928814.0,-331000000.0,0.0,-1241000000.0,2053000000.0,-1503000000.0,-805000000.0,-208000000.0,0.0,715000000.0,-33000000.0,1875000000.0,1875000000.0,1875000000.0,0.0,41000000.0,0.105,1592000000.0,2951000000.0,1064000000.0,0.797,-15.068,15.587,15.866,6670000000.0,0.0,81.87,1.637,1.637,3408000000.0,28228000000.0,17779000000.0,17779000000.0,0.0,,,,,0.0,1547000000.0,1.0,1585195173.0,1585195173.0,,11.216,23894000000.0,423000000.0,776000000.0,6675000000.0,15.073,854000000.0
30,PM,MRQ,2013-12-31,2013-12-31,2013-12-31,2021-07-27,-4190000000.0,38168000000.0,,16852000000.0,21316000000.0,,-4.847,-379000000.0,2154000000.0,2154000000.0,15203000000.0,2036000000.0,0.987,-5.723,27678000000.0,3655000000.0,24023000000.0,27678000000.0,0.0,223000000.0,0.0,0.041,0.94,3132000000.0,3355000000.0,0.165,3355000000.0,3132000000.0,2880000000.0,1.24,1.24,1.24,-7766000000.0,,-7766000000.0,163014739873.0,12.0,11.561,1941000000.0,1.211,1.0,5187000000.0,0.254,12086000000.0,252000000.0,34540000000.0,,9846000000.0,1536000000.0,0.0,1536000000.0,44442000000.0,17066000000.0,27376000000.0,139596739873.0,-1228000000.0,0.0,-1447000000.0,719000000.0,-1518000000.0,-2312000000.0,-1209000000.0,-762000000.0,2320000000.0,-27000000.0,1987000000.0,1987000000.0,1987000000.0,0.0,49000000.0,0.097,1999000000.0,3188000000.0,1274000000.0,0.758,-17.975,16.278,16.565,6755000000.0,0.0,87.13,1.744,1.744,3853000000.0,27843000000.0,20390000000.0,20390000000.0,0.0,,,,,0.0,1676000000.0,1.0,1602166187.0,1602166187.0,,12.727,26082000000.0,502000000.0,893000000.0,9273000000.0,16.279,-214000000.0
31,PM,MRQ,2013-09-30,2013-09-30,2013-09-30,2021-07-27,-4820000000.0,36795000000.0,,16016000000.0,20779000000.0,,-4.59,-301000000.0,3382000000.0,3382000000.0,15320000000.0,2402000000.0,1.0,-5.748,26800000000.0,4923000000.0,21877000000.0,26800000000.0,0.0,218000000.0,0.0,0.04,0.94,3531000000.0,3749000000.0,0.182,3749000000.0,3531000000.0,3292000000.0,1.44,1.44,1.44,-7429000000.0,,-7429000000.0,162063059111.0,12.0,11.495,3014000000.0,1.862,1.0,5309000000.0,0.257,12467000000.0,239000000.0,31728000000.0,,8026000000.0,665000000.0,0.0,665000000.0,42703000000.0,16018000000.0,26685000000.0,140150059111.0,-204000000.0,0.0,-1488000000.0,1014000000.0,-1387000000.0,-2604000000.0,-980000000.0,-653000000.0,3315000000.0,65000000.0,2340000000.0,2340000000.0,2340000000.0,0.0,62000000.0,0.113,1710000000.0,3599000000.0,1125000000.0,0.653,-18.865,16.139,16.431,6583000000.0,0.0,86.59,1.766,1.766,3659000000.0,27359000000.0,20629000000.0,20629000000.0,0.0,,,,,0.0,1687000000.0,1.0,1618547859.0,1618547859.0,,12.745,24328000000.0,364000000.0,952000000.0,7839000000.0,15.031,-2000000.0
32,PM,MRQ,2013-06-30,2013-06-30,2013-06-30,2021-07-27,-4115000000.0,37140000000.0,,16755000000.0,20385000000.0,,-3.342,-280000000.0,3586000000.0,3586000000.0,15267000000.0,2194000000.0,1.139,-7.514,25499000000.0,3940000000.0,21559000000.0,25499000000.0,0.0,219000000.0,0.0,0.039,0.85,3262000000.0,3481000000.0,0.17,3481000000.0,3262000000.0,3016000000.0,1.3,1.3,1.3,-5466000000.0,,-5466000000.0,163284632365.0,12.0,11.587,2857000000.0,1.747,1.0,5216000000.0,0.255,13001000000.0,246000000.0,31346000000.0,,8217000000.0,0.0,0.0,0.0,41069000000.0,14706000000.0,26363000000.0,141667632365.0,-395000000.0,0.0,-1575000000.0,-189000000.0,-1401000000.0,-3246000000.0,-269000000.0,-3000000.0,3137000000.0,-17000000.0,2124000000.0,2124000000.0,2124000000.0,0.0,70000000.0,0.104,1879000000.0,3337000000.0,1045000000.0,0.654,-25.918,16.529,16.819,6396000000.0,0.0,86.62,1.808,1.808,3964000000.0,26537000000.0,20483000000.0,20483000000.0,0.0,,,,,0.0,1850000000.0,1.0,1635507185.0,1635507185.0,,12.524,24139000000.0,376000000.0,892000000.0,7901000000.0,14.759,2049000000.0
33,PM,MRQ,2013-03-31,2013-03-31,2013-03-31,2021-07-27,-3720000000.0,37418000000.0,,16661000000.0,20757000000.0,,-2.618,-240000000.0,3981000000.0,3981000000.0,13432000000.0,2218000000.0,1.148,-9.307,25598000000.0,4802000000.0,20796000000.0,25598000000.0,0.0,222000000.0,0.0,0.036,0.85,3294000000.0,3516000000.0,0.19,3516000000.0,3294000000.0,3058000000.0,1.28,1.28,1.28,-4314000000.0,,-4314000000.0,172622511886.0,13.0,12.032,1123000000.0,0.682,1.0,5095000000.0,0.275,13362000000.0,236000000.0,31164000000.0,,7976000000.0,0.0,0.0,0.0,40150000000.0,14509000000.0,25641000000.0,152766511886.0,998000000.0,0.0,-1453000000.0,2951000000.0,-1414000000.0,-53000000.0,-222000000.0,0.0,1363000000.0,-90000000.0,2125000000.0,2125000000.0,2125000000.0,0.0,93000000.0,0.115,1704000000.0,3391000000.0,967000000.0,0.664,-35.412,17.431,17.829,6473000000.0,0.0,92.71,1.961,1.961,3591000000.0,25800000000.0,18527000000.0,18527000000.0,0.0,,,,,0.0,1677000000.0,1.0,1647788932.0,1647788932.0,,11.244,24056000000.0,381000000.0,933000000.0,7082000000.0,14.599,2152000000.0
34,PM,MRQ,2012-12-31,2012-12-31,2012-12-31,2021-07-27,-3604000000.0,37670000000.0,,16590000000.0,21080000000.0,,-2.081,-337000000.0,2983000000.0,2983000000.0,14534000000.0,2191000000.0,0.975,-11.37,22839000000.0,5200000000.0,17639000000.0,22839000000.0,0.0,233000000.0,0.0,0.039,0.85,3120000000.0,3353000000.0,0.17,3353000000.0,3120000000.0,2894000000.0,1.25,1.25,1.25,-3476000000.0,,-3476000000.0,157344047651.0,12.0,10.934,1313000000.0,0.786,1.0,5208000000.0,0.264,13519000000.0,226000000.0,26991000000.0,,8949000000.0,24000000.0,0.0,24000000.0,39523000000.0,17016000000.0,22507000000.0,139725047651.0,-1834000000.0,0.0,-1968000000.0,273000000.0,-1431000000.0,-3212000000.0,-301000000.0,-3000000.0,1650000000.0,29000000.0,2095000000.0,2095000000.0,2095000000.0,0.0,96000000.0,0.106,1975000000.0,3233000000.0,1103000000.0,0.68,-40.197,15.878,16.178,6645000000.0,0.0,83.64,1.805,1.805,3589000000.0,25076000000.0,19742000000.0,19742000000.0,0.0,,,,,0.0,1918000000.0,1.0,1670552937.0,1670552937.0,,11.818,24151000000.0,450000000.0,799000000.0,8795000000.0,14.457,-426000000.0
35,PM,MRQ,2012-09-30,2012-09-30,2012-09-30,2021-07-27,-2835000000.0,38309000000.0,,17600000000.0,20709000000.0,,-0.879,-243000000.0,4817000000.0,4817000000.0,14256000000.0,2324000000.0,1.052,-25.789,22436000000.0,4916000000.0,17520000000.0,22436000000.0,0.0,216000000.0,0.0,0.035,0.85,3526000000.0,3742000000.0,0.191,3742000000.0,3526000000.0,3315000000.0,1.32,1.32,1.32,-1481000000.0,,-1481000000.0,168569863842.0,13.0,11.902,2150000000.0,1.275,1.0,5336000000.0,0.272,13554000000.0,211000000.0,25648000000.0,,8243000000.0,0.0,0.0,0.0,38193000000.0,16726000000.0,21467000000.0,151613863842.0,971000000.0,0.0,-1498000000.0,1455000000.0,-1310000000.0,-1400000000.0,-179000000.0,-3000000.0,2393000000.0,157000000.0,2227000000.0,2227000000.0,2227000000.0,0.0,97000000.0,0.114,1713000000.0,3623000000.0,1127000000.0,0.644,-102.373,17.648,17.952,6364000000.0,0.0,89.94,1.981,1.981,3562000000.0,24394000000.0,19592000000.0,19592000000.0,0.0,,,,,0.0,1655000000.0,1.0,1685722302.0,1685722302.0,,11.622,24755000000.0,394000000.0,1088000000.0,8858000000.0,14.685,874000000.0
36,PM,MRQ,2012-06-30,2012-06-30,2012-06-30,2021-07-27,-3376000000.0,35798000000.0,,15561000000.0,20237000000.0,,-0.801,-249000000.0,3846000000.0,3846000000.0,14583000000.0,2407000000.0,0.925,-26.1,20802000000.0,5978000000.0,14824000000.0,20802000000.0,0.0,222000000.0,0.0,0.035,0.77,3514000000.0,3736000000.0,0.186,3736000000.0,3514000000.0,3305000000.0,1.35,1.35,1.35,-1366000000.0,,-1366000000.0,166092453820.0,12.0,11.64,3231000000.0,1.894,1.0,5454000000.0,0.272,13351000000.0,209000000.0,22573000000.0,,7312000000.0,0.0,0.0,0.0,35652000000.0,16830000000.0,18822000000.0,148827453820.0,270000000.0,0.0,-1632000000.0,332000000.0,-1325000000.0,-2705000000.0,-288000000.0,0.0,3480000000.0,-217000000.0,2317000000.0,2317000000.0,2317000000.0,0.0,90000000.0,0.116,1850000000.0,3604000000.0,1019000000.0,0.57,-108.951,17.026,17.348,6161000000.0,0.0,87.26,1.917,1.917,3553000000.0,23599000000.0,20037000000.0,20037000000.0,0.0,,,,,0.0,1817000000.0,1.0,1705563303.0,1705563303.0,,11.748,22447000000.0,415000000.0,988000000.0,8404000000.0,13.161,-1269000000.0
37,PM,MRQ,2012-03-31,2012-03-31,2012-03-31,2021-07-27,-2367000000.0,36399000000.0,,15338000000.0,21061000000.0,,0.065,-227000000.0,3576000000.0,3576000000.0,13016000000.0,2232000000.0,1.004,310.571,20841000000.0,5495000000.0,15346000000.0,20841000000.0,0.0,227000000.0,0.0,0.033,0.77,3332000000.0,3559000000.0,0.197,3559000000.0,3332000000.0,3119000000.0,1.25,1.25,1.25,112000000.0,,112000000.0,168570193379.0,13.0,11.692,1671000000.0,0.97,1.0,5006000000.0,0.278,13840000000.0,213000000.0,24541000000.0,,7311000000.0,0.0,0.0,0.0,34784000000.0,15283000000.0,19501000000.0,152575193379.0,1026000000.0,0.0,-1427000000.0,2117000000.0,-1338000000.0,-783000000.0,-224000000.0,0.0,1898000000.0,135000000.0,2161000000.0,2161000000.0,2161000000.0,0.0,71000000.0,0.12,1603000000.0,3403000000.0,1044000000.0,0.616,1362.279,17.273,17.581,6445000000.0,0.0,88.61,1.96,1.96,3472000000.0,22592000000.0,18022000000.0,18022000000.0,0.0,,,,,0.0,1571000000.0,1.0,1721873303.0,1721873303.0,,10.467,22559000000.0,365000000.0,958000000.0,7402000000.0,13.101,55000000.0
38,PM,MRQ,2011-12-31,2011-12-31,2011-12-31,2021-07-27,-2863000000.0,35488000000.0,,14859000000.0,20629000000.0,,0.132,-329000000.0,2550000000.0,2550000000.0,13897000000.0,1946000000.0,1.004,147.271,18545000000.0,3717000000.0,14828000000.0,18545000000.0,0.0,250000000.0,0.0,0.036,0.77,2876000000.0,3126000000.0,0.166,3126000000.0,2876000000.0,2689000000.0,1.09,1.09,1.09,229000000.0,,229000000.0,150686381656.0,12.0,10.735,632000000.0,0.364,1.0,4979000000.0,0.264,13625000000.0,187000000.0,23064000000.0,,8120000000.0,0.0,0.0,0.0,33725000000.0,14794000000.0,18931000000.0,136318381656.0,-841000000.0,0.0,-1005000000.0,1106000000.0,-1347000000.0,-1284000000.0,-350000000.0,-36000000.0,961000000.0,-168000000.0,1886000000.0,1886000000.0,1886000000.0,0.0,60000000.0,0.1,2033000000.0,2946000000.0,1031000000.0,0.706,595.277,15.868,16.181,6250000000.0,0.0,78.48,1.786,1.786,3201000000.0,21757000000.0,18876000000.0,18876000000.0,0.0,,,,,0.0,1959000000.0,1.0,1736982437.0,1736982437.0,,10.867,21863000000.0,397000000.0,803000000.0,8395000000.0,12.587,65000000.0
39,PM,MRQ,2011-09-30,2011-09-30,2011-09-30,2021-07-27,-1425000000.0,36220000000.0,,15090000000.0,21130000000.0,,1.213,-223000000.0,3391000000.0,3391000000.0,15191000000.0,2461000000.0,0.94,15.289,17759000000.0,4889000000.0,12870000000.0,17759000000.0,0.0,255000000.0,0.0,0.043,0.77,3593000000.0,3848000000.0,0.186,3848000000.0,3593000000.0,3401000000.0,1.34,1.34,1.34,2130000000.0,,2130000000.0,124313541737.0,10.0,8.975,2830000000.0,1.611,1.0,5515000000.0,0.266,13861000000.0,192000000.0,20677000000.0,,7453000000.0,0.0,0.0,0.0,32566000000.0,16050000000.0,16516000000.0,109570541737.0,1213000000.0,-18000000.0,-1445000000.0,1203000000.0,-1133000000.0,-1356000000.0,-261000000.0,0.0,3053000000.0,-223000000.0,2377000000.0,2377000000.0,2377000000.0,0.0,84000000.0,0.115,1838000000.0,3677000000.0,1121000000.0,0.575,51.442,12.956,13.188,6411000000.0,0.0,62.38,1.456,1.456,3242000000.0,21208000000.0,20706000000.0,20706000000.0,0.0,,,,,0.0,1770000000.0,1.0,1756501150.0,1756501150.0,,11.788,22359000000.0,373000000.0,1024000000.0,8515000000.0,12.729,-960000000.0
40,PM,MRQ,2011-06-30,2011-06-30,2011-06-30,2021-07-27,-262000000.0,36794000000.0,,14333000000.0,22461000000.0,,2.063,-186000000.0,2178000000.0,2178000000.0,14805000000.0,2485000000.0,0.971,8.617,16921000000.0,3884000000.0,13037000000.0,16921000000.0,0.0,249000000.0,0.0,0.038,0.64,3636000000.0,3885000000.0,0.192,3885000000.0,3636000000.0,3428000000.0,1.36,1.36,1.36,3669000000.0,,3669000000.0,134274369932.0,11.0,10.33,3934000000.0,2.212,1.0,5429000000.0,0.268,14672000000.0,208000000.0,22102000000.0,,7904000000.0,0.0,0.0,0.0,31614000000.0,14763000000.0,16851000000.0,118744369932.0,856000000.0,-42000000.0,-1594000000.0,-196000000.0,-1149000000.0,-3039000000.0,-246000000.0,0.0,4120000000.0,21000000.0,2409000000.0,2409000000.0,2409000000.0,0.0,76000000.0,0.119,1717000000.0,3712000000.0,1027000000.0,0.471,32.364,15.027,15.244,6793000000.0,0.0,66.77,1.661,1.661,3443000000.0,20178000000.0,20234000000.0,20234000000.0,0.0,,,,,0.0,1692000000.0,1.0,1778409015.0,1778409015.0,,11.378,22122000000.0,363000000.0,1019000000.0,8729000000.0,12.439,-430000000.0
41,PM,MRQ,2011-03-31,2011-03-31,2011-03-31,2021-07-27,-146000000.0,35554000000.0,,13393000000.0,22161000000.0,,2.221,-159000000.0,1322000000.0,1322000000.0,12034000000.0,1987000000.0,0.934,7.526,16852000000.0,4967000000.0,11885000000.0,16852000000.0,0.0,239000000.0,0.0,0.038,0.64,2939000000.0,3178000000.0,0.192,3178000000.0,2939000000.0,2726000000.0,1.06,1.06,1.06,3992000000.0,,3992000000.0,132744741789.0,12.0,10.895,2236000000.0,1.244,1.0,4496000000.0,0.272,14514000000.0,213000000.0,22227000000.0,,8271000000.0,0.0,0.0,0.0,30042000000.0,14343000000.0,15699000000.0,117945741789.0,-381000000.0,-20000000.0,-1253000000.0,-55000000.0,-1159000000.0,-2659000000.0,-175000000.0,0.0,2395000000.0,58000000.0,1919000000.0,1919000000.0,1919000000.0,0.0,68000000.0,0.116,1489000000.0,3007000000.0,964000000.0,0.604,29.546,15.779,16.046,6678000000.0,0.0,65.63,1.718,1.718,2991000000.0,18903000000.0,16530000000.0,16530000000.0,0.0,,,,,0.0,1449000000.0,1.0,1797131522.0,1797131522.0,,9.198,21040000000.0,326000000.0,807000000.0,7449000000.0,11.708,-950000000.0
42,PM,MRQ,2010-12-31,2010-12-31,2010-12-31,2021-07-27,-1140000000.0,35050000000.0,,13756000000.0,21294000000.0,,1.932,-230000000.0,1703000000.0,1703000000.0,13271000000.0,1810000000.0,1.074,8.537,16502000000.0,3132000000.0,13370000000.0,16502000000.0,0.0,255000000.0,0.0,0.042,0.64,2685000000.0,2940000000.0,0.165,2940000000.0,2685000000.0,2469000000.0,0.97,0.96,0.97,3506000000.0,,3506000000.0,120136455242.0,11.0,10.101,1351000000.0,0.745,1.0,4536000000.0,0.255,14034000000.0,216000000.0,23011000000.0,,8317000000.0,0.0,0.0,0.0,29929000000.0,12804000000.0,17125000000.0,106196455242.0,-1804000000.0,-41000000.0,-1107000000.0,-778000000.0,-1169000000.0,-3071000000.0,-264000000.0,0.0,1581000000.0,-50000000.0,1752000000.0,1752000000.0,1752000000.0,0.0,58000000.0,0.098,1793000000.0,2743000000.0,835000000.0,0.66,30.29,14.63,14.893,6499000000.0,0.0,58.53,1.568,1.568,3009000000.0,18133000000.0,17807000000.0,17807000000.0,0.0,,,,,0.0,1743000000.0,1.0,1814393563.0,1814393563.0,,9.814,21016000000.0,371000000.0,717000000.0,7650000000.0,11.583,952000000.0
43,PM,MRQ,2010-09-30,2010-09-30,2010-09-30,2021-07-27,-520000000.0,36879000000.0,,15482000000.0,21397000000.0,,2.473,-164000000.0,3507000000.0,3507000000.0,12612000000.0,1892000000.0,1.129,6.787,17447000000.0,3852000000.0,13595000000.0,17447000000.0,0.0,230000000.0,0.0,0.042,0.64,2766000000.0,2996000000.0,0.177,2996000000.0,2766000000.0,2552000000.0,0.99,0.99,0.99,4532000000.0,,4532000000.0,116324361602.0,11.0,10.047,2253000000.0,1.229,1.0,4324000000.0,0.255,14063000000.0,214000000.0,23043000000.0,,8248000000.0,0.0,0.0,0.0,30757000000.0,13713000000.0,17044000000.0,102677361602.0,1923000000.0,-41000000.0,-956000000.0,1544000000.0,-1071000000.0,-503000000.0,-195000000.0,0.0,2417000000.0,204000000.0,1822000000.0,1822000000.0,1822000000.0,0.0,70000000.0,0.108,1488000000.0,2836000000.0,1064000000.0,0.646,22.656,14.608,14.899,6587000000.0,0.0,56.02,1.534,1.534,3022000000.0,17539000000.0,16936000000.0,16936000000.0,0.0,,,,,0.0,1446000000.0,1.0,1832869718.0,1832869718.0,,9.24,22816000000.0,282000000.0,730000000.0,7552000000.0,12.448,1769000000.0
44,PM,MRQ,2010-06-30,2010-06-30,2010-06-30,2021-07-27,-1301000000.0,33324000000.0,,12924000000.0,20400000000.0,,2.195,-169000000.0,1584000000.0,1584000000.0,12872000000.0,2042000000.0,1.294,6.832,15231000000.0,935000000.0,14296000000.0,15231000000.0,0.0,224000000.0,0.0,0.051,0.58,2846000000.0,3070000000.0,0.177,3070000000.0,2846000000.0,2623000000.0,1.07,1.07,1.07,4065000000.0,,4065000000.0,100049974616.0,9.0,8.634,3296000000.0,1.78,1.0,4511000000.0,0.26,13569000000.0,223000000.0,23413000000.0,,7502000000.0,0.0,0.0,0.0,27774000000.0,9989000000.0,17785000000.0,84889974616.0,734000000.0,-1000000.0,-1092000000.0,-252000000.0,-1085000000.0,-2492000000.0,-147000000.0,0.0,3465000000.0,-92000000.0,1982000000.0,1982000000.0,1982000000.0,0.0,60000000.0,0.114,1605000000.0,2906000000.0,871000000.0,0.542,20.883,12.118,12.423,6162000000.0,0.0,45.84,1.276,1.276,3232000000.0,16888000000.0,17383000000.0,17383000000.0,0.0,,,,,0.0,1582000000.0,1.0,1851875537.0,1851875537.0,,9.387,19755000000.0,296000000.0,641000000.0,7082000000.0,10.668,2935000000.0
45,PM,MRQ,2010-03-31,2010-03-31,2010-03-31,2021-07-27,-553000000.0,34173000000.0,,13078000000.0,21095000000.0,,2.592,-150000000.0,850000000.0,850000000.0,11463000000.0,1754000000.0,1.365,5.703,16010000000.0,1201000000.0,14809000000.0,16010000000.0,0.0,223000000.0,0.0,0.044,0.58,2664000000.0,2887000000.0,0.185,2887000000.0,2664000000.0,2441000000.0,0.9,0.9,0.9,4876000000.0,,4876000000.0,111987031488.0,11.0,10.091,1824000000.0,0.97,1.0,4124000000.0,0.265,13851000000.0,223000000.0,25902000000.0,,8279000000.0,0.0,0.0,0.0,27808000000.0,9580000000.0,18228000000.0,98111031488.0,-690000000.0,0.0,-1646000000.0,424000000.0,-1098000000.0,-2512000000.0,-104000000.0,0.0,1974000000.0,-48000000.0,1703000000.0,1703000000.0,1703000000.0,0.0,51000000.0,0.109,1409000000.0,2715000000.0,956000000.0,0.644,20.121,14.935,15.296,6530000000.0,0.0,52.16,1.524,1.524,3186000000.0,15977000000.0,15587000000.0,15587000000.0,0.0,,,,,0.0,1389000000.0,1.0,1880963027.0,1880963027.0,,8.287,20322000000.0,280000000.0,738000000.0,6246000000.0,10.804,3498000000.0
46,PM,MRQ,2009-12-31,2009-12-31,2009-12-31,2021-07-27,-817000000.0,34552000000.0,,14682000000.0,19870000000.0,,3.001,-232000000.0,1540000000.0,1540000000.0,12837000000.0,1584000000.0,1.313,4.97,15416000000.0,1744000000.0,13672000000.0,15416000000.0,0.0,246000000.0,0.0,0.046,0.58,2379000000.0,2625000000.0,0.154,2625000000.0,2379000000.0,2154000000.0,0.8,0.8,0.8,5716000000.0,,5716000000.0,104435757235.0,11.0,9.776,1233000000.0,0.647,1.0,4171000000.0,0.245,12658000000.0,225000000.0,24592000000.0,,9207000000.0,0.0,0.0,0.0,28407000000.0,11178000000.0,17229000000.0,91786757235.0,-62000000.0,6000000.0,-1321000000.0,1252000000.0,-1115000000.0,-1201000000.0,-330000000.0,0.0,1465000000.0,4000000.0,1522000000.0,1522000000.0,1522000000.0,0.0,62000000.0,0.089,1730000000.0,2441000000.0,670000000.0,0.725,16.058,14.473,14.828,6390000000.0,0.0,48.19,1.479,1.479,3098000000.0,15358000000.0,17008000000.0,17008000000.0,0.0,,,,,0.0,1684000000.0,1.0,1904684732.0,1904684732.0,,8.93,21894000000.0,305000000.0,632000000.0,7203000000.0,11.495,3504000000.0
47,PM,MRQ,2009-09-30,2009-09-30,2009-09-30,2021-07-27,-1019000000.0,33705000000.0,,14277000000.0,19428000000.0,,3.277,-160000000.0,1602000000.0,1602000000.0,12306000000.0,1854000000.0,1.451,4.257,14251000000.0,510000000.0,13741000000.0,14251000000.0,0.0,212000000.0,0.0,0.045,0.58,2794000000.0,3006000000.0,0.181,3006000000.0,2794000000.0,2573000000.0,0.92,0.92,0.92,6340000000.0,,6340000000.0,105757506072.0,11.0,10.139,1686000000.0,0.872,1.0,4267000000.0,0.257,12486000000.0,221000000.0,24030000000.0,,8877000000.0,0.0,0.0,0.0,26991000000.0,9838000000.0,17153000000.0,94285506072.0,-1000000000.0,-226000000.0,-1382000000.0,-107000000.0,-1051000000.0,-2565000000.0,-373000000.0,0.0,1846000000.0,92000000.0,1798000000.0,1798000000.0,1798000000.0,0.0,56000000.0,0.108,1417000000.0,2850000000.0,1040000000.0,0.63,14.872,15.05,15.424,6358000000.0,0.0,48.74,1.564,1.564,3048000000.0,14936000000.0,16573000000.0,16573000000.0,0.0,,,,,0.0,1398000000.0,1.0,1934458475.0,1934458475.0,,8.567,21219000000.0,273000000.0,775000000.0,6714000000.0,10.969,4439000000.0
48,PM,MRQ,2009-06-30,2009-06-30,2009-06-30,2021-07-27,-1719000000.0,33127000000.0,,14731000000.0,18396000000.0,,3.251,-178000000.0,2602000000.0,2602000000.0,11264000000.0,1597000000.0,1.524,4.146,14074000000.0,594000000.0,13480000000.0,14074000000.0,0.0,202000000.0,0.0,0.05,0.54,2378000000.0,2580000000.0,0.17,2580000000.0,2378000000.0,2185000000.0,0.79,0.78,0.79,6377000000.0,,6377000000.0,97259991532.0,10.0,9.297,2968000000.0,1.513,1.0,3949000000.0,0.26,11735000000.0,193000000.0,23198000000.0,,8229000000.0,0.0,0.0,0.0,26440000000.0,9666000000.0,16774000000.0,85563991532.0,241000000.0,0.0,-1387000000.0,-358000000.0,-1072000000.0,-2863000000.0,-207000000.0,0.0,3146000000.0,165000000.0,1546000000.0,1546000000.0,1546000000.0,0.0,51000000.0,0.102,1520000000.0,2429000000.0,774000000.0,0.684,13.418,13.069,13.422,6121000000.0,0.0,43.62,1.401,1.401,3171000000.0,14251000000.0,15213000000.0,15213000000.0,0.0,,,,,0.0,1498000000.0,1.0,1961577064.0,1961577064.0,,7.755,21392000000.0,284000000.0,639000000.0,6818000000.0,10.906,5065000000.0
49,PM,MRQ,2009-03-31,2009-03-31,2009-03-31,2021-07-27,-2969000000.0,30744000000.0,,13640000000.0,17104000000.0,,2.947,-145000000.0,2361000000.0,2361000000.0,9660000000.0,1517000000.0,1.677,4.164,14057000000.0,913000000.0,13144000000.0,14057000000.0,0.0,193000000.0,0.0,0.058,0.54,2279000000.0,2472000000.0,0.186,2472000000.0,2279000000.0,2121000000.0,0.74,0.74,0.74,5906000000.0,,5906000000.0,81730537193.0,8.0,7.69,1282000000.0,0.64,1.0,3626000000.0,0.273,10815000000.0,158000000.0,23490000000.0,,7824000000.0,0.0,0.0,0.0,24592000000.0,8135000000.0,16457000000.0,71300537193.0,830000000.0,-209000000.0,-1358000000.0,2345000000.0,-1089000000.0,-282000000.0,-188000000.0,0.0,1427000000.0,-127000000.0,1476000000.0,1476000000.0,1476000000.0,0.0,41000000.0,0.111,1306000000.0,2320000000.0,765000000.0,0.73,12.073,10.653,10.881,5752000000.0,0.0,35.58,1.139,1.139,2602000000.0,13758000000.0,13286000000.0,13286000000.0,0.0,,,,,0.0,1290000000.0,1.0,2003949893.0,2003949893.0,,6.63,19929000000.0,288000000.0,645000000.0,5219000000.0,9.945,5505000000.0
50,PM,MRQ,2008-12-31,2008-12-31,2008-12-31,2021-07-27,-2281000000.0,32972000000.0,,14939000000.0,18033000000.0,,3.707,-275000000.0,1531000000.0,1531000000.0,11300000000.0,1515000000.0,1.473,3.342,11961000000.0,584000000.0,11377000000.0,11961000000.0,0.0,217000000.0,0.0,0.035,0.54,2156000000.0,2373000000.0,0.156,2373000000.0,2156000000.0,2050000000.0,0.71,0.71,0.71,7500000000.0,,7500000000.0,96366203901.0,10.0,8.898,558000000.0,0.276,1.0,3918000000.0,0.257,11099000000.0,106000000.0,22159000000.0,,9664000000.0,0.0,0.0,0.0,25068000000.0,10144000000.0,14924000000.0,88022203901.0,-1272000000.0,-9000000.0,-841000000.0,780000000.0,-1104000000.0,-1242000000.0,-309000000.0,0.0,833000000.0,-554000000.0,1445000000.0,1445000000.0,1445000000.0,0.0,70000000.0,0.095,1692000000.0,2226000000.0,1013000000.0,0.761,11.736,12.775,13.105,6348000000.0,0.0,43.51,1.383,1.383,2848000000.0,13354000000.0,15218000000.0,15218000000.0,0.0,,,,,0.0,1677000000.0,1.0,2023033875.0,2023033875.0,,7.522,21873000000.0,322000000.0,605000000.0,6569000000.0,10.812,4795000000.0
51,PM,MRQ,2008-09-30,2008-09-30,2008-09-30,2021-07-27,1356000000.0,35305000000.0,,15306000000.0,19999000000.0,,5.643,-250000000.0,2803000000.0,2803000000.0,12893000000.0,2154000000.0,1.343,2.035,11147000000.0,1949000000.0,9198000000.0,11147000000.0,0.0,221000000.0,0.0,0.021,0.54,2816000000.0,3037000000.0,0.175,3037000000.0,2816000000.0,2747000000.0,1.01,1.01,1.01,11632000000.0,,11632000000.0,104439154343.0,11.0,9.809,1753000000.0,0.85,1.0,4472000000.0,0.258,12408000000.0,69000000.0,19845000000.0,,8855000000.0,0.0,0.0,0.0,23673000000.0,11396000000.0,12277000000.0,99144154343.0,-225000000.0,-1625000000.0,-2417000000.0,3068000000.0,-956000000.0,-450000000.0,-1879000000.0,0.0,2003000000.0,101000000.0,2080000000.0,2080000000.0,2080000000.0,0.0,74000000.0,0.12,1582000000.0,2890000000.0,2342000000.0,0.535,8.523,14.516,14.755,6696000000.0,0.0,48.1,1.594,1.594,2975000000.0,13007000000.0,17365000000.0,17365000000.0,0.0,,,,,0.0,1556000000.0,1.0,2061209030.0,2061209030.0,,8.425,22897000000.0,257000000.0,667000000.0,6521000000.0,11.109,3910000000.0
52,PM,MRQ,2008-06-30,2008-06-30,2008-06-30,2021-07-27,2229000000.0,34318000000.0,,15750000000.0,18568000000.0,,6.574,-273000000.0,3028000000.0,3028000000.0,12456000000.0,1757000000.0,1.377,1.475,8323000000.0,2052000000.0,6271000000.0,8323000000.0,0.0,203000000.0,0.0,0.009,0.46,2543000000.0,2746000000.0,0.164,2746000000.0,2543000000.0,2482000000.0,0.81,0.8,0.81,13867000000.0,,13867000000.0,110487970700.0,12.0,10.81,3243000000.0,1.537,1.0,4247000000.0,0.254,10700000000.0,61000000.0,17475000000.0,,9003000000.0,0.0,0.0,0.0,20451000000.0,11438000000.0,9013000000.0,104178970700.0,1797000000.0,0.0,-1880000000.0,714000000.0,0.0,-1076000000.0,-656000000.0,0.0,3516000000.0,13000000.0,1692000000.0,1692000000.0,1692000000.0,0.0,65000000.0,0.101,1639000000.0,2608000000.0,2123000000.0,0.568,7.513,16.089,16.088,7044000000.0,0.0,49.39,1.763,1.763,3093000000.0,12032000000.0,16703000000.0,16703000000.0,0.0,,,,,0.0,1584000000.0,1.0,2109313033.0,2109313033.0,,7.919,23618000000.0,277000000.0,790000000.0,6731000000.0,11.197,4312000000.0
53,PM,MRQ,2008-03-31,2008-03-31,2008-03-31,2021-07-27,1844000000.0,31532000000.0,,13633000000.0,17899000000.0,,7.006,-301000000.0,1231000000.0,1231000000.0,10614000000.0,1724000000.0,1.844,1.134,7540000000.0,897000000.0,6643000000.0,7540000000.0,0.0,201000000.0,0.0,0.0,0.0,2473000000.0,2674000000.0,0.186,2674000000.0,2473000000.0,2398000000.0,0.79,0.79,0.79,14778000000.0,,14778000000.0,111340053209.0,12.0,11.357,1282000000.0,0.608,1.0,3740000000.0,0.261,10169000000.0,75000000.0,20279000000.0,,9020000000.0,0.0,0.0,0.0,16754000000.0,7393000000.0,9361000000.0,106689053209.0,-270000000.0,-29000000.0,0.0,1145000000.0,0.0,-1410000000.0,-317000000.0,0.0,1583000000.0,-126000000.0,1673000000.0,1673000000.0,1673000000.0,0.0,51000000.0,0.117,1216000000.0,2524000000.0,828000000.0,0.0,7.219,17.027,17.088,6877000000.0,0.0,50.58,1.894,1.894,2786000000.0,11296000000.0,14354000000.0,14354000000.0,0.0,,,,,0.0,1184000000.0,1.0,2109313033.0,2109313033.0,,6.805,21363000000.0,266000000.0,725000000.0,5335000000.0,10.128,6240000000.0
54,PM,MRQ,2007-12-31,2007-12-31,2007-12-31,2021-07-27,1688000000.0,31777000000.0,,14786000000.0,16991000000.0,,7.393,-358000000.0,1501000000.0,1501000000.0,10402000000.0,1661000000.0,1.827,1.038,6069000000.0,491000000.0,5578000000.0,6069000000.0,0.0,218000000.0,0.0,,0.0,1972000000.0,2190000000.0,0.159,2190000000.0,1972000000.0,1959000000.0,0.65,0.65,0.65,15595000000.0,,15595000000.0,,,,-126000000.0,-0.06,1.0,3393000000.0,0.246,9831000000.0,13000000.0,18423000000.0,,9371000000.0,0.0,0.0,0.0,16182000000.0,8091000000.0,8091000000.0,,-1796000000.0,-1010000000.0,0.0,2485000000.0,0.0,-802000000.0,-1408000000.0,0.0,232000000.0,182000000.0,1385000000.0,1385000000.0,1385000000.0,0.0,276000000.0,0.1,1394000000.0,1999000000.0,819000000.0,0.0,,,,6435000000.0,0.0,,,,3356000000.0,12642000000.0,13795000000.0,13795000000.0,0.0,,,,,0.0,1329000000.0,1.0,2109313033.0,2109313033.0,,6.54,21946000000.0,302000000.0,574000000.0,6396000000.0,10.404,6695000000.0
55,PM,MRQ,2007-09-30,2007-09-30,2007-09-30,2021-07-27,,,,,,,,-256000000.0,,,10545000000.0,1725000000.0,,,,,,,,192000000.0,,,0.0,2419000000.0,2611000000.0,0.183,2611000000.0,2419000000.0,2435000000.0,0.82,0.82,0.82,,,,,,,844000000.0,0.4,1.0,3687000000.0,0.259,,-16000000.0,,,,,,,,,,,-120000000.0,-12000000.0,0.0,218000000.0,0.0,-1003000000.0,-330000000.0,0.0,1100000000.0,113000000.0,1725000000.0,1725000000.0,1725000000.0,0.0,0.0,0.121,1192000000.0,2495000000.0,,0.0,,,,,0.0,,,,,,14232000000.0,14232000000.0,0.0,,,,,0.0,1171000000.0,1.0,2109313033.0,2109313033.0,,6.747,,,710000000.0,,,
56,PM,MRQ,2007-06-30,2007-06-30,2007-06-30,2021-07-27,,,,,,,,-228000000.0,,,10357000000.0,1483000000.0,,,,,,,,175000000.0,,,0.0,2154000000.0,2329000000.0,0.167,2329000000.0,2154000000.0,2151000000.0,0.7,0.7,0.7,,,,,,,2979000000.0,1.412,1.0,3591000000.0,0.257,,3000000.0,,,,,,,,,,,1937000000.0,-28000000.0,0.0,-304000000.0,0.0,-1055000000.0,-252000000.0,0.0,3207000000.0,37000000.0,1483000000.0,1483000000.0,1483000000.0,0.0,0.0,0.106,1374000000.0,2217000000.0,,0.0,,,,,0.0,,,,,,13948000000.0,13948000000.0,0.0,,,,,0.0,1292000000.0,1.0,2109313033.0,2109313033.0,,6.613,,,668000000.0,,,
57,PM,MRQ,2007-03-31,2007-03-31,2007-03-31,2021-07-27,,,,,,,,-230000000.0,,,9840000000.0,1445000000.0,,,,,,,,163000000.0,,,0.0,2073000000.0,2236000000.0,0.169,2236000000.0,2073000000.0,2063000000.0,0.69,0.69,0.69,,,,,,,781000000.0,0.37,1.0,3428000000.0,0.258,,10000000.0,,,,,,,,,,,-305000000.0,-382000000.0,0.0,542000000.0,0.0,-734000000.0,-596000000.0,0.0,1011000000.0,14000000.0,1445000000.0,1445000000.0,1445000000.0,0.0,0.0,0.109,1297000000.0,2131000000.0,,0.0,,,,,0.0,,,,,,13268000000.0,13268000000.0,0.0,,,,,0.0,1229000000.0,1.0,2109313033.0,2109313033.0,,6.29,,,618000000.0,,,
58,PM,MRQ,2006-12-31,2006-12-31,2006-12-31,2021-07-27,476000000.0,26120000000.0,,11925000000.0,14195000000.0,,6.764,,1676000000.0,1676000000.0,,,1.706,0.831,2786000000.0,564000000.0,2222000000.0,2786000000.0,0.0,,0.0,,0.0,,,,,,,,,,14267000000.0,,14267000000.0,,,,,,1.0,,,7824000000.0,,12417000000.0,,7075000000.0,0.0,0.0,0.0,11853000000.0,6989000000.0,4864000000.0,,,,,,,,,,,,,,,,,,,,672000000.0,,,,,5238000000.0,,,,,2748000000.0,12526000000.0,,,,,,,,,,1.0,2109313033.0,2109313033.0,,,18296000000.0,263000000.0,,5439000000.0,8.674,4936000000.0
59,PM,MRQ,2005-12-31,2005-12-31,2005-12-31,2021-07-27,-118000000.0,23135000000.0,,10025000000.0,13110000000.0,,,,1209000000.0,1209000000.0,,,1.583,1.245,4909000000.0,768000000.0,4141000000.0,4909000000.0,0.0,,0.0,,0.0,,,,,,,,,,10307000000.0,,10307000000.0,,,,,,1.0,,,6970000000.0,,13531000000.0,,5420000000.0,0.0,0.0,0.0,12828000000.0,6334000000.0,6494000000.0,,,,,,,,,,,,,,,,,,,,669000000.0,,,,,4603000000.0,,,,,2591000000.0,9160000000.0,,,,,,,,,,1.0,,,,,16165000000.0,286000000.0,,4428000000.0,,3691000000.0
0,PM,MRT,2021-06-30,2021-06-30,2021-06-30,2021-07-27,-10665000000.0,40686000000.0,41108500000.0,18743000000.0,21943000000.0,1.94,-7.13,-599000000.0,4915000000.0,4915000000.0,59297000000.0,9449000000.0,1.18,-4.489,29158000000.0,1744000000.0,27414000000.0,29158000000.0,0.0,995000000.0,0.0,0.048,4.8,12124000000.0,13119000000.0,0.164,13119000000.0,12124000000.0,11469000000.0,5.68,5.67,5.68,-11113000000.0,-11830000000.0,-11113000000.0,179962601773.0,15.0,13.718,10242000000.0,6.572,1.0,20454000000.0,0.256,7800000000.0,655000000.0,41245000000.0,41445750000.0,8690000000.0,4633000000.0,0.0,4633000000.0,49886000000.0,15884000000.0,34002000000.0,154466601773.0,713000000.0,-24000000.0,0.0,-1002000000.0,-7458000000.0,-9116000000.0,-1148000000.0,-625000000.0,10841000000.0,136000000.0,8873000000.0,8873000000.0,8873000000.0,0.0,576000000.0,0.111,7733000000.0,12721000000.0,2630000000.0,0.845,-13.9,17.409,17.449,5975000000.0,0.0,99.11,1.937,1.937,4445000000.0,32465000000.0,79751000000.0,79751000000.0,0.0,0.216,-0.75,0.293,0.152,0.0,7660000000.0,1.0,1558536997.0,1558536997.0,,51.17,32886000000.0,1112000000.0,2596000000.0,8558000000.0,21.101,2859000000.0
1,PM,MRT,2021-03-31,2021-03-31,2021-03-31,2021-07-27,-10746000000.0,39804000000.0,40727500000.0,17910000000.0,21894000000.0,1.894,-7.415,-611000000.0,3902000000.0,3902000000.0,57464000000.0,9200000000.0,1.177,-4.276,29398000000.0,2122000000.0,27276000000.0,29398000000.0,0.0,985000000.0,0.0,0.054,4.77,11782000000.0,12767000000.0,0.165,12767000000.0,11782000000.0,11126000000.0,5.54,5.54,5.54,-11548000000.0,-12051000000.0,-11548000000.0,162464277701.0,14.0,12.725,8525000000.0,5.474,1.0,19685000000.0,0.255,7720000000.0,656000000.0,42365000000.0,41433750000.0,9019000000.0,4637000000.0,0.0,4637000000.0,49378000000.0,15215000000.0,34163000000.0,138208277701.0,156000000.0,3000000.0,0.0,482000000.0,-7415000000.0,-7596000000.0,-1613000000.0,-1084000000.0,9136000000.0,229000000.0,8648000000.0,8648000000.0,8648000000.0,0.0,552000000.0,0.112,7362000000.0,12323000000.0,2537000000.0,0.861,-11.968,15.982,16.018,5952000000.0,0.0,88.74,1.791,1.791,4087000000.0,32178000000.0,77149000000.0,77149000000.0,0.0,0.212,-0.718,0.284,0.153,0.0,7289000000.0,1.0,1557451856.0,1557451856.0,,49.535,32084000000.0,1070000000.0,2478000000.0,7995000000.0,20.6,2695000000.0
2,PM,MRT,2020-12-31,2020-12-31,2020-12-31,2021-07-27,-11181000000.0,44815000000.0,40150000000.0,21492000000.0,23323000000.0,1.894,-8.07,-602000000.0,7280000000.0,7280000000.0,56922000000.0,8592000000.0,1.096,-4.412,31536000000.0,3368000000.0,28168000000.0,31536000000.0,0.0,981000000.0,0.0,0.057,4.74,11051000000.0,12032000000.0,0.158,12032000000.0,11051000000.0,10433000000.0,5.16,5.16,5.16,-12567000000.0,-12400000000.0,-12567000000.0,153599186424.0,14.0,12.766,9210000000.0,5.914,1.0,19125000000.0,0.251,7983000000.0,618000000.0,41473000000.0,40442500000.0,9591000000.0,4798000000.0,0.0,4798000000.0,55446000000.0,19615000000.0,35831000000.0,128930186424.0,420000000.0,0.0,0.0,-356000000.0,-7364000000.0,-8496000000.0,-1154000000.0,-598000000.0,9812000000.0,258000000.0,8056000000.0,8056000000.0,8056000000.0,0.0,536000000.0,0.106,7457000000.0,11668000000.0,2780000000.0,0.919,-10.259,16.004,16.045,6365000000.0,0.0,82.79,1.695,1.695,3761000000.0,31638000000.0,76047000000.0,76047000000.0,0.0,0.201,-0.65,0.273,0.145,0.0,7384000000.0,1.0,1557315937.0,1557315937.0,,48.832,36832000000.0,1410000000.0,2377000000.0,10687000000.0,23.651,1877000000.0
3,PM,MRT,2020-09-30,2020-09-30,2020-09-30,2021-07-27,-10567000000.0,39129000000.0,39665000000.0,17453000000.0,21676000000.0,1.925,-7.765,-618000000.0,4821000000.0,4821000000.0,57177000000.0,8255000000.0,1.124,-4.083,29490000000.0,2144000000.0,27346000000.0,29490000000.0,0.0,964000000.0,0.0,0.063,4.71,10673000000.0,11637000000.0,0.152,11637000000.0,10673000000.0,10083000000.0,4.93,4.93,4.93,-12092000000.0,-12152500000.0,-12092000000.0,142208979951.0,13.0,12.22,9356000000.0,6.008,1.0,19188000000.0,0.251,7573000000.0,590000000.0,40700000000.0,40138000000.0,8160000000.0,4579000000.0,0.0,4579000000.0,49374000000.0,15525000000.0,33849000000.0,116780979951.0,-1684000000.0,31000000.0,0.0,-2979000000.0,-7310000000.0,-10990000000.0,-752000000.0,-215000000.0,9974000000.0,84000000.0,7696000000.0,7696000000.0,7696000000.0,0.0,559000000.0,0.101,7919000000.0,11269000000.0,2155000000.0,0.955,-9.658,15.174,15.211,6134000000.0,0.0,74.99,1.529,1.529,3712000000.0,31537000000.0,76365000000.0,76365000000.0,0.0,0.194,-0.633,0.266,0.14,0.0,7848000000.0,1.0,1557287371.0,1557287371.0,,49.037,31556000000.0,1225000000.0,2387000000.0,8631000000.0,20.263,1928000000.0
4,PM,MRT,2020-06-30,2020-06-30,2020-06-30,2021-07-27,-10009000000.0,39162000000.0,40237750000.0,17776000000.0,21386000000.0,1.896,-7.705,-660000000.0,4200000000.0,4200000000.0,57106000000.0,7864000000.0,1.126,-4.108,29628000000.0,2585000000.0,27043000000.0,29628000000.0,0.0,962000000.0,0.0,0.067,4.68,10226000000.0,11188000000.0,0.147,11188000000.0,10226000000.0,9667000000.0,4.67,4.67,4.67,-11997000000.0,-11882000000.0,-11997000000.0,133716495432.0,13.0,11.952,7783000000.0,4.998,1.0,19195000000.0,0.252,7601000000.0,559000000.0,41197000000.0,40182000000.0,8968000000.0,4516000000.0,0.0,4516000000.0,49282000000.0,15792000000.0,33490000000.0,109092495432.0,194000000.0,28000000.0,0.0,-212000000.0,-7262000000.0,-8009000000.0,-196000000.0,410000000.0,8443000000.0,-44000000.0,7285000000.0,7285000000.0,7285000000.0,0.0,579000000.0,0.095,8381000000.0,10814000000.0,1991000000.0,1.002,-9.093,14.975,15.002,6184000000.0,0.0,70.06,1.43,1.43,3944000000.0,31103000000.0,76301000000.0,76301000000.0,0.0,0.181,-0.613,0.254,0.134,0.0,8313000000.0,1.0,1557129538.0,1557129538.0,,49.001,31561000000.0,1159000000.0,2382000000.0,8981000000.0,20.269,1984000000.0
5,PM,MRT,2020-03-31,2020-03-31,2020-03-31,2021-07-27,-10774000000.0,37494000000.0,40428000000.0,16861000000.0,20633000000.0,1.941,-8.319,-698000000.0,3746000000.0,3746000000.0,58712000000.0,8251000000.0,1.017,-3.751,28370000000.0,3371000000.0,24999000000.0,28370000000.0,0.0,965000000.0,0.0,0.064,4.65,10669000000.0,11634000000.0,0.148,11634000000.0,10669000000.0,10122000000.0,4.91,4.91,4.91,-12944000000.0,-11682500000.0,-12944000000.0,137703334413.0,13.0,11.836,9262000000.0,5.953,1.0,19757000000.0,0.252,7134000000.0,547000000.0,38400000000.0,39832750000.0,9045000000.0,4390000000.0,0.0,4390000000.0,48557000000.0,16584000000.0,31973000000.0,113519334413.0,664000000.0,24000000.0,0.0,-1747000000.0,-7209000000.0,-9459000000.0,299000000.0,946000000.0,9960000000.0,-136000000.0,7657000000.0,7657000000.0,7657000000.0,0.0,594000000.0,0.098,8487000000.0,11270000000.0,2073000000.0,0.947,-8.77,14.826,14.859,6107000000.0,0.0,72.96,1.447,1.447,3334000000.0,30984000000.0,78469000000.0,78469000000.0,0.0,0.189,-0.655,0.268,0.136,0.0,8422000000.0,1.0,1555911930.0,1555911930.0,,50.433,30360000000.0,1113000000.0,2465000000.0,9283000000.0,19.513,277000000.0
6,PM,MRT,2019-12-31,2019-12-31,2019-12-31,2021-07-27,-9363000000.0,42875000000.0,40565000000.0,20514000000.0,22361000000.0,1.921,-7.441,-852000000.0,6861000000.0,6861000000.0,58629000000.0,7728000000.0,1.089,-4.533,31045000000.0,4389000000.0,26656000000.0,31045000000.0,0.0,964000000.0,0.0,0.054,4.62,10048000000.0,11012000000.0,0.141,11012000000.0,10048000000.0,9478000000.0,4.61,4.61,4.61,-11577000000.0,-11438500000.0,-11577000000.0,157698371501.0,16.0,14.321,9238000000.0,5.937,1.0,19292000000.0,0.248,7971000000.0,570000000.0,40255000000.0,39941500000.0,9235000000.0,4635000000.0,0.0,4635000000.0,52474000000.0,18833000000.0,33641000000.0,132389371501.0,245000000.0,-1346000000.0,0.0,-543000000.0,-7161000000.0,-8061000000.0,-1811000000.0,355000000.0,10090000000.0,27000000.0,7185000000.0,7185000000.0,7185000000.0,0.0,543000000.0,0.092,8761000000.0,10531000000.0,2299000000.0,1.002,-11.436,18.426,18.458,6631000000.0,0.0,85.09,1.699,1.699,3717000000.0,30987000000.0,77921000000.0,77921000000.0,0.0,0.177,-0.628,0.252,0.129,0.0,8695000000.0,1.0,1555874621.0,1555874621.0,,50.082,34904000000.0,1153000000.0,2293000000.0,9984000000.0,22.434,1681000000.0
7,PM,MRT,2019-09-30,2019-09-30,2019-09-30,2021-07-27,-8966000000.0,41420000000.0,39796500000.0,19575000000.0,21845000000.0,1.958,-7.077,-1030000000.0,6507000000.0,6507000000.0,58855000000.0,7949000000.0,1.085,-4.594,31816000000.0,5390000000.0,26426000000.0,31816000000.0,0.0,964000000.0,0.0,0.06,4.59,10259000000.0,11223000000.0,0.144,11223000000.0,10259000000.0,9700000000.0,4.81,4.81,4.81,-11010000000.0,-11659000000.0,-11010000000.0,144015919962.0,14.0,12.832,8158000000.0,5.243,1.0,19075000000.0,0.245,7808000000.0,559000000.0,40876000000.0,39455000000.0,8529000000.0,4499000000.0,0.0,4499000000.0,50575000000.0,18045000000.0,32530000000.0,118134919962.0,598000000.0,-1336000000.0,0.0,687000000.0,-7111000000.0,-6849000000.0,-1461000000.0,842000000.0,9188000000.0,-280000000.0,7479000000.0,7479000000.0,7479000000.0,0.0,470000000.0,0.096,8348000000.0,10727000000.0,1704000000.0,0.954,-10.73,15.796,15.786,6636000000.0,0.0,75.93,1.516,1.516,3729000000.0,31197000000.0,77930000000.0,77930000000.0,0.0,0.188,-0.641,0.26,0.132,0.0,8279000000.0,1.0,1555839852.0,1555839852.0,,50.089,33612000000.0,968000000.0,2221000000.0,9098000000.0,21.604,1530000000.0
8,PM,MRT,2019-06-30,2019-06-30,2019-06-30,2021-07-27,-9051000000.0,39923000000.0,39286500000.0,17163000000.0,22760000000.0,1.985,-7.198,-1164000000.0,4008000000.0,4008000000.0,59065000000.0,8244000000.0,0.951,-4.405,29889000000.0,5031000000.0,24858000000.0,29889000000.0,0.0,973000000.0,0.0,0.058,4.56,10679000000.0,11652000000.0,0.149,11652000000.0,10679000000.0,10107000000.0,5.03,5.03,5.03,-11199000000.0,-11836500000.0,-11199000000.0,149360194748.0,14.0,12.818,7624000000.0,4.9,1.0,18924000000.0,0.243,7958000000.0,572000000.0,39800000000.0,39255750000.0,8255000000.0,4665000000.0,0.0,4665000000.0,49332000000.0,18046000000.0,31286000000.0,122177194748.0,-2609000000.0,-1344000000.0,0.0,-1637000000.0,-7110000000.0,-9191000000.0,-2064000000.0,392000000.0,8788000000.0,-142000000.0,7830000000.0,7830000000.0,7830000000.0,0.0,414000000.0,0.1,7829000000.0,11095000000.0,1708000000.0,0.907,-10.91,15.604,15.612,6917000000.0,0.0,78.53,1.567,1.567,4074000000.0,31128000000.0,77989000000.0,77989000000.0,0.0,0.199,-0.662,0.272,0.137,0.0,7755000000.0,1.0,1555802811.0,1555802811.0,,50.128,31965000000.0,1042000000.0,2277000000.0,9850000000.0,20.546,-883000000.0
9,PM,MRT,2019-03-31,2019-03-31,2019-03-31,2021-07-27,-9237000000.0,38042000000.0,39486000000.0,15741000000.0,22301000000.0,2.003,-7.699,-1395000000.0,3081000000.0,3081000000.0,60230000000.0,8103000000.0,0.852,-4.03,30264000000.0,7133000000.0,23131000000.0,30264000000.0,0.0,987000000.0,0.0,0.052,4.56,10609000000.0,11596000000.0,0.147,11596000000.0,10609000000.0,10019000000.0,4.95,4.95,4.95,-11968000000.0,-12015500000.0,-11968000000.0,162575710166.0,15.0,14.02,7944000000.0,5.11,1.0,18872000000.0,0.239,7904000000.0,590000000.0,38835000000.0,38983250000.0,8318000000.0,4578000000.0,0.0,4578000000.0,48227000000.0,18486000000.0,29741000000.0,137409710166.0,-4145000000.0,-1352000000.0,0.0,-3647000000.0,-7006000000.0,-11064000000.0,-1576000000.0,1109000000.0,9339000000.0,-844000000.0,7709000000.0,7709000000.0,7709000000.0,0.0,394000000.0,0.097,7871000000.0,11001000000.0,1812000000.0,0.921,-11.481,17.825,17.857,6894000000.0,0.0,88.39,1.737,1.737,3535000000.0,30588000000.0,79102000000.0,79102000000.0,0.0,0.195,-0.642,0.272,0.134,0.0,7792000000.0,1.0,1554584344.0,1554584344.0,,50.883,30138000000.0,951000000.0,2310000000.0,8376000000.0,19.387,-2745000000.0
10,PM,MRT,2018-12-31,2018-12-31,2018-12-31,2021-07-27,-10111000000.0,39801000000.0,40743000000.0,19442000000.0,20359000000.0,1.959,-8.015,-1436000000.0,6593000000.0,6593000000.0,60956000000.0,8286000000.0,1.131,-4.057,31759000000.0,4784000000.0,26975000000.0,31759000000.0,0.0,989000000.0,0.0,0.067,4.49,11021000000.0,12010000000.0,0.15,12010000000.0,11021000000.0,10356000000.0,5.08,5.08,5.08,-12459000000.0,-12111000000.0,-12459000000.0,129666015631.0,12.0,10.797,8042000000.0,5.173,1.0,18867000000.0,0.236,9467000000.0,665000000.0,38309000000.0,40001500000.0,8804000000.0,1269000000.0,0.0,1269000000.0,50540000000.0,17191000000.0,33349000000.0,103780015631.0,-1856000000.0,0.0,0.0,-2229000000.0,-6885000000.0,-9651000000.0,-998000000.0,353000000.0,9478000000.0,-685000000.0,7911000000.0,7911000000.0,7911000000.0,0.0,375000000.0,0.099,7490000000.0,11377000000.0,2068000000.0,0.884,-8.33,13.118,13.142,7201000000.0,0.0,66.76,1.3,1.3,3564000000.0,31014000000.0,79823000000.0,79823000000.0,0.0,0.194,-0.653,0.276,0.138,0.0,7408000000.0,1.0,1554523901.0,1554523901.0,,51.349,30334000000.0,977000000.0,2445000000.0,8955000000.0,19.513,2251000000.0
11,PM,MRT,2018-09-30,2018-09-30,2018-09-30,2021-07-27,-9199000000.0,39380000000.0,41534750000.0,18538000000.0,20842000000.0,1.963,-7.539,-1655000000.0,5880000000.0,5880000000.0,62108000000.0,7079000000.0,1.188,-4.208,31766000000.0,3587000000.0,28179000000.0,31766000000.0,0.0,977000000.0,0.0,0.054,4.42,11653000000.0,12630000000.0,0.155,12630000000.0,11653000000.0,10854000000.0,4.3,4.3,4.3,-11720000000.0,-12017750000.0,-11720000000.0,151832488141.0,13.0,12.022,8322000000.0,5.353,1.0,19442000000.0,0.238,9588000000.0,799000000.0,40079000000.0,41124250000.0,8440000000.0,1361000000.0,0.0,1361000000.0,49322000000.0,15599000000.0,33723000000.0,126754488141.0,-1822000000.0,-112000000.0,0.0,-2184000000.0,-6776000000.0,-9441000000.0,-1925000000.0,-196000000.0,9977000000.0,-433000000.0,6695000000.0,6695000000.0,6695000000.0,0.0,384000000.0,0.082,7371000000.0,12071000000.0,1662000000.0,1.028,-10.815,18.933,18.963,7138000000.0,0.0,81.54,1.554,1.554,3522000000.0,30877000000.0,81550000000.0,81550000000.0,0.0,0.161,-0.557,0.283,0.143,0.0,7285000000.0,1.0,1554506845.0,1554506845.0,,52.46,29792000000.0,990000000.0,4159000000.0,9208000000.0,19.165,2939000000.0
12,PM,MRT,2018-06-30,2018-06-30,2018-06-30,2021-07-27,-8908000000.0,40721000000.0,42177500000.0,20028000000.0,20693000000.0,1.938,-7.665,-1762000000.0,6587000000.0,6587000000.0,62455000000.0,6783000000.0,1.148,-4.271,31665000000.0,3617000000.0,28048000000.0,31665000000.0,0.0,956000000.0,0.0,0.054,4.35,11575000000.0,12531000000.0,0.153,12531000000.0,11575000000.0,10698000000.0,4.13,4.13,4.13,-11915000000.0,-11939500000.0,-11915000000.0,153156208556.0,13.0,12.222,8452000000.0,5.437,1.0,19294000000.0,0.236,9648000000.0,877000000.0,38710000000.0,40995250000.0,8925000000.0,1352000000.0,0.0,1352000000.0,50889000000.0,17441000000.0,33448000000.0,125508208556.0,335000000.0,-122000000.0,0.0,-125000000.0,-6616000000.0,-7193000000.0,-2522000000.0,-773000000.0,10214000000.0,-164000000.0,6418000000.0,6418000000.0,6418000000.0,0.0,365000000.0,0.079,7291000000.0,12003000000.0,1953000000.0,1.053,-10.534,19.556,19.55,7113000000.0,0.0,80.74,1.535,1.535,3772000000.0,30406000000.0,81749000000.0,81749000000.0,0.0,0.152,-0.538,0.282,0.142,0.0,7204000000.0,1.0,1554473725.0,1554473725.0,,52.59,31073000000.0,909000000.0,4280000000.0,10661000000.0,19.989,2587000000.0
13,PM,MRT,2018-03-31,2018-03-31,2018-03-31,2021-07-27,-8883000000.0,43070000000.0,41662250000.0,20593000000.0,22477000000.0,1.919,-7.951,-1621000000.0,7200000000.0,7200000000.0,61258000000.0,6330000000.0,1.164,-4.336,34848000000.0,5270000000.0,29578000000.0,34848000000.0,0.0,920000000.0,0.0,0.043,4.25,11248000000.0,12168000000.0,0.152,12168000000.0,11248000000.0,10326000000.0,3.86,3.86,3.86,-12350000000.0,-11962750000.0,-12350000000.0,180283051861.0,16.0,14.816,7828000000.0,5.04,1.0,18710000000.0,0.234,10122000000.0,922000000.0,42908000000.0,40524250000.0,8592000000.0,1395000000.0,0.0,1395000000.0,53552000000.0,17688000000.0,35864000000.0,154391051861.0,2025000000.0,-124000000.0,0.0,2233000000.0,-6561000000.0,-4848000000.0,-3558000000.0,-1938000000.0,9449000000.0,982000000.0,6001000000.0,6001000000.0,6001000000.0,0.0,329000000.0,0.075,7063000000.0,11647000000.0,2156000000.0,1.101,-12.501,25.728,25.751,7459000000.0,0.0,99.4,1.931,1.931,3894000000.0,29985000000.0,79968000000.0,79968000000.0,0.0,0.144,-0.502,0.278,0.141,0.0,6975000000.0,1.0,1553229898.0,1553229898.0,,51.485,32948000000.0,1150000000.0,4325000000.0,9607000000.0,21.213,2905000000.0
14,PM,MRT,2017-12-31,2017-12-31,2017-12-31,2021-07-27,-8535000000.0,42968000000.0,40051500000.0,21594000000.0,21374000000.0,1.95,-7.781,-1548000000.0,8447000000.0,8447000000.0,59782000000.0,6341000000.0,1.353,-4.402,34339000000.0,3005000000.0,31334000000.0,34339000000.0,0.0,875000000.0,0.0,0.04,4.22,11256000000.0,12131000000.0,0.155,12131000000.0,11256000000.0,10342000000.0,3.88,3.88,3.88,-12086000000.0,-11973250000.0,-12086000000.0,190403853317.0,17.0,15.696,7364000000.0,4.741,1.0,18316000000.0,0.235,10098000000.0,914000000.0,42800000000.0,39682250000.0,8806000000.0,1074000000.0,0.0,1074000000.0,53198000000.0,15962000000.0,37236000000.0,164095853317.0,4145000000.0,-111000000.0,0.0,4172000000.0,-6520000000.0,-2769000000.0,-3083000000.0,-1527000000.0,8912000000.0,1085000000.0,6035000000.0,6035000000.0,6035000000.0,0.0,306000000.0,0.077,6735000000.0,11581000000.0,2242000000.0,1.088,-13.577,27.191,27.229,7271000000.0,0.0,105.65,2.101,2.101,3738000000.0,29859000000.0,78098000000.0,78098000000.0,0.0,0.151,-0.504,0.284,0.144,0.0,6647000000.0,1.0,1553202587.0,1553202587.0,,50.282,32870000000.0,1007000000.0,4307000000.0,9767000000.0,21.163,5632000000.0
15,PM,MRT,2017-09-30,2017-09-30,2017-09-30,2021-07-27,-8797000000.0,41951000000.0,38522250000.0,20859000000.0,21092000000.0,1.965,-7.344,-1433000000.0,7667000000.0,7667000000.0,58207000000.0,7320000000.0,1.127,-4.522,33975000000.0,5910000000.0,28065000000.0,33975000000.0,0.0,827000000.0,0.0,0.038,4.19,10608000000.0,11435000000.0,0.151,11435000000.0,10608000000.0,9752000000.0,4.53,4.53,4.53,-11407000000.0,-12123750000.0,-11407000000.0,197969412202.0,19.0,17.313,6707000000.0,4.318,1.0,17495000000.0,0.231,10182000000.0,856000000.0,39563000000.0,37836750000.0,8283000000.0,1080000000.0,0.0,1080000000.0,51584000000.0,18514000000.0,33070000000.0,172419412202.0,2802000000.0,-81000000.0,0.0,3670000000.0,-6473000000.0,-3085000000.0,-2213000000.0,-887000000.0,8140000000.0,-40000000.0,7052000000.0,7052000000.0,7052000000.0,0.0,268000000.0,0.093,6554000000.0,10941000000.0,1973000000.0,0.925,-15.115,24.45,24.506,6857000000.0,0.0,111.01,2.278,2.278,3985000000.0,30831000000.0,75702000000.0,75702000000.0,0.0,0.183,-0.582,0.28,0.14,0.0,6471000000.0,1.0,1553188111.0,1553188111.0,,48.74,31769000000.0,1138000000.0,2700000000.0,6991000000.0,20.454,2345000000.0
16,PM,MRT,2017-06-30,2017-06-30,2017-06-30,2021-07-27,-9070000000.0,38660000000.0,36928750000.0,18432000000.0,20228000000.0,2.031,-7.731,-1252000000.0,6197000000.0,6197000000.0,57692000000.0,7303000000.0,1.069,-4.075,31747000000.0,5152000000.0,26595000000.0,31747000000.0,0.0,790000000.0,0.0,0.035,4.16,10525000000.0,11315000000.0,0.151,11315000000.0,10525000000.0,9672000000.0,4.51,4.51,4.51,-12008000000.0,-12307500000.0,-12008000000.0,208686668253.0,20.0,18.443,8060000000.0,5.189,1.0,17307000000.0,0.231,10141000000.0,853000000.0,36826000000.0,37020500000.0,7730000000.0,1072000000.0,0.0,1072000000.0,48937000000.0,17243000000.0,31694000000.0,182416668253.0,2424000000.0,-60000000.0,0.0,1711000000.0,-6441000000.0,-5010000000.0,-1641000000.0,-425000000.0,9312000000.0,-237000000.0,7020000000.0,7020000000.0,7020000000.0,0.0,283000000.0,0.094,6477000000.0,10830000000.0,1909000000.0,0.922,-15.191,25.985,26.042,6629000000.0,0.0,117.45,2.432,2.432,3648000000.0,30528000000.0,74999000000.0,74999000000.0,0.0,0.19,-0.57,0.284,0.14,0.0,6396000000.0,1.0,1553143195.0,1553143195.0,,48.289,28519000000.0,800000000.0,2652000000.0,7159000000.0,18.362,1189000000.0
17,PM,MRT,2017-03-31,2017-03-31,2017-03-31,2021-07-27,-9265000000.0,36627000000.0,35964250000.0,16884000000.0,19743000000.0,2.078,-7.988,-1238000000.0,5076000000.0,5076000000.0,57527000000.0,7303000000.0,1.264,-3.808,31346000000.0,2758000000.0,28588000000.0,31346000000.0,0.0,765000000.0,0.0,0.037,4.14,10569000000.0,11334000000.0,0.152,11334000000.0,10569000000.0,9706000000.0,4.52,4.52,4.52,-12392000000.0,-12444500000.0,-12392000000.0,199979466304.0,19.0,17.644,7220000000.0,4.654,1.0,17194000000.0,0.23,10002000000.0,863000000.0,39540000000.0,37329000000.0,8007000000.0,1079000000.0,0.0,1079000000.0,47184000000.0,13355000000.0,33829000000.0,175151466304.0,2213000000.0,-46000000.0,0.0,2158000000.0,-6411000000.0,-4479000000.0,-958000000.0,48000000.0,8458000000.0,-808000000.0,7027000000.0,7027000000.0,7027000000.0,0.0,276000000.0,0.094,6348000000.0,10846000000.0,1746000000.0,0.916,-14.134,24.925,24.978,6264000000.0,0.0,112.9,2.344,2.344,3090000000.0,30367000000.0,74721000000.0,74721000000.0,0.0,0.195,-0.565,0.283,0.141,0.0,6270000000.0,1.0,1551385884.0,1551385884.0,,48.164,26625000000.0,834000000.0,2679000000.0,6344000000.0,17.162,3529000000.0
18,PM,MRT,2016-12-31,2016-12-31,2016-12-31,2021-07-27,-9559000000.0,36851000000.0,35462750000.0,17608000000.0,19243000000.0,2.114,-8.179,-1172000000.0,4239000000.0,4239000000.0,57659000000.0,7250000000.0,1.069,-3.763,29067000000.0,3216000000.0,25851000000.0,29067000000.0,0.0,743000000.0,0.0,0.045,4.12,10626000000.0,11369000000.0,0.152,11369000000.0,10626000000.0,9735000000.0,4.48,4.48,4.48,-12688000000.0,-12534750000.0,-12688000000.0,167136001436.0,16.0,14.701,6905000000.0,4.451,1.0,17294000000.0,0.231,9794000000.0,891000000.0,35418000000.0,36702000000.0,9017000000.0,1011000000.0,0.0,1011000000.0,47751000000.0,16467000000.0,31284000000.0,141933001436.0,865000000.0,-41000000.0,0.0,1131000000.0,-6378000000.0,-5413000000.0,-834000000.0,295000000.0,8077000000.0,-965000000.0,6967000000.0,6967000000.0,6967000000.0,0.0,283000000.0,0.093,6391000000.0,10903000000.0,1666000000.0,0.92,-11.186,20.372,20.422,6064000000.0,0.0,91.49,1.894,1.894,3499000000.0,30397000000.0,74953000000.0,74953000000.0,0.0,0.196,-0.556,0.29,0.142,0.0,6317000000.0,1.0,1551349890.0,1551349890.0,,48.315,27057000000.0,859000000.0,2768000000.0,9669000000.0,17.441,1141000000.0
19,PM,MRT,2016-09-30,2016-09-30,2016-09-30,2021-07-27,-8889000000.0,35577000000.0,34739000000.0,16574000000.0,19003000000.0,2.134,-7.827,-1058000000.0,4884000000.0,4884000000.0,57296000000.0,6773000000.0,1.162,-3.78,30087000000.0,3127000000.0,26960000000.0,30087000000.0,0.0,741000000.0,0.0,0.042,4.1,9944000000.0,10685000000.0,0.144,10685000000.0,9944000000.0,9027000000.0,4.18,4.18,4.18,-12142000000.0,-12673750000.0,-12142000000.0,176975009676.0,18.0,16.563,6742000000.0,4.346,1.0,16839000000.0,0.227,10224000000.0,917000000.0,36298000000.0,36246250000.0,7486000000.0,986000000.0,0.0,986000000.0,45894000000.0,14258000000.0,31636000000.0,150820009676.0,2491000000.0,0.0,0.0,1228000000.0,-6344000000.0,-3835000000.0,-1263000000.0,-1000000.0,7800000000.0,-211000000.0,6505000000.0,6505000000.0,6505000000.0,0.0,268000000.0,0.088,6735000000.0,10104000000.0,1573000000.0,0.981,-12.421,23.185,23.258,6133000000.0,0.0,97.22,2.034,2.034,3100000000.0,30305000000.0,74135000000.0,74135000000.0,0.0,0.187,-0.513,0.274,0.134,0.0,6591000000.0,1.0,1551326987.0,1551326987.0,,47.788,25353000000.0,450000000.0,2522000000.0,6684000000.0,16.343,2316000000.0
20,PM,MRT,2016-06-30,2016-06-30,2016-06-30,2021-07-27,-8955000000.0,34802000000.0,33847500000.0,16046000000.0,18756000000.0,2.175,-8.094,-1027000000.0,3814000000.0,3814000000.0,56789000000.0,6729000000.0,1.266,-3.632,29969000000.0,1871000000.0,28098000000.0,29969000000.0,0.0,737000000.0,0.0,0.04,4.08,9959000000.0,10696000000.0,0.145,10696000000.0,9959000000.0,9015000000.0,4.18,4.18,4.18,-12556000000.0,-13033750000.0,-12556000000.0,184643607241.0,19.0,17.263,6374000000.0,4.109,1.0,16833000000.0,0.229,10225000000.0,944000000.0,38060000000.0,35771250000.0,7989000000.0,948000000.0,0.0,948000000.0,45601000000.0,12672000000.0,32929000000.0,157794607241.0,1976000000.0,0.0,0.0,922000000.0,-6313000000.0,-4090000000.0,-921000000.0,238000000.0,7401000000.0,-414000000.0,6509000000.0,6509000000.0,6509000000.0,0.0,220000000.0,0.088,6747000000.0,10086000000.0,1547000000.0,0.976,-12.567,24.243,24.335,5931000000.0,0.0,101.72,2.143,2.143,3085000000.0,29985000000.0,73622000000.0,73622000000.0,0.0,0.192,-0.499,0.278,0.135,0.0,6603000000.0,1.0,1551264326.0,1551264326.0,,47.459,24577000000.0,469000000.0,2506000000.0,6671000000.0,15.843,3374000000.0
21,PM,MRT,2016-03-31,2016-03-31,2016-03-31,2021-07-27,-8914000000.0,34621000000.0,33325250000.0,15928000000.0,18693000000.0,2.201,-8.231,-983000000.0,2944000000.0,2944000000.0,56315000000.0,6803000000.0,1.13,-3.569,29793000000.0,3110000000.0,26683000000.0,29793000000.0,0.0,737000000.0,0.0,0.041,4.06,10121000000.0,10858000000.0,0.148,10858000000.0,10121000000.0,9141000000.0,4.24,4.24,4.24,-12753000000.0,-13182500000.0,-12753000000.0,177069478908.0,17.0,16.308,7719000000.0,4.982,1.0,17029000000.0,0.232,10347000000.0,980000000.0,37032000000.0,34748750000.0,8699000000.0,942000000.0,0.0,942000000.0,45515000000.0,14091000000.0,31424000000.0,152006478908.0,1420000000.0,0.0,0.0,-1094000000.0,-6280000000.0,-5854000000.0,-1195000000.0,185000000.0,8702000000.0,-233000000.0,6608000000.0,6608000000.0,6608000000.0,0.0,195000000.0,0.09,6804000000.0,10225000000.0,1496000000.0,0.958,-11.919,23.003,23.139,5865000000.0,0.0,98.11,2.073,2.073,2989000000.0,29785000000.0,73344000000.0,73344000000.0,0.0,0.198,-0.501,0.291,0.138,0.0,6658000000.0,1.0,1549347456.0,1549347456.0,,47.339,24274000000.0,485000000.0,2533000000.0,6614000000.0,15.667,1837000000.0
22,PM,MRT,2015-12-31,2015-12-31,2015-12-31,2021-07-27,-9402000000.0,33956000000.0,32983750000.0,15804000000.0,18152000000.0,2.241,-8.548,-960000000.0,3417000000.0,3417000000.0,56479000000.0,7032000000.0,1.027,-3.43,28480000000.0,3230000000.0,25250000000.0,28480000000.0,0.0,754000000.0,0.0,0.046,4.04,10569000000.0,11323000000.0,0.153,11323000000.0,10569000000.0,9561000000.0,4.42,4.42,4.42,-13244000000.0,-13398250000.0,-13244000000.0,162712584547.0,15.0,14.37,6905000000.0,4.457,1.0,17429000000.0,0.236,10038000000.0,1008000000.0,33595000000.0,34631000000.0,8473000000.0,890000000.0,0.0,890000000.0,45432000000.0,15386000000.0,30046000000.0,136198584547.0,1735000000.0,0.0,-48000000.0,44000000.0,-6250000000.0,-4736000000.0,-708000000.0,184000000.0,7865000000.0,-686000000.0,6873000000.0,6873000000.0,6873000000.0,0.0,159000000.0,0.093,6806000000.0,10623000000.0,1289000000.0,0.914,-10.284,19.816,19.889,5721000000.0,0.0,87.91,1.843,1.843,2778000000.0,29842000000.0,73908000000.0,73908000000.0,0.0,0.208,-0.513,0.305,0.143,0.0,6656000000.0,1.0,1549295695.0,1549295695.0,,47.704,23918000000.0,848000000.0,2688000000.0,7840000000.0,15.438,418000000.0
23,PM,MRT,2015-09-30,2015-09-30,2015-09-30,2021-07-27,-8927000000.0,32011000000.0,33291500000.0,14112000000.0,17899000000.0,2.267,-8.767,-985000000.0,2393000000.0,2393000000.0,57501000000.0,7383000000.0,1.001,-3.257,28907000000.0,3107000000.0,25800000000.0,28907000000.0,0.0,790000000.0,0.0,0.051,4.02,11207000000.0,11997000000.0,0.159,11997000000.0,11207000000.0,10163000000.0,4.65,4.65,4.65,-13582000000.0,-13244500000.0,-13582000000.0,150260900946.0,13.0,12.525,6362000000.0,4.107,1.0,17977000000.0,0.238,10025000000.0,1044000000.0,34398000000.0,35351000000.0,7207000000.0,919000000.0,0.0,919000000.0,44237000000.0,14102000000.0,30135000000.0,122896900946.0,350000000.0,0.0,-831000000.0,1329000000.0,-6229000000.0,-5738000000.0,-611000000.0,-31000000.0,7347000000.0,-648000000.0,7236000000.0,7236000000.0,7236000000.0,0.0,147000000.0,0.096,6723000000.0,11254000000.0,1237000000.0,0.865,-9.049,16.984,17.06,5600000000.0,0.0,79.33,1.628,1.628,3322000000.0,30178000000.0,75478000000.0,75478000000.0,0.0,0.217,-0.546,0.317,0.148,0.0,6603000000.0,1.0,1549185692.0,1549185692.0,,48.721,21986000000.0,386000000.0,2927000000.0,7208000000.0,14.192,10000000.0
24,PM,MRT,2015-06-30,2015-06-30,2015-06-30,2021-07-27,-8107000000.0,32713000000.0,34139000000.0,13772000000.0,18941000000.0,2.267,-8.489,-1058000000.0,1838000000.0,1838000000.0,58836000000.0,7597000000.0,0.895,-3.385,29202000000.0,4636000000.0,24566000000.0,29202000000.0,0.0,839000000.0,0.0,0.05,4.0,11610000000.0,12449000000.0,0.161,12449000000.0,11610000000.0,10546000000.0,4.78,4.78,4.78,-13151000000.0,-12377000000.0,-13151000000.0,153255962426.0,13.0,12.311,6561000000.0,4.235,1.0,18555000000.0,0.24,10721000000.0,1064000000.0,33970000000.0,35562250000.0,7207000000.0,1020000000.0,0.0,1020000000.0,44511000000.0,15386000000.0,29125000000.0,124194962426.0,297000000.0,-7000000.0,-1600000000.0,1782000000.0,-6152000000.0,-5992000000.0,-676000000.0,-24000000.0,7619000000.0,-654000000.0,7449000000.0,7449000000.0,7449000000.0,0.0,148000000.0,0.096,6915000000.0,11640000000.0,1089000000.0,0.837,-9.444,16.673,16.772,5815000000.0,0.0,80.17,1.605,1.605,3619000000.0,29822000000.0,77391000000.0,77391000000.0,0.0,0.218,-0.602,0.326,0.15,0.0,6800000000.0,1.0,1549145097.0,1549145097.0,,49.957,21992000000.0,428000000.0,3097000000.0,7226000000.0,14.196,-1614000000.0
25,PM,MRT,2015-03-31,2015-03-31,2015-03-31,2021-07-27,-8090000000.0,33255000000.0,35042000000.0,14275000000.0,18980000000.0,2.274,-8.802,-1100000000.0,1524000000.0,1524000000.0,60504000000.0,7576000000.0,0.953,-3.342,30585000000.0,5013000000.0,25572000000.0,30585000000.0,0.0,870000000.0,0.0,0.052,3.94,11578000000.0,12448000000.0,0.156,12448000000.0,11578000000.0,10519000000.0,4.74,4.74,4.74,-13616000000.0,-11412250000.0,-13616000000.0,144303309066.0,12.0,11.592,5549000000.0,3.587,1.0,19175000000.0,0.241,10775000000.0,1059000000.0,36561000000.0,36674500000.0,7552000000.0,1064000000.0,0.0,1064000000.0,45501000000.0,14980000000.0,30521000000.0,116530309066.0,-299000000.0,-110000000.0,-2640000000.0,3371000000.0,-6087000000.0,-5509000000.0,-720000000.0,-37000000.0,6649000000.0,-719000000.0,7413000000.0,7413000000.0,7413000000.0,0.0,163000000.0,0.093,7553000000.0,11622000000.0,1038000000.0,0.831,-8.558,15.72,15.892,5697000000.0,0.0,75.33,1.462,1.462,3741000000.0,29489000000.0,79679000000.0,79679000000.0,0.0,0.212,-0.65,0.316,0.145,0.0,6948000000.0,1.0,1546930958.0,1546930958.0,,51.508,22480000000.0,457000000.0,3106000000.0,6578000000.0,14.532,-705000000.0
26,PM,MRT,2014-12-31,2014-12-31,2014-12-31,2021-07-27,-6826000000.0,35187000000.0,35762500000.0,15484000000.0,19703000000.0,2.24,-8.128,-1153000000.0,1682000000.0,1682000000.0,60775000000.0,7658000000.0,1.025,-3.673,29455000000.0,2526000000.0,26929000000.0,29455000000.0,0.0,889000000.0,0.0,0.048,3.88,11642000000.0,12531000000.0,0.156,12531000000.0,11642000000.0,10590000000.0,4.76,4.76,4.76,-12629000000.0,-10161500000.0,-12629000000.0,153350098153.0,13.0,12.238,6586000000.0,4.239,1.0,19331000000.0,0.241,11373000000.0,1052000000.0,36475000000.0,36979000000.0,8592000000.0,1083000000.0,0.0,1083000000.0,46390000000.0,15112000000.0,31278000000.0,126550098153.0,-472000000.0,-110000000.0,-3833000000.0,3271000000.0,-6035000000.0,-6839000000.0,-996000000.0,-29000000.0,7739000000.0,-376000000.0,7493000000.0,7493000000.0,7493000000.0,0.0,165000000.0,0.094,7629000000.0,11702000000.0,1242000000.0,0.815,-10.021,16.889,17.111,6071000000.0,0.0,81.45,1.58,1.58,4004000000.0,29249000000.0,80106000000.0,80106000000.0,0.0,0.21,-0.737,0.315,0.145,0.0,7001000000.0,1.0,1553715140.0,1553715140.0,,51.558,23814000000.0,533000000.0,3097000000.0,8275000000.0,15.327,372000000.0
27,PM,MRT,2014-09-30,2014-09-30,2014-09-30,2021-07-27,-5022000000.0,35401000000.0,36507750000.0,14761000000.0,20640000000.0,2.207,-6.473,-1183000000.0,2043000000.0,2043000000.0,60602000000.0,8045000000.0,0.976,-4.359,28843000000.0,3448000000.0,25395000000.0,28843000000.0,0.0,883000000.0,0.0,0.046,3.82,12248000000.0,13131000000.0,0.163,13131000000.0,12248000000.0,11207000000.0,4.97,4.97,4.97,-10112000000.0,-8945750000.0,-10112000000.0,158249731822.0,13.0,12.052,7522000000.0,4.815,1.0,19953000000.0,0.248,11841000000.0,1041000000.0,35243000000.0,36495250000.0,7979000000.0,1371000000.0,0.0,1371000000.0,44078000000.0,15117000000.0,28961000000.0,130281731822.0,-1339000000.0,-110000000.0,-4497000000.0,2886000000.0,-5989000000.0,-7874000000.0,-1982000000.0,-784000000.0,8705000000.0,-188000000.0,7868000000.0,7868000000.0,7868000000.0,0.0,177000000.0,0.098,7595000000.0,12358000000.0,1255000000.0,0.769,-12.884,16.558,16.781,6273000000.0,0.0,83.4,1.617,1.617,3785000000.0,29192000000.0,80555000000.0,80555000000.0,0.0,0.216,-0.88,0.336,0.152,0.0,6702000000.0,1.0,1562131077.0,1562131077.0,,51.567,23560000000.0,381000000.0,3339000000.0,7542000000.0,15.082,-356000000.0
28,PM,MRT,2014-06-30,2014-06-30,2014-06-30,2021-07-27,-4314000000.0,36325000000.0,36856250000.0,14710000000.0,21615000000.0,2.166,-5.908,-1188000000.0,1541000000.0,1541000000.0,59709000000.0,8249000000.0,1.083,-4.754,29509000000.0,2348000000.0,27161000000.0,29509000000.0,0.0,868000000.0,0.0,0.045,3.76,12439000000.0,13307000000.0,0.167,13307000000.0,12439000000.0,11426000000.0,5.03,5.03,5.03,-9292000000.0,-8275000000.0,-9292000000.0,160465284404.0,13.0,12.059,7867000000.0,5.002,1.0,20140000000.0,0.252,12294000000.0,1013000000.0,38419000000.0,35616500000.0,8271000000.0,1508000000.0,0.0,1508000000.0,44172000000.0,13580000000.0,30592000000.0,132609284404.0,-2045000000.0,-103000000.0,-5216000000.0,3697000000.0,-5898000000.0,-8403000000.0,-2733000000.0,-1431000000.0,9055000000.0,36000000.0,8053000000.0,8053000000.0,8053000000.0,0.0,196000000.0,0.101,7528000000.0,12612000000.0,1109000000.0,0.748,-14.271,16.467,16.761,6648000000.0,0.0,84.31,1.661,1.661,4081000000.0,28601000000.0,79849000000.0,79849000000.0,0.0,0.218,-0.973,0.349,0.156,0.0,6626000000.0,1.0,1572877291.0,1572877291.0,,50.766,24031000000.0,414000000.0,3373000000.0,7166000000.0,15.278,1130000000.0
29,PM,MRT,2014-03-31,2014-03-31,2014-03-31,2021-07-27,-4213000000.0,36137000000.0,37060000000.0,14825000000.0,21312000000.0,2.139,-5.433,-1216000000.0,1823000000.0,1823000000.0,59026000000.0,8548000000.0,1.061,-5.027,29679000000.0,3690000000.0,25989000000.0,29679000000.0,0.0,871000000.0,0.0,0.045,3.67,12844000000.0,13715000000.0,0.173,13715000000.0,12844000000.0,11839000000.0,5.16,5.16,5.16,-8613000000.0,-7318500000.0,-8613000000.0,155303928814.0,12.0,11.324,8271000000.0,5.218,1.0,20255000000.0,0.255,12243000000.0,1005000000.0,37779000000.0,33848250000.0,8724000000.0,1460000000.0,0.0,1460000000.0,43294000000.0,13971000000.0,29323000000.0,129779928814.0,-2158000000.0,0.0,-5751000000.0,3597000000.0,-5809000000.0,-8967000000.0,-2666000000.0,-1418000000.0,9487000000.0,-12000000.0,8326000000.0,8326000000.0,8326000000.0,0.0,222000000.0,0.105,7180000000.0,13075000000.0,1064000000.0,0.711,-15.068,15.587,15.866,6670000000.0,0.0,81.87,1.637,1.637,3408000000.0,28228000000.0,79281000000.0,79281000000.0,0.0,0.225,-1.138,0.379,0.162,0.0,6760000000.0,1.0,1585195173.0,1585195173.0,,50.013,23894000000.0,423000000.0,3513000000.0,6675000000.0,15.073,854000000.0
30,PM,MRT,2013-12-31,2013-12-31,2013-12-31,2021-07-27,-4190000000.0,38168000000.0,37380250000.0,16852000000.0,21316000000.0,2.141,-4.847,-1200000000.0,2154000000.0,2154000000.0,59222000000.0,8850000000.0,0.987,-5.723,27678000000.0,3655000000.0,24023000000.0,27678000000.0,0.0,882000000.0,0.0,0.041,3.58,13219000000.0,14101000000.0,0.176,14101000000.0,13219000000.0,12246000000.0,5.26,5.26,5.26,-7766000000.0,-6243750000.0,-7766000000.0,163014739873.0,12.0,11.561,8935000000.0,5.577,1.0,20807000000.0,0.26,12086000000.0,973000000.0,34540000000.0,32194500000.0,9846000000.0,1536000000.0,0.0,1536000000.0,44442000000.0,17066000000.0,27376000000.0,139596739873.0,-829000000.0,0.0,-5963000000.0,4495000000.0,-5720000000.0,-8215000000.0,-2680000000.0,-1418000000.0,10135000000.0,-69000000.0,8576000000.0,8576000000.0,8576000000.0,0.0,274000000.0,0.107,7292000000.0,13515000000.0,1274000000.0,0.681,-17.975,16.278,16.565,6755000000.0,0.0,87.13,1.744,1.744,3853000000.0,27843000000.0,80029000000.0,80029000000.0,0.0,0.229,-1.374,0.411,0.165,0.0,6890000000.0,1.0,1602166187.0,1602166187.0,,49.95,26082000000.0,502000000.0,3670000000.0,9273000000.0,16.279,-214000000.0
31,PM,MRT,2013-09-30,2013-09-30,2013-09-30,2021-07-27,-4820000000.0,36795000000.0,37255750000.0,16016000000.0,20779000000.0,2.131,-4.59,-1158000000.0,3382000000.0,3382000000.0,58553000000.0,9005000000.0,1.0,-5.748,26800000000.0,4923000000.0,21877000000.0,26800000000.0,0.0,892000000.0,0.0,0.04,3.49,13207000000.0,14099000000.0,0.178,14099000000.0,13207000000.0,12260000000.0,5.27,5.27,5.27,-7429000000.0,-5171250000.0,-7429000000.0,162063059111.0,12.0,11.495,8307000000.0,5.132,1.0,20828000000.0,0.262,12467000000.0,947000000.0,31728000000.0,30307250000.0,8026000000.0,665000000.0,0.0,665000000.0,42703000000.0,16018000000.0,26685000000.0,140150059111.0,-1435000000.0,0.0,-6484000000.0,4049000000.0,-5633000000.0,-9115000000.0,-1772000000.0,-659000000.0,9465000000.0,-13000000.0,8684000000.0,8684000000.0,8684000000.0,0.0,321000000.0,0.109,7268000000.0,13560000000.0,1125000000.0,0.662,-18.865,16.139,16.431,6583000000.0,0.0,86.59,1.766,1.766,3659000000.0,27359000000.0,79381000000.0,79381000000.0,0.0,0.233,-1.679,0.436,0.166,0.0,7132000000.0,1.0,1618547859.0,1618547859.0,,49.045,24328000000.0,364000000.0,3576000000.0,7839000000.0,15.031,-2000000.0
32,PM,MRT,2013-06-30,2013-06-30,2013-06-30,2021-07-27,-4115000000.0,37140000000.0,37634250000.0,16755000000.0,20385000000.0,2.082,-3.342,-1100000000.0,3586000000.0,3586000000.0,57489000000.0,8927000000.0,1.139,-7.514,25499000000.0,3940000000.0,21559000000.0,25499000000.0,0.0,890000000.0,0.0,0.039,3.4,13202000000.0,14092000000.0,0.18,14092000000.0,13202000000.0,12283000000.0,5.15,5.15,5.15,-5466000000.0,-3684250000.0,-5466000000.0,163284632365.0,12.0,11.587,7443000000.0,4.551,1.0,20855000000.0,0.266,13001000000.0,919000000.0,31346000000.0,28787250000.0,8217000000.0,0.0,0.0,0.0,41069000000.0,14706000000.0,26363000000.0,141667632365.0,-260000000.0,0.0,-6494000000.0,4490000000.0,-5556000000.0,-7911000000.0,-971000000.0,-9000000.0,8543000000.0,79000000.0,8571000000.0,8571000000.0,8571000000.0,0.0,356000000.0,0.109,7271000000.0,13584000000.0,1045000000.0,0.66,-25.918,16.529,16.819,6396000000.0,0.0,86.62,1.808,1.808,3964000000.0,26537000000.0,78344000000.0,78344000000.0,0.0,0.228,-2.326,0.459,0.169,0.0,7100000000.0,1.0,1635507185.0,1635507185.0,,47.902,24139000000.0,376000000.0,3712000000.0,7901000000.0,14.759,2049000000.0
33,PM,MRT,2013-03-31,2013-03-31,2013-03-31,2021-07-27,-3720000000.0,37418000000.0,37298750000.0,16661000000.0,20757000000.0,2.088,-2.618,-1069000000.0,3981000000.0,3981000000.0,56805000000.0,9140000000.0,1.148,-9.307,25598000000.0,4802000000.0,20796000000.0,25598000000.0,0.0,893000000.0,0.0,0.036,3.32,13454000000.0,14347000000.0,0.184,14347000000.0,13454000000.0,12572000000.0,5.2,5.2,5.2,-4314000000.0,-2659250000.0,-4314000000.0,172622511886.0,13.0,12.032,7817000000.0,4.744,1.0,21093000000.0,0.271,13362000000.0,882000000.0,31164000000.0,26594000000.0,7976000000.0,0.0,0.0,0.0,40150000000.0,14509000000.0,25641000000.0,152766511886.0,405000000.0,0.0,-6551000000.0,5011000000.0,-5480000000.0,-7370000000.0,-990000000.0,-6000000.0,8886000000.0,-121000000.0,8764000000.0,8764000000.0,8764000000.0,0.0,376000000.0,0.113,7242000000.0,13851000000.0,967000000.0,0.638,-35.412,17.431,17.829,6473000000.0,0.0,92.71,1.961,1.961,3591000000.0,25800000000.0,77898000000.0,77898000000.0,0.0,0.235,-3.296,0.506,0.173,0.0,7067000000.0,1.0,1647788932.0,1647788932.0,,47.274,24056000000.0,381000000.0,3808000000.0,7082000000.0,14.599,2152000000.0
34,PM,MRT,2012-12-31,2012-12-31,2012-12-31,2021-07-27,-3604000000.0,37670000000.0,37044000000.0,16590000000.0,21080000000.0,2.089,-2.081,-1056000000.0,2983000000.0,2983000000.0,56389000000.0,9154000000.0,0.975,-11.37,22839000000.0,5200000000.0,17639000000.0,22839000000.0,0.0,898000000.0,0.0,0.039,3.24,13492000000.0,14390000000.0,0.186,14390000000.0,13492000000.0,12633000000.0,5.17,5.17,5.17,-3476000000.0,-1552750000.0,-3476000000.0,157344047651.0,12.0,10.934,8365000000.0,5.007,1.0,21004000000.0,0.271,13519000000.0,859000000.0,26991000000.0,24938250000.0,8949000000.0,24000000.0,0.0,24000000.0,39523000000.0,17016000000.0,22507000000.0,139725047651.0,433000000.0,0.0,-6525000000.0,4177000000.0,-5404000000.0,-8100000000.0,-992000000.0,-6000000.0,9421000000.0,104000000.0,8800000000.0,8800000000.0,8800000000.0,0.0,354000000.0,0.114,7141000000.0,13863000000.0,1103000000.0,0.627,-40.197,15.878,16.178,6645000000.0,0.0,83.64,1.805,1.805,3589000000.0,25076000000.0,77393000000.0,77393000000.0,0.0,0.238,-5.667,0.541,0.174,0.0,6961000000.0,1.0,1670552937.0,1670552937.0,,46.328,24151000000.0,450000000.0,3833000000.0,8795000000.0,14.457,-426000000.0
35,PM,MRT,2012-09-30,2012-09-30,2012-09-30,2021-07-27,-2835000000.0,38309000000.0,36498500000.0,17600000000.0,20709000000.0,2.097,-0.879,-1048000000.0,4817000000.0,4817000000.0,55752000000.0,8909000000.0,1.052,-25.789,22436000000.0,4916000000.0,17520000000.0,22436000000.0,0.0,915000000.0,0.0,0.035,3.16,13248000000.0,14163000000.0,0.185,14163000000.0,13248000000.0,12428000000.0,5.01,5.01,5.01,-1481000000.0,-626500000.0,-1481000000.0,168569863842.0,13.0,11.902,7684000000.0,4.558,1.0,20775000000.0,0.271,13554000000.0,820000000.0,25648000000.0,23956500000.0,8243000000.0,0.0,0.0,0.0,38193000000.0,16726000000.0,21467000000.0,151613863842.0,1426000000.0,0.0,-5562000000.0,5010000000.0,-5320000000.0,-6172000000.0,-1041000000.0,-39000000.0,8732000000.0,-93000000.0,8591000000.0,8591000000.0,8591000000.0,0.0,318000000.0,0.112,7199000000.0,13576000000.0,1127000000.0,0.631,-102.373,17.648,17.952,6364000000.0,0.0,89.94,1.981,1.981,3562000000.0,24394000000.0,76527000000.0,76527000000.0,0.0,0.235,-13.713,0.553,0.173,0.0,7002000000.0,1.0,1685722302.0,1685722302.0,,45.397,24755000000.0,394000000.0,3837000000.0,8858000000.0,14.685,874000000.0
36,PM,MRT,2012-06-30,2012-06-30,2012-06-30,2021-07-27,-3376000000.0,35798000000.0,35976250000.0,15561000000.0,20237000000.0,2.158,-0.801,-1028000000.0,3846000000.0,3846000000.0,56687000000.0,9046000000.0,0.925,-26.1,20802000000.0,5978000000.0,14824000000.0,20802000000.0,0.0,954000000.0,0.0,0.035,3.08,13315000000.0,14269000000.0,0.184,14269000000.0,13315000000.0,12514000000.0,5.03,5.03,5.03,-1366000000.0,276250000.0,-1366000000.0,166092453820.0,12.0,11.64,8364000000.0,4.904,1.0,20954000000.0,0.27,13351000000.0,801000000.0,22573000000.0,22713750000.0,7312000000.0,0.0,0.0,0.0,35652000000.0,16830000000.0,18822000000.0,148827453820.0,1668000000.0,-18000000.0,-5509000000.0,4758000000.0,-5143000000.0,-6128000000.0,-1123000000.0,-36000000.0,9392000000.0,-473000000.0,8741000000.0,8741000000.0,8741000000.0,0.0,305000000.0,0.113,7324000000.0,13630000000.0,1019000000.0,0.612,-108.951,17.026,17.348,6161000000.0,0.0,87.26,1.917,1.917,3553000000.0,23599000000.0,77641000000.0,77641000000.0,0.0,0.243,31.642,0.586,0.171,0.0,7117000000.0,1.0,1705563303.0,1705563303.0,,45.522,22447000000.0,415000000.0,3773000000.0,8404000000.0,13.161,-1269000000.0
37,PM,MRT,2012-03-31,2012-03-31,2012-03-31,2021-07-27,-2367000000.0,36399000000.0,36225250000.0,15338000000.0,21061000000.0,2.149,0.065,-965000000.0,3576000000.0,3576000000.0,56909000000.0,9124000000.0,1.004,310.571,20841000000.0,5495000000.0,15346000000.0,20841000000.0,0.0,981000000.0,0.0,0.033,2.95,13437000000.0,14418000000.0,0.185,14418000000.0,13437000000.0,12637000000.0,5.04,5.04,5.04,112000000.0,1535000000.0,112000000.0,168570193379.0,13.0,11.692,9067000000.0,5.266,1.0,20929000000.0,0.269,13840000000.0,800000000.0,24541000000.0,22596000000.0,7311000000.0,0.0,0.0,0.0,34784000000.0,15283000000.0,19501000000.0,152575193379.0,2254000000.0,-60000000.0,-5471000000.0,4230000000.0,-4967000000.0,-6462000000.0,-1081000000.0,-36000000.0,10032000000.0,-235000000.0,8833000000.0,8833000000.0,8833000000.0,0.0,291000000.0,0.113,7191000000.0,13738000000.0,1044000000.0,0.585,1362.279,17.273,17.581,6445000000.0,0.0,88.61,1.96,1.96,3472000000.0,22592000000.0,77838000000.0,77838000000.0,0.0,0.244,5.754,0.595,0.173,0.0,6992000000.0,1.0,1721873303.0,1721873303.0,,45.205,22559000000.0,365000000.0,3804000000.0,7402000000.0,13.101,55000000.0
38,PM,MRT,2011-12-31,2011-12-31,2011-12-31,2021-07-27,-2863000000.0,35488000000.0,36014000000.0,14859000000.0,20629000000.0,2.12,0.132,-897000000.0,2550000000.0,2550000000.0,55927000000.0,8879000000.0,1.004,147.271,18545000000.0,3717000000.0,14828000000.0,18545000000.0,0.0,993000000.0,0.0,0.036,2.82,13044000000.0,14037000000.0,0.184,14037000000.0,13044000000.0,12244000000.0,4.85,4.85,4.85,229000000.0,2505000000.0,229000000.0,150686381656.0,12.0,10.735,9632000000.0,5.545,1.0,20419000000.0,0.267,13625000000.0,800000000.0,23064000000.0,22017500000.0,8120000000.0,0.0,0.0,0.0,33725000000.0,14794000000.0,18931000000.0,136318381656.0,847000000.0,-80000000.0,-5297000000.0,2058000000.0,-4788000000.0,-8338000000.0,-1032000000.0,-36000000.0,10529000000.0,-312000000.0,8591000000.0,8591000000.0,8591000000.0,0.0,288000000.0,0.113,7077000000.0,13342000000.0,1031000000.0,0.581,595.277,15.868,16.181,6250000000.0,0.0,78.48,1.786,1.786,3201000000.0,21757000000.0,76346000000.0,76346000000.0,0.0,0.239,3.43,0.592,0.171,0.0,6870000000.0,1.0,1736982437.0,1736982437.0,,43.953,21863000000.0,397000000.0,3653000000.0,8395000000.0,12.587,65000000.0
39,PM,MRT,2011-09-30,2011-09-30,2011-09-30,2021-07-27,-1425000000.0,36220000000.0,35904500000.0,15090000000.0,21130000000.0,2.097,1.213,-798000000.0,3391000000.0,3391000000.0,55301000000.0,8743000000.0,0.94,15.289,17759000000.0,4889000000.0,12870000000.0,17759000000.0,0.0,998000000.0,0.0,0.043,2.69,12853000000.0,13851000000.0,0.184,13851000000.0,12853000000.0,12024000000.0,4.73,4.72,4.73,2130000000.0,3324250000.0,2130000000.0,124313541737.0,10.0,8.975,10351000000.0,5.893,1.0,19976000000.0,0.265,13861000000.0,829000000.0,20677000000.0,22004250000.0,7453000000.0,0.0,0.0,0.0,32566000000.0,16050000000.0,16516000000.0,109570541737.0,-116000000.0,-121000000.0,-5399000000.0,174000000.0,-4610000000.0,-10125000000.0,-946000000.0,0.0,11149000000.0,-194000000.0,8457000000.0,8457000000.0,8457000000.0,0.0,286000000.0,0.112,6837000000.0,13139000000.0,1121000000.0,0.569,51.442,12.956,13.188,6411000000.0,0.0,62.38,1.456,1.456,3242000000.0,21208000000.0,75277000000.0,75277000000.0,0.0,0.236,2.544,0.584,0.171,0.0,6654000000.0,1.0,1756501150.0,1756501150.0,,42.856,22359000000.0,373000000.0,3567000000.0,8515000000.0,12.729,-960000000.0
40,PM,MRT,2011-06-30,2011-06-30,2011-06-30,2021-07-27,-262000000.0,36794000000.0,36069250000.0,14333000000.0,22461000000.0,1.982,2.063,-739000000.0,2178000000.0,2178000000.0,52722000000.0,8174000000.0,0.971,8.617,16921000000.0,3884000000.0,13037000000.0,16921000000.0,0.0,973000000.0,0.0,0.038,2.56,12026000000.0,12999000000.0,0.182,12999000000.0,12026000000.0,11175000000.0,4.38,4.37,4.38,3669000000.0,3924750000.0,3669000000.0,134274369932.0,11.0,10.33,9774000000.0,5.496,1.0,18785000000.0,0.263,14672000000.0,851000000.0,22102000000.0,22595750000.0,7904000000.0,0.0,0.0,0.0,31614000000.0,14763000000.0,16851000000.0,118744369932.0,594000000.0,-144000000.0,-4910000000.0,515000000.0,-4548000000.0,-9272000000.0,-880000000.0,0.0,10513000000.0,233000000.0,7902000000.0,7902000000.0,7902000000.0,0.0,272000000.0,0.111,6487000000.0,12298000000.0,1027000000.0,0.584,32.364,15.027,15.244,6793000000.0,0.0,66.77,1.661,1.661,3443000000.0,20178000000.0,71507000000.0,71507000000.0,0.0,0.219,2.013,0.532,0.168,0.0,6330000000.0,1.0,1778409015.0,1778409015.0,,40.208,22122000000.0,363000000.0,3273000000.0,8729000000.0,12.439,-430000000.0
41,PM,MRT,2011-03-31,2011-03-31,2011-03-31,2021-07-27,-146000000.0,35554000000.0,35201750000.0,13393000000.0,22161000000.0,1.95,2.221,-722000000.0,1322000000.0,1322000000.0,50789000000.0,7731000000.0,0.934,7.526,16852000000.0,4967000000.0,11885000000.0,16852000000.0,0.0,948000000.0,0.0,0.038,2.5,11236000000.0,12184000000.0,0.177,12184000000.0,11236000000.0,10370000000.0,4.09,4.08,4.09,3992000000.0,4023750000.0,3992000000.0,132744741789.0,12.0,10.895,9136000000.0,5.084,1.0,17867000000.0,0.26,14514000000.0,866000000.0,22227000000.0,22923500000.0,8271000000.0,0.0,0.0,0.0,30042000000.0,14343000000.0,15699000000.0,117945741789.0,472000000.0,-103000000.0,-4408000000.0,459000000.0,-4484000000.0,-8725000000.0,-781000000.0,0.0,9858000000.0,120000000.0,7475000000.0,7475000000.0,7475000000.0,0.0,256000000.0,0.109,6375000000.0,11492000000.0,964000000.0,0.611,29.546,15.779,16.046,6678000000.0,0.0,65.63,1.718,1.718,2991000000.0,18903000000.0,68656000000.0,68656000000.0,0.0,0.212,1.858,0.49,0.164,0.0,6220000000.0,1.0,1797131522.0,1797131522.0,,38.203,21040000000.0,326000000.0,2895000000.0,7449000000.0,11.708,-950000000.0
42,PM,MRT,2010-12-31,2010-12-31,2010-12-31,2021-07-27,-1140000000.0,35050000000.0,34856500000.0,13756000000.0,21294000000.0,1.943,1.932,-713000000.0,1703000000.0,1703000000.0,50218000000.0,7498000000.0,1.074,8.537,16502000000.0,3132000000.0,13370000000.0,16502000000.0,0.0,932000000.0,0.0,0.042,2.44,10961000000.0,11893000000.0,0.176,11893000000.0,10961000000.0,10085000000.0,3.93,3.92,3.93,3506000000.0,4244750000.0,3506000000.0,120136455242.0,11.0,10.101,8724000000.0,4.808,1.0,17495000000.0,0.258,14034000000.0,876000000.0,23011000000.0,23842250000.0,8317000000.0,0.0,0.0,0.0,29929000000.0,12804000000.0,17125000000.0,106196455242.0,163000000.0,-83000000.0,-4801000000.0,938000000.0,-4423000000.0,-8578000000.0,-710000000.0,0.0,9437000000.0,14000000.0,7259000000.0,7259000000.0,7259000000.0,0.0,239000000.0,0.107,6295000000.0,11200000000.0,835000000.0,0.621,30.29,14.63,14.893,6499000000.0,0.0,58.53,1.568,1.568,3009000000.0,18133000000.0,67713000000.0,67713000000.0,0.0,0.208,1.71,0.46,0.162,0.0,6160000000.0,1.0,1814393563.0,1814393563.0,,37.32,21016000000.0,371000000.0,2826000000.0,7650000000.0,11.583,952000000.0
43,PM,MRT,2010-09-30,2010-09-30,2010-09-30,2021-07-27,-520000000.0,36879000000.0,34732000000.0,15482000000.0,21397000000.0,1.927,2.473,-715000000.0,3507000000.0,3507000000.0,49784000000.0,7272000000.0,1.129,6.787,17447000000.0,3852000000.0,13595000000.0,17447000000.0,0.0,923000000.0,0.0,0.042,2.38,10655000000.0,11578000000.0,0.173,11578000000.0,10655000000.0,9770000000.0,3.76,3.76,3.76,4532000000.0,4797250000.0,4532000000.0,116324361602.0,11.0,10.047,8606000000.0,4.695,1.0,17130000000.0,0.256,14063000000.0,885000000.0,23043000000.0,24237500000.0,8248000000.0,0.0,0.0,0.0,30757000000.0,13713000000.0,17044000000.0,102677361602.0,1905000000.0,-36000000.0,-5015000000.0,2968000000.0,-4369000000.0,-6708000000.0,-776000000.0,0.0,9321000000.0,68000000.0,7029000000.0,7029000000.0,7029000000.0,0.0,243000000.0,0.105,6232000000.0,10898000000.0,1064000000.0,0.633,22.656,14.608,14.899,6587000000.0,0.0,56.02,1.534,1.534,3022000000.0,17539000000.0,66914000000.0,66914000000.0,0.0,0.202,1.465,0.44,0.159,0.0,6101000000.0,1.0,1832869718.0,1832869718.0,,36.508,22816000000.0,282000000.0,2741000000.0,7552000000.0,12.448,1769000000.0
44,PM,MRT,2010-06-30,2010-06-30,2010-06-30,2021-07-27,-1301000000.0,33324000000.0,33938500000.0,12924000000.0,20400000000.0,1.961,2.195,-711000000.0,1584000000.0,1584000000.0,49478000000.0,7234000000.0,1.294,6.832,15231000000.0,935000000.0,14296000000.0,15231000000.0,0.0,905000000.0,0.0,0.051,2.32,10683000000.0,11588000000.0,0.174,11588000000.0,10683000000.0,9791000000.0,3.69,3.69,3.69,4065000000.0,5249250000.0,4065000000.0,100049974616.0,9.0,8.634,8039000000.0,4.341,1.0,17073000000.0,0.257,13569000000.0,892000000.0,23413000000.0,24484250000.0,7502000000.0,0.0,0.0,0.0,27774000000.0,9989000000.0,17785000000.0,84889974616.0,-1018000000.0,-221000000.0,-5441000000.0,1317000000.0,-4349000000.0,-8770000000.0,-954000000.0,0.0,8750000000.0,-44000000.0,7005000000.0,7005000000.0,7005000000.0,0.0,229000000.0,0.105,6161000000.0,10912000000.0,871000000.0,0.629,20.883,12.118,12.423,6162000000.0,0.0,45.84,1.276,1.276,3232000000.0,16888000000.0,66551000000.0,66551000000.0,0.0,0.206,1.334,0.436,0.161,0.0,6053000000.0,1.0,1851875537.0,1851875537.0,,35.937,19755000000.0,296000000.0,2786000000.0,7082000000.0,10.668,2935000000.0
45,PM,MRT,2010-03-31,2010-03-31,2010-03-31,2021-07-27,-553000000.0,34173000000.0,33889250000.0,13078000000.0,21095000000.0,1.9,2.592,-720000000.0,850000000.0,850000000.0,47870000000.0,6789000000.0,1.365,5.703,16010000000.0,1201000000.0,14809000000.0,16010000000.0,0.0,883000000.0,0.0,0.044,2.28,10215000000.0,11098000000.0,0.172,11098000000.0,10215000000.0,9353000000.0,3.41,3.4,3.41,4876000000.0,5827250000.0,4876000000.0,111987031488.0,11.0,10.091,7711000000.0,4.099,1.0,16511000000.0,0.256,13851000000.0,862000000.0,25902000000.0,24430500000.0,8279000000.0,0.0,0.0,0.0,27808000000.0,9580000000.0,18228000000.0,98111031488.0,-1511000000.0,-220000000.0,-5736000000.0,1211000000.0,-4336000000.0,-9141000000.0,-1014000000.0,0.0,8431000000.0,213000000.0,6569000000.0,6569000000.0,6569000000.0,0.0,220000000.0,0.102,6076000000.0,10435000000.0,956000000.0,0.669,20.121,14.935,15.296,6530000000.0,0.0,52.16,1.524,1.524,3186000000.0,15977000000.0,64381000000.0,64381000000.0,0.0,0.194,1.127,0.418,0.159,0.0,5969000000.0,1.0,1880963027.0,1880963027.0,,34.228,20322000000.0,280000000.0,2784000000.0,6246000000.0,10.804,3498000000.0
46,PM,MRT,2009-12-31,2009-12-31,2009-12-31,2021-07-27,-817000000.0,34552000000.0,33032000000.0,14682000000.0,19870000000.0,1.879,3.001,-715000000.0,1540000000.0,1540000000.0,46067000000.0,6552000000.0,1.313,4.97,15416000000.0,1744000000.0,13672000000.0,15416000000.0,0.0,853000000.0,0.0,0.046,2.24,9830000000.0,10683000000.0,0.172,10683000000.0,9830000000.0,9033000000.0,3.25,3.24,3.25,5716000000.0,6084750000.0,5716000000.0,104435757235.0,11.0,9.776,7169000000.0,3.764,1.0,16013000000.0,0.258,12658000000.0,797000000.0,24592000000.0,23827500000.0,9207000000.0,0.0,0.0,0.0,28407000000.0,11178000000.0,17229000000.0,91786757235.0,9000000.0,-429000000.0,-5448000000.0,3132000000.0,-4327000000.0,-6911000000.0,-1098000000.0,0.0,7884000000.0,134000000.0,6342000000.0,6342000000.0,6342000000.0,0.0,210000000.0,0.102,5973000000.0,10040000000.0,670000000.0,0.689,16.058,14.473,14.828,6390000000.0,0.0,48.19,1.479,1.479,3098000000.0,15358000000.0,62080000000.0,62080000000.0,0.0,0.192,1.042,0.413,0.158,0.0,5870000000.0,1.0,1904684732.0,1904684732.0,,32.593,21894000000.0,305000000.0,2691000000.0,7203000000.0,11.495,3504000000.0
47,PM,MRT,2009-09-30,2009-09-30,2009-09-30,2021-07-27,-1019000000.0,33705000000.0,32637000000.0,14277000000.0,19428000000.0,1.847,3.277,-758000000.0,1602000000.0,1602000000.0,44530000000.0,6483000000.0,1.451,4.257,14251000000.0,510000000.0,13741000000.0,14251000000.0,0.0,824000000.0,0.0,0.045,2.2,9607000000.0,10431000000.0,0.173,10431000000.0,9607000000.0,8929000000.0,3.16,3.15,3.16,6340000000.0,6530750000.0,6340000000.0,105757506072.0,11.0,10.139,6494000000.0,3.357,1.0,15760000000.0,0.261,12486000000.0,678000000.0,24030000000.0,23219250000.0,8877000000.0,0.0,0.0,0.0,26991000000.0,9838000000.0,17153000000.0,94285506072.0,-1201000000.0,-444000000.0,-4968000000.0,2660000000.0,-4316000000.0,-6952000000.0,-1077000000.0,0.0,7252000000.0,-424000000.0,6265000000.0,6265000000.0,6265000000.0,0.0,218000000.0,0.104,5935000000.0,9825000000.0,1040000000.0,0.696,14.872,15.05,15.424,6358000000.0,0.0,48.74,1.564,1.564,3048000000.0,14936000000.0,60290000000.0,60290000000.0,0.0,0.192,0.959,0.414,0.159,0.0,5863000000.0,1.0,1934458475.0,1934458475.0,,31.166,21219000000.0,273000000.0,2664000000.0,6714000000.0,10.969,4439000000.0
48,PM,MRT,2009-06-30,2009-06-30,2009-06-30,2021-07-27,-1719000000.0,33127000000.0,33037000000.0,14731000000.0,18396000000.0,1.849,3.251,-848000000.0,2602000000.0,2602000000.0,45117000000.0,6783000000.0,1.524,4.146,14074000000.0,594000000.0,13480000000.0,14074000000.0,0.0,833000000.0,0.0,0.05,2.16,9629000000.0,10462000000.0,0.171,10462000000.0,9629000000.0,9103000000.0,3.25,3.24,3.25,6377000000.0,7853750000.0,6377000000.0,97259991532.0,10.0,9.297,6561000000.0,3.345,1.0,15965000000.0,0.261,11735000000.0,526000000.0,23198000000.0,22173000000.0,8229000000.0,0.0,0.0,0.0,26440000000.0,9666000000.0,16774000000.0,85563991532.0,-426000000.0,-1843000000.0,-6003000000.0,5835000000.0,-4221000000.0,-4837000000.0,-2583000000.0,0.0,7409000000.0,-415000000.0,6547000000.0,6547000000.0,6547000000.0,0.0,236000000.0,0.107,6100000000.0,9865000000.0,774000000.0,0.665,13.418,13.069,13.422,6121000000.0,0.0,43.62,1.401,1.401,3171000000.0,14251000000.0,61082000000.0,61082000000.0,0.0,0.198,0.834,0.434,0.158,0.0,6021000000.0,1.0,1961577064.0,1961577064.0,,31.139,21392000000.0,284000000.0,2556000000.0,6818000000.0,10.906,5065000000.0
49,PM,MRT,2009-03-31,2009-03-31,2009-03-31,2021-07-27,-2969000000.0,30744000000.0,33334750000.0,13640000000.0,17104000000.0,1.877,2.947,-943000000.0,2361000000.0,2361000000.0,46309000000.0,6943000000.0,1.677,4.164,14057000000.0,913000000.0,13144000000.0,14057000000.0,0.0,834000000.0,0.0,0.058,2.08,9794000000.0,10628000000.0,0.17,10628000000.0,9794000000.0,9400000000.0,3.27,3.26,3.27,5906000000.0,9726250000.0,5906000000.0,81730537193.0,8.0,7.69,6836000000.0,3.411,1.0,16263000000.0,0.26,10815000000.0,394000000.0,23490000000.0,20742250000.0,7824000000.0,0.0,0.0,0.0,24592000000.0,8135000000.0,16457000000.0,71300537193.0,1130000000.0,-1843000000.0,-6496000000.0,6907000000.0,-3149000000.0,-3050000000.0,-3032000000.0,0.0,7779000000.0,-567000000.0,6693000000.0,6693000000.0,6693000000.0,0.0,250000000.0,0.107,6219000000.0,10044000000.0,765000000.0,0.636,12.073,10.653,10.881,5752000000.0,0.0,35.58,1.139,1.139,2602000000.0,13758000000.0,62572000000.0,62572000000.0,0.0,0.201,0.688,0.472,0.157,0.0,6107000000.0,1.0,2003949893.0,2003949893.0,,31.224,19929000000.0,288000000.0,2707000000.0,5219000000.0,9.945,5505000000.0
50,PM,MRT,2008-12-31,2008-12-31,2008-12-31,2021-07-27,-2281000000.0,32972000000.0,33531750000.0,14939000000.0,18033000000.0,1.898,3.707,-1099000000.0,1531000000.0,1531000000.0,47263000000.0,7150000000.0,1.473,3.342,11961000000.0,584000000.0,11377000000.0,11961000000.0,0.0,842000000.0,0.0,0.035,1.54,9988000000.0,10830000000.0,0.17,10830000000.0,9988000000.0,9677000000.0,3.32,3.31,3.32,7500000000.0,11944250000.0,7500000000.0,96366203901.0,10.0,8.898,6836000000.0,3.379,1.0,16377000000.0,0.257,11099000000.0,311000000.0,22159000000.0,19939500000.0,9664000000.0,0.0,0.0,0.0,25068000000.0,10144000000.0,14924000000.0,88022203901.0,30000000.0,-1663000000.0,-5138000000.0,5707000000.0,-2060000000.0,-4178000000.0,-3161000000.0,0.0,7935000000.0,-566000000.0,6890000000.0,6890000000.0,6890000000.0,0.0,260000000.0,0.108,6129000000.0,10248000000.0,1013000000.0,0.464,11.736,12.775,13.105,6348000000.0,0.0,43.51,1.383,1.383,2848000000.0,13354000000.0,63640000000.0,63640000000.0,0.0,0.205,0.577,0.501,0.157,0.0,6001000000.0,1.0,2023033875.0,2023033875.0,,31.458,21873000000.0,322000000.0,2787000000.0,6569000000.0,10.812,4795000000.0
51,PM,MRT,2008-09-30,2008-09-30,2008-09-30,2021-07-27,1356000000.0,35305000000.0,33233000000.0,15306000000.0,19999000000.0,1.872,5.643,-1182000000.0,2803000000.0,2803000000.0,46365000000.0,7296000000.0,1.343,2.035,11147000000.0,1949000000.0,9198000000.0,11147000000.0,0.0,843000000.0,0.0,0.021,1.0,9804000000.0,10647000000.0,0.171,10647000000.0,9804000000.0,9586000000.0,3.26,3.25,3.26,11632000000.0,13968000000.0,11632000000.0,104439154343.0,11.0,9.809,6152000000.0,2.985,1.0,15852000000.0,0.255,12408000000.0,218000000.0,19845000000.0,19005500000.0,8855000000.0,0.0,0.0,0.0,23673000000.0,11396000000.0,12277000000.0,99144154343.0,-494000000.0,-2664000000.0,-4297000000.0,7412000000.0,-956000000.0,-3738000000.0,-4260000000.0,0.0,7334000000.0,170000000.0,6830000000.0,6830000000.0,6830000000.0,0.0,466000000.0,0.11,5831000000.0,10021000000.0,2342000000.0,0.307,8.523,14.516,14.755,6696000000.0,0.0,48.1,1.594,1.594,2975000000.0,13007000000.0,62217000000.0,62217000000.0,0.0,0.206,0.489,0.516,0.158,0.0,5653000000.0,1.0,2061209030.0,2061209030.0,,30.185,22897000000.0,257000000.0,2756000000.0,6521000000.0,11.109,3910000000.0
52,PM,MRT,2008-06-30,2008-06-30,2008-06-30,2021-07-27,2229000000.0,34318000000.0,,15750000000.0,18568000000.0,,6.574,-1188000000.0,3028000000.0,3028000000.0,44017000000.0,6867000000.0,1.377,1.475,8323000000.0,2052000000.0,6271000000.0,8323000000.0,0.0,814000000.0,0.0,0.009,0.46,9407000000.0,10221000000.0,0.173,10221000000.0,9407000000.0,9274000000.0,3.07,3.06,3.07,13867000000.0,,13867000000.0,110487970700.0,12.0,10.81,5243000000.0,2.486,1.0,15067000000.0,0.255,10700000000.0,133000000.0,17475000000.0,,9003000000.0,0.0,0.0,0.0,20451000000.0,11438000000.0,9013000000.0,104178970700.0,-389000000.0,-1051000000.0,-1880000000.0,4562000000.0,0.0,-4291000000.0,-2711000000.0,0.0,6431000000.0,182000000.0,6475000000.0,6475000000.0,6475000000.0,0.0,392000000.0,0.11,5441000000.0,9626000000.0,2123000000.0,0.15,7.513,16.089,16.088,7044000000.0,0.0,49.39,1.763,1.763,3093000000.0,12032000000.0,59084000000.0,59084000000.0,0.0,,,,0.159,0.0,5268000000.0,1.0,2109313033.0,2109313033.0,,28.011,23618000000.0,277000000.0,2799000000.0,6731000000.0,11.197,4312000000.0
53,PM,MRT,2008-03-31,2008-03-31,2008-03-31,2021-07-27,1844000000.0,31532000000.0,,13633000000.0,17899000000.0,,7.006,-1143000000.0,1231000000.0,1231000000.0,41918000000.0,6593000000.0,1.844,1.134,7540000000.0,897000000.0,6643000000.0,7540000000.0,0.0,786000000.0,0.0,0.0,0.0,9018000000.0,9804000000.0,0.174,9804000000.0,9018000000.0,8943000000.0,2.96,2.96,2.96,14778000000.0,,14778000000.0,111340053209.0,12.0,11.357,4979000000.0,2.36,1.0,14411000000.0,0.256,10169000000.0,75000000.0,20279000000.0,,9020000000.0,0.0,0.0,0.0,16754000000.0,7393000000.0,9361000000.0,106689053209.0,-249000000.0,-1079000000.0,0.0,3544000000.0,0.0,-4270000000.0,-2307000000.0,0.0,6122000000.0,206000000.0,6266000000.0,6266000000.0,6266000000.0,0.0,327000000.0,0.111,5176000000.0,9235000000.0,828000000.0,0.0,7.219,17.027,17.088,6877000000.0,0.0,50.58,1.894,1.894,2786000000.0,11296000000.0,56329000000.0,56329000000.0,0.0,,,,0.16,0.0,4976000000.0,1.0,2109313033.0,2109313033.0,,26.705,21363000000.0,266000000.0,2677000000.0,5335000000.0,10.128,6240000000.0
54,PM,MRT,2007-12-31,2007-12-31,2007-12-31,2021-07-27,1688000000.0,31777000000.0,28948500000.0,14786000000.0,16991000000.0,1.908,7.393,-1072000000.0,1501000000.0,1501000000.0,41144000000.0,6314000000.0,1.827,1.038,6069000000.0,491000000.0,5578000000.0,6069000000.0,0.0,748000000.0,0.0,,0.0,8618000000.0,9366000000.0,0.17,9366000000.0,8618000000.0,8608000000.0,2.86,2.86,2.86,15595000000.0,14931000000.0,15595000000.0,,,,4478000000.0,2.123,1.0,14099000000.0,0.255,9831000000.0,10000000.0,18423000000.0,15420000000.0,9371000000.0,0.0,0.0,0.0,16182000000.0,8091000000.0,8091000000.0,,-284000000.0,-1432000000.0,0.0,2941000000.0,0.0,-3594000000.0,-2586000000.0,0.0,5550000000.0,346000000.0,6038000000.0,6038000000.0,6038000000.0,0.0,276000000.0,0.109,5257000000.0,8842000000.0,819000000.0,0.0,,,,6435000000.0,0.0,,,,3356000000.0,12642000000.0,55243000000.0,55243000000.0,0.0,0.209,0.404,0.559,0.156,0.0,5021000000.0,1.0,2109313033.0,2109313033.0,,26.19,21946000000.0,302000000.0,2570000000.0,6396000000.0,10.404,6695000000.0
55,PM,MRT,2007-09-30,2007-09-30,2007-09-30,2021-07-27,,,,,,,,,,,,,,,,,,,,,,,0.0,,,,,,,,,,,,,,,,,,1.0,,,,,,,,,,,,,,,,,,,,,,,,,,,,,,,,,,,,,,,,,,,,,,,,,,,,,,1.0,2109313033.0,2109313033.0,,,,,,,,
56,PM,MRT,2007-06-30,2007-06-30,2007-06-30,2021-07-27,,,,,,,,,,,,,,,,,,,,,,,0.0,,,,,,,,,,,,,,,,,,1.0,,,,,,,,,,,,,,,,,,,,,,,,,,,,,,,,,,,,,,,,,,,,,,,,,,,,,,1.0,2109313033.0,2109313033.0,,,,,,,,
57,PM,MRT,2007-03-31,2007-03-31,2007-03-31,2021-07-27,,,,,,,,,,,,,,,,,,,,,,,0.0,,,,,,,,,,,,,,,,,,1.0,,,,,,,,,,,,,,,,,,,,,,,,,,,,,,,,,,,,,,,,,,,,,,,,,,,,,,1.0,2109313033.0,2109313033.0,,,,,,,,
58,PM,MRT,2006-12-31,2006-12-31,2006-12-31,2021-07-27,476000000.0,26120000000.0,24627500000.0,11925000000.0,14195000000.0,1.961,6.764,-886000000.0,1676000000.0,1676000000.0,35679000000.0,6130000000.0,1.706,0.831,2786000000.0,564000000.0,2222000000.0,2786000000.0,0.0,658000000.0,0.0,,0.0,8097000000.0,8755000000.0,0.181,8755000000.0,8097000000.0,7955000000.0,2.91,2.91,2.91,14267000000.0,12287000000.0,14267000000.0,,,,5404000000.0,2.562,1.0,12623000000.0,0.261,7824000000.0,142000000.0,12417000000.0,12974000000.0,7075000000.0,0.0,0.0,0.0,11853000000.0,6989000000.0,4864000000.0,,496000000.0,516000000.0,0.0,-2511000000.0,0.0,-5442000000.0,-439000000.0,0.0,6290000000.0,87000000.0,6130000000.0,6130000000.0,6130000000.0,0.0,0.0,0.127,4761000000.0,7862000000.0,672000000.0,0.0,,,,5238000000.0,0.0,,,,2748000000.0,12526000000.0,48302000000.0,48302000000.0,0.0,0.249,0.499,0.624,0.168,0.0,4551000000.0,1.0,2109313033.0,2109313033.0,,22.899,18296000000.0,263000000.0,1825000000.0,5439000000.0,8.674,4936000000.0
59,PM,MRT,2005-12-31,2005-12-31,2005-12-31,2021-07-27,-118000000.0,23135000000.0,,10025000000.0,13110000000.0,,,-736000000.0,1209000000.0,1209000000.0,32920000000.0,5620000000.0,1.583,1.245,4909000000.0,768000000.0,4141000000.0,4909000000.0,0.0,527000000.0,0.0,,0.0,7549000000.0,8076000000.0,0.178,8076000000.0,7549000000.0,7455000000.0,2.676,,2.676,10307000000.0,,10307000000.0,,,,4422000000.0,,1.0,12368000000.0,0.273,6970000000.0,94000000.0,13531000000.0,,5420000000.0,0.0,0.0,0.0,12828000000.0,6334000000.0,6494000000.0,,-3787000000.0,-4932000000.0,0.0,4119000000.0,0.0,-2964000000.0,-5622000000.0,0.0,5158000000.0,-359000000.0,5620000000.0,5620000000.0,5620000000.0,0.0,0.0,0.124,4633000000.0,7735000000.0,669000000.0,0.0,,,,4603000000.0,0.0,,,,2591000000.0,9160000000.0,45288000000.0,45288000000.0,0.0,,,,0.167,0.0,4525000000.0,1.0,,,,,16165000000.0,286000000.0,1835000000.0,4428000000.0,,3691000000.0
60,PM,MRT,2004-12-31,2004-12-31,2004-12-31,2021-07-27,,,,,,,,-711000000.0,,,28674000000.0,4570000000.0,,,,,,,,459000000.0,,,0.0,6336000000.0,6795000000.0,0.172,6795000000.0,6336000000.0,6332000000.0,2.176,,2.176,,,,,,,4115000000.0,,1.0,10862000000.0,0.275,,4000000.0,,,,,,,,,,,1835000000.0,-42000000.0,0.0,520000000.0,0.0,-2425000000.0,-852000000.0,0.0,4826000000.0,286000000.0,4570000000.0,4570000000.0,4570000000.0,0.0,0.0,0.116,4380000000.0,6482000000.0,,0.0,,,,,0.0,,,,,,39536000000.0,39536000000.0,0.0,,,,0.16,0.0,4086000000.0,1.0,,,,,,,1762000000.0,,,
