None,ticker,dimension,calendardate,datekey,reportperiod,lastupdated,accoci,assets,assetsavg,assetsc,assetsnc,assetturnover,bvps,capex,cashneq,cashnequsd,cor,consolinc,currentratio,de,debt,debtc,debtnc,debtusd,deferredrev,depamor,deposits,divyield,dps,ebit,ebitda,ebitdamargin,ebitdausd,ebitusd,ebt,eps,epsdil,epsusd,equity,equityavg,equityusd,ev,evebit,evebitda,fcf,fcfps,fxusd,gp,grossmargin,intangibles,intexp,invcap,invcapavg,inventory,investments,investmentsc,investmentsnc,liabilities,liabilitiesc,liabilitiesnc,marketcap,ncf,ncfbus,ncfcommon,ncfdebt,ncfdiv,ncff,ncfi,ncfinv,ncfo,ncfx,netinc,netinccmn,netinccmnusd,netincdis,netincnci,netmargin,opex,opinc,payables,payoutratio,pb,pe,pe1,ppnenet,prefdivis,price,ps,ps1,receivables,retearn,revenue,revenueusd,rnd,roa,roe,roic,ros,sbcomp,sgna,sharefactor,sharesbas,shareswa,shareswadil,sps,tangibles,taxassets,taxexp,taxliabilities,tbvps,workingcapital
0,F,MRY,2020-12-31,2020-12-31,2020-12-31,2021-09-07,-8294000000.0,267261000000.0,265180000000.0,116744000000.0,150517000000.0,0.479,7.725,-5742000000.0,25243000000.0,25243000000.0,121359000000.0,-1276000000.0,1.201,7.704,161684000000.0,51343000000.0,110341000000.0,161684000000.0,0.0,8751000000.0,0.0,0.017,0.15,530000000.0,9281000000.0,0.073,9281000000.0,530000000.0,-1119000000.0,-0.32,-0.32,-0.32,30690000000.0,31072250000.0,30690000000.0,167982376494.0,317.0,18.1,18527000000.0,4.663,1.0,5785000000.0,0.045,0.0,1649000000.0,306510000000.0,309536000000.0,10808000000.0,155248000000.0,67119000000.0,88129000000.0,236450000000.0,97192000000.0,139258000000.0,34970376494.0,8194000000.0,1340000000.0,0.0,3095000000.0,-596000000.0,2315000000.0,-18615000000.0,-14707000000.0,24269000000.0,225000000.0,-1279000000.0,-1279000000.0,-1279000000.0,0.0,3000000.0,-0.01,10193000000.0,-4408000000.0,22204000000.0,-0.469,1.139,-27.342,-27.469,37083000000.0,0.0,8.79,0.275,0.275,9993000000.0,18243000000.0,127144000000.0,127144000000.0,0.0,-0.005,-0.041,0.002,0.004,199000000.0,10193000000.0,1.0,3978427360.0,3973000000,3973000000.0,32.002,267261000000.0,12423000000.0,160000000.0,538000000.0,67.269,19552000000.0
1,F,MRY,2019-12-31,2019-12-31,2019-12-31,2021-09-07,-7728000000.0,258537000000.0,260539750000.0,114047000000.0,144490000000.0,0.598,8.355,-7632000000.0,17504000000.0,17504000000.0,144165000000.0,84000000.0,1.162,6.789,155307000000.0,53946000000.0,101361000000.0,155307000000.0,0.0,9689000000.0,0.0,0.065,0.6,343000000.0,10032000000.0,0.064,10032000000.0,343000000.0,-677000000.0,0.01,0.01,0.01,33185000000.0,35257250000.0,33185000000.0,170461542054.0,497.0,16.992,10007000000.0,2.519,1.0,11735000000.0,0.075,0.0,1020000000.0,298208000000.0,297254750000.0,10786000000.0,156250000000.0,70798000000.0,85452000000.0,225307000000.0,98132000000.0,127175000000.0,36873542054.0,834000000.0,0.0,-237000000.0,-277000000.0,-2389000000.0,-3129000000.0,-13721000000.0,-6051000000.0,17639000000.0,45000000.0,47000000.0,47000000.0,47000000.0,0.0,37000000.0,0.0,11161000000.0,574000000.0,20673000000.0,60.0,1.111,784.543,930.0,36469000000.0,0.0,9.3,0.237,0.237,9237000000.0,20320000000.0,155900000000.0,155900000000.0,0.0,0.0,0.001,0.001,0.002,228000000.0,11161000000.0,1.0,3964896995.0,3972000000,4004000000.0,39.25,258537000000.0,11863000000.0,-724000000.0,490000000.0,65.09,15915000000.0
2,F,MRY,2018-12-31,2018-12-31,2018-12-31,2021-09-07,-7366000000.0,256540000000.0,260203750000.0,114649000000.0,141891000000.0,0.616,9.042,-7785000000.0,16718000000.0,16718000000.0,145732000000.0,3695000000.0,1.2,6.136,154213000000.0,53493000000.0,100720000000.0,154213000000.0,0.0,9385000000.0,0.0,0.095,0.73,5555000000.0,14940000000.0,0.093,14940000000.0,5555000000.0,4327000000.0,0.93,0.92,0.93,35932000000.0,36340750000.0,35932000000.0,165299960895.0,30.0,11.064,7237000000.0,1.821,1.0,14606000000.0,0.091,0.0,1228000000.0,298466000000.0,301132500000.0,11220000000.0,158958000000.0,71586000000.0,87372000000.0,220474000000.0,95569000000.0,124905000000.0,30430960895.0,-1731000000.0,0.0,-164000000.0,3139000000.0,-2905000000.0,-122000000.0,-16261000000.0,-8299000000.0,15022000000.0,-370000000.0,3677000000.0,3677000000.0,3677000000.0,0.0,18000000.0,0.023,11403000000.0,3203000000.0,21520000000.0,0.785,0.847,8.276,8.226,36178000000.0,0.0,7.65,0.19,0.19,11195000000.0,22668000000.0,160338000000.0,160338000000.0,0.0,0.014,0.101,0.018,0.035,191000000.0,11403000000.0,1.0,3977903385.0,3974000000,3998000000.0,40.347,256540000000.0,10412000000.0,650000000.0,597000000.0,64.555,19080000000.0
3,F,MRY,2017-12-31,2017-12-31,2017-12-31,2021-09-07,-6959000000.0,258496000000.0,250333000000.0,116801000000.0,141695000000.0,0.626,8.95,-7049000000.0,18492000000.0,18492000000.0,140368000000.0,7757000000.0,1.235,6.262,154287000000.0,51621000000.0,102666000000.0,154287000000.0,0.0,9241000000.0,0.0,0.052,0.65,9323000000.0,18564000000.0,0.118,18564000000.0,9323000000.0,8133000000.0,1.94,1.93,1.94,35578000000.0,32919750000.0,35578000000.0,181137054378.0,19.0,9.757,11047000000.0,2.779,1.0,16408000000.0,0.105,0.0,1190000000.0,299691000000.0,288008750000.0,11176000000.0,160147000000.0,72645000000.0,87502000000.0,222792000000.0,94600000000.0,128192000000.0,49614054378.0,2619000000.0,0.0,-131000000.0,6260000000.0,-2584000000.0,3394000000.0,-19360000000.0,-12282000000.0,18096000000.0,489000000.0,7731000000.0,7731000000.0,7731000000.0,0.0,26000000.0,0.049,11527000000.0,4881000000.0,23282000000.0,0.335,1.395,6.418,6.438,35327000000.0,0.0,12.49,0.316,0.317,10599000000.0,21906000000.0,156776000000.0,156776000000.0,0.0,0.031,0.235,0.032,0.059,246000000.0,11527000000.0,1.0,3972302192.0,3975000000,3998000000.0,39.441,258496000000.0,10762000000.0,402000000.0,815000000.0,65.03,22201000000.0
4,F,MRY,2016-12-31,2016-12-31,2016-12-31,2021-09-07,-7013000000.0,237951000000.0,237470000000.0,108461000000.0,129490000000.0,0.639,7.341,-6992000000.0,15905000000.0,15905000000.0,135042000000.0,4600000000.0,1.201,7.154,142970000000.0,49669000000.0,93301000000.0,142970000000.0,0.0,9023000000.0,0.0,0.07,0.85,7724000000.0,16747000000.0,0.11,16747000000.0,7724000000.0,6773000000.0,1.16,1.15,1.16,29170000000.0,30350000000.0,29170000000.0,172085158377.0,22.0,10.276,12858000000.0,3.236,1.0,16758000000.0,0.11,0.0,951000000.0,274735000000.0,294970250000.0,8898000000.0,151245000000.0,69188000000.0,82057000000.0,208668000000.0,90281000000.0,118387000000.0,48201158377.0,1683000000.0,0.0,-145000000.0,11028000000.0,-3376000000.0,7400000000.0,-25302000000.0,-18422000000.0,19850000000.0,-265000000.0,4589000000.0,4589000000.0,4589000000.0,0.0,11000000.0,0.03,10972000000.0,5786000000.0,21296000000.0,0.733,1.652,10.504,10.457,32072000000.0,0.0,12.13,0.318,0.318,11102000000.0,15634000000.0,151800000000.0,151800000000.0,0.0,0.019,0.151,0.026,0.051,210000000.0,10972000000.0,1.0,3973714623.0,3973714623,,38.201,237951000000.0,9705000000.0,2184000000.0,691000000.0,59.881,18180000000.0
5,F,MRY,2015-12-31,2015-12-31,2015-12-31,2021-09-07,-6257000000.0,224925000000.0,218193750000.0,102587000000.0,122338000000.0,0.685,7.217,-7196000000.0,14272000000.0,14272000000.0,131814000000.0,7371000000.0,1.246,6.849,132854000000.0,42975000000.0,89879000000.0,132854000000.0,0.0,7993000000.0,0.0,0.043,0.6,11027000000.0,19020000000.0,0.127,19020000000.0,11027000000.0,10254000000.0,1.86,1.84,1.86,28642000000.0,26847000000.0,28642000000.0,167656999152.0,15.0,8.815,9030000000.0,2.275,1.0,17744000000.0,0.119,0.0,773000000.0,261171000000.0,310449250000.0,8319000000.0,141912000000.0,66041000000.0,75871000000.0,196174000000.0,82336000000.0,113838000000.0,55917999152.0,3515000000.0,0.0,-129000000.0,17148000000.0,-2380000000.0,14266000000.0,-26162000000.0,-19466000000.0,16226000000.0,-815000000.0,7373000000.0,7373000000.0,7373000000.0,0.0,-2000000.0,0.049,10763000000.0,6981000000.0,20272000000.0,0.323,1.952,7.584,7.575,30163000000.0,0.0,14.09,0.374,0.374,11042000000.0,14414000000.0,149558000000.0,149558000000.0,0.0,0.034,0.275,0.036,0.074,199000000.0,10763000000.0,1.0,3968630174.0,3968630174,,37.685,224925000000.0,11509000000.0,2881000000.0,502000000.0,56.676,20251000000.0
6,F,MRY,2014-12-31,2014-12-31,2014-12-31,2021-09-07,-5265000000.0,208615000000.0,208869250000.0,,,0.69,6.35,-7463000000.0,10757000000.0,10757000000.0,131903000000.0,1230000000.0,,7.521,119171000000.0,,,119171000000.0,0.0,7385000000.0,0.0,0.032,0.5,2032000000.0,9417000000.0,0.065,9417000000.0,2032000000.0,1235000000.0,0.31,0.31,0.31,24438000000.0,26030750000.0,24438000000.0,165527654964.0,81.0,17.578,7044000000.0,1.83,1.0,12174000000.0,0.084,0.0,797000000.0,317029000000.0,315229750000.0,7870000000.0,128078000000.0,,,183808000000.0,,,59654654964.0,-3711000000.0,0.0,-1964000000.0,7314000000.0,-1952000000.0,3423000000.0,-21124000000.0,-13325000000.0,14507000000.0,-517000000.0,1231000000.0,1231000000.0,1231000000.0,0.0,-1000000.0,0.009,11842000000.0,332000000.0,20035000000.0,1.613,2.441,48.46,50.0,30126000000.0,0.0,15.5,0.414,0.414,11708000000.0,9422000000.0,144077000000.0,144077000000.0,0.0,0.006,0.047,0.006,0.014,180000000.0,11842000000.0,1.0,3848687417.0,3848687417,,37.435,208615000000.0,14024000000.0,4000000.0,570000000.0,54.204,
7,F,MRY,2013-12-31,2013-12-31,2013-12-31,2021-09-07,-18230000000.0,202179000000.0,198117500000.0,,,0.742,6.62,-6597000000.0,14468000000.0,14468000000.0,123258000000.0,11946000000.0,,6.729,114688000000.0,,,114688000000.0,0.0,6504000000.0,0.0,0.026,0.4,15207000000.0,21711000000.0,0.148,21711000000.0,15207000000.0,14378000000.0,3.04,2.94,3.04,26112000000.0,20838250000.0,26112000000.0,156732657818.0,10.0,7.219,3847000000.0,0.975,1.0,23659000000.0,0.161,0.0,829000000.0,302399000000.0,294084750000.0,7708000000.0,123244000000.0,,,175703000000.0,,,60862657818.0,-1191000000.0,0.0,-213000000.0,9663000000.0,-1574000000.0,8133000000.0,-19731000000.0,-13324000000.0,10444000000.0,-37000000.0,11953000000.0,11953000000.0,11953000000.0,0.0,-7000000.0,0.081,10850000000.0,12809000000.0,19531000000.0,0.132,2.331,5.092,5.076,27616000000.0,0.0,15.43,0.414,0.414,9828000000.0,23386000000.0,146917000000.0,146917000000.0,0.0,0.06,0.574,0.052,0.104,159000000.0,10850000000.0,1.0,3944436670.0,3944436670,,37.247,202179000000.0,13468000000.0,2425000000.0,598000000.0,51.257,
8,F,MRY,2012-12-31,2012-12-31,2012-12-31,2021-09-07,-22854000000.0,189406000000.0,184349250000.0,,,0.724,4.183,-5488000000.0,15659000000.0,15659000000.0,116231000000.0,5612000000.0,,10.854,105058000000.0,,,105058000000.0,0.0,5486000000.0,0.0,0.015,0.2,8352000000.0,13838000000.0,0.104,13838000000.0,8352000000.0,7639000000.0,1.47,1.41,1.47,15947000000.0,17107500000.0,15947000000.0,136438972848.0,16.0,9.86,3557000000.0,0.933,1.0,17328000000.0,0.13,0.0,713000000.0,278805000000.0,270905500000.0,7362000000.0,109824000000.0,,,173095000000.0,,,49373972848.0,-1489000000.0,0.0,-125000000.0,4434000000.0,-763000000.0,3705000000.0,-14290000000.0,-8998000000.0,9045000000.0,51000000.0,5613000000.0,5613000000.0,5613000000.0,0.0,-1000000.0,0.042,11529000000.0,5799000000.0,19308000000.0,0.136,3.096,8.796,8.81,24942000000.0,0.0,12.95,0.37,0.37,10878000000.0,18077000000.0,133559000000.0,133559000000.0,0.0,0.03,0.328,0.031,0.063,140000000.0,11529000000.0,1.0,3812661996.0,3812661996,,35.03,189406000000.0,15185000000.0,2026000000.0,470000000.0,49.678,
9,F,MRY,2011-12-31,2011-12-31,2011-12-31,2021-09-07,-18734000000.0,178348000000.0,169141250000.0,,,0.802,3.955,-4293000000.0,17148000000.0,17148000000.0,117189000000.0,20222000000.0,,10.865,99488000000.0,,,99488000000.0,0.0,0.0,0.0,0.0,0.0,9489000000.0,9489000000.0,0.07,9489000000.0,9489000000.0,8672000000.0,5.33,4.94,5.33,15028000000.0,7186250000.0,15028000000.0,119560078217.0,13.0,12.6,5491000000.0,1.445,1.0,18416000000.0,0.136,100000000.0,817000000.0,260588000000.0,249643250000.0,5901000000.0,104368000000.0,,,163277000000.0,,,40889078217.0,2343000000.0,264000000.0,0.0,-4333000000.0,0.0,-4241000000.0,-3041000000.0,523000000.0,9784000000.0,-159000000.0,20213000000.0,20213000000.0,20213000000.0,0.0,9000000.0,0.149,10884000000.0,7532000000.0,17724000000.0,0.0,2.721,2.023,2.019,22371000000.0,0.0,10.76,0.302,0.302,8565000000.0,12985000000.0,135605000000.0,135605000000.0,0.0,0.12,2.813,0.038,0.07,0.0,10884000000.0,1.0,3800100206.0,3800100206,,35.685,178248000000.0,15125000000.0,-11541000000.0,696000000.0,46.906,
10,F,MRY,2010-12-31,2010-12-31,2010-12-31,2021-09-07,-14313000000.0,164687000000.0,178370750000.0,,,0.723,-0.195,-4092000000.0,14805000000.0,14805000000.0,108580000000.0,6557000000.0,,-245.66,103988000000.0,,,103988000000.0,0.0,0.0,0.0,0.0,0.0,8960000000.0,8960000000.0,0.069,8960000000.0,8960000000.0,7153000000.0,1.9,1.66,1.9,-673000000.0,-2873750000.0,-673000000.0,157004879163.0,18.0,17.523,7385000000.0,2.141,1.0,20374000000.0,0.158,102000000.0,1807000000.0,253768000000.0,276394250000.0,5917000000.0,105079000000.0,,,165329000000.0,,,58305879163.0,-6089000000.0,956000000.0,1339000000.0,-18558000000.0,0.0,-24421000000.0,6908000000.0,9774000000.0,11477000000.0,-53000000.0,6561000000.0,6561000000.0,6561000000.0,0.0,-4000000.0,0.051,11909000000.0,8465000000.0,16362000000.0,0.0,-86.636,8.887,8.837,23179000000.0,0.0,16.79,0.452,0.449,8381000000.0,-7038000000.0,128954000000.0,128954000000.0,0.0,0.037,-2.283,0.032,0.069,0.0,11909000000.0,1.0,3472655102.0,3449000000,3449000000.0,37.389,164585000000.0,2003000000.0,592000000.0,1135000000.0,47.72,
11,F,MRY,2009-12-31,2009-12-31,2009-12-31,2021-09-07,-10864000000.0,192040000000.0,199617500000.0,,,0.583,-2.614,-4059000000.0,20894000000.0,20894000000.0,99896000000.0,2717000000.0,,-25.553,131635000000.0,,,131635000000.0,0.0,0.0,0.0,0.0,0.0,9394000000.0,9394000000.0,0.081,9394000000.0,9394000000.0,2604000000.0,0.91,0.86,0.91,-7820000000.0,-11203750000.0,-7820000000.0,139290008760.0,15.0,14.828,11418000000.0,3.816,1.0,16387000000.0,0.141,165000000.0,6790000000.0,302616000000.0,312031500000.0,5041000000.0,116916000000.0,,,199822000000.0,,,33071008760.0,-910000000.0,39000000.0,2450000000.0,-21710000000.0,0.0,-22830000000.0,6619000000.0,11025000000.0,15477000000.0,454000000.0,2717000000.0,2717000000.0,2717000000.0,-5000000.0,0.0,0.023,13029000000.0,3358000000.0,14301000000.0,0.0,-4.229,12.172,10.989,22637000000.0,0.0,10.0,0.284,0.257,7194000000.0,-13599000000.0,116283000000.0,116283000000.0,0.0,0.014,-0.243,0.03,0.081,0.0,13029000000.0,1.0,3307100876.0,2992000000,2992000000.0,38.865,191875000000.0,3479000000.0,-113000000.0,2421000000.0,64.129,
12,F,MRY,2008-12-31,2008-12-31,2008-12-31,2021-09-07,-10124000000.0,218298000000.0,252143250000.0,,,0.569,-6.917,-6492000000.0,22049000000.0,22049000000.0,128494000000.0,-14824000000.0,,-14.809,152577000000.0,,,152577000000.0,0.0,0.0,0.0,0.0,0.0,-5091000000.0,-5091000000.0,-0.035,-5091000000.0,-5091000000.0,-14828000000.0,-6.5,-6.5,-6.5,-15722000000.0,-3070750000.0,-15722000000.0,137369479175.0,-27.0,-26.983,-6755000000.0,-2.972,1.0,15090000000.0,0.105,246000000.0,9737000000.0,348580000000.0,384063500000.0,6988000000.0,137744000000.0,,,232825000000.0,,,5470479175.0,-13088000000.0,5913000000.0,756000000.0,-9325000000.0,0.0,-9172000000.0,-2939000000.0,-2676000000.0,-263000000.0,-714000000.0,-14766000000.0,-14766000000.0,-14766000000.0,0.0,-58000000.0,-0.103,21065000000.0,-5975000000.0,13145000000.0,0.0,-0.348,-0.37,-0.352,24143000000.0,0.0,2.29,0.038,0.036,5674000000.0,-16316000000.0,143584000000.0,143584000000.0,0.0,-0.059,4.809,-0.013,-0.035,0.0,21065000000.0,1.0,2388855535.0,2273000000,2273000000.0,63.169,218052000000.0,3108000000.0,-62000000.0,2035000000.0,95.931,
13,F,MRY,2007-12-31,2007-12-31,2007-12-31,2021-09-07,-558000000.0,279264000000.0,276713750000.0,,,0.616,2.844,-6022000000.0,35283000000.0,35283000000.0,143255000000.0,-2483000000.0,,48.368,168787000000.0,,,168787000000.0,0.0,0.0,0.0,0.0,0.0,6910000000.0,6910000000.0,0.041,6910000000.0,6910000000.0,-4128000000.0,-1.41,-1.41,-1.41,5628000000.0,283750000.0,5628000000.0,149977683426.0,22.0,21.704,11052000000.0,5.585,1.0,27317000000.0,0.16,2069000000.0,11038000000.0,410699000000.0,408318750000.0,10121000000.0,160676000000.0,,,272215000000.0,,,14201683426.0,6389000000.0,1153000000.0,219000000.0,-5399000000.0,0.0,-5268000000.0,-6457000000.0,-1377000000.0,17074000000.0,1014000000.0,-2795000000.0,-2795000000.0,-2795000000.0,0.0,312000000.0,-0.016,23569000000.0,3748000000.0,20832000000.0,0.0,2.523,-5.081,-4.773,36239000000.0,0.0,6.73,0.083,0.078,8863000000.0,-1485000000.0,170572000000.0,170572000000.0,0.0,-0.01,-9.85,0.017,0.041,0.0,21169000000.0,1.0,2110205561.0,1979000000,1979000000.0,86.191,277195000000.0,3500000000.0,-1333000000.0,3034000000.0,140.068,
14,F,MRY,2006-12-31,2006-12-31,2006-12-31,2021-09-07,-7846000000.0,279196000000.0,273171250000.0,,,0.586,-1.844,-6848000000.0,28896000000.0,28896000000.0,149107000000.0,-12613000000.0,,-81.242,171832000000.0,,,171832000000.0,0.0,0.0,0.0,0.033,0.25,-6485000000.0,-6485000000.0,-0.041,-6485000000.0,-6485000000.0,-15268000000.0,-6.72,-6.72,-6.72,-3465000000.0,8091500000.0,-3465000000.0,143084592851.0,-22.0,-22.064,2774000000.0,1.476,1.0,10958000000.0,0.068,3611000000.0,8783000000.0,418521000000.0,399366750000.0,10017000000.0,166168000000.0,,,281502000000.0,,,14185592851.0,484000000.0,52000000.0,248000000.0,15832000000.0,-468000000.0,15273000000.0,-24864000000.0,-17907000000.0,9622000000.0,464000000.0,-12613000000.0,-12613000000.0,-12613000000.0,-16000000.0,0.0,-0.079,19148000000.0,-8190000000.0,21214000000.0,-0.037,-4.094,-1.125,-1.118,36055000000.0,0.0,7.51,0.089,0.088,8057000000.0,-17000000.0,160065000000.0,160065000000.0,0.0,-0.046,-1.559,-0.016,-0.041,0.0,19148000000.0,1.0,1888893855.0,1879000000,1879000000.0,85.186,275585000000.0,4922000000.0,-2655000000.0,2744000000.0,146.666,
15,F,MRY,2005-12-31,2005-12-31,2005-12-31,2021-09-07,-3680000000.0,269459000000.0,273794000000.0,,,0.646,7.282,-9068000000.0,28406000000.0,28406000000.0,145403000000.0,1440000000.0,,18.963,153278000000.0,,,153278000000.0,0.0,0.0,0.0,0.052,0.4,9002000000.0,9002000000.0,0.051,9002000000.0,9002000000.0,585000000.0,0.78,0.77,0.78,13442000000.0,14325500000.0,13442000000.0,127878762386.0,14.0,14.206,11324000000.0,6.134,1.0,31432000000.0,0.178,5945000000.0,8417000000.0,388386000000.0,393526000000.0,10271000000.0,149786000000.0,,,254895000000.0,,,14340762386.0,4901000000.0,4651000000.0,325000000.0,-20234000000.0,-738000000.0,-20800000000.0,5805000000.0,8373000000.0,20392000000.0,-496000000.0,1440000000.0,1440000000.0,1440000000.0,-62000000.0,0.0,0.008,24588000000.0,6844000000.0,22910000000.0,0.513,1.067,9.959,9.897,40676000000.0,0.0,7.72,0.081,0.081,9956000000.0,13064000000.0,176835000000.0,176835000000.0,0.0,0.005,0.101,0.023,0.051,0.0,24588000000.0,1.0,1857611708.0,1846000000,1846000000.0,95.794,263514000000.0,5880000000.0,-855000000.0,5660000000.0,142.749,
16,F,MRY,2004-12-31,2004-12-31,2004-12-31,2021-09-07,1463000000.0,295487000000.0,294464250000.0,,,0.585,9.528,-8930000000.0,22831000000.0,22831000000.0,136967000000.0,3038000000.0,,15.896,162425000000.0,,,162425000000.0,0.0,0.0,0.0,0.027,0.4,12152000000.0,12152000000.0,0.071,12152000000.0,12152000000.0,3681000000.0,1.66,1.52,1.66,17437000000.0,14487250000.0,17437000000.0,174077337749.0,14.0,14.325,12753000000.0,6.969,1.0,35349000000.0,0.205,6394000000.0,8471000000.0,428687000000.0,435671000000.0,10748000000.0,147966000000.0,,,277173000000.0,,,26786337749.0,5181000000.0,468000000.0,-151000000.0,-8892000000.0,-733000000.0,-9912000000.0,-7090000000.0,-920000000.0,21683000000.0,505000000.0,3038000000.0,3038000000.0,3038000000.0,146000000.0,0.0,0.018,24012000000.0,11337000000.0,22030000000.0,0.241,1.536,8.817,8.819,43303000000.0,0.0,14.64,0.155,0.155,15073000000.0,12362000000.0,172316000000.0,172316000000.0,0.0,0.01,0.21,0.028,0.071,0.0,24012000000.0,1.0,1829667879.0,1830000000,1830000000.0,94.162,289093000000.0,6616000000.0,643000000.0,7627000000.0,157.974,
17,F,MRY,2003-12-31,2003-12-31,2003-12-31,2021-09-07,-414000000.0,299397000000.0,301309500000.0,,,0.551,6.36,-9243000000.0,23208000000.0,23208000000.0,132526000000.0,239000000.0,,24.641,179804000000.0,,,179804000000.0,0.0,0.0,0.0,0.025,0.4,9366000000.0,9366000000.0,0.056,9366000000.0,9366000000.0,193000000.0,0.13,0.13,0.13,11651000000.0,8664250000.0,11651000000.0,181645686560.0,19.0,19.394,6330000000.0,3.455,1.0,33569000000.0,0.202,7000000000.0,9173000000.0,448993000000.0,447335000000.0,9151000000.0,157774000000.0,,,287087000000.0,,,29296686560.0,4983000000.0,1948000000.0,9000000.0,-4393000000.0,-733000000.0,-5215000000.0,-6208000000.0,-2217000000.0,15573000000.0,811000000.0,239000000.0,239000000.0,239000000.0,143000000.0,0.0,0.001,24453000000.0,9116000000.0,20407000000.0,3.077,2.515,122.58,123.077,43506000000.0,0.0,16.0,0.176,0.176,18420000000.0,8421000000.0,166095000000.0,166095000000.0,0.0,0.001,0.028,0.021,0.056,0.0,24453000000.0,1.0,1831042910.0,1832000000,1832000000.0,90.663,292397000000.0,7389000000.0,-46000000.0,8439000000.0,159.605,
18,F,MRY,2002-12-31,2002-12-31,2002-12-31,2021-09-07,-6531000000.0,277122000000.0,282189250000.0,,,0.575,3.073,-9109000000.0,12221000000.0,12221000000.0,125027000000.0,-980000000.0,,47.56,167882000000.0,,,167882000000.0,0.0,0.0,0.0,0.043,0.4,8148000000.0,8148000000.0,0.05,8148000000.0,8148000000.0,-653000000.0,-0.55,-0.54,-0.55,5590000000.0,8243250000.0,5590000000.0,168869497816.0,21.0,20.725,2630000000.0,1.446,1.0,37231000000.0,0.229,6528000000.0,8801000000.0,426255000000.0,394843250000.0,6977000000.0,158574000000.0,,,265862000000.0,,,17066497816.0,4877000000.0,-32000000.0,287000000.0,4929000000.0,-743000000.0,-10387000000.0,3152000000.0,11400000000.0,11739000000.0,373000000.0,-995000000.0,-995000000.0,-995000000.0,333000000.0,15000000.0,-0.006,28249000000.0,8982000000.0,18936000000.0,-0.727,3.053,-17.152,-16.909,37923000000.0,0.0,9.3,0.105,0.104,19665000000.0,8659000000.0,162258000000.0,162258000000.0,0.0,-0.004,-0.121,0.021,0.05,0.0,25196000000.0,1.0,1835107292.0,1819000000,1819000000.0,89.202,270594000000.0,2978000000.0,342000000.0,2311000000.0,148.76,
19,F,MRY,2001-12-31,2001-12-31,2001-12-31,2021-09-07,-5913000000.0,271893000000.0,280888250000.0,33121000000.0,243422000000.0,0.571,4.278,-8364000000.0,7197000000.0,7197000000.0,128348000000.0,-5453000000.0,0.744,33.834,167475000000.0,302000000.0,167707000000.0,167475000000.0,0.0,0.0,0.0,0.067,1.05,3252000000.0,3252000000.0,0.02,3252000000.0,3252000000.0,-7564000000.0,-3.02,-3.02,-3.02,7786000000.0,12744500000.0,7786000000.0,184872977244.0,57.0,56.849,13416000000.0,7.371,1.0,32156000000.0,0.2,7645000000.0,10816000000.0,379980000000.0,397185750000.0,6127000000.0,170868000000.0,10949000000.0,160698000000.0,263435000000.0,44546000000.0,224211000000.0,28466977244.0,2408000000.0,-2735000000.0,-1385000000.0,635000000.0,-1929000000.0,-2603000000.0,-16517000000.0,-6040000000.0,21780000000.0,-252000000.0,-5468000000.0,-5468000000.0,-5468000000.0,106000000.0,15000000.0,-0.034,28668000000.0,3488000000.0,21328000000.0,-0.348,3.656,-5.206,-5.205,34575000000.0,0.0,15.72,0.177,0.178,14729000000.0,10502000000.0,160504000000.0,160504000000.0,0.0,-0.019,-0.429,0.008,0.02,0.0,25007000000.0,1.0,1810876415.0,1820000000,1820000000.0,88.189,264248000000.0,8639000000.0,-2096000000.0,10345000000.0,145.191,-11425000000.0
20,F,MRY,2000-12-31,2000-12-31,2000-12-31,2021-09-07,-3432000000.0,283390000000.0,281319750000.0,37833000000.0,245557000000.0,0.606,12.549,-10455000000.0,4851000000.0,4851000000.0,125651000000.0,3467000000.0,0.876,14.228,166229000000.0,277000000.0,165952000000.0,166229000000.0,0.0,0.0,0.0,0.153,3.595,17032000000.0,17032000000.0,0.1,17032000000.0,17032000000.0,6172000000.0,2.34,2.3,2.34,18610000000.0,22486250000.0,18610000000.0,201225766730.0,12.0,11.815,22912000000.0,15.45,1.0,44928000000.0,0.263,0.0,10860000000.0,401587000000.0,393994750000.0,7514000000.0,190226000000.0,14703000000.0,175523000000.0,264780000000.0,43181000000.0,221599000000.0,44447766730.0,441000000.0,-2774000000.0,-1229000000.0,14065000000.0,-2751000000.0,4657000000.0,-36669000000.0,-23120000000.0,33367000000.0,-914000000.0,3452000000.0,3452000000.0,3452000000.0,-1989000000.0,15000000.0,0.02,25678000000.0,19250000000.0,28607000000.0,1.536,2.388,12.876,10.017,37508000000.0,0.0,23.44,0.261,0.204,11009000000.0,17884000000.0,170579000000.0,170579000000.0,0.0,0.012,0.154,0.043,0.1,0.0,23721000000.0,1.0,1896235782.0,1483000000,1483000000.0,115.023,283390000000.0,5581000000.0,2720000000.0,9479000000.0,191.092,-5348000000.0
21,F,MRY,1999-12-31,1999-12-31,1999-12-31,2021-09-07,-1856000000.0,270249000000.0,261363750000.0,42584000000.0,227665000000.0,0.615,22.813,-9398000000.0,4381000000.0,4381000000.0,119030000000.0,7237000000.0,1.075,8.79,152330000000.0,1338000000.0,150992000000.0,152330000000.0,0.0,0.0,0.0,0.036,1.909,18149000000.0,18149000000.0,0.113,18149000000.0,18149000000.0,10470000000.0,5.99,5.86,5.99,27604000000.0,26378500000.0,27604000000.0,204581348924.0,11.0,11.272,17993000000.0,14.87,1.0,41673000000.0,0.259,0.0,7679000000.0,378593000000.0,360947500000.0,5684000000.0,180288000000.0,21247000000.0,159041000000.0,242645000000.0,39605000000.0,203040000000.0,64392348924.0,87000000.0,-5907000000.0,-433000000.0,15952000000.0,-2290000000.0,11861000000.0,-38829000000.0,-34833000000.0,27391000000.0,-336000000.0,7222000000.0,7222000000.0,7222000000.0,-735000000.0,15000000.0,0.045,24246000000.0,17427000000.0,25759000000.0,0.319,2.333,8.916,8.9,36528000000.0,0.0,53.31,0.401,0.401,7102000000.0,24606000000.0,160703000000.0,160703000000.0,0.0,0.028,0.274,0.05,0.113,0.0,8874000000.0,1.0,1207884992.0,1210000000,1210000000.0,132.812,270249000000.0,6216000000.0,3248000000.0,10010000000.0,223.346,2979000000.0
22,F,MRY,1998-12-31,1998-12-31,1998-12-31,2021-09-07,-1670000000.0,237545000000.0,229392000000.0,38709000000.0,198836000000.0,0.625,19.33,-9656000000.0,4836000000.0,4836000000.0,104616000000.0,22071000000.0,1.086,9.148,132835000000.0,1121000000.0,131714000000.0,132835000000.0,0.0,0.0,0.0,0.413,24.216,32760000000.0,32760000000.0,0.229,32760000000.0,32760000000.0,24724000000.0,18.17,17.76,18.17,23409000000.0,22923500000.0,23409000000.0,188765537549.0,6.0,5.762,12071000000.0,9.968,1.0,38734000000.0,0.27,0.0,8036000000.0,329901000000.0,312820000000.0,5656000000.0,161838000000.0,20120000000.0,141718000000.0,214136000000.0,35643000000.0,178493000000.0,71015537549.0,-3296000000.0,-344000000.0,-515000000.0,13939000000.0,-5348000000.0,6237000000.0,-31356000000.0,-21146000000.0,21727000000.0,96000000.0,21964000000.0,21964000000.0,21964000000.0,-703000000.0,107000000.0,0.153,22648000000.0,16086000000.0,20566000000.0,1.333,3.034,3.233,3.23,37320000000.0,0.0,58.69,0.495,0.496,3492000000.0,19659000000.0,143350000000.0,143350000000.0,0.0,0.096,0.958,0.105,0.229,0.0,7834000000.0,1.0,1210010863.0,1211000000,1211000000.0,118.373,237545000000.0,6414000000.0,2760000000.0,7643000000.0,196.156,3066000000.0
23,F,MRY,1997-12-31,1997-12-31,1997-12-31,2021-09-07,-1228000000.0,279097000000.0,271673250000.0,36847000000.0,242250000000.0,0.565,25.719,-10007000000.0,7934000000.0,7934000000.0,107994000000.0,6920000000.0,1.107,8.081,168925000000.0,1129000000.0,167796000000.0,168925000000.0,0.0,0.0,0.0,0.034,1.672,20319000000.0,20319000000.0,0.132,20319000000.0,20319000000.0,10607000000.0,5.75,5.62,5.75,30734000000.0,29194000000.0,30734000000.0,215420706600.0,11.0,10.602,17627000000.0,14.751,1.0,45633000000.0,0.297,0.0,9712000000.0,406797000000.0,395100750000.0,5468000000.0,194510000000.0,14935000000.0,179575000000.0,248363000000.0,33291000000.0,215072000000.0,58271706600.0,667000000.0,-40000000.0,295000000.0,10920000000.0,-2020000000.0,9200000000.0,-36076000000.0,-30630000000.0,27634000000.0,-91000000.0,6866000000.0,6866000000.0,6866000000.0,0.0,54000000.0,0.045,25387000000.0,20246000000.0,19509000000.0,0.291,1.896,8.487,8.445,34594000000.0,0.0,48.56,0.379,0.378,3097000000.0,25234000000.0,153627000000.0,153627000000.0,0.0,0.025,0.235,0.051,0.132,0.0,7995000000.0,1.0,1199993958.0,1195000000,1195000000.0,128.558,279097000000.0,6961000000.0,3741000000.0,6915000000.0,233.554,3556000000.0
24,F,MRY,1996-12-31,1996-12-31,1996-12-31,2021-09-07,-29000000.0,262867000000.0,253075000000.0,31692000000.0,231175000000.0,0.581,22.699,-9448000000.0,7267000000.0,7267000000.0,108882000000.0,4446000000.0,0.955,8.822,159041000000.0,1661000000.0,157380000000.0,159041000000.0,0.0,0.0,0.0,0.046,1.494,16251000000.0,16251000000.0,0.111,16251000000.0,16251000000.0,6547000000.0,3.73,3.64,3.73,26762000000.0,25654500000.0,26762000000.0,,,,9809000000.0,8.32,1.0,38109000000.0,0.259,0.0,9704000000.0,381471000000.0,368422000000.0,6656000000.0,180129000000.0,11836000000.0,168293000000.0,236105000000.0,33170000000.0,202935000000.0,38368124602.0,-1173000000.0,-166000000.0,192000000.0,12196000000.0,-1800000000.0,11578000000.0,-31807000000.0,-21978000000.0,19257000000.0,-201000000.0,4381000000.0,4381000000.0,4381000000.0,0.0,65000000.0,0.03,22317000000.0,15792000000.0,19109000000.0,0.401,1.434,8.758,8.646,33527000000.0,0.0,32.25,0.261,0.259,3133000000.0,20334000000.0,146991000000.0,146991000000.0,0.0,0.017,0.171,0.044,0.111,0.0,6625000000.0,1.0,1189709290.0,1179000000,1179000000.0,124.674,262867000000.0,7725000000.0,2166000000.0,6071000000.0,222.958,-1478000000.0
25,F,MRY,1995-12-31,1995-12-31,1995-12-31,2021-09-07,594000000.0,243283000000.0,,27281000000.0,216002000000.0,,22.92,-10456000000.0,8440000000.0,8440000000.0,101171000000.0,4139000000.0,0.948,8.911,149306000000.0,1832000000.0,147474000000.0,149306000000.0,0.0,0.0,0.0,0.043,1.25,15642000000.0,15642000000.0,0.114,15642000000.0,15642000000.0,6218000000.0,3.58,3.33,3.58,24547000000.0,,24547000000.0,,,,10715000000.0,10.005,1.0,35966000000.0,0.262,0.0,9424000000.0,355373000000.0,,7162000000.0,163351000000.0,6856000000.0,156495000000.0,218736000000.0,28776000000.0,189960000000.0,,2220000000.0,0.0,601000000.0,18785000000.0,-1559000000.0,16477000000.0,-35507000000.0,-25406000000.0,21171000000.0,79000000.0,3839000000.0,3839000000.0,3839000000.0,0.0,300000000.0,0.028,19722000000.0,16244000000.0,18912000000.0,0.349,,,8.064,31273000000.0,0.0,28.87,,0.225,3321000000.0,17688000000.0,137137000000.0,137137000000.0,0.0,,,,0.114,0.0,6044000000.0,1.0,,1071000000,1071000000.0,128.046,243283000000.0,7511000000.0,2379000000.0,5333000000.0,227.155,-1495000000.0
26,F,MRY,1994-12-31,1994-12-31,1994-12-31,2021-09-07,,,,,,,,-9470000000.0,,,95887000000.0,5308000000.0,,,,,,,,0.0,,0.029,0.818,15373000000.0,15373000000.0,0.12,15373000000.0,15373000000.0,8350000000.0,4.97,4.44,4.97,,,,,,,7159000000.0,7.088,1.0,32552000000.0,0.253,,7023000000.0,,,,,,,,,,,-2002000000.0,-485000000.0,715000000.0,17399000000.0,-1205000000.0,17572000000.0,-36766000000.0,-27031000000.0,16629000000.0,563000000.0,5021000000.0,5021000000.0,5021000000.0,0.0,287000000.0,0.039,16911000000.0,15641000000.0,,0.165,,,5.608,,0.0,27.87,,0.219,,,128439000000.0,128439000000.0,0.0,,,,0.12,0.0,5424000000.0,1.0,,1010000000,1010000000.0,127.167,,,3329000000.0,,,
0,F,MRQ,2021-06-30,2021-06-30,2021-06-30,2021-09-07,-8268000000.0,248532000000.0,,101275000000.0,147257000000.0,,8.683,-1513000000.0,22955000000.0,22955000000.0,23897000000.0,553000000.0,1.213,6.166,146917000000.0,46012000000.0,100905000000.0,146917000000.0,0.0,1536000000.0,0.0,0.0,0.0,1196000000.0,2732000000.0,0.102,2732000000.0,1196000000.0,743000000.0,0.14,0.14,0.14,34664000000.0,,34664000000.0,190161836661.0,34.0,14.5,-757000000.0,-0.19,1.0,2855000000.0,0.107,0.0,453000000.0,289020000000.0,,13593000000.0,136400000000.0,52420000000.0,83980000000.0,213748000000.0,83474000000.0,130274000000.0,59315836661.0,1112000000.0,137000000.0,0.0,-6417000000.0,0.0,-6405000000.0,6669000000.0,7954000000.0,756000000.0,92000000.0,561000000.0,561000000.0,561000000.0,0.0,-8000000.0,0.021,2877000000.0,-22000000.0,18593000000.0,0.0,1.711,17.344,17.279,36723000000.0,0.0,14.86,0.435,0.435,8750000000.0,22062000000.0,26752000000.0,26752000000.0,0.0,,,,,142000000.0,2877000000.0,1.0,3991644459.0,3992000000,4028000000.0,6.701,248532000000.0,12271000000.0,182000000.0,783000000.0,62.258,17801000000.0
1,F,MRQ,2021-03-31,2021-03-31,2021-03-31,2021-09-07,-8370000000.0,260819000000.0,,113932000000.0,146887000000.0,,8.499,-1368000000.0,21826000000.0,21826000000.0,30921000000.0,3262000000.0,1.209,6.706,152672000000.0,49471000000.0,103201000000.0,152672000000.0,0.0,2103000000.0,0.0,0.0,0.0,4415000000.0,6518000000.0,0.18,6518000000.0,4415000000.0,3942000000.0,0.82,0.81,0.82,33828000000.0,,33828000000.0,185176188418.0,32.0,12.973,3124000000.0,0.785,1.0,5307000000.0,0.146,0.0,473000000.0,297416000000.0,,12742000000.0,150020000000.0,64945000000.0,85075000000.0,226845000000.0,94249000000.0,132596000000.0,48735188418.0,-3885000000.0,7000000.0,0.0,-7688000000.0,-3000000.0,-7793000000.0,-491000000.0,924000000.0,4492000000.0,-93000000.0,3262000000.0,3262000000.0,3262000000.0,0.0,0.0,0.09,2843000000.0,2464000000.0,23492000000.0,0.0,1.441,12.257,12.25,36361000000.0,0.0,12.25,0.378,0.378,10448000000.0,21502000000.0,36228000000.0,36228000000.0,0.0,,,,,41000000.0,2843000000.0,1.0,3978382728.0,3980000000,4016000000.0,9.103,260819000000.0,12103000000.0,680000000.0,688000000.0,65.532,19683000000.0
2,F,MRQ,2020-12-31,2020-12-31,2020-12-31,2021-09-07,-8294000000.0,267261000000.0,,116744000000.0,150517000000.0,,7.713,-1531000000.0,25243000000.0,25243000000.0,34864000000.0,-2791000000.0,1.201,7.704,161684000000.0,51343000000.0,110341000000.0,161684000000.0,0.0,2081000000.0,0.0,0.017,0.0,-3333000000.0,-1252000000.0,-0.035,-1252000000.0,-3333000000.0,-3807000000.0,-0.7,-0.7,-0.7,30690000000.0,,30690000000.0,167982376494.0,317.0,18.1,3008000000.0,0.756,1.0,1088000000.0,0.03,0.0,474000000.0,306510000000.0,,10808000000.0,155248000000.0,67119000000.0,88129000000.0,236450000000.0,97192000000.0,139258000000.0,34970376494.0,1463000000.0,0.0,0.0,2226000000.0,0.0,2284000000.0,-5745000000.0,-4364000000.0,4539000000.0,385000000.0,-2788000000.0,-2788000000.0,-2788000000.0,0.0,-3000000.0,-0.078,3530000000.0,-2442000000.0,22204000000.0,0.0,1.139,-27.342,-27.469,37083000000.0,0.0,8.79,0.275,0.275,9993000000.0,18243000000.0,35952000000.0,35952000000.0,0.0,,,,,29000000.0,3530000000.0,1.0,3978427360.0,3979000000,3901000000.0,9.035,267261000000.0,12423000000.0,-1019000000.0,538000000.0,67.168,19552000000.0
3,F,MRQ,2020-09-30,2020-09-30,2020-09-30,2021-09-07,-8613000000.0,259943000000.0,,111765000000.0,148178000000.0,,8.331,-1256000000.0,24263000000.0,24263000000.0,32884000000.0,2390000000.0,1.2,6.846,157275000000.0,50995000000.0,106280000000.0,157275000000.0,0.0,1868000000.0,0.0,0.045,0.0,3249000000.0,5117000000.0,0.136,5117000000.0,3249000000.0,2751000000.0,0.6,0.6,0.6,33125000000.0,,33125000000.0,170737070713.0,102.0,15.911,9832000000.0,2.473,1.0,4617000000.0,0.123,0.0,498000000.0,299796000000.0,,10583000000.0,150710000000.0,62415000000.0,88295000000.0,226782000000.0,93159000000.0,133623000000.0,26496070713.0,-6709000000.0,0.0,0.0,-19300000000.0,0.0,-19360000000.0,1345000000.0,2594000000.0,11088000000.0,218000000.0,2385000000.0,2385000000.0,2385000000.0,0.0,5000000.0,0.064,2266000000.0,2351000000.0,21466000000.0,0.0,0.8,-162.553,-166.5,36118000000.0,0.0,6.66,0.202,0.202,10114000000.0,21031000000.0,37501000000.0,37501000000.0,0.0,,,,,63000000.0,2266000000.0,1.0,3978388996.0,3976000000,4005000000.0,9.432,259943000000.0,10907000000.0,366000000.0,517000000.0,65.378,18606000000.0
4,F,MRQ,2020-06-30,2020-06-30,2020-06-30,2021-09-07,-8471000000.0,269366000000.0,,124111000000.0,145255000000.0,,7.754,-1175000000.0,30989000000.0,30989000000.0,20165000000.0,1118000000.0,1.338,7.738,175230000000.0,55344000000.0,119886000000.0,175230000000.0,0.0,2358000000.0,0.0,0.074,0.0,1533000000.0,3891000000.0,0.201,3891000000.0,1533000000.0,1083000000.0,0.28,0.28,0.28,30824000000.0,,30824000000.0,165535402853.0,-127.0,20.2,7940000000.0,1.997,1.0,-794000000.0,-0.041,0.0,450000000.0,320827000000.0,,10220000000.0,155215000000.0,68861000000.0,86354000000.0,238511000000.0,92780000000.0,145731000000.0,24180402853.0,5021000000.0,0.0,0.0,7048000000.0,0.0,6937000000.0,-11101000000.0,-10347000000.0,9115000000.0,70000000.0,1117000000.0,1117000000.0,1117000000.0,0.0,1000000.0,0.058,1965000000.0,-2759000000.0,16360000000.0,0.0,0.784,-11.39,-11.472,35276000000.0,0.0,6.08,0.185,0.185,9107000000.0,18645000000.0,19371000000.0,19371000000.0,0.0,,,,,69000000.0,1965000000.0,1.0,3977039943.0,3975000000,3992000000.0,4.873,269366000000.0,11066000000.0,-34000000.0,454000000.0,67.765,31331000000.0
5,F,MRQ,2020-03-31,2020-03-31,2020-03-31,2021-09-07,-8461000000.0,264150000000.0,,124276000000.0,139874000000.0,,7.482,-1780000000.0,25971000000.0,25971000000.0,33446000000.0,-1993000000.0,1.315,7.907,167326000000.0,52912000000.0,114414000000.0,167326000000.0,0.0,2444000000.0,0.0,0.124,0.15,-919000000.0,1525000000.0,0.044,1525000000.0,-919000000.0,-1146000000.0,-0.5,-0.5,-0.5,29650000000.0,,29650000000.0,157073923674.0,-66.0,21.488,-2253000000.0,-0.569,1.0,874000000.0,0.025,0.0,227000000.0,311011000000.0,,11312000000.0,157218000000.0,75288000000.0,81930000000.0,234452000000.0,94494000000.0,139958000000.0,19270923674.0,8419000000.0,1340000000.0,0.0,13121000000.0,-596000000.0,12454000000.0,-3114000000.0,-2590000000.0,-473000000.0,-448000000.0,-1993000000.0,-1993000000.0,-1993000000.0,0.0,0.0,-0.058,2432000000.0,-1558000000.0,18439000000.0,-0.3,0.65,-6.233,-6.273,35294000000.0,0.0,4.83,0.129,0.128,6625000000.0,17527000000.0,34320000000.0,34320000000.0,0.0,,,,,38000000.0,2432000000.0,1.0,3989839270.0,3963000000,3963000000.0,8.66,264150000000.0,10922000000.0,847000000.0,439000000.0,66.654,29782000000.0
6,F,MRQ,2019-12-31,2019-12-31,2019-12-31,2021-09-07,-7728000000.0,258537000000.0,,114047000000.0,144490000000.0,,8.38,-2274000000.0,17504000000.0,17504000000.0,37180000000.0,-1672000000.0,1.162,6.789,155307000000.0,53946000000.0,101361000000.0,155307000000.0,0.0,2379000000.0,0.0,0.065,0.15,-2181000000.0,198000000.0,0.005,198000000.0,-2181000000.0,-2436000000.0,-0.42,-0.42,-0.42,33185000000.0,,33185000000.0,170461542054.0,497.0,16.992,626000000.0,0.158,1.0,2535000000.0,0.064,0.0,255000000.0,298208000000.0,,10786000000.0,156250000000.0,70798000000.0,85452000000.0,225307000000.0,98132000000.0,127175000000.0,36873542054.0,-2940000000.0,0.0,0.0,-41000000.0,-595000000.0,-689000000.0,-5350000000.0,-3091000000.0,2900000000.0,199000000.0,-1672000000.0,-1672000000.0,-1672000000.0,0.0,0.0,-0.042,2992000000.0,-457000000.0,20673000000.0,-0.357,1.111,784.543,930.0,36469000000.0,0.0,9.3,0.237,0.237,9237000000.0,20320000000.0,39715000000.0,39715000000.0,0.0,,,,,-10000000.0,2992000000.0,1.0,3964896995.0,3960000000,3998000000.0,10.029,258537000000.0,11863000000.0,-764000000.0,490000000.0,65.287,15915000000.0
7,F,MRQ,2019-09-30,2019-09-30,2019-09-30,2021-09-07,-7842000000.0,258157000000.0,,115754000000.0,142403000000.0,,8.904,-1805000000.0,20523000000.0,20523000000.0,34650000000.0,423000000.0,1.168,6.302,154111000000.0,54604000000.0,99507000000.0,154111000000.0,0.0,2322000000.0,0.0,0.066,0.15,259000000.0,2581000000.0,0.07,2581000000.0,259000000.0,-17000000.0,0.11,0.11,0.11,35349000000.0,,35349000000.0,170493964637.0,61.0,13.571,2927000000.0,0.737,1.0,2340000000.0,0.063,0.0,276000000.0,292658000000.0,,12451000000.0,153596000000.0,67991000000.0,85605000000.0,222770000000.0,99087000000.0,123683000000.0,36546964637.0,-1625000000.0,0.0,-237000000.0,-773000000.0,-598000000.0,-1632000000.0,-4547000000.0,-2685000000.0,4732000000.0,-178000000.0,425000000.0,425000000.0,425000000.0,0.0,-2000000.0,0.011,2601000000.0,-261000000.0,22228000000.0,1.364,1.034,22.799,21.81,35404000000.0,0.0,9.16,0.231,0.23,10621000000.0,22590000000.0,36990000000.0,36990000000.0,0.0,,,,,69000000.0,2601000000.0,1.0,3989843301.0,3970000000,4007000000.0,9.317,258157000000.0,10677000000.0,-442000000.0,447000000.0,65.027,16667000000.0
8,F,MRQ,2019-06-30,2019-06-30,2019-06-30,2021-09-07,-7436000000.0,262184000000.0,,118351000000.0,143833000000.0,,9.06,-1920000000.0,22117000000.0,22117000000.0,36038000000.0,150000000.0,1.204,6.262,156064000000.0,52851000000.0,103213000000.0,156064000000.0,0.0,2559000000.0,0.0,0.059,0.15,447000000.0,3006000000.0,0.077,3006000000.0,447000000.0,203000000.0,0.04,0.04,0.04,36097000000.0,,36097000000.0,177125054567.0,45.0,9.654,4543000000.0,1.14,1.0,2815000000.0,0.072,0.0,244000000.0,297797000000.0,,12437000000.0,155997000000.0,69687000000.0,86310000000.0,226048000000.0,98334000000.0,127714000000.0,40813054567.0,1287000000.0,0.0,0.0,-2017000000.0,-599000000.0,-2681000000.0,-2490000000.0,-520000000.0,6463000000.0,-5000000.0,148000000.0,148000000.0,148000000.0,0.0,2000000.0,0.004,2725000000.0,90000000.0,22980000000.0,3.75,1.131,18.817,18.268,36581000000.0,0.0,10.23,0.257,0.257,10941000000.0,22769000000.0,38853000000.0,38853000000.0,0.0,,,,,84000000.0,2725000000.0,1.0,3989545901.0,3984000000,4013000000.0,9.752,262184000000.0,10153000000.0,55000000.0,469000000.0,65.809,20017000000.0
9,F,MRQ,2019-03-31,2019-03-31,2019-03-31,2021-09-07,-7501000000.0,263281000000.0,,121195000000.0,142086000000.0,,9.161,-1633000000.0,20848000000.0,20848000000.0,36297000000.0,1183000000.0,1.221,6.229,157160000000.0,54548000000.0,102612000000.0,157160000000.0,0.0,2429000000.0,0.0,0.068,0.15,1818000000.0,4247000000.0,0.105,4247000000.0,1818000000.0,1573000000.0,0.29,0.29,0.29,36398000000.0,,36398000000.0,172488059515.0,33.0,10.154,1911000000.0,0.481,1.0,4045000000.0,0.1,0.0,245000000.0,300356000000.0,,12333000000.0,158492000000.0,72326000000.0,86166000000.0,226712000000.0,99237000000.0,127475000000.0,34993059515.0,4112000000.0,0.0,0.0,2554000000.0,-597000000.0,1873000000.0,-1334000000.0,245000000.0,3544000000.0,29000000.0,1146000000.0,1146000000.0,1146000000.0,0.0,37000000.0,0.028,2843000000.0,1202000000.0,23325000000.0,0.517,0.961,11.336,11.114,36145000000.0,0.0,8.78,0.22,0.22,12016000000.0,23226000000.0,40342000000.0,40342000000.0,0.0,,,,,85000000.0,2843000000.0,1.0,3985542086.0,3973000000,3997000000.0,10.154,263281000000.0,10316000000.0,427000000.0,647000000.0,66.268,21958000000.0
10,F,MRQ,2018-12-31,2018-12-31,2018-12-31,2021-09-07,-7366000000.0,256540000000.0,,114649000000.0,141891000000.0,,9.055,-2116000000.0,16718000000.0,16718000000.0,38165000000.0,-112000000.0,1.2,6.136,154213000000.0,53493000000.0,100720000000.0,154213000000.0,0.0,2455000000.0,0.0,0.095,0.15,274000000.0,2729000000.0,0.065,2729000000.0,274000000.0,-21000000.0,-0.02,-0.03,-0.02,35932000000.0,,35932000000.0,165299960895.0,30.0,11.064,-759000000.0,-0.191,1.0,3628000000.0,0.087,0.0,295000000.0,298466000000.0,,11220000000.0,158958000000.0,71586000000.0,87372000000.0,220474000000.0,95569000000.0,124905000000.0,30430960895.0,-1848000000.0,0.0,0.0,1131000000.0,-597000000.0,526000000.0,-3666000000.0,-1574000000.0,1357000000.0,-65000000.0,-116000000.0,-116000000.0,-116000000.0,0.0,4000000.0,-0.003,2996000000.0,632000000.0,21520000000.0,-7.5,0.847,8.276,8.226,36178000000.0,0.0,7.65,0.19,0.19,11195000000.0,22668000000.0,41793000000.0,41793000000.0,0.0,,,,,-8000000.0,2996000000.0,1.0,3977903385.0,3968000000,3995000000.0,10.533,256540000000.0,10412000000.0,95000000.0,597000000.0,64.652,19080000000.0
11,F,MRQ,2018-09-30,2018-09-30,2018-09-30,2021-09-07,-7429000000.0,258966000000.0,,114843000000.0,144123000000.0,,9.203,-1981000000.0,18562000000.0,18562000000.0,33920000000.0,993000000.0,1.212,6.074,153431000000.0,50763000000.0,102668000000.0,153431000000.0,0.0,6930000000.0,0.0,0.079,0.15,1435000000.0,8365000000.0,0.222,8365000000.0,1435000000.0,1092000000.0,0.25,0.25,0.25,36590000000.0,,36590000000.0,172882970476.0,23.0,7.317,3198000000.0,0.804,1.0,3746000000.0,0.099,0.0,343000000.0,299085000000.0,,12810000000.0,158039000000.0,68598000000.0,89441000000.0,222248000000.0,94750000000.0,127498000000.0,36867970476.0,1734000000.0,0.0,-75000000.0,907000000.0,-597000000.0,144000000.0,-3573000000.0,-1572000000.0,5179000000.0,-16000000.0,991000000.0,991000000.0,991000000.0,0.0,2000000.0,0.026,2882000000.0,864000000.0,23273000000.0,0.6,1.008,5.84,5.818,35762000000.0,0.0,9.25,0.231,0.23,11244000000.0,23384000000.0,37666000000.0,37666000000.0,0.0,,,,,199000000.0,2882000000.0,1.0,3985726538.0,3976000000,4000000000.0,9.473,258966000000.0,10553000000.0,101000000.0,602000000.0,65.132,20093000000.0
12,F,MRQ,2018-06-30,2018-06-30,2018-06-30,2021-09-07,-7204000000.0,258079000000.0,,115025000000.0,143054000000.0,,9.163,-1909000000.0,16828000000.0,16828000000.0,35556000000.0,1069000000.0,1.213,6.079,152843000000.0,50884000000.0,101959000000.0,152843000000.0,0.0,0.0,0.0,0.066,0.15,1647000000.0,1647000000.0,0.042,1647000000.0,1647000000.0,1346000000.0,0.27,0.27,0.27,36441000000.0,,36441000000.0,184507437060.0,23.0,10.65,3063000000.0,0.77,1.0,3364000000.0,0.086,0.0,301000000.0,299233000000.0,,12565000000.0,159805000000.0,71002000000.0,88803000000.0,221511000000.0,94861000000.0,126650000000.0,44113437060.0,-1116000000.0,0.0,0.0,-2583000000.0,-598000000.0,-3206000000.0,-2478000000.0,-538000000.0,4972000000.0,-404000000.0,1066000000.0,1066000000.0,1066000000.0,0.0,3000000.0,0.027,2778000000.0,586000000.0,22743000000.0,0.556,1.211,6.399,6.362,35580000000.0,0.0,11.07,0.278,0.277,11026000000.0,22993000000.0,38920000000.0,38920000000.0,0.0,,,,,0.0,2778000000.0,1.0,3984953664.0,3977000000,3999000000.0,9.786,258079000000.0,10371000000.0,280000000.0,584000000.0,64.893,20164000000.0
13,F,MRQ,2018-03-31,2018-03-31,2018-03-31,2021-09-07,-6669000000.0,267230000000.0,,123264000000.0,143966000000.0,,9.165,-1779000000.0,17940000000.0,17940000000.0,38091000000.0,1745000000.0,1.234,6.338,158334000000.0,52983000000.0,105351000000.0,158334000000.0,0.0,0.0,0.0,0.066,0.28,2199000000.0,2199000000.0,0.052,2199000000.0,2199000000.0,1910000000.0,0.44,0.43,0.44,36400000000.0,,36400000000.0,179800855253.0,20.0,9.865,1735000000.0,0.437,1.0,3868000000.0,0.092,0.0,289000000.0,307746000000.0,,12371000000.0,165476000000.0,76811000000.0,88665000000.0,230696000000.0,99878000000.0,130818000000.0,44005855253.0,-501000000.0,0.0,-89000000.0,3684000000.0,-1113000000.0,2414000000.0,-6544000000.0,-4615000000.0,3514000000.0,115000000.0,1736000000.0,1736000000.0,1736000000.0,0.0,9000000.0,0.041,2747000000.0,1121000000.0,25480000000.0,0.636,1.209,5.588,5.596,36118000000.0,0.0,11.08,0.276,0.276,12386000000.0,22529000000.0,41959000000.0,41959000000.0,0.0,,,,,0.0,2747000000.0,1.0,3971647586.0,3971647586,,10.565,267230000000.0,10637000000.0,174000000.0,622000000.0,67.284,23386000000.0
14,F,MRQ,2017-12-31,2017-12-31,2017-12-31,2021-09-07,-6959000000.0,258496000000.0,,116801000000.0,141695000000.0,,8.95,-2113000000.0,18492000000.0,18492000000.0,37371000000.0,2524000000.0,1.235,6.262,154287000000.0,51621000000.0,102666000000.0,154287000000.0,0.0,9241000000.0,0.0,0.052,0.15,2176000000.0,11417000000.0,0.276,11417000000.0,2176000000.0,1868000000.0,0.63,0.63,0.63,35578000000.0,,35578000000.0,181137054378.0,19.0,9.757,1034000000.0,0.26,1.0,3955000000.0,0.096,0.0,308000000.0,299691000000.0,,11176000000.0,160147000000.0,72645000000.0,87502000000.0,222792000000.0,94600000000.0,128192000000.0,49614054378.0,918000000.0,0.0,0.0,5182000000.0,-596000000.0,4559000000.0,-6835000000.0,-4681000000.0,3147000000.0,47000000.0,2520000000.0,2520000000.0,2520000000.0,0.0,4000000.0,0.061,3088000000.0,867000000.0,23282000000.0,0.238,1.395,6.418,6.438,35327000000.0,0.0,12.49,0.316,0.317,10599000000.0,21906000000.0,41326000000.0,41326000000.0,0.0,,,,,246000000.0,3088000000.0,1.0,3972302192.0,3975000000,,10.396,258496000000.0,10762000000.0,-652000000.0,815000000.0,65.03,22201000000.0
15,F,MRQ,2017-09-30,2017-09-30,2017-09-30,2021-09-07,-6759000000.0,251273000000.0,,112732000000.0,138541000000.0,,8.369,-1672000000.0,17589000000.0,17589000000.0,32534000000.0,1579000000.0,1.195,6.556,149112000000.0,51174000000.0,97938000000.0,149112000000.0,0.0,0.0,0.0,0.054,0.15,2061000000.0,2061000000.0,0.057,2061000000.0,2061000000.0,1763000000.0,0.4,0.39,0.4,33238000000.0,,33238000000.0,177327909038.0,28.0,11.56,3326000000.0,0.837,1.0,3917000000.0,0.107,0.0,298000000.0,288444000000.0,,11263000000.0,156414000000.0,70033000000.0,86381000000.0,217913000000.0,94352000000.0,123561000000.0,47541909038.0,1383000000.0,0.0,0.0,491000000.0,-596000000.0,-127000000.0,-3663000000.0,-1987000000.0,4998000000.0,175000000.0,1572000000.0,1572000000.0,1572000000.0,0.0,7000000.0,0.043,2919000000.0,998000000.0,23566000000.0,0.375,1.43,10.754,10.688,34760000000.0,0.0,11.97,0.309,0.309,10277000000.0,19405000000.0,36451000000.0,36451000000.0,0.0,,,,,0.0,2919000000.0,1.0,3971755141.0,3971755141,,9.178,251273000000.0,10359000000.0,191000000.0,804000000.0,63.265,18380000000.0
16,F,MRQ,2017-06-30,2017-06-30,2017-06-30,2021-09-07,-6716000000.0,247469000000.0,,113539000000.0,133930000000.0,,8.097,-1558000000.0,16223000000.0,16223000000.0,35545000000.0,2055000000.0,1.204,6.671,146009000000.0,50773000000.0,95236000000.0,146009000000.0,0.0,0.0,0.0,0.058,0.15,2549000000.0,2549000000.0,0.064,2549000000.0,2549000000.0,2258000000.0,0.51,0.51,0.51,32244000000.0,,32244000000.0,172712426775.0,29.0,11.591,4057000000.0,1.019,1.0,4308000000.0,0.108,0.0,291000000.0,282956000000.0,,11092000000.0,156163000000.0,72774000000.0,83389000000.0,215110000000.0,94299000000.0,120811000000.0,44558426775.0,-1587000000.0,0.0,-131000000.0,-1413000000.0,-597000000.0,-2158000000.0,-5210000000.0,-3671000000.0,5615000000.0,166000000.0,2047000000.0,2047000000.0,2047000000.0,0.0,8000000.0,0.051,2756000000.0,1552000000.0,23568000000.0,0.294,1.382,11.707,11.656,33794000000.0,0.0,11.19,0.29,0.29,10159000000.0,18437000000.0,39853000000.0,39853000000.0,0.0,,,,,0.0,2756000000.0,1.0,3981986307.0,3981986307,,10.008,247469000000.0,10145000000.0,211000000.0,735000000.0,62.147,19240000000.0
17,F,MRQ,2017-03-31,2017-03-31,2017-03-31,2021-09-07,-6929000000.0,244094000000.0,,113228000000.0,130866000000.0,,7.706,-1706000000.0,17823000000.0,17823000000.0,34918000000.0,1599000000.0,1.24,6.968,145977000000.0,49257000000.0,96720000000.0,145977000000.0,0.0,0.0,0.0,0.056,0.2,2537000000.0,2537000000.0,0.065,2537000000.0,2537000000.0,2244000000.0,0.4,0.4,0.4,30619000000.0,,30619000000.0,173313364527.0,27.0,11.228,2630000000.0,0.662,1.0,4228000000.0,0.108,0.0,293000000.0,280944000000.0,,10535000000.0,153021000000.0,70771000000.0,82250000000.0,213356000000.0,91304000000.0,122052000000.0,46248364527.0,1905000000.0,0.0,0.0,2000000000.0,-795000000.0,1120000000.0,-3652000000.0,-1943000000.0,4336000000.0,101000000.0,1592000000.0,1592000000.0,1592000000.0,0.0,7000000.0,0.041,2764000000.0,1464000000.0,23257000000.0,0.5,1.51,12.402,12.253,32668000000.0,0.0,11.64,0.302,0.302,10685000000.0,16992000000.0,39146000000.0,39146000000.0,0.0,,,,,0.0,2764000000.0,1.0,3973227193.0,3973227193,,9.852,244094000000.0,10055000000.0,652000000.0,749000000.0,61.435,21924000000.0
18,F,MRQ,2016-12-31,2016-12-31,2016-12-31,2021-09-07,-7013000000.0,237951000000.0,,108461000000.0,129490000000.0,,7.341,-2080000000.0,15905000000.0,15905000000.0,34817000000.0,-788000000.0,1.201,7.154,142970000000.0,49669000000.0,93301000000.0,142970000000.0,0.0,9023000000.0,0.0,0.07,0.15,-830000000.0,8193000000.0,0.212,8193000000.0,-830000000.0,-1131000000.0,-0.19,-0.2,-0.19,29170000000.0,,29170000000.0,172085158377.0,22.0,10.276,718000000.0,0.181,1.0,3837000000.0,0.099,0.0,301000000.0,274735000000.0,,8898000000.0,151245000000.0,69188000000.0,82057000000.0,208668000000.0,90281000000.0,118387000000.0,48201158377.0,2615000000.0,0.0,0.0,7891000000.0,-596000000.0,7290000000.0,-7244000000.0,-5233000000.0,2798000000.0,-229000000.0,-790000000.0,-790000000.0,-790000000.0,0.0,2000000.0,-0.02,2841000000.0,996000000.0,21296000000.0,-0.789,1.652,10.504,10.457,32072000000.0,0.0,12.13,0.318,0.318,11102000000.0,15634000000.0,38654000000.0,38654000000.0,0.0,,,,,210000000.0,2841000000.0,1.0,3973714623.0,3973714623,,9.727,237951000000.0,9705000000.0,-341000000.0,691000000.0,59.881,18180000000.0
19,F,MRQ,2016-09-30,2016-09-30,2016-09-30,2021-09-07,-6046000000.0,234963000000.0,,103515000000.0,131448000000.0,,7.924,-1706000000.0,13340000000.0,13340000000.0,32868000000.0,961000000.0,1.161,6.459,137224000000.0,47273000000.0,89951000000.0,137224000000.0,0.0,0.0,0.0,0.07,0.15,1621000000.0,1621000000.0,0.045,1621000000.0,1621000000.0,1383000000.0,0.24,0.24,0.24,31484000000.0,,31484000000.0,170808017289.0,16.0,9.154,3455000000.0,0.87,1.0,3075000000.0,0.086,0.0,238000000.0,269659000000.0,,10219000000.0,148980000000.0,66375000000.0,82605000000.0,203368000000.0,89188000000.0,114180000000.0,47957017289.0,-3723000000.0,0.0,0.0,-2267000000.0,-596000000.0,-2878000000.0,-5949000000.0,-4265000000.0,5161000000.0,-57000000.0,957000000.0,957000000.0,957000000.0,0.0,4000000.0,0.027,2657000000.0,418000000.0,22384000000.0,0.625,1.523,6.617,6.596,32257000000.0,0.0,12.07,0.313,0.313,10029000000.0,17013000000.0,35943000000.0,35943000000.0,0.0,,,,,0.0,2657000000.0,1.0,3973240869.0,3973240869,,9.046,234963000000.0,9475000000.0,426000000.0,577000000.0,59.136,14327000000.0
20,F,MRQ,2016-06-30,2016-06-30,2016-06-30,2021-09-07,-5976000000.0,239678000000.0,,110767000000.0,128911000000.0,,7.838,-1695000000.0,17063000000.0,17063000000.0,34780000000.0,1972000000.0,1.239,6.693,139914000000.0,44861000000.0,95053000000.0,139914000000.0,0.0,0.0,0.0,0.068,0.15,3085000000.0,3085000000.0,0.078,3085000000.0,3085000000.0,2873000000.0,0.5,0.49,0.5,31141000000.0,,31141000000.0,175016537936.0,14.0,8.523,6047000000.0,1.522,1.0,4705000000.0,0.119,0.0,212000000.0,273121000000.0,,9829000000.0,150338000000.0,70094000000.0,80244000000.0,208429000000.0,89408000000.0,119021000000.0,49938537936.0,1146000000.0,0.0,0.0,-667000000.0,-596000000.0,-1291000000.0,-5134000000.0,-3473000000.0,7742000000.0,-171000000.0,1970000000.0,1970000000.0,1970000000.0,0.0,2000000.0,0.05,2784000000.0,1921000000.0,23084000000.0,0.3,1.604,5.888,5.874,31940000000.0,0.0,12.57,0.321,0.321,10728000000.0,16652000000.0,39485000000.0,39485000000.0,0.0,,,,,0.0,2784000000.0,1.0,3972835158.0,3972835158,,9.939,239678000000.0,9822000000.0,903000000.0,552000000.0,60.329,21359000000.0
21,F,MRQ,2016-03-31,2016-03-31,2016-03-31,2021-09-07,-6046000000.0,237288000000.0,,,,,7.457,-1511000000.0,15917000000.0,15917000000.0,32577000000.0,2455000000.0,,7.011,140995000000.0,,,140995000000.0,0.0,0.0,0.0,0.063,0.4,3848000000.0,3848000000.0,0.102,3848000000.0,3848000000.0,3648000000.0,0.62,0.61,0.62,29605000000.0,,29605000000.0,172180450870.0,13.0,8.228,2638000000.0,0.664,1.0,5141000000.0,0.136,0.0,200000000.0,362366000000.0,,9770000000.0,149890000000.0,,,207572000000.0,,,53598450870.0,1645000000.0,0.0,-145000000.0,6071000000.0,-1588000000.0,4279000000.0,-6975000000.0,-5451000000.0,4149000000.0,192000000.0,2452000000.0,2452000000.0,2452000000.0,0.0,3000000.0,0.065,2690000000.0,2451000000.0,22072000000.0,0.645,1.81,6.181,6.193,31164000000.0,0.0,13.5,0.349,0.349,11252000000.0,15278000000.0,37718000000.0,37718000000.0,0.0,,,,,0.0,2690000000.0,1.0,3970255620.0,3970255620,,9.5,237288000000.0,10579000000.0,1196000000.0,556000000.0,59.766,
22,F,MRQ,2015-12-31,2015-12-31,2015-12-31,2021-09-07,-6257000000.0,224925000000.0,,102587000000.0,122338000000.0,,7.217,-1838000000.0,14272000000.0,14272000000.0,36440000000.0,1864000000.0,1.246,6.849,132854000000.0,42975000000.0,89879000000.0,132854000000.0,0.0,7993000000.0,0.0,0.043,0.15,2112000000.0,10105000000.0,0.251,10105000000.0,2112000000.0,1900000000.0,0.47,0.46,0.47,28642000000.0,,28642000000.0,167656999152.0,15.0,8.815,310000000.0,0.078,1.0,3811000000.0,0.095,0.0,212000000.0,261171000000.0,,8319000000.0,141912000000.0,66041000000.0,75871000000.0,196174000000.0,82336000000.0,113838000000.0,55917999152.0,-414000000.0,0.0,0.0,7794000000.0,-595000000.0,7129000000.0,-9498000000.0,-7743000000.0,2148000000.0,-193000000.0,1868000000.0,1868000000.0,1868000000.0,0.0,-4000000.0,0.046,3361000000.0,450000000.0,20272000000.0,0.319,1.952,7.584,7.575,30163000000.0,0.0,14.09,0.374,0.374,11042000000.0,14414000000.0,40251000000.0,40251000000.0,0.0,,,,,199000000.0,3361000000.0,1.0,3968630174.0,3968630174,,10.142,224925000000.0,11509000000.0,32000000.0,502000000.0,56.676,20251000000.0
23,F,MRQ,2015-09-30,2015-09-30,2015-09-30,2021-09-07,-20442000000.0,219431000000.0,,,,,6.922,-1825000000.0,14686000000.0,14686000000.0,33118000000.0,2192000000.0,,6.985,126425000000.0,,,126425000000.0,0.0,0.0,0.0,0.042,0.15,3497000000.0,3497000000.0,0.092,3497000000.0,3497000000.0,3291000000.0,0.55,0.55,0.55,27465000000.0,,27465000000.0,164472561470.0,28.0,12.351,4630000000.0,1.167,1.0,5026000000.0,0.132,0.0,206000000.0,331170000000.0,,9496000000.0,132781000000.0,,,191853000000.0,,,53843561470.0,1789000000.0,0.0,-38000000.0,4053000000.0,-595000000.0,3396000000.0,-7714000000.0,-6194000000.0,6455000000.0,-348000000.0,2192000000.0,2192000000.0,2192000000.0,0.0,0.0,0.057,2386000000.0,2640000000.0,22386000000.0,0.273,1.96,14.952,15.247,30137000000.0,0.0,13.57,0.371,0.371,13373000000.0,27489000000.0,38144000000.0,38144000000.0,0.0,,,,,0.0,2386000000.0,1.0,3967837986.0,3967837986,,9.613,219431000000.0,11434000000.0,1099000000.0,529000000.0,55.302,
24,F,MRQ,2015-06-30,2015-06-30,2015-06-30,2021-09-07,-20260000000.0,216045000000.0,,,,,6.624,-1733000000.0,12897000000.0,12897000000.0,32071000000.0,2161000000.0,,7.2,123526000000.0,,,123526000000.0,0.0,0.0,0.0,0.037,0.15,3475000000.0,3475000000.0,0.093,3475000000.0,3475000000.0,3285000000.0,0.54,0.54,0.54,26334000000.0,,26334000000.0,170078097132.0,46.0,15.396,3477000000.0,0.875,1.0,5192000000.0,0.139,0.0,190000000.0,326674000000.0,,9438000000.0,130843000000.0,,,189597000000.0,,,59670097132.0,529000000.0,0.0,-91000000.0,-125000000.0,-597000000.0,-843000000.0,-3990000000.0,-2252000000.0,5210000000.0,152000000.0,2160000000.0,2160000000.0,2160000000.0,0.0,1000000.0,0.058,2544000000.0,2648000000.0,21844000000.0,0.278,2.266,26.591,26.804,30750000000.0,0.0,15.01,0.42,0.42,12666000000.0,26175000000.0,37263000000.0,37263000000.0,0.0,,,,,0.0,2544000000.0,1.0,3975356238.0,3975356238,,9.373,216045000000.0,12497000000.0,1125000000.0,578000000.0,54.346,
25,F,MRQ,2015-03-31,2015-03-31,2015-03-31,2021-09-07,-20406000000.0,212374000000.0,,,,,6.383,-1800000000.0,12368000000.0,12368000000.0,29192000000.0,1154000000.0,,7.508,122776000000.0,,,122776000000.0,0.0,0.0,0.0,0.033,0.15,1943000000.0,1943000000.0,0.057,1943000000.0,1943000000.0,1778000000.0,0.29,0.29,0.29,24947000000.0,,24947000000.0,171497031005.0,68.0,17.335,613000000.0,0.157,1.0,4708000000.0,0.139,0.0,165000000.0,322782000000.0,,9519000000.0,127441000000.0,,,187311000000.0,,,63083031005.0,1611000000.0,0.0,0.0,5426000000.0,-593000000.0,4584000000.0,-4960000000.0,-3277000000.0,2413000000.0,-426000000.0,1153000000.0,1153000000.0,1153000000.0,0.0,1000000.0,0.034,3465000000.0,1243000000.0,22366000000.0,0.517,2.529,45.221,46.114,29612000000.0,0.0,16.14,0.444,0.444,13005000000.0,24887000000.0,33900000000.0,33900000000.0,0.0,,,,,0.0,3465000000.0,1.0,3908490149.0,3908490149,,8.673,212374000000.0,12939000000.0,625000000.0,525000000.0,54.337,
26,F,MRQ,2014-12-31,2014-12-31,2014-12-31,2021-09-07,-5265000000.0,208615000000.0,,,,,6.35,-2154000000.0,10757000000.0,10757000000.0,37187000000.0,-1907000000.0,,7.521,119171000000.0,,,119171000000.0,0.0,7385000000.0,0.0,0.032,0.125,-2983000000.0,4402000000.0,0.123,4402000000.0,-2983000000.0,-3161000000.0,-0.49,-0.47,-0.49,24438000000.0,,24438000000.0,165527654964.0,81.0,17.578,14000000.0,0.004,1.0,-1317000000.0,-0.037,0.0,178000000.0,317029000000.0,,7870000000.0,128078000000.0,,,183808000000.0,,,59654654964.0,-2563000000.0,0.0,0.0,1503000000.0,-482000000.0,1010000000.0,-5530000000.0,-2883000000.0,2168000000.0,-211000000.0,-1904000000.0,-1904000000.0,-1904000000.0,0.0,-3000000.0,-0.053,1510000000.0,-2827000000.0,20035000000.0,-0.255,2.441,48.46,50.0,30126000000.0,0.0,15.5,0.414,0.414,11708000000.0,9422000000.0,35870000000.0,35870000000.0,0.0,,,,,180000000.0,1510000000.0,1.0,3848687417.0,3848687417,,9.32,208615000000.0,14024000000.0,-1257000000.0,570000000.0,54.204,
27,F,MRQ,2014-09-30,2014-09-30,2014-09-30,2021-09-07,-18165000000.0,208835000000.0,,,,,6.739,-1881000000.0,13320000000.0,13320000000.0,30944000000.0,833000000.0,,6.976,119193000000.0,,,119193000000.0,0.0,0.0,0.0,0.032,0.125,1227000000.0,1227000000.0,0.035,1227000000.0,1227000000.0,1023000000.0,0.22,0.21,0.22,26136000000.0,,26136000000.0,164496396615.0,12.0,8.192,3488000000.0,0.899,1.0,3976000000.0,0.114,0.0,204000000.0,314708000000.0,,9296000000.0,126638000000.0,,,182331000000.0,,,57362396615.0,1747000000.0,0.0,-1102000000.0,2169000000.0,-483000000.0,611000000.0,-3909000000.0,-2061000000.0,5369000000.0,-324000000.0,835000000.0,835000000.0,835000000.0,0.0,-2000000.0,0.024,3484000000.0,492000000.0,21155000000.0,0.568,2.195,5.228,5.301,30048000000.0,0.0,14.79,0.393,0.393,11143000000.0,25051000000.0,34920000000.0,34920000000.0,0.0,,,,,0.0,3484000000.0,1.0,3878458189.0,3878458189,,9.004,208835000000.0,12312000000.0,188000000.0,576000000.0,53.845,
28,F,MRQ,2014-06-30,2014-06-30,2014-06-30,2021-09-07,-18107000000.0,210945000000.0,,,,,6.771,-1912000000.0,11573000000.0,11573000000.0,32034000000.0,1315000000.0,,6.864,118707000000.0,,,118707000000.0,0.0,0.0,0.0,0.026,0.125,2321000000.0,2321000000.0,0.062,2321000000.0,2321000000.0,2114000000.0,0.33,0.32,0.33,26776000000.0,,26776000000.0,172192413937.0,12.0,8.143,2838000000.0,0.718,1.0,5377000000.0,0.144,0.0,207000000.0,318079000000.0,,9365000000.0,129547000000.0,,,183801000000.0,,,68171413937.0,-1410000000.0,0.0,-862000000.0,1179000000.0,-494000000.0,-186000000.0,-6023000000.0,-4135000000.0,4750000000.0,49000000.0,1311000000.0,1311000000.0,1311000000.0,0.0,4000000.0,0.035,3476000000.0,1901000000.0,22062000000.0,0.379,2.546,5.975,5.965,29294000000.0,0.0,17.24,0.465,0.465,12853000000.0,24699000000.0,37411000000.0,37411000000.0,0.0,,,,,0.0,3476000000.0,1.0,3954258349.0,3954258349,,9.461,210945000000.0,12596000000.0,803000000.0,588000000.0,53.346,
29,F,MRQ,2014-03-31,2014-03-31,2014-03-31,2021-09-07,-18190000000.0,207082000000.0,,,,,6.802,-1516000000.0,12983000000.0,12983000000.0,31738000000.0,989000000.0,,6.721,117004000000.0,,,117004000000.0,0.0,0.0,0.0,0.027,0.125,1467000000.0,1467000000.0,0.041,1467000000.0,1467000000.0,1259000000.0,0.25,0.24,0.25,26773000000.0,,26773000000.0,161622202113.0,11.0,7.752,704000000.0,0.179,1.0,4138000000.0,0.115,0.0,208000000.0,311103000000.0,,8874000000.0,125325000000.0,,,179944000000.0,,,61402202113.0,-1485000000.0,0.0,0.0,2463000000.0,-493000000.0,1988000000.0,-5662000000.0,-4246000000.0,2220000000.0,-31000000.0,989000000.0,989000000.0,989000000.0,0.0,0.0,0.028,3372000000.0,766000000.0,22209000000.0,0.5,2.293,5.419,5.436,28447000000.0,0.0,15.6,0.417,0.417,12088000000.0,23882000000.0,35876000000.0,35876000000.0,0.0,,,,,0.0,3372000000.0,1.0,3936038597.0,3936038597,,9.115,207082000000.0,13134000000.0,270000000.0,590000000.0,52.612,
30,F,MRQ,2013-12-31,2013-12-31,2013-12-31,2021-09-07,-18230000000.0,202179000000.0,,,,,6.62,-1938000000.0,14468000000.0,14468000000.0,28387000000.0,7827000000.0,,6.729,114688000000.0,,,114688000000.0,0.0,6504000000.0,0.0,0.026,0.1,8560000000.0,15064000000.0,0.401,15064000000.0,8560000000.0,8348000000.0,1.99,1.92,1.99,26112000000.0,,26112000000.0,156732657818.0,10.0,7.219,-1623000000.0,-0.411,1.0,9183000000.0,0.244,0.0,212000000.0,302399000000.0,,7708000000.0,123244000000.0,,,175703000000.0,,,60862657818.0,-284000000.0,0.0,-49000000.0,4232000000.0,-395000000.0,3791000000.0,-4411000000.0,-2442000000.0,315000000.0,21000000.0,7837000000.0,7837000000.0,7837000000.0,0.0,-10000000.0,0.209,1288000000.0,7895000000.0,19531000000.0,0.05,2.331,5.092,5.076,27616000000.0,0.0,15.43,0.414,0.414,9828000000.0,23386000000.0,37570000000.0,37570000000.0,0.0,,,,,159000000.0,1288000000.0,1.0,3944436670.0,3944436670,,9.525,202179000000.0,13468000000.0,511000000.0,598000000.0,51.257,
31,F,MRQ,2013-09-30,2013-09-30,2013-09-30,2021-09-07,-21509000000.0,201071000000.0,,,,,5.195,-1582000000.0,14752000000.0,14752000000.0,30838000000.0,1273000000.0,,8.806,110622000000.0,,,110622000000.0,0.0,0.0,0.0,0.021,0.1,2294000000.0,2294000000.0,0.064,2294000000.0,2294000000.0,2090000000.0,0.32,0.31,0.32,20467000000.0,,20467000000.0,160957196866.0,19.0,11.467,2258000000.0,0.573,1.0,4937000000.0,0.138,86000000.0,204000000.0,296855000000.0,,8799000000.0,120733000000.0,,,180232000000.0,,,66462196866.0,1390000000.0,-9000000.0,-77000000.0,2034000000.0,-394000000.0,1667000000.0,-4257000000.0,-2791000000.0,3840000000.0,140000000.0,1272000000.0,1272000000.0,1272000000.0,0.0,1000000.0,0.036,3235000000.0,1702000000.0,21640000000.0,0.312,3.247,11.738,11.715,26836000000.0,0.0,16.87,0.458,0.458,11693000000.0,21014000000.0,35775000000.0,35775000000.0,0.0,,,,,0.0,3235000000.0,1.0,3939667864.0,3939667864,,9.081,200985000000.0,13023000000.0,818000000.0,637000000.0,51.016,
32,F,MRQ,2013-06-30,2013-06-30,2013-06-30,2021-09-07,-21837000000.0,196210000000.0,,,,,4.879,-1594000000.0,13362000000.0,13362000000.0,33282000000.0,1234000000.0,,9.211,107857000000.0,,,107857000000.0,0.0,0.0,0.0,0.019,0.1,2025000000.0,2025000000.0,0.053,2025000000.0,2025000000.0,1818000000.0,0.31,0.3,0.31,19179000000.0,,19179000000.0,154351757779.0,18.0,10.881,4484000000.0,1.141,1.0,4641000000.0,0.122,82000000.0,207000000.0,290623000000.0,,8192000000.0,118422000000.0,,,176661000000.0,,,60815757779.0,-458000000.0,0.0,-77000000.0,1131000000.0,-393000000.0,708000000.0,-7212000000.0,-5548000000.0,6078000000.0,-32000000.0,1233000000.0,1233000000.0,1233000000.0,0.0,1000000.0,0.033,3203000000.0,1438000000.0,20961000000.0,0.323,3.171,10.101,9.981,25863000000.0,0.0,15.47,0.43,0.43,11353000000.0,20136000000.0,37923000000.0,37923000000.0,0.0,,,,,0.0,3203000000.0,1.0,3931206062.0,3931206062,,9.647,196128000000.0,13694000000.0,585000000.0,676000000.0,49.89,
33,F,MRQ,2013-03-31,2013-03-31,2013-03-31,2021-09-07,-22533000000.0,193010000000.0,,,,,4.614,-1483000000.0,13820000000.0,13820000000.0,30751000000.0,1612000000.0,,9.949,107356000000.0,,,107356000000.0,0.0,0.0,0.0,0.019,0.1,2328000000.0,2328000000.0,0.065,2328000000.0,2328000000.0,2122000000.0,0.41,0.4,0.41,17595000000.0,,17595000000.0,139550185224.0,16.0,10.007,-1272000000.0,-0.334,1.0,4898000000.0,0.137,84000000.0,206000000.0,286462000000.0,,8423000000.0,112900000000.0,,,175048000000.0,,,50151185224.0,-1839000000.0,9000000.0,-10000000.0,2266000000.0,-392000000.0,1967000000.0,-3851000000.0,-2543000000.0,211000000.0,-166000000.0,1611000000.0,1611000000.0,1611000000.0,0.0,1000000.0,0.045,3124000000.0,1774000000.0,20600000000.0,0.244,2.85,8.605,8.709,25795000000.0,0.0,13.15,0.367,0.367,11384000000.0,19296000000.0,35649000000.0,35649000000.0,0.0,,,,,0.0,3124000000.0,1.0,3813778344.0,3813778344,,9.347,192926000000.0,14479000000.0,511000000.0,638000000.0,50.587,
34,F,MRQ,2012-12-31,2012-12-31,2012-12-31,2021-09-07,-22854000000.0,189406000000.0,,,,,4.183,-1885000000.0,15659000000.0,15659000000.0,32373000000.0,1543000000.0,,10.854,105058000000.0,,,105058000000.0,0.0,5486000000.0,0.0,0.015,0.05,1904000000.0,7390000000.0,0.207,7390000000.0,1904000000.0,1762000000.0,0.4,0.39,0.4,15947000000.0,,15947000000.0,136438972848.0,16.0,9.86,-2246000000.0,-0.589,1.0,3358000000.0,0.094,0.0,142000000.0,278805000000.0,,7362000000.0,109824000000.0,,,173095000000.0,,,49373972848.0,2120000000.0,-256000000.0,-33000000.0,4314000000.0,-191000000.0,4087000000.0,-1667000000.0,-103000000.0,-361000000.0,61000000.0,1546000000.0,1546000000.0,1546000000.0,0.0,-3000000.0,0.043,2749000000.0,609000000.0,19308000000.0,0.125,3.096,8.796,8.81,24942000000.0,0.0,12.95,0.37,0.37,10878000000.0,18077000000.0,35731000000.0,35731000000.0,0.0,,,,,140000000.0,2749000000.0,1.0,3812661996.0,3812661996,,9.372,189406000000.0,15185000000.0,216000000.0,470000000.0,49.678,
35,F,MRQ,2012-09-30,2012-09-30,2012-09-30,2021-09-07,-18541000000.0,184680000000.0,,,,,4.94,-1319000000.0,13539000000.0,13539000000.0,27469000000.0,1633000000.0,,8.783,100604000000.0,,,100604000000.0,0.0,0.0,0.0,0.015,0.05,2442000000.0,2442000000.0,0.076,2442000000.0,2442000000.0,2244000000.0,0.43,0.41,0.43,18841000000.0,,18841000000.0,122401907403.0,23.0,22.999,2108000000.0,0.553,1.0,4703000000.0,0.146,89000000.0,198000000.0,271656000000.0,,8208000000.0,109161000000.0,,,165474000000.0,,,37605907403.0,-1562000000.0,192000000.0,-33000000.0,75000000.0,-191000000.0,-35000000.0,-5074000000.0,-3814000000.0,3427000000.0,120000000.0,1631000000.0,1631000000.0,1631000000.0,0.0,2000000.0,0.051,2919000000.0,1784000000.0,20793000000.0,0.116,1.996,2.127,2.116,24347000000.0,0.0,9.86,0.285,0.285,10737000000.0,16670000000.0,32172000000.0,32172000000.0,0.0,,,,,0.0,2919000000.0,1.0,3813986552.0,3813986552,,8.435,184591000000.0,13526000000.0,613000000.0,593000000.0,48.398,
36,F,MRQ,2012-06-30,2012-06-30,2012-06-30,2021-09-07,-18928000000.0,181236000000.0,,,,,4.464,-1191000000.0,15101000000.0,15101000000.0,28645000000.0,1038000000.0,,9.636,99897000000.0,,,99897000000.0,0.0,0.0,0.0,0.01,0.05,1785000000.0,1785000000.0,0.054,1785000000.0,1785000000.0,1597000000.0,0.27,0.26,0.27,17036000000.0,,17036000000.0,121844964306.0,21.0,20.939,2713000000.0,0.711,1.0,4566000000.0,0.137,95000000.0,188000000.0,265937000000.0,,7289000000.0,106708000000.0,,,164157000000.0,,,36598964306.0,-143000000.0,59000000.0,-32000000.0,-458000000.0,-191000000.0,-717000000.0,-3038000000.0,-1689000000.0,3904000000.0,-292000000.0,1040000000.0,1040000000.0,1040000000.0,0.0,-2000000.0,0.031,2983000000.0,1583000000.0,19661000000.0,0.185,2.148,2.068,2.058,22808000000.0,0.0,9.59,0.276,0.276,10160000000.0,15230000000.0,33211000000.0,33211000000.0,0.0,,,,,0.0,2983000000.0,1.0,3816367498.0,3816367498,,8.702,181141000000.0,14064000000.0,557000000.0,595000000.0,47.464,
37,F,MRQ,2012-03-31,2012-03-31,2012-03-31,2021-09-07,-18314000000.0,182075000000.0,,,,,4.37,-1093000000.0,15244000000.0,15244000000.0,27744000000.0,1398000000.0,,9.962,100490000000.0,,,100490000000.0,0.0,0.0,0.0,0.004,0.05,2221000000.0,2221000000.0,0.068,2221000000.0,2221000000.0,2036000000.0,0.37,0.35,0.37,16606000000.0,,16606000000.0,129740590512.0,17.0,16.708,982000000.0,0.258,1.0,4701000000.0,0.145,97000000.0,185000000.0,267224000000.0,,7031000000.0,107120000000.0,,,165425000000.0,,,47400590512.0,-1904000000.0,5000000.0,-27000000.0,503000000.0,-190000000.0,370000000.0,-4511000000.0,-3392000000.0,2075000000.0,162000000.0,1396000000.0,1396000000.0,1396000000.0,0.0,2000000.0,0.043,2878000000.0,1823000000.0,19638000000.0,0.135,2.854,2.487,2.485,23150000000.0,0.0,12.475,0.351,0.351,9904000000.0,14190000000.0,32445000000.0,32445000000.0,0.0,,,,,0.0,2878000000.0,1.0,3799646534.0,3799646534,,8.539,181978000000.0,14535000000.0,640000000.0,583000000.0,47.893,
38,F,MRQ,2011-12-31,2011-12-31,2011-12-31,2021-09-07,-18734000000.0,178348000000.0,,,,,3.955,-1158000000.0,17148000000.0,17148000000.0,33571000000.0,13614000000.0,,10.865,99488000000.0,,,99488000000.0,0.0,0.0,0.0,0.0,0.0,-1126000000.0,-1126000000.0,-0.033,-1126000000.0,-1126000000.0,1454000000.0,3.59,3.32,3.59,15028000000.0,,15028000000.0,119560078217.0,13.0,12.6,-1393000000.0,-0.367,1.0,346000000.0,0.01,100000000.0,-2580000000.0,260588000000.0,,5901000000.0,104368000000.0,,,163277000000.0,,,40889078217.0,619000000.0,114000000.0,0.0,4960000000.0,0.0,4973000000.0,-4032000000.0,-3078000000.0,-235000000.0,-87000000.0,13615000000.0,13615000000.0,13615000000.0,0.0,-1000000.0,0.401,2382000000.0,-2036000000.0,17724000000.0,0.0,2.721,2.023,2.019,22371000000.0,0.0,10.76,0.302,0.302,8565000000.0,12985000000.0,33917000000.0,33917000000.0,0.0,,,,,0.0,2382000000.0,1.0,3800100206.0,3800100206,,8.925,178248000000.0,15125000000.0,-12161000000.0,696000000.0,46.906,
39,F,MRQ,2011-09-30,2011-09-30,2011-09-30,2021-09-07,-14269000000.0,162740000000.0,,,,,1.574,-1113000000.0,16460000000.0,16460000000.0,27622000000.0,1652000000.0,,26.198,95131000000.0,,,95131000000.0,0.0,0.0,0.0,0.0,0.0,2939000000.0,2939000000.0,0.089,2939000000.0,2939000000.0,1843000000.0,0.43,0.41,0.43,5982000000.0,,5982000000.0,117822343848.0,15.0,14.918,2680000000.0,0.705,1.0,5425000000.0,0.164,100000000.0,1096000000.0,241311000000.0,,7212000000.0,99455000000.0,,,156714000000.0,,,36744343848.0,-952000000.0,6000000.0,0.0,-2176000000.0,0.0,-2209000000.0,-1832000000.0,-1118000000.0,3793000000.0,-704000000.0,1649000000.0,1649000000.0,1649000000.0,0.0,3000000.0,0.05,2861000000.0,2564000000.0,18924000000.0,0.0,6.142,5.413,5.463,22304000000.0,0.0,9.67,0.274,0.274,9036000000.0,-440000000.0,33047000000.0,33047000000.0,0.0,,,,,0.0,2861000000.0,1.0,3799828733.0,3799828733,,8.697,162640000000.0,1694000000.0,194000000.0,1109000000.0,42.802,
40,F,MRQ,2011-06-30,2011-06-30,2011-06-30,2021-09-07,-13236000000.0,168086000000.0,,,,,1.398,-1093000000.0,17472000000.0,17472000000.0,29274000000.0,2400000000.0,,30.653,98550000000.0,,,98550000000.0,0.0,0.0,0.0,0.0,0.0,3731000000.0,3731000000.0,0.105,3731000000.0,3731000000.0,2604000000.0,0.63,0.59,0.63,5309000000.0,,5309000000.0,132696971536.0,16.0,15.961,2636000000.0,0.694,1.0,6253000000.0,0.176,103000000.0,1127000000.0,249061000000.0,,7036000000.0,101820000000.0,,,162736000000.0,,,52376971536.0,-3837000000.0,144000000.0,0.0,-3747000000.0,0.0,-3723000000.0,-4071000000.0,-2957000000.0,3729000000.0,228000000.0,2398000000.0,2398000000.0,2398000000.0,0.0,2000000.0,0.067,2907000000.0,3346000000.0,19424000000.0,0.0,9.866,7.673,7.536,23263000000.0,0.0,13.79,0.4,0.4,9473000000.0,-2089000000.0,35527000000.0,35527000000.0,0.0,,,,,0.0,2907000000.0,1.0,3798185028.0,3798185028,,9.354,167983000000.0,2103000000.0,206000000.0,1371000000.0,44.227,
41,F,MRQ,2011-03-31,2011-03-31,2011-03-31,2021-09-07,-13684000000.0,167391000000.0,,,,,0.642,-929000000.0,21318000000.0,21318000000.0,26722000000.0,2556000000.0,,67.983,101638000000.0,,,101638000000.0,0.0,0.0,0.0,0.0,0.0,3945000000.0,3945000000.0,0.119,3945000000.0,3945000000.0,2771000000.0,0.68,0.61,0.68,2426000000.0,,2426000000.0,145510774453.0,16.0,16.045,1568000000.0,0.415,1.0,6392000000.0,0.193,98000000.0,1174000000.0,247613000000.0,,7414000000.0,98016000000.0,,,164926000000.0,,,56327774453.0,6513000000.0,0.0,0.0,-3370000000.0,0.0,-3282000000.0,6894000000.0,7676000000.0,2497000000.0,404000000.0,2551000000.0,2551000000.0,2551000000.0,0.0,5000000.0,0.077,2734000000.0,3658000000.0,19984000000.0,0.0,23.218,8.016,7.607,23407000000.0,0.0,14.91,0.432,0.432,8999000000.0,-4487000000.0,33114000000.0,33114000000.0,0.0,,,,,0.0,2734000000.0,1.0,3777852076.0,3777852076,,8.765,167293000000.0,1962000000.0,220000000.0,1212000000.0,44.283,
42,F,MRQ,2010-12-31,2010-12-31,2010-12-31,2021-09-07,-14313000000.0,164687000000.0,,,,,-0.195,-1146000000.0,14805000000.0,14805000000.0,31588000000.0,188000000.0,,-245.66,103988000000.0,,,103988000000.0,0.0,0.0,0.0,0.0,0.0,-2717000000.0,-2717000000.0,-0.084,-2717000000.0,-2717000000.0,282000000.0,0.03,0.05,0.03,-673000000.0,,-673000000.0,157004879163.0,18.0,17.523,93000000.0,0.027,1.0,840000000.0,0.026,102000000.0,-2999000000.0,253768000000.0,,5917000000.0,105079000000.0,,,165329000000.0,,,58305879163.0,-3187000000.0,94000000.0,109000000.0,-3753000000.0,0.0,-10851000000.0,6288000000.0,6996000000.0,1239000000.0,137000000.0,190000000.0,190000000.0,190000000.0,0.0,-2000000.0,0.006,3029000000.0,-2189000000.0,16362000000.0,0.0,-86.636,8.887,8.837,23179000000.0,0.0,16.79,0.452,0.449,8381000000.0,-7038000000.0,32428000000.0,32428000000.0,0.0,,,,,0.0,3029000000.0,1.0,3472655102.0,3449000000,,9.402,164585000000.0,2003000000.0,92000000.0,1135000000.0,47.72,
43,F,MRQ,2010-09-30,2010-09-30,2010-09-30,2021-09-07,-12609000000.0,177078000000.0,,,,,-0.516,-919000000.0,17992000000.0,17992000000.0,24197000000.0,1688000000.0,,-100.856,116691000000.0,,,116691000000.0,0.0,0.0,0.0,0.0,0.0,3355000000.0,3355000000.0,0.112,3355000000.0,3355000000.0,1886000000.0,0.49,0.43,0.49,-1773000000.0,,-1773000000.0,141160267351.0,10.0,9.962,2862000000.0,0.832,1.0,5696000000.0,0.191,123000000.0,1469000000.0,275654000000.0,,6855000000.0,112328000000.0,,,178818000000.0,,,42097267351.0,-330000000.0,862000000.0,388000000.0,-2751000000.0,0.0,-2397000000.0,-2224000000.0,-2028000000.0,3781000000.0,510000000.0,1687000000.0,1687000000.0,1687000000.0,0.0,1000000.0,0.056,2654000000.0,3042000000.0,17374000000.0,0.0,-23.744,5.801,5.693,22956000000.0,0.0,12.24,0.321,0.321,8368000000.0,-7228000000.0,29893000000.0,29893000000.0,0.0,,,,,0.0,2654000000.0,1.0,3439319228.0,3439319228,,8.692,176955000000.0,2201000000.0,199000000.0,1027000000.0,51.451,
44,F,MRQ,2010-06-30,2010-06-30,2010-06-30,2021-09-07,-12277000000.0,179750000000.0,,,,,-1.049,-959000000.0,18322000000.0,18322000000.0,27697000000.0,2596000000.0,,-51.285,117385000000.0,,,117385000000.0,0.0,0.0,0.0,0.0,0.0,4486000000.0,4486000000.0,0.128,4486000000.0,4486000000.0,2850000000.0,0.76,0.61,0.76,-3574000000.0,,-3574000000.0,140087333607.0,10.0,10.358,2815000000.0,0.826,1.0,7370000000.0,0.21,183000000.0,1636000000.0,278630000000.0,,6076000000.0,109625000000.0,,,183291000000.0,,,34338333607.0,-6034000000.0,0.0,312000000.0,-11333000000.0,0.0,-11061000000.0,1677000000.0,2491000000.0,3774000000.0,-424000000.0,2599000000.0,2599000000.0,2599000000.0,0.0,-3000000.0,0.074,3137000000.0,4233000000.0,15976000000.0,0.0,-9.608,5.229,5.117,22210000000.0,0.0,10.08,0.261,0.261,7985000000.0,-8915000000.0,35067000000.0,35067000000.0,0.0,,,,,0.0,3137000000.0,1.0,3406580715.0,3406580715,,10.294,179567000000.0,2080000000.0,251000000.0,901000000.0,52.712,
45,F,MRQ,2010-03-31,2010-03-31,2010-03-31,2021-09-07,-11199000000.0,191968000000.0,,,,,-1.641,-1068000000.0,24356000000.0,24356000000.0,25098000000.0,2085000000.0,,-36.056,130105000000.0,,,130105000000.0,0.0,0.0,0.0,0.0,0.0,3836000000.0,3836000000.0,0.122,3836000000.0,3836000000.0,2135000000.0,0.62,0.5,0.62,-5475000000.0,,-5475000000.0,152944230595.0,12.0,11.799,1615000000.0,0.484,1.0,6468000000.0,0.205,192000000.0,1701000000.0,297525000000.0,,6292000000.0,114082000000.0,,,197405000000.0,,,41944230595.0,3462000000.0,0.0,530000000.0,-721000000.0,0.0,-112000000.0,1167000000.0,2315000000.0,2683000000.0,-276000000.0,2085000000.0,2085000000.0,2085000000.0,0.0,0.0,0.066,3089000000.0,3379000000.0,15611000000.0,0.0,-7.661,6.734,6.413,22826000000.0,0.0,12.57,0.34,0.34,6925000000.0,-11514000000.0,31566000000.0,31566000000.0,0.0,,,,,0.0,3089000000.0,1.0,3336852076.0,3336852076,,9.46,191776000000.0,2861000000.0,50000000.0,1600000000.0,57.472,
46,F,MRQ,2009-12-31,2009-12-31,2009-12-31,2021-09-07,-10864000000.0,192040000000.0,,,,,-2.614,-1069000000.0,20894000000.0,20894000000.0,29374000000.0,878000000.0,,-25.553,131635000000.0,,,131635000000.0,0.0,0.0,0.0,0.0,0.0,2493000000.0,2493000000.0,0.072,2493000000.0,2493000000.0,916000000.0,0.28,0.25,0.28,-7820000000.0,,-7820000000.0,139290008760.0,15.0,14.828,-673000000.0,-0.225,1.0,5437000000.0,0.156,165000000.0,1577000000.0,302616000000.0,,5041000000.0,116916000000.0,,,199822000000.0,,,33071008760.0,-4283000000.0,2000000.0,180000000.0,-5767000000.0,0.0,-8377000000.0,3747000000.0,4578000000.0,396000000.0,-49000000.0,886000000.0,886000000.0,886000000.0,0.0,-8000000.0,0.025,3222000000.0,2215000000.0,14301000000.0,0.0,-4.229,12.172,10.989,22637000000.0,0.0,10.0,0.284,0.257,7194000000.0,-13599000000.0,34811000000.0,34811000000.0,0.0,,,,,0.0,3222000000.0,1.0,3307100876.0,2992000000,,11.635,191875000000.0,3479000000.0,30000000.0,2421000000.0,64.129,
47,F,MRQ,2009-09-30,2009-09-30,2009-09-30,2021-09-07,-8704000000.0,203106000000.0,,,,,-2.693,-944000000.0,25798000000.0,25798000000.0,24942000000.0,1013000000.0,,-24.251,132017000000.0,,,132017000000.0,0.0,0.0,0.0,0.0,0.0,2709000000.0,2709000000.0,0.089,2709000000.0,2709000000.0,1096000000.0,0.31,0.29,0.31,-8675000000.0,,-8675000000.0,132280499119.0,33.0,33.245,4770000000.0,1.481,1.0,5330000000.0,0.176,225000000.0,1613000000.0,309100000000.0,,6560000000.0,118528000000.0,,,210376000000.0,,,23225499119.0,1775000000.0,209000000.0,619000000.0,-1718000000.0,0.0,-1322000000.0,-2824000000.0,-2141000000.0,5714000000.0,207000000.0,997000000.0,997000000.0,997000000.0,0.0,16000000.0,0.033,3005000000.0,2325000000.0,15209000000.0,0.0,-2.677,-5.601,-3.433,24812000000.0,0.0,7.21,0.213,0.213,7296000000.0,-14524000000.0,30272000000.0,30272000000.0,0.0,,,,,0.0,3005000000.0,1.0,3221289753.0,3221289753,,9.397,202881000000.0,3664000000.0,99000000.0,2644000000.0,62.981,
48,F,MRQ,2009-06-30,2009-06-30,2009-06-30,2021-09-07,-9005000000.0,200190000000.0,,,,,-3.739,-977000000.0,24011000000.0,24011000000.0,23765000000.0,2261000000.0,,-19.511,133066000000.0,,,133066000000.0,0.0,0.0,0.0,0.0,0.0,3925000000.0,3925000000.0,0.146,3925000000.0,3925000000.0,2246000000.0,0.75,0.69,0.75,-10743000000.0,,-10743000000.0,141933625855.0,46.0,46.399,4374000000.0,1.522,1.0,3045000000.0,0.114,235000000.0,1679000000.0,309010000000.0,,6603000000.0,119969000000.0,,,209608000000.0,,,17440625855.0,2758000000.0,5000000.0,1651000000.0,-9411000000.0,0.0,-8230000000.0,5031000000.0,6341000000.0,5351000000.0,606000000.0,2261000000.0,2261000000.0,2261000000.0,-5000000.0,0.0,0.084,3110000000.0,-65000000.0,13971000000.0,0.0,-1.623,-3.288,-2.448,24801000000.0,0.0,6.07,0.158,0.158,6643000000.0,-15521000000.0,26810000000.0,26810000000.0,0.0,,,,,0.0,3110000000.0,1.0,2873249729.0,2873249729,,9.331,199955000000.0,3015000000.0,-15000000.0,1788000000.0,69.592,
49,F,MRQ,2009-03-31,2009-03-31,2009-03-31,2021-09-07,-10624000000.0,203134000000.0,,,,,-7.288,-1069000000.0,21093000000.0,21093000000.0,21815000000.0,-1435000000.0,,-12.494,145586000000.0,,,145586000000.0,0.0,0.0,0.0,0.0,0.0,267000000.0,267000000.0,0.011,267000000.0,267000000.0,-1654000000.0,-0.6,-0.6,-0.6,-17577000000.0,,-17577000000.0,138490170960.0,-18.0,-18.309,2947000000.0,1.222,1.0,2575000000.0,0.106,227000000.0,1921000000.0,327400000000.0,,6575000000.0,128019000000.0,,,219611000000.0,,,6343170960.0,-1160000000.0,-177000000.0,0.0,-4814000000.0,0.0,-4901000000.0,665000000.0,2247000000.0,4016000000.0,-310000000.0,-1427000000.0,-1427000000.0,-1427000000.0,0.0,-8000000.0,-0.059,3692000000.0,-1117000000.0,12882000000.0,0.0,-0.361,-0.39,-0.369,23779000000.0,0.0,2.63,0.051,0.051,5390000000.0,-17782000000.0,24390000000.0,24390000000.0,0.0,,,,,0.0,3692000000.0,1.0,2411852076.0,2411852076,,10.113,202907000000.0,2818000000.0,-227000000.0,1706000000.0,84.129,
50,F,MRQ,2008-12-31,2008-12-31,2008-12-31,2021-09-07,-10124000000.0,218298000000.0,,,,,-6.917,-1617000000.0,22049000000.0,22049000000.0,26702000000.0,-6298000000.0,,-14.809,152577000000.0,,,152577000000.0,0.0,0.0,0.0,0.0,0.0,-2922000000.0,-2922000000.0,-0.106,-2922000000.0,-2922000000.0,-5229000000.0,-2.56,-2.56,-2.56,-15722000000.0,,-15722000000.0,137369479175.0,-27.0,-26.983,-5149000000.0,-2.265,1.0,742000000.0,0.027,246000000.0,2307000000.0,348580000000.0,,6988000000.0,137744000000.0,,,232825000000.0,,,5470479175.0,-2699000000.0,558000000.0,93000000.0,300000000.0,0.0,321000000.0,1090000000.0,2181000000.0,-3532000000.0,-578000000.0,-5978000000.0,-5978000000.0,-5978000000.0,9000000.0,-320000000.0,-0.218,4091000000.0,-3349000000.0,13145000000.0,0.0,-0.348,-0.37,-0.352,24143000000.0,0.0,2.29,0.038,0.036,5674000000.0,-16316000000.0,27444000000.0,27444000000.0,0.0,,,,,0.0,4091000000.0,1.0,2388855535.0,2273000000,,12.074,218052000000.0,3108000000.0,749000000.0,2035000000.0,95.931,
51,F,MRQ,2008-09-30,2008-09-30,2008-09-30,2021-09-07,-571000000.0,242065000000.0,,,,,-0.88,-1747000000.0,24894000000.0,24894000000.0,25400000000.0,-110000000.0,,-121.969,156793000000.0,,,156793000000.0,0.0,0.0,0.0,0.0,0.0,1789000000.0,1789000000.0,0.056,1789000000.0,1789000000.0,-624000000.0,-0.07,-0.07,-0.07,-1989000000.0,,-1989000000.0,147718021300.0,-37.0,-36.709,-639000000.0,-0.283,1.0,6346000000.0,0.2,1805000000.0,2413000000.0,372159000000.0,,12048000000.0,150034000000.0,,,242596000000.0,,,11759021300.0,-5172000000.0,143000000.0,519000000.0,-5906000000.0,0.0,-5651000000.0,-24000000.0,1471000000.0,1108000000.0,-605000000.0,-161000000.0,-161000000.0,-161000000.0,0.0,51000000.0,-0.005,4575000000.0,1771000000.0,20358000000.0,0.0,-5.912,-1.008,-0.965,30253000000.0,0.0,5.2,0.074,0.074,7683000000.0,-10169000000.0,31746000000.0,31746000000.0,0.0,,,,,0.0,4575000000.0,1.0,2261350250.0,2261350250,,14.039,240260000000.0,3032000000.0,-463000000.0,2514000000.0,106.246,
52,F,MRQ,2008-06-30,2008-06-30,2008-06-30,2021-09-07,131000000.0,265297000000.0,,,,,-0.751,-1638000000.0,30066000000.0,30066000000.0,40592000000.0,-8608000000.0,,-157.766,166025000000.0,,,166025000000.0,0.0,0.0,0.0,0.0,0.0,-6698000000.0,-6698000000.0,-0.163,-6698000000.0,-6698000000.0,-9140000000.0,-3.89,-3.89,-3.89,-1683000000.0,,-1683000000.0,146238020298.0,-44.0,-44.341,-504000000.0,-0.225,1.0,510000000.0,0.012,2044000000.0,2442000000.0,399212000000.0,,12987000000.0,161063000000.0,,,265521000000.0,,,10784020298.0,-3685000000.0,5168000000.0,81000000.0,-3084000000.0,0.0,-3141000000.0,-2240000000.0,-5844000000.0,1134000000.0,153000000.0,-8697000000.0,-8697000000.0,-8697000000.0,0.0,89000000.0,-0.212,7305000000.0,-6795000000.0,24216000000.0,0.0,-6.408,-0.907,-0.873,32149000000.0,0.0,4.81,0.064,0.064,9344000000.0,-10040000000.0,41102000000.0,41102000000.0,0.0,,,,,0.0,7305000000.0,1.0,2242000062.0,2242000062,,18.333,263253000000.0,3251000000.0,-443000000.0,2899000000.0,117.419,
53,F,MRQ,2008-03-31,2008-03-31,2008-03-31,2021-09-07,657000000.0,282913000000.0,,,,,3.24,-1490000000.0,33751000000.0,33751000000.0,35800000000.0,192000000.0,,38.579,169205000000.0,,,169205000000.0,0.0,0.0,0.0,0.0,0.0,2740000000.0,2740000000.0,0.063,2740000000.0,2740000000.0,165000000.0,0.03,0.03,0.03,7111000000.0,,7111000000.0,145801553875.0,21.0,20.734,-463000000.0,-0.211,1.0,7492000000.0,0.173,2064000000.0,2575000000.0,416303000000.0,,11721000000.0,159810000000.0,,,274336000000.0,,,12554553875.0,-1532000000.0,44000000.0,63000000.0,-635000000.0,0.0,-701000000.0,-1765000000.0,-484000000.0,1027000000.0,316000000.0,70000000.0,70000000.0,70000000.0,-1000000.0,122000000.0,0.002,5094000000.0,2398000000.0,23964000000.0,0.0,1.766,-5.139,-4.689,37007000000.0,0.0,5.72,0.073,0.073,8563000000.0,-1372000000.0,43292000000.0,43292000000.0,0.0,,,,,0.0,5094000000.0,1.0,2194852076.0,2194852076,,19.724,280849000000.0,3331000000.0,95000000.0,2901000000.0,127.958,
54,F,MRQ,2007-12-31,2007-12-31,2007-12-31,2021-09-07,-558000000.0,279264000000.0,,,,,2.844,-1807000000.0,35283000000.0,35283000000.0,38746000000.0,-2571000000.0,,48.368,168787000000.0,,,168787000000.0,0.0,0.0,0.0,0.0,0.0,-1855000000.0,-1855000000.0,-0.044,-1855000000.0,-1855000000.0,-4683000000.0,-1.46,-1.46,-1.46,5628000000.0,,5628000000.0,149977683426.0,22.0,21.704,2025000000.0,1.023,1.0,3487000000.0,0.083,2069000000.0,2828000000.0,410699000000.0,,10121000000.0,160676000000.0,,,272215000000.0,,,14201683426.0,7846000000.0,0.0,98000000.0,5598000000.0,0.0,5457000000.0,-2403000000.0,-200000000.0,3832000000.0,950000000.0,-2883000000.0,-2883000000.0,-2883000000.0,34000000.0,312000000.0,-0.068,7741000000.0,-4254000000.0,20832000000.0,0.0,2.523,-5.081,-4.773,36239000000.0,0.0,6.73,0.083,0.078,8863000000.0,-1485000000.0,42233000000.0,42233000000.0,0.0,,,,,0.0,5341000000.0,1.0,2110205561.0,1979000000,,21.341,277195000000.0,3500000000.0,-1800000000.0,3034000000.0,140.068,
55,F,MRQ,2007-09-30,2007-09-30,2007-09-30,2021-09-07,-7272000000.0,276163000000.0,,,,,0.554,-1578000000.0,27437000000.0,27437000000.0,33432000000.0,-380000000.0,,235.259,163213000000.0,,,163213000000.0,0.0,0.0,0.0,0.0,0.0,2515000000.0,2515000000.0,0.061,2515000000.0,2515000000.0,-218000000.0,-0.19,-0.19,-0.19,1163000000.0,,1163000000.0,155861557118.0,29.0,28.656,6437000000.0,3.066,1.0,7646000000.0,0.186,6487000000.0,2733000000.0,405452000000.0,,12886000000.0,164399000000.0,,,273606000000.0,,,17825557118.0,-4571000000.0,235000000.0,101000000.0,-6998000000.0,0.0,-6685000000.0,-5894000000.0,-3558000000.0,8015000000.0,-7000000.0,-380000000.0,-380000000.0,-380000000.0,0.0,0.0,-0.009,4904000000.0,2742000000.0,25898000000.0,0.0,15.327,-3.219,-2.898,37831000000.0,0.0,8.49,0.106,0.106,11969000000.0,1326000000.0,41078000000.0,41078000000.0,0.0,,,,,0.0,4904000000.0,1.0,2099594478.0,2099594478,,19.565,269676000000.0,4103000000.0,162000000.0,3165000000.0,128.442,
56,F,MRQ,2007-06-30,2007-06-30,2007-06-30,2021-09-07,-8146000000.0,279218000000.0,,,,,-1.035,-1341000000.0,32000000000.0,32000000000.0,36303000000.0,750000000.0,,-143.84,170036000000.0,,,170036000000.0,0.0,0.0,0.0,0.005,0.0,3632000000.0,3632000000.0,0.082,3632000000.0,3632000000.0,873000000.0,0.4,0.31,0.4,-1946000000.0,,-1946000000.0,158022990872.0,-102.0,-102.148,2907000000.0,1.546,1.0,7939000000.0,0.179,6344000000.0,2759000000.0,410910000000.0,,12614000000.0,165197000000.0,,,279913000000.0,,,17710990872.0,5130000000.0,885000000.0,24000000.0,1090000000.0,0.0,1104000000.0,-755000000.0,-1221000000.0,4248000000.0,162000000.0,750000000.0,750000000.0,750000000.0,-32000000.0,0.0,0.017,4952000000.0,2987000000.0,25495000000.0,0.0,-9.101,-1.702,-1.703,37303000000.0,0.0,9.42,0.108,0.108,12263000000.0,1707000000.0,44242000000.0,44242000000.0,0.0,,,,,0.0,4952000000.0,1.0,1880147651.0,1880147651,,23.531,272874000000.0,4253000000.0,123000000.0,3397000000.0,145.134,
57,F,MRQ,2007-03-31,2007-03-31,2007-03-31,2021-09-07,-9106000000.0,272210000000.0,,,,,-1.973,-1296000000.0,26867000000.0,26867000000.0,34774000000.0,-282000000.0,,-74.067,167179000000.0,,,167179000000.0,0.0,0.0,0.0,0.019,0.0,2613000000.0,2613000000.0,0.061,2613000000.0,2613000000.0,-101000000.0,-0.15,-0.15,-0.15,-3710000000.0,,-3710000000.0,157993122658.0,-44.0,-43.863,-317000000.0,-0.169,1.0,8231000000.0,0.191,6308000000.0,2714000000.0,406214000000.0,,12525000000.0,162422000000.0,,,274787000000.0,,,14838122658.0,-2016000000.0,33000000.0,-4000000.0,-5089000000.0,0.0,-5144000000.0,2595000000.0,3602000000.0,979000000.0,-91000000.0,-282000000.0,-282000000.0,-282000000.0,-3000000.0,0.0,-0.007,5964000000.0,2267000000.0,24480000000.0,0.0,-3.999,-1.293,-1.293,37638000000.0,0.0,7.89,0.091,0.091,11663000000.0,956000000.0,43005000000.0,43005000000.0,0.0,,,,,0.0,5964000000.0,1.0,1880623911.0,1880623911,,22.867,265902000000.0,3942000000.0,181000000.0,3261000000.0,141.39,
58,F,MRQ,2006-12-31,2006-12-31,2006-12-31,2021-09-07,-7846000000.0,279196000000.0,,,,,-1.844,-1606000000.0,28896000000.0,28896000000.0,38576000000.0,-5625000000.0,,-81.242,171832000000.0,,,171832000000.0,0.0,0.0,0.0,0.033,0.0,-3321000000.0,-3321000000.0,-0.082,-3321000000.0,-3321000000.0,-5774000000.0,-2.99,-2.99,-2.99,-3465000000.0,,-3465000000.0,143084592851.0,-22.0,-22.064,-8963000000.0,-4.77,1.0,1727000000.0,0.043,3611000000.0,2453000000.0,418521000000.0,,10017000000.0,166168000000.0,,,281502000000.0,,,14185592851.0,3383000000.0,2000000.0,32000000.0,16345000000.0,0.0,16072000000.0,-5549000000.0,-3641000000.0,-7357000000.0,226000000.0,-5625000000.0,-5625000000.0,-5625000000.0,-4000000.0,0.0,-0.14,5442000000.0,-3715000000.0,21214000000.0,0.0,-4.094,-1.125,-1.118,36055000000.0,0.0,7.51,0.089,0.088,8057000000.0,-17000000.0,40303000000.0,40303000000.0,0.0,,,,,0.0,5442000000.0,1.0,1888893855.0,1879000000,,21.449,275585000000.0,4922000000.0,-149000000.0,2744000000.0,146.666,
59,F,MRQ,2006-09-30,2006-09-30,2006-09-30,2021-09-07,-785000000.0,267465000000.0,,,,,4.871,-1839000000.0,25511000000.0,25511000000.0,37649000000.0,-5248000000.0,,28.079,154410000000.0,,,154410000000.0,0.0,0.0,0.0,0.043,0.05,-4471000000.0,-4471000000.0,-0.121,-4471000000.0,-4471000000.0,-6408000000.0,-2.79,-2.79,-2.79,9163000000.0,,9163000000.0,140710374824.0,-86.0,-86.061,5427000000.0,2.885,1.0,-554000000.0,-0.015,6396000000.0,1937000000.0,389968000000.0,,11997000000.0,155572000000.0,,,257287000000.0,,,15217374824.0,-2474000000.0,40000000.0,79000000.0,1740000000.0,-94000000.0,1602000000.0,-11337000000.0,-8904000000.0,7266000000.0,-3000000.0,-5248000000.0,-5248000000.0,-5248000000.0,-4000000.0,0.0,-0.141,4489000000.0,-5043000000.0,22738000000.0,-0.018,1.661,-2.155,-2.152,37844000000.0,0.0,8.09,0.092,0.092,9077000000.0,5608000000.0,37095000000.0,37095000000.0,0.0,,,,,0.0,4489000000.0,1.0,1881010485.0,1881010485,,19.721,261069000000.0,4197000000.0,-1160000000.0,2774000000.0,138.792,
60,F,MRQ,2006-06-30,2006-06-30,2006-06-30,2021-09-07,-262000000.0,276948000000.0,,,,,7.793,-1565000000.0,27985000000.0,27985000000.0,36181000000.0,-317000000.0,,17.872,153478000000.0,,,153478000000.0,0.0,0.0,0.0,0.058,0.1,1577000000.0,1577000000.0,0.038,1577000000.0,1577000000.0,-681000000.0,-0.17,-0.17,-0.17,14619000000.0,,14619000000.0,142925343597.0,35.0,34.834,8165000000.0,4.352,1.0,5697000000.0,0.136,6392000000.0,2258000000.0,396049000000.0,,12116000000.0,153822000000.0,,,261275000000.0,,,13000343597.0,6806000000.0,-36000000.0,95000000.0,1171000000.0,-188000000.0,1041000000.0,-4170000000.0,-3382000000.0,9730000000.0,192000000.0,-317000000.0,-317000000.0,-317000000.0,-6000000.0,0.0,-0.008,4623000000.0,1074000000.0,23595000000.0,-0.588,0.889,-5.439,-5.414,41639000000.0,0.0,6.93,0.077,0.077,10344000000.0,10646000000.0,41878000000.0,41878000000.0,0.0,,,,,0.0,4623000000.0,1.0,1875951457.0,1875951457,,22.324,270556000000.0,6879000000.0,-364000000.0,5729000000.0,144.223,
61,F,MRQ,2006-03-31,2006-03-31,2006-03-31,2021-09-07,-3156000000.0,269076000000.0,,,,,6.518,-1838000000.0,21179000000.0,21179000000.0,36701000000.0,-1423000000.0,,21.239,151104000000.0,,,151104000000.0,0.0,0.0,0.0,0.05,0.1,-270000000.0,-270000000.0,-0.007,-270000000.0,-270000000.0,-2405000000.0,-0.76,-0.76,-0.76,12049000000.0,,12049000000.0,137546600883.0,25.0,24.909,-1855000000.0,-1.004,1.0,4088000000.0,0.1,6072000000.0,2135000000.0,392929000000.0,,11962000000.0,153387000000.0,,,255905000000.0,,,14713600883.0,-7231000000.0,46000000.0,42000000.0,-3424000000.0,-186000000.0,-3442000000.0,-3808000000.0,-1980000000.0,-17000000.0,49000000.0,-1423000000.0,-1423000000.0,-1423000000.0,-2000000.0,0.0,-0.035,4594000000.0,-506000000.0,24005000000.0,-0.132,1.221,-17.149,-17.689,40941000000.0,0.0,7.96,0.085,0.085,10223000000.0,11088000000.0,40789000000.0,40789000000.0,0.0,,,,,0.0,4594000000.0,1.0,1848442322.0,1848442322,,22.067,263004000000.0,6767000000.0,-982000000.0,5284000000.0,142.284,
62,F,MRQ,2005-12-31,2005-12-31,2005-12-31,2021-09-07,-3680000000.0,269459000000.0,,,,,7.282,-1423000000.0,28406000000.0,28406000000.0,39267000000.0,-74000000.0,,18.963,153278000000.0,,,153278000000.0,0.0,0.0,0.0,0.052,0.1,1529000000.0,1529000000.0,0.033,1529000000.0,1529000000.0,-601000000.0,-0.04,-0.02,-0.04,13442000000.0,,13442000000.0,127878762386.0,14.0,14.206,-313000000.0,-0.17,1.0,6997000000.0,0.151,5945000000.0,2130000000.0,388386000000.0,,10271000000.0,149786000000.0,,,254895000000.0,,,14340762386.0,4468000000.0,4027000000.0,75000000.0,-3161000000.0,-186000000.0,-3397000000.0,6890000000.0,4666000000.0,1110000000.0,-120000000.0,-74000000.0,-74000000.0,-74000000.0,-17000000.0,0.0,-0.002,6407000000.0,590000000.0,22910000000.0,-2.5,1.067,9.959,9.897,40676000000.0,0.0,7.72,0.081,0.081,9956000000.0,13064000000.0,46264000000.0,46264000000.0,0.0,,,,,0.0,6407000000.0,1.0,1857611708.0,1846000000,,25.062,263514000000.0,5880000000.0,-527000000.0,5660000000.0,142.749,
63,F,MRQ,2005-09-30,2005-09-30,2005-09-30,2021-09-07,-2454000000.0,268295000000.0,,,,,7.548,-1076000000.0,28200000000.0,28200000000.0,33653000000.0,-576000000.0,,18.106,141738000000.0,,,141738000000.0,0.0,0.0,0.0,0.041,0.1,1267000000.0,1267000000.0,0.031,1267000000.0,1267000000.0,-890000000.0,-0.31,-0.31,-0.31,13987000000.0,,13987000000.0,146579072941.0,15.0,15.382,3624000000.0,1.956,1.0,6857000000.0,0.169,6072000000.0,2157000000.0,375761000000.0,,11687000000.0,126568000000.0,,,253250000000.0,,,18271072941.0,-5612000000.0,-146000000.0,66000000.0,-6903000000.0,-185000000.0,-7044000000.0,-3413000000.0,-4349000000.0,4700000000.0,150000000.0,-576000000.0,-576000000.0,-576000000.0,-7000000.0,0.0,-0.014,5983000000.0,874000000.0,22991000000.0,-0.323,1.306,15.63,15.406,41887000000.0,0.0,9.86,0.104,0.104,9683000000.0,12497000000.0,40510000000.0,40510000000.0,0.0,,,,,0.0,5983000000.0,1.0,1853049994.0,1853049994,,21.861,262223000000.0,4611000000.0,-314000000.0,4617000000.0,141.509,
64,F,MRQ,2005-06-30,2005-06-30,2005-06-30,2021-09-07,-2611000000.0,276834000000.0,,,,,7.718,-3252000000.0,30133000000.0,30133000000.0,36705000000.0,1215000000.0,,18.434,158441000000.0,,,158441000000.0,0.0,0.0,0.0,0.039,0.1,2996000000.0,2996000000.0,0.066,2996000000.0,2996000000.0,1077000000.0,0.66,0.6,0.66,14203000000.0,,14203000000.0,156762213420.0,15.0,14.8,5706000000.0,3.1,1.0,8461000000.0,0.187,6679000000.0,1919000000.0,398463000000.0,,11550000000.0,143633000000.0,,,261825000000.0,,,18845213420.0,6160000000.0,731000000.0,198000000.0,-1001000000.0,-184000000.0,-984000000.0,-1394000000.0,854000000.0,8958000000.0,-389000000.0,1215000000.0,1215000000.0,1215000000.0,-3000000.0,0.0,0.027,6104000000.0,2357000000.0,23853000000.0,0.152,1.327,9.371,9.309,42281000000.0,0.0,10.24,0.108,0.108,11810000000.0,12966000000.0,45166000000.0,45166000000.0,0.0,,,,,0.0,6104000000.0,1.0,1840352873.0,1840352873,,24.542,270155000000.0,4567000000.0,-138000000.0,5605000000.0,146.795,
65,F,MRQ,2005-03-31,2005-03-31,2005-03-31,2021-09-07,-150000000.0,280588000000.0,,,,,8.559,-2468000000.0,23345000000.0,23345000000.0,35778000000.0,875000000.0,,16.852,161262000000.0,,,161262000000.0,0.0,0.0,0.0,0.035,0.1,3210000000.0,3210000000.0,0.072,3210000000.0,3210000000.0,999000000.0,0.48,0.44,0.48,15670000000.0,,15670000000.0,170206129585.0,16.0,15.824,1323000000.0,0.723,1.0,9117000000.0,0.203,7011000000.0,2211000000.0,411494000000.0,,11482000000.0,148877000000.0,,,264072000000.0,,,20744129585.0,-115000000.0,39000000.0,-14000000.0,-9267000000.0,-183000000.0,-9493000000.0,5673000000.0,7221000000.0,3791000000.0,-137000000.0,875000000.0,875000000.0,875000000.0,-35000000.0,0.0,0.019,6094000000.0,3023000000.0,24169000000.0,0.208,1.324,10.578,10.491,43395000000.0,0.0,11.33,0.12,0.12,14558000000.0,12205000000.0,44895000000.0,44895000000.0,0.0,,,,,0.0,6094000000.0,1.0,1830902876.0,1830902876,,24.521,273577000000.0,2926000000.0,124000000.0,3864000000.0,149.422,
66,F,MRQ,2004-12-31,2004-12-31,2004-12-31,2021-09-07,1463000000.0,295487000000.0,,,,,9.544,-1295000000.0,22831000000.0,22831000000.0,38333000000.0,-345000000.0,,15.896,162425000000.0,,,162425000000.0,0.0,0.0,0.0,0.027,0.1,2056000000.0,2056000000.0,0.045,2056000000.0,2056000000.0,-979000000.0,-0.19,-0.14,-0.19,17437000000.0,,17437000000.0,174077337749.0,14.0,14.325,501000000.0,0.274,1.0,7266000000.0,0.159,6394000000.0,3035000000.0,428687000000.0,,10748000000.0,147966000000.0,,,277173000000.0,,,26786337749.0,9690000000.0,-39000000.0,-24000000.0,4354000000.0,-184000000.0,4059000000.0,3329000000.0,2023000000.0,1796000000.0,511000000.0,-345000000.0,-345000000.0,-345000000.0,-41000000.0,0.0,-0.008,5726000000.0,1540000000.0,22030000000.0,-0.526,1.536,8.817,8.819,43303000000.0,0.0,14.64,0.155,0.155,15073000000.0,12362000000.0,45599000000.0,45599000000.0,0.0,,,,,0.0,6579000000.0,1.0,1829667879.0,1827000000,1827000000.0,24.958,289093000000.0,6616000000.0,-634000000.0,7627000000.0,158.234,
67,F,MRQ,2004-09-30,2004-09-30,2004-09-30,2021-09-07,-794000000.0,288678000000.0,,,,,7.692,-1953000000.0,17416000000.0,17416000000.0,30956000000.0,266000000.0,,19.461,164707000000.0,,,164707000000.0,0.0,0.0,0.0,0.028,0.1,2330000000.0,2330000000.0,0.06,2330000000.0,2330000000.0,463000000.0,0.15,0.15,0.15,14069000000.0,,14069000000.0,178161513293.0,15.0,15.069,5422000000.0,2.964,1.0,8165000000.0,0.209,7014000000.0,1867000000.0,428955000000.0,,10981000000.0,160522000000.0,,,273796000000.0,,,25708513293.0,1914000000.0,412000000.0,-26000000.0,-5088000000.0,-183000000.0,-5311000000.0,-289000000.0,1552000000.0,7375000000.0,139000000.0,266000000.0,266000000.0,266000000.0,193000000.0,0.0,0.007,6020000000.0,2145000000.0,22399000000.0,0.667,1.827,11.015,10.891,42904000000.0,0.0,14.05,0.147,0.147,12813000000.0,11255000000.0,39121000000.0,39121000000.0,0.0,,,,,0.0,5694000000.0,1.0,1829787423.0,1829000000,1829000000.0,21.389,281664000000.0,3182000000.0,197000000.0,5058000000.0,153.999,
68,F,MRQ,2004-06-30,2004-06-30,2004-06-30,2021-09-07,-1209000000.0,293613000000.0,,,,,7.406,-3366000000.0,15648000000.0,15648000000.0,33624000000.0,1165000000.0,,20.593,168101000000.0,,,168101000000.0,0.0,0.0,0.0,0.026,0.1,3160000000.0,3160000000.0,0.074,3160000000.0,3160000000.0,1426000000.0,0.64,0.57,0.64,13561000000.0,,13561000000.0,181908694593.0,16.0,15.788,4278000000.0,2.336,1.0,9249000000.0,0.216,7186000000.0,1734000000.0,438880000000.0,,10614000000.0,161748000000.0,,,279267000000.0,,,28652694593.0,-1941000000.0,-5000000.0,-41000000.0,-506000000.0,-183000000.0,-753000000.0,-8760000000.0,-5038000000.0,7644000000.0,-72000000.0,1165000000.0,1165000000.0,1165000000.0,-13000000.0,0.0,0.027,6094000000.0,3155000000.0,21879000000.0,0.156,2.113,14.025,13.85,42325000000.0,0.0,15.65,0.166,0.166,19412000000.0,11171000000.0,42873000000.0,42873000000.0,0.0,,,,,0.0,5920000000.0,1.0,1830843105.0,1831000000,1831000000.0,23.415,286427000000.0,3242000000.0,261000000.0,4836000000.0,156.432,
69,F,MRQ,2004-03-31,2004-03-30,2004-03-30,2021-09-07,-913000000.0,300079000000.0,,,,,7.032,-2316000000.0,18190000000.0,18190000000.0,34054000000.0,1952000000.0,,22.237,171446000000.0,,,171446000000.0,0.0,0.0,0.0,0.029,0.1,4606000000.0,4606000000.0,0.103,4606000000.0,4606000000.0,2771000000.0,1.07,0.94,1.07,12882000000.0,,12882000000.0,183054648676.0,17.0,16.95,2552000000.0,1.393,1.0,10669000000.0,0.239,7173000000.0,1835000000.0,446162000000.0,,10193000000.0,162818000000.0,,,286457000000.0,,,25020648676.0,-4482000000.0,100000000.0,-60000000.0,-7652000000.0,-183000000.0,-7907000000.0,-1370000000.0,543000000.0,4868000000.0,-73000000.0,1952000000.0,1952000000.0,1952000000.0,7000000.0,0.0,0.044,6172000000.0,4497000000.0,26545000000.0,0.093,1.942,19.321,18.958,42799000000.0,0.0,13.65,0.147,0.147,16389000000.0,10190000000.0,44723000000.0,44723000000.0,0.0,,,,,0.0,5819000000.0,1.0,1833014555.0,1832000000,1832000000.0,24.412,292906000000.0,4162000000.0,819000000.0,5885000000.0,159.883,
70,F,MRQ,2003-12-31,2003-12-31,2003-12-31,2021-09-07,-414000000.0,299397000000.0,,,,,6.36,-1927000000.0,23208000000.0,23208000000.0,41467000000.0,-1049000000.0,,24.641,179804000000.0,,,179804000000.0,0.0,0.0,0.0,0.025,0.1,1727000000.0,1727000000.0,0.036,1727000000.0,1727000000.0,-1774000000.0,-0.57,-0.55,-0.57,11651000000.0,,11651000000.0,181645686560.0,19.0,19.394,-5813000000.0,-3.173,1.0,6580000000.0,0.137,7000000000.0,3501000000.0,448993000000.0,,9151000000.0,157774000000.0,,,287087000000.0,,,29296686560.0,-10652000000.0,-10000000.0,52000000.0,-984000000.0,-184000000.0,-1217000000.0,-5908000000.0,-6559000000.0,-3886000000.0,337000000.0,-1049000000.0,-1049000000.0,-1049000000.0,111000000.0,0.0,-0.022,4815000000.0,1765000000.0,20407000000.0,-0.175,2.515,122.58,123.077,43506000000.0,0.0,16.0,0.176,0.176,18420000000.0,8421000000.0,48047000000.0,48047000000.0,0.0,,,,,0.0,6616000000.0,1.0,1831042910.0,1832000000,1832000000.0,26.227,292397000000.0,7389000000.0,-725000000.0,8439000000.0,159.605,
71,F,MRQ,2003-09-30,2003-09-30,2003-09-30,2021-09-07,-4756000000.0,310328000000.0,,,,,4.473,-2238000000.0,27887000000.0,27887000000.0,28381000000.0,-25000000.0,,36.819,180236000000.0,,,180236000000.0,0.0,0.0,0.0,0.037,0.1,2029000000.0,2029000000.0,0.055,2029000000.0,2029000000.0,115000000.0,-0.01,-0.01,-0.01,8190000000.0,,8190000000.0,177153316706.0,19.0,18.573,3447000000.0,1.883,1.0,8361000000.0,0.228,7053000000.0,1914000000.0,455624000000.0,,10085000000.0,166302000000.0,,,301549000000.0,,,19730316706.0,10200000000.0,1677000000.0,-40000000.0,3442000000.0,-183000000.0,3179000000.0,1277000000.0,1573000000.0,5685000000.0,59000000.0,-25000000.0,-25000000.0,-25000000.0,3000000.0,0.0,-0.001,6430000000.0,1931000000.0,20742000000.0,-10.0,2.409,17.097,17.095,42077000000.0,0.0,10.77,0.124,0.124,12958000000.0,9398000000.0,36742000000.0,36742000000.0,0.0,,,,,0.0,5901000000.0,1.0,1831969982.0,1831000000,1831000000.0,20.067,303275000000.0,14397000000.0,140000000.0,14512000000.0,165.634,
72,F,MRQ,2003-06-30,2003-06-30,2003-06-30,2021-09-07,-5065000000.0,306189000000.0,,,,,4.413,-3197000000.0,17684000000.0,17684000000.0,31660000000.0,417000000.0,,36.175,175107000000.0,,,175107000000.0,0.0,0.0,0.0,0.036,0.1,2438000000.0,2438000000.0,0.06,2438000000.0,2438000000.0,611000000.0,0.23,0.22,0.23,8084000000.0,,8084000000.0,165558392717.0,17.0,17.486,2802000000.0,1.529,1.0,8922000000.0,0.22,6930000000.0,1827000000.0,456682000000.0,,8448000000.0,169519000000.0,,,292436000000.0,,,20115392717.0,-1549000000.0,132000000.0,19000000.0,-2282000000.0,-183000000.0,-2420000000.0,-5410000000.0,-2749000000.0,5999000000.0,282000000.0,417000000.0,417000000.0,417000000.0,9000000.0,0.0,0.01,6583000000.0,2339000000.0,21832000000.0,0.435,2.488,23.693,23.891,39634000000.0,0.0,10.99,0.124,0.124,16968000000.0,9606000000.0,40582000000.0,40582000000.0,0.0,,,,,0.0,5904000000.0,1.0,1830336007.0,1832000000,1832000000.0,22.152,299259000000.0,15320000000.0,194000000.0,14475000000.0,163.351,
73,F,MRQ,2003-03-31,2003-03-31,2003-03-31,2021-09-07,-6119000000.0,289324000000.0,,,,,3.675,-1881000000.0,19237000000.0,19237000000.0,31055000000.0,896000000.0,,41.135,164680000000.0,,,164680000000.0,0.0,0.0,0.0,0.053,0.1,3190000000.0,3190000000.0,0.078,3190000000.0,3190000000.0,1233000000.0,0.49,0.45,0.49,6732000000.0,,6732000000.0,169299533412.0,17.0,16.751,5894000000.0,3.217,1.0,9760000000.0,0.239,6726000000.0,1957000000.0,428041000000.0,,7953000000.0,151763000000.0,,,276922000000.0,,,13657533412.0,6984000000.0,149000000.0,-22000000.0,-4569000000.0,-183000000.0,-4757000000.0,3833000000.0,5518000000.0,7775000000.0,133000000.0,896000000.0,896000000.0,896000000.0,5000000.0,0.0,0.022,6632000000.0,3128000000.0,20480000000.0,0.204,2.029,13.671,13.926,38151000000.0,0.0,7.52,0.083,0.084,20388000000.0,9371000000.0,40815000000.0,40815000000.0,0.0,,,,,0.0,6039000000.0,1.0,1816161358.0,1832000000,1832000000.0,22.279,282598000000.0,15204000000.0,337000000.0,14370000000.0,154.257,
74,F,MRQ,2002-12-31,2002-12-31,2002-12-31,2021-09-07,-6531000000.0,277122000000.0,,,,,3.048,-2367000000.0,12221000000.0,12221000000.0,32291000000.0,-130000000.0,,47.56,167882000000.0,,,167882000000.0,0.0,0.0,0.0,0.043,0.1,1881000000.0,1881000000.0,0.046,1881000000.0,1881000000.0,-142000000.0,-0.08,-0.07,-0.08,5590000000.0,,5590000000.0,168869497816.0,21.0,20.725,-8211000000.0,-4.477,1.0,8961000000.0,0.217,6528000000.0,2023000000.0,426255000000.0,,6977000000.0,158574000000.0,,,265862000000.0,,,17066497816.0,-3941000000.0,-10000000.0,91000000.0,18041000000.0,-188000000.0,-1856000000.0,3579000000.0,5681000000.0,-5844000000.0,180000000.0,-134000000.0,-134000000.0,-134000000.0,190000000.0,4000000.0,-0.003,7123000000.0,1838000000.0,18936000000.0,-1.25,3.053,-17.152,-16.909,37923000000.0,0.0,9.3,0.105,0.104,19665000000.0,8659000000.0,41252000000.0,41252000000.0,0.0,,,,,0.0,6593000000.0,1.0,1835107292.0,1834000000,1834000000.0,22.493,270594000000.0,2978000000.0,-8000000.0,2311000000.0,147.543,
75,F,MRQ,2002-09-30,2002-09-30,2002-09-30,2021-09-07,-2524000000.0,285696000000.0,,42822000000.0,242874000000.0,,5.472,-1610000000.0,16073000000.0,16073000000.0,30568000000.0,-326000000.0,0.944,27.656,167876000000.0,209000000.0,167667000000.0,167876000000.0,0.0,0.0,0.0,0.046,0.1,1959000000.0,1959000000.0,0.05,1959000000.0,1959000000.0,-249000000.0,-0.18,-0.18,-0.18,9970000000.0,,9970000000.0,175246199823.0,68.0,67.872,3621000000.0,1.987,1.0,8770000000.0,0.223,6490000000.0,2208000000.0,385647000000.0,,7504000000.0,168126000000.0,16137000000.0,151989000000.0,275726000000.0,45362000000.0,230364000000.0,17864199823.0,3010000000.0,0.0,104000000.0,-4060000000.0,-186000000.0,-4566000000.0,2476000000.0,3849000000.0,5231000000.0,-131000000.0,-330000000.0,-330000000.0,-330000000.0,82000000.0,4000000.0,-0.008,6969000000.0,1801000000.0,26780000000.0,-0.556,1.792,-3.011,-2.988,35172000000.0,0.0,9.8,0.111,0.111,17361000000.0,9096000000.0,39338000000.0,39338000000.0,0.0,,,,,0.0,6177000000.0,1.0,1822877533.0,1822000000,1822000000.0,21.591,279206000000.0,10266000000.0,81000000.0,10781000000.0,153.241,-2540000000.0
76,F,MRQ,2002-06-30,2002-06-30,2002-06-30,2021-09-07,-2932000000.0,290291000000.0,,43534000000.0,246757000000.0,,5.512,-2621000000.0,13103000000.0,13103000000.0,32245000000.0,570000000.0,0.935,28.047,170485000000.0,241000000.0,170244000000.0,170485000000.0,0.0,0.0,0.0,0.041,0.1,3077000000.0,3077000000.0,0.073,3077000000.0,3077000000.0,856000000.0,0.31,0.29,0.31,9994000000.0,,9994000000.0,177872669056.0,92.0,92.21,4114000000.0,2.269,1.0,9962000000.0,0.236,6885000000.0,2221000000.0,394204000000.0,,7522000000.0,173387000000.0,14945000000.0,158442000000.0,280297000000.0,46584000000.0,233713000000.0,29003669056.0,-2988000000.0,15000000.0,149000000.0,-1500000000.0,-185000000.0,-1104000000.0,-8992000000.0,-6539000000.0,6735000000.0,373000000.0,567000000.0,567000000.0,567000000.0,49000000.0,3000000.0,0.013,6890000000.0,3072000000.0,28865000000.0,0.323,2.902,-4.604,-4.585,35162000000.0,0.0,16.0,0.184,0.184,19522000000.0,9609000000.0,42207000000.0,42207000000.0,0.0,,,,,0.0,6119000000.0,1.0,1812729316.0,1813000000,1813000000.0,23.28,283406000000.0,10136000000.0,289000000.0,10483000000.0,156.319,-3050000000.0
77,F,MRQ,2002-03-31,2002-03-31,2002-03-31,2021-09-07,-5253000000.0,275648000000.0,,38858000000.0,236790000000.0,,4.106,-2511000000.0,16020000000.0,16020000000.0,29923000000.0,-1094000000.0,0.876,36.154,164889000000.0,235000000.0,164654000000.0,164889000000.0,0.0,0.0,0.0,0.052,0.1,1231000000.0,1231000000.0,0.031,1231000000.0,1231000000.0,-1118000000.0,-0.61,-0.61,-0.61,7419000000.0,,7419000000.0,190581975995.0,642.0,641.69,3106000000.0,1.719,1.0,9650000000.0,0.244,6869000000.0,2349000000.0,373267000000.0,,7068000000.0,164821000000.0,11433000000.0,153388000000.0,268229000000.0,44381000000.0,223848000000.0,29790975995.0,8796000000.0,-37000000.0,-57000000.0,-7552000000.0,-184000000.0,-2861000000.0,6089000000.0,8409000000.0,5617000000.0,-49000000.0,-1098000000.0,-1098000000.0,-1098000000.0,12000000.0,4000000.0,-0.028,7269000000.0,2381000000.0,28248000000.0,-0.164,4.015,-3.909,-3.908,33537000000.0,0.0,16.49,0.188,0.188,16957000000.0,9518000000.0,39573000000.0,39573000000.0,0.0,,,,,0.0,6309000000.0,1.0,1806608611.0,1807000000,1807000000.0,21.9,268779000000.0,10326000000.0,-20000000.0,10197000000.0,148.743,-5523000000.0
78,F,MRQ,2001-12-31,2001-12-31,2001-12-31,2021-09-07,-5913000000.0,271893000000.0,,33121000000.0,243422000000.0,,4.299,-2078000000.0,7197000000.0,7197000000.0,36968000000.0,-5068000000.0,0.744,33.834,167475000000.0,302000000.0,167707000000.0,167475000000.0,0.0,0.0,0.0,0.067,0.15,-3685000000.0,-3685000000.0,-0.092,-3685000000.0,-3685000000.0,-7170000000.0,-2.8,-2.8,-2.8,7786000000.0,,7786000000.0,184872977244.0,57.0,56.849,-2285000000.0,-1.262,1.0,2906000000.0,0.073,7645000000.0,3485000000.0,379980000000.0,,6127000000.0,170868000000.0,10949000000.0,160698000000.0,263435000000.0,44546000000.0,224211000000.0,28466977244.0,-3379000000.0,-57000000.0,-38000000.0,3375000000.0,-275000000.0,3292000000.0,-6320000000.0,-4427000000.0,-207000000.0,-144000000.0,-5072000000.0,-5072000000.0,-5072000000.0,106000000.0,4000000.0,-0.127,7472000000.0,-4566000000.0,21328000000.0,-0.054,3.656,-5.206,-5.205,34575000000.0,0.0,15.72,0.177,0.178,14729000000.0,10502000000.0,39874000000.0,39874000000.0,0.0,,,,,0.0,17823000000.0,1.0,1810876415.0,1811000000,1811000000.0,22.018,264248000000.0,8639000000.0,-2098000000.0,10345000000.0,145.913,-11425000000.0
79,F,MRQ,2001-09-30,2001-09-30,2001-09-30,2021-09-07,-5575000000.0,277527000000.0,,32793000000.0,244734000000.0,,7.376,-1108000000.0,10638000000.0,10638000000.0,27193000000.0,-692000000.0,0.782,19.765,167044000000.0,283000000.0,166761000000.0,167044000000.0,0.0,0.0,0.0,0.069,0.3,1306000000.0,1306000000.0,0.036,1306000000.0,1306000000.0,-981000000.0,-0.39,-0.39,-0.39,13365000000.0,,13365000000.0,199684665770.0,16.0,16.083,7214000000.0,3.981,1.0,9131000000.0,0.251,0.0,2287000000.0,391973000000.0,,7110000000.0,171793000000.0,6875000000.0,164918000000.0,264162000000.0,41960000000.0,222202000000.0,31434665770.0,4052000000.0,-68000000.0,-25000000.0,-11510000000.0,-547000000.0,-12504000000.0,8129000000.0,8796000000.0,8322000000.0,105000000.0,-696000000.0,-696000000.0,-696000000.0,0.0,4000000.0,-0.019,7302000000.0,1829000000.0,27774000000.0,-0.769,2.352,46.432,51.029,35825000000.0,0.0,17.35,0.191,0.191,6755000000.0,15845000000.0,36324000000.0,36324000000.0,0.0,,,,,0.0,2342000000.0,1.0,1811796298.0,1812000000,1812000000.0,20.046,277527000000.0,6195000000.0,-285000000.0,8770000000.0,153.161,-9167000000.0
80,F,MRQ,2001-06-30,2001-06-30,2001-06-30,2021-09-07,-6350000000.0,289546000000.0,,36488000000.0,253058000000.0,,7.563,-2572000000.0,6586000000.0,6586000000.0,33648000000.0,-752000000.0,0.819,20.046,174836000000.0,226000000.0,174610000000.0,174836000000.0,0.0,0.0,0.0,0.057,0.3,1445000000.0,1445000000.0,0.034,1445000000.0,1445000000.0,-1039000000.0,-0.42,-0.42,-0.42,13758000000.0,,13758000000.0,207572138623.0,14.0,13.937,5955000000.0,3.274,1.0,8666000000.0,0.205,0.0,2484000000.0,413253000000.0,,7220000000.0,192603000000.0,11502000000.0,181101000000.0,275788000000.0,44543000000.0,231245000000.0,44916138623.0,1204000000.0,-1745000000.0,-521000000.0,6839000000.0,-550000000.0,5234000000.0,-12518000000.0,-8395000000.0,8527000000.0,-39000000.0,-755000000.0,-755000000.0,-755000000.0,0.0,3000000.0,-0.018,6924000000.0,1742000000.0,30074000000.0,-0.714,3.265,19.901,19.331,35421000000.0,0.0,24.55,0.267,0.266,7499000000.0,17084000000.0,42314000000.0,42314000000.0,0.0,,,,,0.0,2336000000.0,1.0,1829577948.0,1819000000,1819000000.0,23.262,289546000000.0,6239000000.0,-284000000.0,9112000000.0,159.179,-8055000000.0
81,F,MRQ,2001-03-31,2001-03-31,2001-03-31,2021-09-07,-5768000000.0,284587000000.0,,38395000000.0,246192000000.0,,8.733,-2606000000.0,5382000000.0,5382000000.0,30815000000.0,1059000000.0,0.878,16.71,168038000000.0,249000000.0,167789000000.0,168038000000.0,0.0,0.0,0.0,0.12,0.3,4186000000.0,4186000000.0,0.099,4186000000.0,4186000000.0,1626000000.0,0.58,0.56,0.58,16069000000.0,,16069000000.0,212979630689.0,13.0,13.388,2532000000.0,1.376,1.0,11631000000.0,0.274,0.0,2560000000.0,403537000000.0,,7664000000.0,189333000000.0,11814000000.0,177519000000.0,268518000000.0,43706000000.0,224812000000.0,51601630689.0,531000000.0,-865000000.0,-801000000.0,1931000000.0,-557000000.0,1375000000.0,-5808000000.0,-2014000000.0,5138000000.0,-174000000.0,1055000000.0,1055000000.0,1055000000.0,0.0,4000000.0,0.025,7148000000.0,4483000000.0,30606000000.0,0.517,3.211,21.218,23.24,36133000000.0,0.0,28.12,0.303,0.304,9244000000.0,18386000000.0,42446000000.0,42446000000.0,0.0,,,,,0.0,2506000000.0,1.0,1835050878.0,1840000000,1840000000.0,23.068,284587000000.0,5909000000.0,571000000.0,9369000000.0,154.667,-5311000000.0
82,F,MRQ,2000-12-31,2000-12-31,2000-12-31,2021-09-07,-3432000000.0,283390000000.0,,37833000000.0,245557000000.0,,12.549,-2524000000.0,4851000000.0,4851000000.0,30898000000.0,1077000000.0,0.876,14.228,166229000000.0,277000000.0,165952000000.0,166229000000.0,0.0,0.0,0.0,0.153,0.3,5479000000.0,5479000000.0,0.127,5479000000.0,5479000000.0,1594000000.0,0.57,0.57,0.57,18610000000.0,,18610000000.0,201225766730.0,12.0,11.815,2671000000.0,1.801,1.0,12223000000.0,0.283,0.0,3885000000.0,401587000000.0,,7514000000.0,190226000000.0,14703000000.0,175523000000.0,264780000000.0,43181000000.0,221599000000.0,44447766730.0,-840000000.0,-200000000.0,-1044000000.0,4801000000.0,-566000000.0,3775000000.0,-9213000000.0,-5851000000.0,5195000000.0,-597000000.0,1073000000.0,1073000000.0,1073000000.0,-1680000000.0,4000000.0,0.025,6520000000.0,5703000000.0,28607000000.0,0.526,2.388,12.876,10.017,37508000000.0,0.0,23.44,0.261,0.204,11009000000.0,17884000000.0,43121000000.0,43121000000.0,0.0,,,,,0.0,16660000000.0,1.0,1896235782.0,1483000000,1483000000.0,29.077,283390000000.0,5581000000.0,521000000.0,9479000000.0,191.092,-5348000000.0
83,F,MRQ,2000-09-30,2000-09-30,2000-09-30,2021-09-07,-3913000000.0,282285000000.0,,41014000000.0,241271000000.0,,11.081,-2046000000.0,5662000000.0,5662000000.0,29670000000.0,888000000.0,0.963,14.448,162440000000.0,731000000.0,161709000000.0,162440000000.0,0.0,0.0,0.0,0.149,0.508,3784000000.0,3784000000.0,0.094,3784000000.0,3784000000.0,1333000000.0,0.54,0.53,0.54,18273000000.0,,18273000000.0,182601024197.0,11.0,11.285,6513000000.0,3.95,1.0,10385000000.0,0.259,0.0,2451000000.0,396463000000.0,,8189000000.0,187277000000.0,15247000000.0,172030000000.0,264012000000.0,42600000000.0,221412000000.0,30724024197.0,-3002000000.0,-438000000.0,7000000.0,381000000.0,-607000000.0,-7312000000.0,-4078000000.0,-1677000000.0,8559000000.0,-171000000.0,884000000.0,884000000.0,884000000.0,0.0,4000000.0,0.022,6504000000.0,3881000000.0,28536000000.0,0.941,1.681,7.348,7.751,35600000000.0,0.0,25.5,0.179,0.245,10198000000.0,17374000000.0,40055000000.0,40055000000.0,0.0,,,,,0.0,2338000000.0,1.0,1204863694.0,1649000000,1649000000.0,24.29,282285000000.0,6440000000.0,449000000.0,10444000000.0,171.186,-1586000000.0
84,F,MRQ,2000-06-30,2000-06-30,2000-06-30,2021-09-07,-2934000000.0,284580000000.0,,45482000000.0,239098000000.0,,20.451,-3044000000.0,8664000000.0,8664000000.0,33495000000.0,-577000000.0,1.052,10.548,160541000000.0,862000000.0,159679000000.0,160541000000.0,0.0,0.0,0.0,0.087,2.279,2459000000.0,2459000000.0,0.055,2459000000.0,2459000000.0,148000000.0,-0.48,-0.47,-0.48,24643000000.0,,24643000000.0,201448319930.0,13.0,12.616,7689000000.0,6.381,1.0,11004000000.0,0.247,0.0,2311000000.0,393210000000.0,,6251000000.0,192101000000.0,18568000000.0,173533000000.0,259937000000.0,43247000000.0,216690000000.0,51827319930.0,2906000000.0,-1881000000.0,-114000000.0,5805000000.0,-971000000.0,6347000000.0,-14060000000.0,-9151000000.0,10733000000.0,-114000000.0,-580000000.0,-580000000.0,-580000000.0,-162000000.0,3000000.0,-0.013,6516000000.0,4488000000.0,28141000000.0,-4.748,2.103,11.76,11.717,34677000000.0,0.0,43.0,0.307,0.307,8211000000.0,22823000000.0,44499000000.0,44499000000.0,0.0,,,,,0.0,2458000000.0,1.0,1205286510.0,1205000000,1205000000.0,36.929,284580000000.0,6473000000.0,728000000.0,11061000000.0,236.166,2235000000.0
85,F,MRQ,2000-03-31,2000-03-31,2000-03-31,2021-09-07,-2453000000.0,275024000000.0,,42935000000.0,232089000000.0,,23.565,-2841000000.0,5758000000.0,5758000000.0,31578000000.0,2079000000.0,1.075,8.677,155379000000.0,1107000000.0,154272000000.0,155379000000.0,0.0,0.0,0.0,0.042,0.508,5310000000.0,5310000000.0,0.124,5310000000.0,5310000000.0,3097000000.0,1.73,1.7,1.73,28419000000.0,,28419000000.0,201930952579.0,11.0,10.797,6039000000.0,5.007,1.0,11316000000.0,0.264,0.0,2213000000.0,384719000000.0,,6557000000.0,182693000000.0,18973000000.0,163720000000.0,246605000000.0,39926000000.0,206679000000.0,55422952579.0,1377000000.0,-255000000.0,-78000000.0,3078000000.0,-607000000.0,1847000000.0,-9318000000.0,-6441000000.0,8880000000.0,-32000000.0,2075000000.0,2075000000.0,2075000000.0,-147000000.0,4000000.0,0.048,6128000000.0,5188000000.0,26388000000.0,0.294,1.95,7.569,7.556,35831000000.0,0.0,45.94,0.334,0.334,8496000000.0,26078000000.0,42894000000.0,42894000000.0,0.0,,,,,0.0,2265000000.0,1.0,1206420387.0,1206000000,1206000000.0,35.567,275024000000.0,5378000000.0,1022000000.0,9991000000.0,228.046,3009000000.0
86,F,MRQ,1999-12-31,1999-12-31,1999-12-31,2021-09-07,-1856000000.0,270249000000.0,,42584000000.0,227665000000.0,,22.813,-2417000000.0,4381000000.0,4381000000.0,32618000000.0,1806000000.0,1.075,8.79,152330000000.0,1338000000.0,150992000000.0,152330000000.0,0.0,0.0,0.0,0.036,0.508,4628000000.0,4628000000.0,0.105,4628000000.0,4628000000.0,2650000000.0,1.5,1.47,1.5,27604000000.0,,27604000000.0,204581348924.0,11.0,11.272,5893000000.0,4.87,1.0,11349000000.0,0.258,0.0,1978000000.0,378593000000.0,,5684000000.0,180288000000.0,21247000000.0,159041000000.0,242645000000.0,39605000000.0,203040000000.0,64392348924.0,1084000000.0,-99000000.0,-168000000.0,8080000000.0,-605000000.0,4942000000.0,-12074000000.0,-20987000000.0,8310000000.0,-94000000.0,1802000000.0,1802000000.0,1802000000.0,-95000000.0,4000000.0,0.041,6875000000.0,4474000000.0,25759000000.0,0.339,2.333,8.916,8.9,36528000000.0,0.0,53.31,0.401,0.401,7102000000.0,24606000000.0,43967000000.0,43967000000.0,0.0,,,,,0.0,2772000000.0,1.0,1207884992.0,1210000000,1210000000.0,36.336,270249000000.0,6216000000.0,848000000.0,10010000000.0,223.346,2979000000.0
87,F,MRQ,1999-09-30,1999-09-30,1999-09-30,2021-09-07,-1861000000.0,267390000000.0,,44481000000.0,222909000000.0,,22.267,-2087000000.0,5278000000.0,5278000000.0,27879000000.0,1114000000.0,1.075,8.932,145467000000.0,1429000000.0,144038000000.0,145467000000.0,0.0,0.0,0.0,0.037,0.467,3571000000.0,3571000000.0,0.096,3571000000.0,3571000000.0,1583000000.0,0.92,0.9,0.92,26921000000.0,,26921000000.0,199479897928.0,12.0,11.956,3672000000.0,3.037,1.0,9401000000.0,0.252,0.0,1988000000.0,366205000000.0,,7218000000.0,166050000000.0,21664000000.0,144386000000.0,240469000000.0,41374000000.0,199095000000.0,60790897928.0,-766000000.0,26000000.0,-19000000.0,706000000.0,-561000000.0,278000000.0,-6791000000.0,-4773000000.0,5759000000.0,-12000000.0,1110000000.0,1110000000.0,1110000000.0,-155000000.0,4000000.0,0.03,5934000000.0,3467000000.0,24359000000.0,0.508,2.258,9.412,9.358,41356000000.0,0.0,50.25,0.396,0.396,6517000000.0,23408000000.0,37280000000.0,37280000000.0,0.0,,,,,0.0,2029000000.0,1.0,1209769113.0,1209000000,1209000000.0,30.835,267390000000.0,7059000000.0,473000000.0,10101000000.0,221.166,3107000000.0
88,F,MRQ,1999-06-30,1999-06-30,1999-06-30,2021-09-07,-2173000000.0,261305000000.0,,41894000000.0,219411000000.0,,21.67,-2840000000.0,5619000000.0,5619000000.0,30796000000.0,2338000000.0,1.026,8.958,144308000000.0,1348000000.0,142960000000.0,144308000000.0,0.0,0.0,0.0,0.032,0.467,5194000000.0,5194000000.0,0.124,5194000000.0,5194000000.0,3369000000.0,1.93,1.89,1.93,26242000000.0,,26242000000.0,199446020726.0,12.0,,5151000000.0,4.254,1.0,11111000000.0,0.265,0.0,1825000000.0,359180000000.0,,6347000000.0,166827000000.0,19567000000.0,147260000000.0,235063000000.0,40814000000.0,194249000000.0,68336020726.0,-1310000000.0,-2868000000.0,-110000000.0,2626000000.0,-562000000.0,2585000000.0,-11849000000.0,-5660000000.0,7991000000.0,-37000000.0,2335000000.0,2335000000.0,2335000000.0,-280000000.0,3000000.0,0.056,6143000000.0,4968000000.0,22756000000.0,0.242,2.604,10.768,10.71,39775000000.0,0.0,56.44,0.459,0.459,5046000000.0,22854000000.0,41907000000.0,41907000000.0,0.0,,,,,0.0,2296000000.0,1.0,1210772869.0,1211000000,1211000000.0,34.605,261305000000.0,6697000000.0,1034000000.0,9275000000.0,215.776,1080000000.0
89,F,MRQ,1999-03-31,1999-03-31,1999-03-31,2021-09-07,-1820000000.0,246511000000.0,,38293000000.0,208218000000.0,,20.435,-2054000000.0,5930000000.0,5930000000.0,27737000000.0,1979000000.0,1.013,8.961,137040000000.0,1501000000.0,135539000000.0,137040000000.0,0.0,0.0,0.0,0.428,0.467,4756000000.0,4756000000.0,0.127,4756000000.0,4756000000.0,2868000000.0,1.64,1.6,1.64,24747000000.0,,24747000000.0,196687429713.0,12.0,,3277000000.0,2.706,1.0,9812000000.0,0.261,0.0,1888000000.0,339812000000.0,,5542000000.0,163259000000.0,19269000000.0,143990000000.0,221764000000.0,37809000000.0,183955000000.0,68688429713.0,1079000000.0,-2966000000.0,-136000000.0,4540000000.0,-562000000.0,4056000000.0,-8115000000.0,-3413000000.0,5331000000.0,-193000000.0,1975000000.0,1975000000.0,1975000000.0,-205000000.0,4000000.0,0.053,5294000000.0,4518000000.0,19635000000.0,0.285,2.776,10.753,10.696,36882000000.0,0.0,56.69,0.476,0.476,3910000000.0,21077000000.0,37549000000.0,37549000000.0,0.0,,,,,0.0,1777000000.0,1.0,1211649845.0,1211000000,1211000000.0,31.007,246511000000.0,6225000000.0,893000000.0,8028000000.0,203.56,484000000.0
90,F,MRQ,1998-12-31,1998-12-31,1998-12-31,2021-09-07,-1670000000.0,237545000000.0,,38709000000.0,198836000000.0,,19.33,-2250000000.0,4836000000.0,4836000000.0,29258000000.0,1043000000.0,1.086,9.148,132835000000.0,1121000000.0,131714000000.0,132835000000.0,0.0,0.0,0.0,0.413,0.467,3164000000.0,3164000000.0,0.086,3164000000.0,3164000000.0,1153000000.0,0.88,0.86,0.88,23409000000.0,,23409000000.0,188765537549.0,6.0,5.762,3558000000.0,2.938,1.0,7579000000.0,0.206,0.0,2011000000.0,329901000000.0,,5656000000.0,161838000000.0,20120000000.0,141718000000.0,214136000000.0,35643000000.0,178493000000.0,71015537549.0,1094000000.0,-2966000000.0,-136000000.0,4449000000.0,-562000000.0,3895000000.0,-8426000000.0,-3413000000.0,5808000000.0,-183000000.0,1039000000.0,1039000000.0,1039000000.0,-703000000.0,4000000.0,0.028,5116000000.0,2463000000.0,20566000000.0,0.531,3.034,3.233,3.23,37320000000.0,0.0,58.69,0.495,0.496,3492000000.0,19659000000.0,36837000000.0,36837000000.0,0.0,,,,,0.0,1818000000.0,1.0,1210010863.0,1211000000,1211000000.0,30.419,237545000000.0,6414000000.0,114000000.0,7643000000.0,196.156,3066000000.0
91,F,MRQ,1998-09-30,1998-09-30,1998-09-30,2021-09-07,-1215000000.0,228514000000.0,,39519000000.0,188995000000.0,,19.569,,6382000000.0,6382000000.0,23848000000.0,1001000000.0,1.107,8.635,124132000000.0,1168000000.0,122964000000.0,124132000000.0,0.0,,0.0,0.514,0.427,3309000000.0,,,,3309000000.0,1479000000.0,0.82,0.8,0.82,23718000000.0,,23718000000.0,174907671006.0,5.0,,,,1.0,8792000000.0,0.269,0.0,1830000000.0,310570000000.0,,6387000000.0,146170000000.0,17764000000.0,128406000000.0,204796000000.0,35694000000.0,169102000000.0,56946671006.0,,,,,,,,,,,997000000.0,997000000.0,997000000.0,0.0,4000000.0,0.031,5540000000.0,3252000000.0,18774000000.0,0.521,2.401,2.508,2.507,36480000000.0,0.0,47.0,0.389,0.389,3149000000.0,19176000000.0,32640000000.0,32640000000.0,0.0,,,,,,1869000000.0,1.0,1211631298.0,1212000000,1212000000.0,26.931,228514000000.0,6152000000.0,482000000.0,7721000000.0,188.543,3825000000.0
92,F,MRQ,1998-06-30,1998-06-30,1998-06-30,2021-09-07,-1496000000.0,228271000000.0,,37764000000.0,190507000000.0,,19.035,,6687000000.0,6687000000.0,26156000000.0,2381000000.0,1.058,8.895,124648000000.0,855000000.0,123793000000.0,124648000000.0,0.0,,0.0,0.41,22.895,5394000000.0,,,,5394000000.0,3569000000.0,1.96,1.91,1.96,23070000000.0,,23070000000.0,185569340026.0,5.0,,,,1.0,11133000000.0,0.299,0.0,1825000000.0,310555000000.0,,5551000000.0,145967000000.0,17386000000.0,128581000000.0,205201000000.0,35677000000.0,169524000000.0,71566340026.0,,,,,,,,,,,2377000000.0,2377000000.0,2377000000.0,0.0,4000000.0,0.064,5796000000.0,5337000000.0,18963000000.0,11.681,3.102,3.136,3.128,35847000000.0,0.0,59.0,0.477,0.477,2863000000.0,18688000000.0,37289000000.0,37289000000.0,0.0,,,,,,2231000000.0,1.0,1212988814.0,1212000000,1212000000.0,30.767,228271000000.0,6796000000.0,1192000000.0,7852000000.0,188.342,2087000000.0
93,F,MRQ,1998-03-31,1998-03-31,1998-03-31,2021-09-07,-1416000000.0,223238000000.0,,37487000000.0,185751000000.0,,17.766,-2267000000.0,8228000000.0,8228000000.0,25354000000.0,17646000000.0,1.014,9.385,122231000000.0,801000000.0,121430000000.0,122231000000.0,0.0,0.0,0.0,0.026,0.427,20893000000.0,20893000000.0,0.571,20893000000.0,20893000000.0,18523000000.0,14.48,14.23,14.48,21497000000.0,,21497000000.0,239539411745.0,7.0,6.562,2441000000.0,2.017,1.0,11230000000.0,0.307,0.0,2370000000.0,300254000000.0,,6340000000.0,141526000000.0,14473000000.0,127053000000.0,201741000000.0,36987000000.0,164754000000.0,78548411745.0,-1469000000.0,0.0,23000000.0,1081000000.0,-479000000.0,367000000.0,-6417000000.0,-4743000000.0,4708000000.0,-127000000.0,17551000000.0,17551000000.0,17551000000.0,0.0,95000000.0,0.48,6196000000.0,5034000000.0,21253000000.0,0.029,3.654,3.421,3.409,35438000000.0,0.0,64.81,0.514,0.513,2996000000.0,16819000000.0,36584000000.0,36584000000.0,0.0,,,,,0.0,1916000000.0,1.0,1211979814.0,1210000000,1210000000.0,30.235,223238000000.0,6817000000.0,972000000.0,6999000000.0,184.494,500000000.0
94,F,MRQ,1997-12-31,1997-12-31,1997-12-31,2021-09-07,-1228000000.0,279097000000.0,,36847000000.0,242250000000.0,,25.59,-2278000000.0,7934000000.0,7934000000.0,26859000000.0,1796000000.0,1.107,8.081,168925000000.0,1129000000.0,167796000000.0,168925000000.0,0.0,0.0,0.0,0.034,0.427,5353000000.0,5353000000.0,0.134,5353000000.0,5353000000.0,2849000000.0,1.49,1.45,1.49,30734000000.0,,30734000000.0,215420706600.0,11.0,10.602,6011000000.0,5.005,1.0,13093000000.0,0.328,0.0,2504000000.0,406797000000.0,,5468000000.0,194510000000.0,14935000000.0,179575000000.0,248363000000.0,33291000000.0,215072000000.0,58271706600.0,790000000.0,-40000000.0,66000000.0,3969000000.0,-492000000.0,3085000000.0,-10629000000.0,-13013000000.0,8289000000.0,45000000.0,1783000000.0,1783000000.0,1783000000.0,0.0,13000000.0,0.045,7721000000.0,5372000000.0,19509000000.0,0.287,1.896,8.487,8.445,34594000000.0,0.0,48.56,0.379,0.378,3097000000.0,25234000000.0,39952000000.0,39952000000.0,0.0,,,,,0.0,3086000000.0,1.0,1199993958.0,1201000000,1201000000.0,33.266,279097000000.0,6961000000.0,1066000000.0,6915000000.0,232.387,3556000000.0
95,F,MRQ,1997-09-30,1997-09-30,1997-09-30,2021-09-07,-963000000.0,274223000000.0,,36650000000.0,237573000000.0,,24.772,-2649000000.0,7144000000.0,7144000000.0,25681000000.0,1125000000.0,1.018,8.24,164293000000.0,1587000000.0,162706000000.0,164293000000.0,0.0,0.0,0.0,0.036,0.427,4137000000.0,4137000000.0,0.115,4137000000.0,4137000000.0,1707000000.0,0.93,0.91,0.93,29677000000.0,,29677000000.0,213354065227.0,11.0,11.155,6913000000.0,5.77,1.0,10415000000.0,0.289,0.0,2430000000.0,395378000000.0,,6320000000.0,188861000000.0,14736000000.0,174125000000.0,244546000000.0,35994000000.0,208552000000.0,53890065227.0,2079000000.0,0.0,152000000.0,110000000.0,-541000000.0,-252000000.0,-7207000000.0,-4510000000.0,9562000000.0,-24000000.0,1112000000.0,1112000000.0,1112000000.0,0.0,13000000.0,0.031,6227000000.0,4188000000.0,18467000000.0,0.459,1.816,8.591,8.529,34282000000.0,0.0,45.12,0.353,0.354,3220000000.0,23954000000.0,36096000000.0,36096000000.0,0.0,,,,,0.0,1669000000.0,1.0,1194372013.0,1198000000,1198000000.0,30.13,274223000000.0,7416000000.0,595000000.0,6899000000.0,228.901,656000000.0
96,F,MRQ,1997-06-30,1997-06-30,1997-06-30,2021-09-07,-768000000.0,271416000000.0,,34666000000.0,236750000000.0,,24.403,-2189000000.0,5065000000.0,5065000000.0,28659000000.0,2530000000.0,1.014,8.323,164529000000.0,1624000000.0,162905000000.0,164529000000.0,0.0,0.0,0.0,0.042,0.427,6120000000.0,6120000000.0,0.152,6120000000.0,6120000000.0,3698000000.0,2.11,2.06,2.11,29113000000.0,,29113000000.0,197324618508.0,11.0,10.613,1580000000.0,1.324,1.0,11606000000.0,0.288,0.0,2422000000.0,396700000000.0,,6136000000.0,188489000000.0,15168000000.0,173321000000.0,242303000000.0,34180000000.0,208123000000.0,45251618508.0,-1902000000.0,0.0,37000000.0,4290000000.0,-559000000.0,4157000000.0,-9792000000.0,-7441000000.0,3769000000.0,-36000000.0,2516000000.0,2516000000.0,2516000000.0,0.0,14000000.0,0.062,5810000000.0,5796000000.0,18214000000.0,0.202,1.554,7.761,7.708,33491000000.0,0.0,38.0,0.301,0.301,3364000000.0,23346000000.0,40265000000.0,40265000000.0,0.0,,,,,0.0,1702000000.0,1.0,1190832066.0,1193000000,1193000000.0,33.751,271416000000.0,7449000000.0,1182000000.0,6287000000.0,227.507,486000000.0
97,F,MRQ,1997-03-31,1997-03-31,1997-03-31,2021-09-07,-559000000.0,261957000000.0,,33224000000.0,228733000000.0,,22.901,-2891000000.0,5798000000.0,5798000000.0,26795000000.0,1469000000.0,1.022,8.612,157871000000.0,1756000000.0,156115000000.0,157871000000.0,0.0,0.0,0.0,0.049,0.391,4709000000.0,4709000000.0,0.126,4709000000.0,4709000000.0,2353000000.0,1.23,1.2,1.23,27252000000.0,,27252000000.0,189095180427.0,11.0,,3123000000.0,2.624,1.0,10519000000.0,0.282,0.0,2356000000.0,381528000000.0,,7237000000.0,179613000000.0,13193000000.0,166420000000.0,234705000000.0,32502000000.0,202203000000.0,37321180427.0,-300000000.0,0.0,40000000.0,2551000000.0,-428000000.0,2210000000.0,-8448000000.0,-5666000000.0,6014000000.0,-76000000.0,1455000000.0,1455000000.0,1455000000.0,0.0,14000000.0,0.039,5629000000.0,4890000000.0,18586000000.0,0.318,1.369,7.174,7.097,33039000000.0,0.0,31.37,0.25,0.25,3375000000.0,21331000000.0,37314000000.0,37314000000.0,0.0,,,,,0.0,1538000000.0,1.0,1189709290.0,1190000000,1190000000.0,31.356,261957000000.0,7679000000.0,898000000.0,5795000000.0,220.132,722000000.0
98,F,MRQ,1996-12-31,1996-12-31,1996-12-31,2021-09-07,-29000000.0,262867000000.0,,31692000000.0,231175000000.0,,22.584,-2335000000.0,7267000000.0,7267000000.0,28941000000.0,1204000000.0,0.955,8.822,159041000000.0,1661000000.0,157380000000.0,159041000000.0,0.0,0.0,0.0,0.046,0.391,4161000000.0,4161000000.0,0.107,4161000000.0,4161000000.0,1775000000.0,1.02,0.98,1.02,26762000000.0,,26762000000.0,,,,1695000000.0,1.43,1.0,9892000000.0,0.255,0.0,2386000000.0,381471000000.0,,6656000000.0,180129000000.0,11836000000.0,168293000000.0,236105000000.0,33170000000.0,202935000000.0,38368124602.0,-1489000000.0,-166000000.0,68000000.0,2464000000.0,-472000000.0,1208000000.0,-6805000000.0,-5070000000.0,4030000000.0,78000000.0,1190000000.0,1190000000.0,1190000000.0,0.0,14000000.0,0.031,6210000000.0,3682000000.0,19109000000.0,0.383,1.434,8.758,8.646,33527000000.0,0.0,32.25,0.261,0.259,3133000000.0,20334000000.0,38833000000.0,38833000000.0,0.0,,,,,0.0,2006000000.0,1.0,1189709290.0,1185000000,1185000000.0,32.77,262867000000.0,7725000000.0,585000000.0,6071000000.0,221.829,-1478000000.0
99,F,MRQ,1996-09-30,1996-09-30,1996-09-30,2021-09-07,,,,,,,,-1399000000.0,,,24926000000.0,686000000.0,,,,,,,,0.0,,0.047,0.391,3602000000.0,3602000000.0,0.106,3602000000.0,3602000000.0,1144000000.0,0.57,0.56,0.57,,,,,,,1422000000.0,1.202,1.0,9034000000.0,0.266,,2458000000.0,,,,,,,,,,,-397000000.0,0.0,8000000.0,1129000000.0,-471000000.0,604000000.0,-3775000000.0,-1847000000.0,2821000000.0,-47000000.0,670000000.0,670000000.0,670000000.0,0.0,16000000.0,0.02,5524000000.0,3510000000.0,,0.686,,,,,0.0,31.25,,,,,33960000000.0,33960000000.0,0.0,,,,,0.0,1514000000.0,1.0,,1183000000,1183000000.0,28.707,,,474000000.0,,,
100,F,MRQ,1996-06-30,1996-06-30,1996-06-30,2021-09-07,,,,,,,,,,,28505000000.0,1903000000.0,,,,,,,,,,0.043,0.356,5020000000.0,,,,5020000000.0,2581000000.0,1.6,1.56,1.6,,,,,,,,,1.0,10468000000.0,0.269,,2439000000.0,,,,,,,,,,,,,,,,,,,,,1887000000.0,1887000000.0,1887000000.0,0.0,16000000.0,0.048,5408000000.0,5060000000.0,,0.223,,,,,0.0,32.37,,,,,38973000000.0,38973000000.0,0.0,,,,,,1633000000.0,1.0,,1178000000,1178000000.0,33.084,,,694000000.0,,,
101,F,MRQ,1996-03-31,1996-03-31,1996-03-31,2021-09-07,,,,,,,,,,,26510000000.0,653000000.0,,,,,,,,,,0.039,0.356,3468000000.0,,,,3468000000.0,1047000000.0,0.54,0.53,0.54,,,,,,,,,1.0,8715000000.0,0.247,,2421000000.0,,,,,,,,,,,,,,,,,,,,,634000000.0,634000000.0,634000000.0,0.0,19000000.0,0.018,5147000000.0,3568000000.0,,0.659,,,,,0.0,34.37,,,,,35225000000.0,35225000000.0,0.0,,,,,,1472000000.0,1.0,,1168000000,1168000000.0,30.158,,,413000000.0,,,
102,F,MRQ,1995-12-31,1995-12-31,1995-12-31,2021-09-07,594000000.0,243283000000.0,,27281000000.0,216002000000.0,,22.92,,8440000000.0,8440000000.0,,,0.948,8.911,149306000000.0,1832000000.0,147474000000.0,149306000000.0,0.0,,0.0,0.043,0.356,,,,,,,,,,24547000000.0,,24547000000.0,,,,,,1.0,,,0.0,,355373000000.0,,7162000000.0,163351000000.0,6856000000.0,156495000000.0,218736000000.0,28776000000.0,189960000000.0,,,,,,,,,,,,,,,,,,,,18912000000.0,,,,8.064,31273000000.0,,28.87,,0.225,3321000000.0,17688000000.0,,,,,,,,,,1.0,,1071000000,,,243283000000.0,7511000000.0,,5333000000.0,227.155,-1495000000.0
0,F,MRT,2021-06-30,2021-06-30,2021-06-30,2021-09-07,-8268000000.0,248532000000.0,259138750000.0,101275000000.0,147257000000.0,0.526,8.683,-5668000000.0,22955000000.0,22955000000.0,122566000000.0,3414000000.0,1.213,6.166,146917000000.0,46012000000.0,100905000000.0,146917000000.0,0.0,7588000000.0,0.0,0.0,0.0,5527000000.0,13115000000.0,0.096,13115000000.0,5527000000.0,3629000000.0,0.86,0.85,0.86,34664000000.0,33076750000.0,34664000000.0,190161836661.0,34.0,14.5,15207000000.0,3.809,1.0,13867000000.0,0.102,0.0,1898000000.0,289020000000.0,298185500000.0,13593000000.0,136400000000.0,52420000000.0,83980000000.0,213748000000.0,83474000000.0,130274000000.0,59315836661.0,-8019000000.0,144000000.0,0.0,-31179000000.0,-3000000.0,-31274000000.0,1778000000.0,7108000000.0,20875000000.0,602000000.0,3420000000.0,3420000000.0,3420000000.0,0.0,-6000000.0,0.025,11516000000.0,2351000000.0,18593000000.0,0.0,1.711,17.344,17.279,36723000000.0,0.0,14.86,0.435,0.435,8750000000.0,22062000000.0,136433000000.0,136433000000.0,0.0,0.013,0.103,0.019,0.041,275000000.0,11516000000.0,1.0,3991644459.0,3992000000,4028000000.0,34.177,248532000000.0,12271000000.0,209000000.0,783000000.0,62.258,17801000000.0
1,F,MRT,2021-03-31,2021-03-31,2021-03-31,2021-09-07,-8370000000.0,260819000000.0,264347250000.0,113932000000.0,146887000000.0,0.488,8.499,-5330000000.0,21826000000.0,21826000000.0,118834000000.0,3979000000.0,1.209,6.706,152672000000.0,49471000000.0,103201000000.0,152672000000.0,0.0,8410000000.0,0.0,0.0,0.0,5864000000.0,14274000000.0,0.111,14274000000.0,5864000000.0,3969000000.0,1.0,0.99,1.0,33828000000.0,32116750000.0,33828000000.0,185176188418.0,32.0,12.973,23904000000.0,6.006,1.0,10218000000.0,0.079,0.0,1895000000.0,297416000000.0,306137250000.0,12742000000.0,150020000000.0,64945000000.0,85075000000.0,226845000000.0,94249000000.0,132596000000.0,48735188418.0,-4110000000.0,7000000.0,0.0,-17714000000.0,-3000000.0,-17932000000.0,-15992000000.0,-11193000000.0,29234000000.0,580000000.0,3976000000.0,3976000000.0,3976000000.0,0.0,3000000.0,0.031,10604000000.0,-386000000.0,23492000000.0,0.0,1.441,12.257,12.25,36361000000.0,0.0,12.25,0.378,0.378,10448000000.0,21502000000.0,129052000000.0,129052000000.0,0.0,0.015,0.124,0.019,0.045,202000000.0,10604000000.0,1.0,3978382728.0,3980000000,4016000000.0,32.425,260819000000.0,12103000000.0,-7000000.0,688000000.0,65.532,19683000000.0
2,F,MRT,2020-12-31,2020-12-31,2020-12-31,2021-09-07,-8294000000.0,267261000000.0,265180000000.0,116744000000.0,150517000000.0,0.479,7.725,-5742000000.0,25243000000.0,25243000000.0,121359000000.0,-1276000000.0,1.201,7.704,161684000000.0,51343000000.0,110341000000.0,161684000000.0,0.0,8751000000.0,0.0,0.017,0.15,530000000.0,9281000000.0,0.073,9281000000.0,530000000.0,-1119000000.0,-0.32,-0.32,-0.32,30690000000.0,31072250000.0,30690000000.0,167982376494.0,317.0,18.1,18527000000.0,4.663,1.0,5785000000.0,0.045,0.0,1649000000.0,306510000000.0,309536000000.0,10808000000.0,155248000000.0,67119000000.0,88129000000.0,236450000000.0,97192000000.0,139258000000.0,34970376494.0,8194000000.0,1340000000.0,0.0,3095000000.0,-596000000.0,2315000000.0,-18615000000.0,-14707000000.0,24269000000.0,225000000.0,-1279000000.0,-1279000000.0,-1279000000.0,0.0,3000000.0,-0.01,10193000000.0,-4408000000.0,22204000000.0,-0.469,1.139,-27.342,-27.469,37083000000.0,0.0,8.79,0.275,0.275,9993000000.0,18243000000.0,127144000000.0,127144000000.0,0.0,-0.005,-0.041,0.002,0.004,199000000.0,10193000000.0,1.0,3978427360.0,3973000000,3973000000.0,32.002,267261000000.0,12423000000.0,160000000.0,538000000.0,67.269,19552000000.0
3,F,MRT,2020-09-30,2020-09-30,2020-09-30,2021-09-07,-8613000000.0,259943000000.0,262999000000.0,111765000000.0,148178000000.0,0.498,8.331,-6485000000.0,24263000000.0,24263000000.0,123675000000.0,-157000000.0,1.2,6.846,157275000000.0,50995000000.0,106280000000.0,157275000000.0,0.0,9049000000.0,0.0,0.045,0.3,1682000000.0,10731000000.0,0.082,10731000000.0,1682000000.0,252000000.0,-0.04,-0.04,-0.04,33125000000.0,31696000000.0,33125000000.0,170737070713.0,102.0,15.911,16145000000.0,4.061,1.0,7232000000.0,0.055,0.0,1430000000.0,299796000000.0,307460500000.0,10583000000.0,150710000000.0,62415000000.0,88295000000.0,226782000000.0,93159000000.0,133623000000.0,26496070713.0,3791000000.0,1340000000.0,0.0,828000000.0,-1191000000.0,-658000000.0,-18220000000.0,-13434000000.0,22630000000.0,39000000.0,-163000000.0,-163000000.0,-163000000.0,0.0,6000000.0,-0.001,9655000000.0,-2423000000.0,21466000000.0,-7.5,0.8,-162.553,-166.5,36118000000.0,0.0,6.66,0.202,0.202,10114000000.0,21031000000.0,130907000000.0,130907000000.0,0.0,-0.001,-0.005,0.005,0.013,160000000.0,9655000000.0,1.0,3978388996.0,3976000000,4005000000.0,32.924,259943000000.0,10907000000.0,415000000.0,517000000.0,65.378,18606000000.0
4,F,MRT,2020-06-30,2020-06-30,2020-06-30,2021-09-07,-8471000000.0,269366000000.0,262552500000.0,124111000000.0,145255000000.0,0.497,7.754,-7034000000.0,30989000000.0,30989000000.0,125441000000.0,-2124000000.0,1.338,7.738,175230000000.0,55344000000.0,119886000000.0,175230000000.0,0.0,9503000000.0,0.0,0.074,0.45,-1308000000.0,8195000000.0,0.063,8195000000.0,-1308000000.0,-2516000000.0,-0.53,-0.53,-0.53,30824000000.0,32252000000.0,30824000000.0,165535402853.0,-127.0,20.2,9240000000.0,2.325,1.0,4955000000.0,0.038,0.0,1208000000.0,320827000000.0,305676000000.0,10220000000.0,155215000000.0,68861000000.0,86354000000.0,238511000000.0,92780000000.0,145731000000.0,24180402853.0,8875000000.0,1340000000.0,-237000000.0,19355000000.0,-1789000000.0,17070000000.0,-24112000000.0,-18713000000.0,16274000000.0,-357000000.0,-2123000000.0,-2123000000.0,-2123000000.0,0.0,-1000000.0,-0.016,9990000000.0,-5035000000.0,16360000000.0,-0.849,0.784,-11.39,-11.472,35276000000.0,0.0,6.08,0.185,0.185,9107000000.0,18645000000.0,130396000000.0,130396000000.0,0.0,-0.008,-0.066,-0.004,-0.01,166000000.0,9990000000.0,1.0,3977039943.0,3975000000,3992000000.0,32.804,269366000000.0,11066000000.0,-393000000.0,454000000.0,67.765,31331000000.0
5,F,MRT,2020-03-31,2020-03-31,2020-03-31,2021-09-07,-8461000000.0,264150000000.0,260757000000.0,124276000000.0,139874000000.0,0.575,7.482,-7779000000.0,25971000000.0,25971000000.0,141314000000.0,-3092000000.0,1.315,7.907,167326000000.0,52912000000.0,114414000000.0,167326000000.0,0.0,9704000000.0,0.0,0.124,0.6,-2394000000.0,7310000000.0,0.049,7310000000.0,-2394000000.0,-3396000000.0,-0.77,-0.77,-0.77,29650000000.0,33570250000.0,29650000000.0,157073923674.0,-66.0,21.488,5843000000.0,1.474,1.0,8564000000.0,0.057,0.0,1002000000.0,311011000000.0,299918500000.0,11312000000.0,157218000000.0,75288000000.0,81930000000.0,234452000000.0,94494000000.0,139958000000.0,19270923674.0,5141000000.0,1340000000.0,-237000000.0,10290000000.0,-2388000000.0,7452000000.0,-15501000000.0,-8886000000.0,13622000000.0,-432000000.0,-3092000000.0,-3092000000.0,-3092000000.0,0.0,0.0,-0.021,10750000000.0,-2186000000.0,18439000000.0,-0.779,0.65,-6.233,-6.273,35294000000.0,0.0,4.83,0.129,0.128,6625000000.0,17527000000.0,149878000000.0,149878000000.0,0.0,-0.012,-0.092,-0.008,-0.016,181000000.0,10750000000.0,1.0,3989839270.0,3963000000,3963000000.0,37.819,264150000000.0,10922000000.0,-304000000.0,439000000.0,66.654,29782000000.0
6,F,MRT,2019-12-31,2019-12-31,2019-12-31,2021-09-07,-7728000000.0,258537000000.0,260539750000.0,114047000000.0,144490000000.0,0.598,8.355,-7632000000.0,17504000000.0,17504000000.0,144165000000.0,84000000.0,1.162,6.789,155307000000.0,53946000000.0,101361000000.0,155307000000.0,0.0,9689000000.0,0.0,0.065,0.6,343000000.0,10032000000.0,0.064,10032000000.0,343000000.0,-677000000.0,0.01,0.01,0.01,33185000000.0,35257250000.0,33185000000.0,170461542054.0,497.0,16.992,10007000000.0,2.519,1.0,11735000000.0,0.075,0.0,1020000000.0,298208000000.0,297254750000.0,10786000000.0,156250000000.0,70798000000.0,85452000000.0,225307000000.0,98132000000.0,127175000000.0,36873542054.0,834000000.0,0.0,-237000000.0,-277000000.0,-2389000000.0,-3129000000.0,-13721000000.0,-6051000000.0,17639000000.0,45000000.0,47000000.0,47000000.0,47000000.0,0.0,37000000.0,0.0,11161000000.0,574000000.0,20673000000.0,60.0,1.111,784.543,930.0,36469000000.0,0.0,9.3,0.237,0.237,9237000000.0,20320000000.0,155900000000.0,155900000000.0,0.0,0.0,0.001,0.001,0.002,228000000.0,11161000000.0,1.0,3964896995.0,3972000000,4004000000.0,39.25,258537000000.0,11863000000.0,-724000000.0,490000000.0,65.09,15915000000.0
7,F,MRT,2019-09-30,2019-09-30,2019-09-30,2021-09-07,-7842000000.0,258157000000.0,260040500000.0,115754000000.0,142403000000.0,0.608,8.904,-7474000000.0,20523000000.0,20523000000.0,145150000000.0,1644000000.0,1.168,6.302,154111000000.0,54604000000.0,99507000000.0,154111000000.0,0.0,9765000000.0,0.0,0.066,0.6,2798000000.0,12563000000.0,0.08,12563000000.0,2798000000.0,1738000000.0,0.42,0.41,0.42,35349000000.0,35944000000.0,35349000000.0,170493964637.0,61.0,13.571,8622000000.0,2.172,1.0,12828000000.0,0.081,0.0,1060000000.0,292658000000.0,297319250000.0,12451000000.0,153596000000.0,67991000000.0,85605000000.0,222770000000.0,99087000000.0,123683000000.0,36546964637.0,1926000000.0,0.0,-237000000.0,895000000.0,-2391000000.0,-1914000000.0,-12037000000.0,-4534000000.0,16096000000.0,-219000000.0,1603000000.0,1603000000.0,1603000000.0,0.0,41000000.0,0.01,11165000000.0,1663000000.0,22228000000.0,1.429,1.034,22.799,21.81,35404000000.0,0.0,9.16,0.231,0.23,10621000000.0,22590000000.0,157978000000.0,157978000000.0,0.0,0.006,0.045,0.009,0.018,230000000.0,11165000000.0,1.0,3989843301.0,3970000000,4007000000.0,39.793,258157000000.0,10677000000.0,135000000.0,447000000.0,65.027,16667000000.0
8,F,MRT,2019-06-30,2019-06-30,2019-06-30,2021-09-07,-7436000000.0,262184000000.0,260242750000.0,118351000000.0,143833000000.0,0.61,9.06,-7650000000.0,22117000000.0,22117000000.0,144420000000.0,2214000000.0,1.204,6.262,156064000000.0,52851000000.0,103213000000.0,156064000000.0,0.0,14373000000.0,0.0,0.059,0.6,3974000000.0,18347000000.0,0.116,18347000000.0,3974000000.0,2847000000.0,0.56,0.55,0.56,36097000000.0,36254250000.0,36097000000.0,177125054567.0,45.0,9.654,8893000000.0,2.232,1.0,14234000000.0,0.09,0.0,1127000000.0,297797000000.0,298926000000.0,12437000000.0,155997000000.0,69687000000.0,86310000000.0,226048000000.0,98334000000.0,127714000000.0,40813054567.0,5285000000.0,0.0,-75000000.0,2575000000.0,-2390000000.0,-138000000.0,-11063000000.0,-3421000000.0,16543000000.0,-57000000.0,2169000000.0,2169000000.0,2169000000.0,0.0,45000000.0,0.014,11446000000.0,2788000000.0,22980000000.0,1.071,1.131,18.817,18.268,36581000000.0,0.0,10.23,0.257,0.257,10941000000.0,22769000000.0,158654000000.0,158654000000.0,0.0,0.008,0.06,0.013,0.025,360000000.0,11446000000.0,1.0,3989545901.0,3984000000,4013000000.0,39.823,262184000000.0,10153000000.0,678000000.0,469000000.0,65.809,20017000000.0
9,F,MRT,2019-03-31,2019-03-31,2019-03-31,2021-09-07,-7501000000.0,263281000000.0,259216500000.0,121195000000.0,142086000000.0,0.612,9.161,-7639000000.0,20848000000.0,20848000000.0,143938000000.0,3133000000.0,1.221,6.229,157160000000.0,54548000000.0,102612000000.0,157160000000.0,0.0,11814000000.0,0.0,0.068,0.6,5174000000.0,16988000000.0,0.107,16988000000.0,5174000000.0,3990000000.0,0.79,0.78,0.79,36398000000.0,36340250000.0,36398000000.0,172488059515.0,33.0,10.154,7413000000.0,1.866,1.0,14783000000.0,0.093,0.0,1184000000.0,300356000000.0,299285000000.0,12333000000.0,158492000000.0,72326000000.0,86166000000.0,226712000000.0,99237000000.0,127475000000.0,34993059515.0,2882000000.0,0.0,-75000000.0,2009000000.0,-2389000000.0,-663000000.0,-11051000000.0,-3439000000.0,15052000000.0,-456000000.0,3087000000.0,3087000000.0,3087000000.0,0.0,46000000.0,0.019,11499000000.0,3284000000.0,23325000000.0,0.759,0.961,11.336,11.114,36145000000.0,0.0,8.78,0.22,0.22,12016000000.0,23226000000.0,158721000000.0,158721000000.0,0.0,0.012,0.085,0.017,0.033,276000000.0,11499000000.0,1.0,3985542086.0,3973000000,3997000000.0,39.95,263281000000.0,10316000000.0,903000000.0,647000000.0,66.268,21958000000.0
10,F,MRT,2018-12-31,2018-12-31,2018-12-31,2021-09-07,-7366000000.0,256540000000.0,260203750000.0,114649000000.0,141891000000.0,0.616,9.042,-7785000000.0,16718000000.0,16718000000.0,145732000000.0,3695000000.0,1.2,6.136,154213000000.0,53493000000.0,100720000000.0,154213000000.0,0.0,9385000000.0,0.0,0.095,0.73,5555000000.0,14940000000.0,0.093,14940000000.0,5555000000.0,4327000000.0,0.93,0.92,0.93,35932000000.0,36340750000.0,35932000000.0,165299960895.0,30.0,11.064,7237000000.0,1.821,1.0,14606000000.0,0.091,0.0,1228000000.0,298466000000.0,301132500000.0,11220000000.0,158958000000.0,71586000000.0,87372000000.0,220474000000.0,95569000000.0,124905000000.0,30430960895.0,-1731000000.0,0.0,-164000000.0,3139000000.0,-2905000000.0,-122000000.0,-16261000000.0,-8299000000.0,15022000000.0,-370000000.0,3677000000.0,3677000000.0,3677000000.0,0.0,18000000.0,0.023,11403000000.0,3203000000.0,21520000000.0,0.785,0.847,8.276,8.226,36178000000.0,0.0,7.65,0.19,0.19,11195000000.0,22668000000.0,160338000000.0,160338000000.0,0.0,0.014,0.101,0.018,0.035,191000000.0,11403000000.0,1.0,3977903385.0,3974000000,3998000000.0,40.347,256540000000.0,10412000000.0,650000000.0,597000000.0,64.555,19080000000.0
11,F,MRT,2018-09-30,2018-09-30,2018-09-30,2021-09-07,-7429000000.0,258966000000.0,260692750000.0,114843000000.0,144123000000.0,0.613,9.203,-7782000000.0,18562000000.0,18562000000.0,144938000000.0,6331000000.0,1.212,6.074,153431000000.0,50763000000.0,102668000000.0,153431000000.0,0.0,16171000000.0,0.0,0.079,0.73,7457000000.0,23628000000.0,0.148,23628000000.0,7457000000.0,6216000000.0,1.59,1.58,1.59,36590000000.0,36252250000.0,36590000000.0,172882970476.0,23.0,7.317,9030000000.0,2.271,1.0,14933000000.0,0.093,0.0,1241000000.0,299085000000.0,301438750000.0,12810000000.0,158039000000.0,68598000000.0,89441000000.0,222248000000.0,94750000000.0,127498000000.0,36867970476.0,1035000000.0,0.0,-164000000.0,7190000000.0,-2904000000.0,3911000000.0,-19430000000.0,-11406000000.0,16812000000.0,-258000000.0,6313000000.0,6313000000.0,6313000000.0,0.0,18000000.0,0.039,11495000000.0,3438000000.0,23273000000.0,0.459,1.008,5.84,5.818,35762000000.0,0.0,9.25,0.231,0.23,11244000000.0,23384000000.0,159871000000.0,159871000000.0,0.0,0.024,0.174,0.025,0.047,445000000.0,11495000000.0,1.0,3985726538.0,3976000000,,40.209,258966000000.0,10553000000.0,-97000000.0,602000000.0,65.132,20093000000.0
12,F,MRT,2018-06-30,2018-06-30,2018-06-30,2021-09-07,-7204000000.0,258079000000.0,258769500000.0,115025000000.0,143054000000.0,0.613,9.163,-7473000000.0,16828000000.0,16828000000.0,143552000000.0,6917000000.0,1.213,6.079,152843000000.0,50884000000.0,101959000000.0,152843000000.0,0.0,9241000000.0,0.0,0.066,0.73,8083000000.0,17324000000.0,0.109,17324000000.0,8083000000.0,6887000000.0,1.74,1.72,1.74,36441000000.0,35414250000.0,36441000000.0,184507437060.0,23.0,10.65,9158000000.0,2.303,1.0,15104000000.0,0.095,0.0,1196000000.0,299233000000.0,298778500000.0,12565000000.0,159805000000.0,71002000000.0,88803000000.0,221511000000.0,94861000000.0,126650000000.0,44113437060.0,684000000.0,0.0,-89000000.0,6774000000.0,-2903000000.0,3640000000.0,-19520000000.0,-11821000000.0,16631000000.0,-67000000.0,6894000000.0,6894000000.0,6894000000.0,0.0,23000000.0,0.043,11532000000.0,3572000000.0,22743000000.0,0.42,1.211,6.399,6.362,35580000000.0,0.0,11.07,0.278,0.277,11026000000.0,22993000000.0,158656000000.0,158656000000.0,0.0,0.027,0.195,0.027,0.051,246000000.0,11532000000.0,1.0,3984953664.0,3977000000,,39.893,258079000000.0,10371000000.0,-7000000.0,584000000.0,64.893,20164000000.0
13,F,MRT,2018-03-31,2018-03-31,2018-03-31,2021-09-07,-6669000000.0,267230000000.0,256117000000.0,123264000000.0,143966000000.0,0.623,9.165,-7122000000.0,17940000000.0,17940000000.0,143541000000.0,7903000000.0,1.234,6.338,158334000000.0,52983000000.0,105351000000.0,158334000000.0,0.0,9241000000.0,0.0,0.066,0.73,8985000000.0,18226000000.0,0.114,18226000000.0,8985000000.0,7799000000.0,1.98,1.96,1.98,36400000000.0,34365000000.0,36400000000.0,179800855253.0,20.0,9.865,10152000000.0,2.556,1.0,16048000000.0,0.101,0.0,1186000000.0,307746000000.0,294709250000.0,12371000000.0,165476000000.0,76811000000.0,88665000000.0,230696000000.0,99878000000.0,130818000000.0,44005855253.0,213000000.0,0.0,-220000000.0,7944000000.0,-2902000000.0,4688000000.0,-22252000000.0,-14954000000.0,17274000000.0,503000000.0,7875000000.0,7875000000.0,7875000000.0,0.0,28000000.0,0.049,11510000000.0,4538000000.0,25480000000.0,0.369,1.209,5.588,5.596,36118000000.0,0.0,11.08,0.276,0.276,12386000000.0,22529000000.0,159589000000.0,159589000000.0,0.0,0.031,0.229,0.03,0.056,246000000.0,11510000000.0,1.0,3971647586.0,3971647586,,40.182,267230000000.0,10637000000.0,-76000000.0,622000000.0,67.284,23386000000.0
14,F,MRT,2017-12-31,2017-12-31,2017-12-31,2021-09-07,-6959000000.0,258496000000.0,250333000000.0,116801000000.0,141695000000.0,0.626,8.95,-7049000000.0,18492000000.0,18492000000.0,140368000000.0,7757000000.0,1.235,6.262,154287000000.0,51621000000.0,102666000000.0,154287000000.0,0.0,9241000000.0,0.0,0.052,0.65,9323000000.0,18564000000.0,0.118,18564000000.0,9323000000.0,8133000000.0,1.94,1.93,1.94,35578000000.0,32919750000.0,35578000000.0,181137054378.0,19.0,9.757,11047000000.0,2.779,1.0,16408000000.0,0.105,0.0,1190000000.0,299691000000.0,288008750000.0,11176000000.0,160147000000.0,72645000000.0,87502000000.0,222792000000.0,94600000000.0,128192000000.0,49614054378.0,2619000000.0,0.0,-131000000.0,6260000000.0,-2584000000.0,3394000000.0,-19360000000.0,-12282000000.0,18096000000.0,489000000.0,7731000000.0,7731000000.0,7731000000.0,0.0,26000000.0,0.049,11527000000.0,4881000000.0,23282000000.0,0.335,1.395,6.418,6.438,35327000000.0,0.0,12.49,0.316,0.317,10599000000.0,21906000000.0,156776000000.0,156776000000.0,0.0,0.031,0.235,0.032,0.059,246000000.0,11527000000.0,1.0,3972302192.0,3975000000,3998000000.0,39.441,258496000000.0,10762000000.0,402000000.0,815000000.0,65.03,22201000000.0
15,F,MRT,2017-09-30,2017-09-30,2017-09-30,2021-09-07,-6759000000.0,251273000000.0,245196750000.0,112732000000.0,138541000000.0,0.628,8.369,-7016000000.0,17589000000.0,17589000000.0,137814000000.0,4445000000.0,1.195,6.556,149112000000.0,51174000000.0,97938000000.0,149112000000.0,0.0,9023000000.0,0.0,0.054,0.65,6317000000.0,15340000000.0,0.1,15340000000.0,6317000000.0,5134000000.0,1.12,1.1,1.12,33238000000.0,31317750000.0,33238000000.0,177327909038.0,28.0,11.56,10731000000.0,2.702,1.0,16290000000.0,0.106,0.0,1183000000.0,288444000000.0,281769750000.0,11263000000.0,156414000000.0,70033000000.0,86381000000.0,217913000000.0,94352000000.0,123561000000.0,47541909038.0,4316000000.0,0.0,-131000000.0,8969000000.0,-2584000000.0,6125000000.0,-19769000000.0,-12834000000.0,17747000000.0,213000000.0,4421000000.0,4421000000.0,4421000000.0,0.0,24000000.0,0.029,11280000000.0,5010000000.0,23566000000.0,0.58,1.43,10.754,10.688,34760000000.0,0.0,11.97,0.309,0.309,10277000000.0,19405000000.0,154104000000.0,154104000000.0,0.0,0.018,0.141,0.022,0.041,210000000.0,11280000000.0,1.0,3971755141.0,3971755141,,38.8,251273000000.0,10359000000.0,713000000.0,804000000.0,63.265,18380000000.0
16,F,MRT,2017-06-30,2017-06-30,2017-06-30,2021-09-07,-6716000000.0,247469000000.0,241119250000.0,113539000000.0,133930000000.0,0.637,8.097,-7050000000.0,16223000000.0,16223000000.0,138148000000.0,3827000000.0,1.204,6.671,146009000000.0,50773000000.0,95236000000.0,146009000000.0,0.0,9023000000.0,0.0,0.058,0.65,5877000000.0,14900000000.0,0.097,14900000000.0,5877000000.0,4754000000.0,0.96,0.95,0.96,32244000000.0,30879250000.0,32244000000.0,172712426775.0,29.0,11.591,10860000000.0,2.727,1.0,15448000000.0,0.101,0.0,1123000000.0,282956000000.0,277073500000.0,11092000000.0,156163000000.0,72774000000.0,83389000000.0,215110000000.0,94299000000.0,120811000000.0,44558426775.0,-790000000.0,0.0,-131000000.0,6211000000.0,-2584000000.0,3374000000.0,-22055000000.0,-15112000000.0,17910000000.0,-19000000.0,3806000000.0,3806000000.0,3806000000.0,0.0,21000000.0,0.025,11018000000.0,4430000000.0,23568000000.0,0.677,1.382,11.707,11.656,33794000000.0,0.0,11.19,0.29,0.29,10159000000.0,18437000000.0,153596000000.0,153596000000.0,0.0,0.016,0.123,0.021,0.038,210000000.0,11018000000.0,1.0,3981986307.0,3981986307,,38.573,247469000000.0,10145000000.0,948000000.0,735000000.0,62.147,19240000000.0
17,F,MRT,2017-03-31,2017-03-31,2017-03-31,2021-09-07,-6929000000.0,244094000000.0,239171500000.0,113228000000.0,130866000000.0,0.641,7.706,-7187000000.0,17823000000.0,17823000000.0,137383000000.0,3744000000.0,1.24,6.968,145977000000.0,49257000000.0,96720000000.0,145977000000.0,0.0,9023000000.0,0.0,0.056,0.65,6413000000.0,15436000000.0,0.101,15436000000.0,6413000000.0,5369000000.0,0.95,0.93,0.95,30619000000.0,30603500000.0,30619000000.0,173313364527.0,27.0,11.228,12850000000.0,3.234,1.0,15845000000.0,0.103,0.0,1044000000.0,280944000000.0,274614750000.0,10535000000.0,153021000000.0,70771000000.0,82250000000.0,213356000000.0,91304000000.0,122052000000.0,46248364527.0,1943000000.0,0.0,0.0,6957000000.0,-2583000000.0,4241000000.0,-21979000000.0,-14914000000.0,20037000000.0,-356000000.0,3729000000.0,3729000000.0,3729000000.0,0.0,15000000.0,0.024,11046000000.0,4799000000.0,23257000000.0,0.684,1.51,12.402,12.253,32668000000.0,0.0,11.64,0.302,0.302,10685000000.0,16992000000.0,153228000000.0,153228000000.0,0.0,0.016,0.122,0.023,0.042,210000000.0,11046000000.0,1.0,3973227193.0,3973227193,,38.565,244094000000.0,10055000000.0,1640000000.0,749000000.0,61.435,21924000000.0
18,F,MRT,2016-12-31,2016-12-31,2016-12-31,2021-09-07,-7013000000.0,237951000000.0,237470000000.0,108461000000.0,129490000000.0,0.639,7.341,-6992000000.0,15905000000.0,15905000000.0,135042000000.0,4600000000.0,1.201,7.154,142970000000.0,49669000000.0,93301000000.0,142970000000.0,0.0,9023000000.0,0.0,0.07,0.85,7724000000.0,16747000000.0,0.11,16747000000.0,7724000000.0,6773000000.0,1.16,1.15,1.16,29170000000.0,30350000000.0,29170000000.0,172085158377.0,22.0,10.276,12858000000.0,3.236,1.0,16758000000.0,0.11,0.0,951000000.0,274735000000.0,294970250000.0,8898000000.0,151245000000.0,69188000000.0,82057000000.0,208668000000.0,90281000000.0,118387000000.0,48201158377.0,1683000000.0,0.0,-145000000.0,11028000000.0,-3376000000.0,7400000000.0,-25302000000.0,-18422000000.0,19850000000.0,-265000000.0,4589000000.0,4589000000.0,4589000000.0,0.0,11000000.0,0.03,10972000000.0,5786000000.0,21296000000.0,0.733,1.652,10.504,10.457,32072000000.0,0.0,12.13,0.318,0.318,11102000000.0,15634000000.0,151800000000.0,151800000000.0,0.0,0.019,0.151,0.026,0.051,210000000.0,10972000000.0,1.0,3973714623.0,3973714623,,38.201,237951000000.0,9705000000.0,2184000000.0,691000000.0,59.881,18180000000.0
19,F,MRT,2016-09-30,2016-09-30,2016-09-30,2021-09-07,-6046000000.0,234963000000.0,234213500000.0,103515000000.0,131448000000.0,0.655,7.924,-6750000000.0,13340000000.0,13340000000.0,136665000000.0,7252000000.0,1.161,6.459,137224000000.0,47273000000.0,89951000000.0,137224000000.0,0.0,7993000000.0,0.0,0.07,0.85,10666000000.0,18659000000.0,0.122,18659000000.0,10666000000.0,9804000000.0,1.83,1.8,1.83,31484000000.0,30218000000.0,31484000000.0,170808017289.0,16.0,9.154,12450000000.0,3.133,1.0,16732000000.0,0.109,0.0,862000000.0,269659000000.0,291579250000.0,10219000000.0,148980000000.0,66375000000.0,82605000000.0,203368000000.0,89188000000.0,114180000000.0,47957017289.0,-1346000000.0,0.0,-145000000.0,10931000000.0,-3375000000.0,7239000000.0,-27556000000.0,-20932000000.0,19200000000.0,-229000000.0,7247000000.0,7247000000.0,7247000000.0,0.0,5000000.0,0.047,11492000000.0,5240000000.0,22384000000.0,0.464,1.523,6.617,6.596,32257000000.0,0.0,12.07,0.313,0.313,10029000000.0,17013000000.0,153397000000.0,153397000000.0,0.0,0.031,0.24,0.037,0.07,199000000.0,11492000000.0,1.0,3973240869.0,3973240869,,38.608,234963000000.0,9475000000.0,2557000000.0,577000000.0,59.136,14327000000.0
20,F,MRT,2016-06-30,2016-06-30,2016-06-30,2021-09-07,-5976000000.0,239678000000.0,230330500000.0,110767000000.0,128911000000.0,0.676,7.838,-6869000000.0,17063000000.0,17063000000.0,136915000000.0,8483000000.0,1.239,6.693,139914000000.0,44861000000.0,95053000000.0,139914000000.0,0.0,7993000000.0,0.0,0.068,0.85,12542000000.0,20535000000.0,0.132,20535000000.0,12542000000.0,11712000000.0,2.14,2.11,2.14,31141000000.0,29213250000.0,31141000000.0,175016537936.0,14.0,8.523,13625000000.0,3.43,1.0,18683000000.0,0.12,0.0,830000000.0,273121000000.0,306957000000.0,9829000000.0,150338000000.0,70094000000.0,80244000000.0,208429000000.0,89408000000.0,119021000000.0,49938537936.0,4166000000.0,0.0,-183000000.0,17251000000.0,-3374000000.0,13513000000.0,-29321000000.0,-22861000000.0,20494000000.0,-520000000.0,8482000000.0,8482000000.0,8482000000.0,0.0,1000000.0,0.055,11221000000.0,7462000000.0,23084000000.0,0.397,1.604,5.888,5.874,31940000000.0,0.0,12.57,0.321,0.321,10728000000.0,16652000000.0,155598000000.0,155598000000.0,0.0,0.037,0.29,0.041,0.081,199000000.0,11221000000.0,1.0,3972835158.0,3972835158,,39.165,239678000000.0,9822000000.0,3230000000.0,552000000.0,60.329,21359000000.0
21,F,MRT,2016-03-31,2016-03-31,2016-03-31,2021-09-07,-6046000000.0,237288000000.0,224422250000.0,,,0.683,7.457,-6907000000.0,15917000000.0,15917000000.0,134206000000.0,8672000000.0,,7.011,140995000000.0,,,140995000000.0,0.0,7993000000.0,0.0,0.063,0.85,12932000000.0,20925000000.0,0.136,20925000000.0,12932000000.0,12124000000.0,2.18,2.16,2.18,29605000000.0,28011500000.0,29605000000.0,172180450870.0,13.0,8.228,11055000000.0,2.784,1.0,19170000000.0,0.125,0.0,808000000.0,362366000000.0,320345250000.0,9770000000.0,149890000000.0,,,207572000000.0,,,53598450870.0,3549000000.0,0.0,-274000000.0,17793000000.0,-3375000000.0,13961000000.0,-28177000000.0,-21640000000.0,17962000000.0,-197000000.0,8672000000.0,8672000000.0,8672000000.0,0.0,0.0,0.057,10981000000.0,8189000000.0,22072000000.0,0.39,1.81,6.181,6.193,31164000000.0,0.0,13.5,0.349,0.349,11252000000.0,15278000000.0,153376000000.0,153376000000.0,0.0,0.039,0.31,0.04,0.084,199000000.0,10981000000.0,1.0,3970255620.0,3970255620,,38.631,237288000000.0,10579000000.0,3452000000.0,556000000.0,59.766,
22,F,MRT,2015-12-31,2015-12-31,2015-12-31,2021-09-07,-6257000000.0,224925000000.0,218193750000.0,102587000000.0,122338000000.0,0.685,7.217,-7196000000.0,14272000000.0,14272000000.0,131814000000.0,7371000000.0,1.246,6.849,132854000000.0,42975000000.0,89879000000.0,132854000000.0,0.0,7993000000.0,0.0,0.043,0.6,11027000000.0,19020000000.0,0.127,19020000000.0,11027000000.0,10254000000.0,1.86,1.84,1.86,28642000000.0,26847000000.0,28642000000.0,167656999152.0,15.0,8.815,9030000000.0,2.275,1.0,17744000000.0,0.119,0.0,773000000.0,261171000000.0,310449250000.0,8319000000.0,141912000000.0,66041000000.0,75871000000.0,196174000000.0,82336000000.0,113838000000.0,55917999152.0,3515000000.0,0.0,-129000000.0,17148000000.0,-2380000000.0,14266000000.0,-26162000000.0,-19466000000.0,16226000000.0,-815000000.0,7373000000.0,7373000000.0,7373000000.0,0.0,-2000000.0,0.049,10763000000.0,6981000000.0,20272000000.0,0.323,1.952,7.584,7.575,30163000000.0,0.0,14.09,0.374,0.374,11042000000.0,14414000000.0,149558000000.0,149558000000.0,0.0,0.034,0.275,0.036,0.074,199000000.0,10763000000.0,1.0,3968630174.0,3968630174,,37.685,224925000000.0,11509000000.0,2881000000.0,502000000.0,56.676,20251000000.0
23,F,MRT,2015-09-30,2015-09-30,2015-09-30,2021-09-07,-20442000000.0,219431000000.0,214116250000.0,,,0.678,6.922,-7512000000.0,14686000000.0,14686000000.0,131568000000.0,3600000000.0,,6.985,126425000000.0,,,126425000000.0,0.0,7385000000.0,0.0,0.042,0.575,5932000000.0,13317000000.0,0.092,13317000000.0,5932000000.0,5193000000.0,0.89,0.91,0.89,27465000000.0,25796000000.0,27465000000.0,164472561470.0,28.0,12.351,8734000000.0,2.201,1.0,13609000000.0,0.094,0.0,739000000.0,331170000000.0,324413750000.0,9496000000.0,132781000000.0,,,191853000000.0,,,53843561470.0,1366000000.0,0.0,-129000000.0,10857000000.0,-2267000000.0,8147000000.0,-22194000000.0,-14606000000.0,16246000000.0,-833000000.0,3601000000.0,3601000000.0,3601000000.0,0.0,-1000000.0,0.025,9905000000.0,3704000000.0,22386000000.0,0.646,1.96,14.952,15.247,30137000000.0,0.0,13.57,0.371,0.371,13373000000.0,27489000000.0,145177000000.0,145177000000.0,0.0,0.017,0.14,0.018,0.041,180000000.0,9905000000.0,1.0,3967837986.0,3967837986,,36.588,219431000000.0,11434000000.0,1592000000.0,529000000.0,55.302,
24,F,MRT,2015-06-30,2015-06-30,2015-06-30,2021-09-07,-20260000000.0,216045000000.0,211467250000.0,,,0.671,6.624,-7568000000.0,12897000000.0,12897000000.0,129394000000.0,2241000000.0,,7.2,123526000000.0,,,123526000000.0,0.0,7385000000.0,0.0,0.037,0.55,3662000000.0,11047000000.0,0.078,11047000000.0,3662000000.0,2925000000.0,0.56,0.57,0.56,26334000000.0,25463750000.0,26334000000.0,170078097132.0,46.0,15.396,7592000000.0,1.91,1.0,12559000000.0,0.088,0.0,737000000.0,326674000000.0,320298250000.0,9438000000.0,130843000000.0,,,189597000000.0,,,59670097132.0,1324000000.0,0.0,-1193000000.0,8973000000.0,-2155000000.0,5362000000.0,-18389000000.0,-10473000000.0,15160000000.0,-809000000.0,2244000000.0,2244000000.0,2244000000.0,0.0,-3000000.0,0.016,11003000000.0,1556000000.0,21844000000.0,0.982,2.266,26.591,26.804,30750000000.0,0.0,15.01,0.42,0.42,12666000000.0,26175000000.0,141953000000.0,141953000000.0,0.0,0.011,0.088,0.011,0.026,180000000.0,11003000000.0,1.0,3975356238.0,3975356238,,35.708,216045000000.0,12497000000.0,681000000.0,578000000.0,54.346,
25,F,MRT,2015-03-31,2015-03-31,2015-03-31,2021-09-07,-20406000000.0,212374000000.0,210192250000.0,,,0.676,6.383,-7747000000.0,12368000000.0,12368000000.0,129357000000.0,1395000000.0,,7.508,122776000000.0,,,122776000000.0,0.0,7385000000.0,0.0,0.033,0.525,2508000000.0,9893000000.0,0.07,9893000000.0,2508000000.0,1754000000.0,0.35,0.35,0.35,24947000000.0,25574250000.0,24947000000.0,171497031005.0,68.0,17.335,6953000000.0,1.779,1.0,12744000000.0,0.09,0.0,754000000.0,322782000000.0,318149500000.0,9519000000.0,127441000000.0,,,187311000000.0,,,63083031005.0,-615000000.0,0.0,-1964000000.0,10277000000.0,-2052000000.0,6019000000.0,-20422000000.0,-12356000000.0,14700000000.0,-912000000.0,1395000000.0,1395000000.0,1395000000.0,0.0,0.0,0.01,11935000000.0,809000000.0,22366000000.0,1.5,2.529,45.221,46.114,29612000000.0,0.0,16.14,0.444,0.444,13005000000.0,24887000000.0,142101000000.0,142101000000.0,0.0,0.007,0.055,0.008,0.018,180000000.0,11935000000.0,1.0,3908490149.0,3908490149,,36.357,212374000000.0,12939000000.0,359000000.0,525000000.0,54.337,
26,F,MRT,2014-12-31,2014-12-31,2014-12-31,2021-09-07,-5265000000.0,208615000000.0,208869250000.0,,,0.69,6.35,-7463000000.0,10757000000.0,10757000000.0,131903000000.0,1230000000.0,,7.521,119171000000.0,,,119171000000.0,0.0,7385000000.0,0.0,0.032,0.5,2032000000.0,9417000000.0,0.065,9417000000.0,2032000000.0,1235000000.0,0.31,0.31,0.31,24438000000.0,26030750000.0,24438000000.0,165527654964.0,81.0,17.578,7044000000.0,1.83,1.0,12174000000.0,0.084,0.0,797000000.0,317029000000.0,315229750000.0,7870000000.0,128078000000.0,,,183808000000.0,,,59654654964.0,-3711000000.0,0.0,-1964000000.0,7314000000.0,-1952000000.0,3423000000.0,-21124000000.0,-13325000000.0,14507000000.0,-517000000.0,1231000000.0,1231000000.0,1231000000.0,0.0,-1000000.0,0.009,11842000000.0,332000000.0,20035000000.0,1.613,2.441,48.46,50.0,30126000000.0,0.0,15.5,0.414,0.414,11708000000.0,9422000000.0,144077000000.0,144077000000.0,0.0,0.006,0.047,0.006,0.014,180000000.0,11842000000.0,1.0,3848687417.0,3848687417,,37.435,208615000000.0,14024000000.0,4000000.0,570000000.0,54.204,
27,F,MRT,2014-09-30,2014-09-30,2014-09-30,2021-09-07,-18165000000.0,208835000000.0,207260250000.0,,,0.703,6.739,-7247000000.0,13320000000.0,13320000000.0,123103000000.0,10964000000.0,,6.976,119193000000.0,,,119193000000.0,0.0,6504000000.0,0.0,0.032,0.475,13575000000.0,20079000000.0,0.138,20079000000.0,13575000000.0,12744000000.0,2.79,2.69,2.79,26136000000.0,26449250000.0,26136000000.0,164496396615.0,12.0,8.192,5407000000.0,1.394,1.0,22674000000.0,0.156,0.0,831000000.0,314708000000.0,311572250000.0,9296000000.0,126638000000.0,,,182331000000.0,,,57362396615.0,-1432000000.0,0.0,-2013000000.0,10043000000.0,-1865000000.0,6204000000.0,-20005000000.0,-12884000000.0,12654000000.0,-285000000.0,10972000000.0,10972000000.0,10972000000.0,0.0,-8000000.0,0.075,11620000000.0,11054000000.0,21155000000.0,0.17,2.195,5.228,5.301,30048000000.0,0.0,14.79,0.393,0.393,11143000000.0,25051000000.0,145777000000.0,145777000000.0,0.0,0.053,0.415,0.044,0.093,159000000.0,11620000000.0,1.0,3878458189.0,3878458189,,37.586,208835000000.0,12312000000.0,1772000000.0,576000000.0,53.845,
28,F,MRT,2014-06-30,2014-06-30,2014-06-30,2021-09-07,-18107000000.0,210945000000.0,205319250000.0,,,0.714,6.771,-6948000000.0,11573000000.0,11573000000.0,122997000000.0,11404000000.0,,6.864,118707000000.0,,,118707000000.0,0.0,6504000000.0,0.0,0.026,0.45,14642000000.0,21146000000.0,0.144,21146000000.0,14642000000.0,13811000000.0,2.89,2.79,2.89,26776000000.0,25032000000.0,26776000000.0,172192413937.0,12.0,8.143,4177000000.0,1.056,1.0,23635000000.0,0.161,0.0,831000000.0,318079000000.0,307109000000.0,9365000000.0,129547000000.0,,,183801000000.0,,,68171413937.0,-1789000000.0,-9000000.0,-988000000.0,9908000000.0,-1776000000.0,7260000000.0,-20353000000.0,-13614000000.0,11125000000.0,179000000.0,11409000000.0,11409000000.0,11409000000.0,0.0,-5000000.0,0.078,11371000000.0,12264000000.0,22062000000.0,0.156,2.546,5.975,5.965,29294000000.0,0.0,17.24,0.465,0.465,12853000000.0,24699000000.0,146632000000.0,146632000000.0,0.0,0.056,0.456,0.048,0.1,159000000.0,11371000000.0,1.0,3954258349.0,3954258349,,37.082,210945000000.0,12596000000.0,2402000000.0,588000000.0,53.346,
29,F,MRT,2014-03-31,2014-03-31,2014-03-31,2021-09-07,-18190000000.0,207082000000.0,201635500000.0,,,0.73,6.802,-6630000000.0,12983000000.0,12983000000.0,124245000000.0,11323000000.0,,6.721,117004000000.0,,,117004000000.0,0.0,6504000000.0,0.0,0.027,0.425,14346000000.0,20850000000.0,0.142,20850000000.0,14346000000.0,13515000000.0,2.87,2.77,2.87,26773000000.0,23132750000.0,26773000000.0,161622202113.0,11.0,7.752,5823000000.0,1.479,1.0,22899000000.0,0.156,0.0,831000000.0,311103000000.0,300245000000.0,8874000000.0,125325000000.0,,,179944000000.0,,,61402202113.0,-837000000.0,-9000000.0,-203000000.0,9860000000.0,-1675000000.0,8154000000.0,-21542000000.0,-15027000000.0,12453000000.0,98000000.0,11331000000.0,11331000000.0,11331000000.0,0.0,-8000000.0,0.077,11098000000.0,11801000000.0,22209000000.0,0.148,2.293,5.419,5.436,28447000000.0,0.0,15.6,0.417,0.417,12088000000.0,23882000000.0,147144000000.0,147144000000.0,0.0,0.056,0.49,0.048,0.097,159000000.0,11098000000.0,1.0,3936038597.0,3936038597,,37.384,207082000000.0,13134000000.0,2184000000.0,590000000.0,52.612,
30,F,MRT,2013-12-31,2013-12-31,2013-12-31,2021-09-07,-18230000000.0,202179000000.0,198117500000.0,,,0.742,6.62,-6597000000.0,14468000000.0,14468000000.0,123258000000.0,11946000000.0,,6.729,114688000000.0,,,114688000000.0,0.0,6504000000.0,0.0,0.026,0.4,15207000000.0,21711000000.0,0.148,21711000000.0,15207000000.0,14378000000.0,3.04,2.94,3.04,26112000000.0,20838250000.0,26112000000.0,156732657818.0,10.0,7.219,3847000000.0,0.975,1.0,23659000000.0,0.161,0.0,829000000.0,302399000000.0,294084750000.0,7708000000.0,123244000000.0,,,175703000000.0,,,60862657818.0,-1191000000.0,0.0,-213000000.0,9663000000.0,-1574000000.0,8133000000.0,-19731000000.0,-13324000000.0,10444000000.0,-37000000.0,11953000000.0,11953000000.0,11953000000.0,0.0,-7000000.0,0.081,10850000000.0,12809000000.0,19531000000.0,0.132,2.331,5.092,5.076,27616000000.0,0.0,15.43,0.414,0.414,9828000000.0,23386000000.0,146917000000.0,146917000000.0,0.0,0.06,0.574,0.052,0.104,159000000.0,10850000000.0,1.0,3944436670.0,3944436670,,37.247,202179000000.0,13468000000.0,2425000000.0,598000000.0,51.257,
31,F,MRT,2013-09-30,2013-09-30,2013-09-30,2021-09-07,-21509000000.0,201071000000.0,194924250000.0,,,0.744,5.195,-6544000000.0,14752000000.0,14752000000.0,127244000000.0,5662000000.0,,8.806,110622000000.0,,,110622000000.0,0.0,5486000000.0,0.0,0.021,0.35,8551000000.0,14037000000.0,0.097,14037000000.0,8551000000.0,7792000000.0,1.44,1.4,1.44,20467000000.0,18297000000.0,20467000000.0,160957196866.0,19.0,11.467,3224000000.0,0.818,1.0,17834000000.0,0.123,86000000.0,759000000.0,296855000000.0,288186250000.0,8799000000.0,120733000000.0,,,180232000000.0,,,66462196866.0,1213000000.0,-256000000.0,-197000000.0,9745000000.0,-1370000000.0,8429000000.0,-16987000000.0,-10985000000.0,9768000000.0,3000000.0,5662000000.0,5662000000.0,5662000000.0,0.0,0.0,0.039,12311000000.0,5523000000.0,21640000000.0,0.243,3.247,11.738,11.715,26836000000.0,0.0,16.87,0.458,0.458,11693000000.0,21014000000.0,145078000000.0,145078000000.0,0.0,0.029,0.309,0.03,0.059,140000000.0,12311000000.0,1.0,3939667864.0,3939667864,,36.825,200985000000.0,13023000000.0,2130000000.0,637000000.0,51.016,
32,F,MRT,2013-06-30,2013-06-30,2013-06-30,2021-09-07,-21837000000.0,196210000000.0,190826500000.0,,,0.741,4.879,-6281000000.0,13362000000.0,13362000000.0,123875000000.0,6022000000.0,,9.211,107857000000.0,,,107857000000.0,0.0,5486000000.0,0.0,0.019,0.3,8699000000.0,14185000000.0,0.1,14185000000.0,8699000000.0,7946000000.0,1.55,1.5,1.55,19179000000.0,17890500000.0,19179000000.0,154351757779.0,18.0,10.881,3074000000.0,0.782,1.0,17600000000.0,0.124,82000000.0,753000000.0,290623000000.0,281886500000.0,8192000000.0,118422000000.0,,,176661000000.0,,,60815757779.0,-1739000000.0,-55000000.0,-153000000.0,7786000000.0,-1167000000.0,6727000000.0,-17804000000.0,-12008000000.0,9355000000.0,-17000000.0,6021000000.0,6021000000.0,6021000000.0,0.0,1000000.0,0.043,11995000000.0,5605000000.0,20961000000.0,0.194,3.171,10.101,9.981,25863000000.0,0.0,15.47,0.43,0.43,11353000000.0,20136000000.0,141475000000.0,141475000000.0,0.0,0.032,0.337,0.031,0.061,140000000.0,11995000000.0,1.0,3931206062.0,3931206062,,35.988,196128000000.0,13694000000.0,1925000000.0,676000000.0,49.89,
33,F,MRT,2013-03-31,2013-03-31,2013-03-31,2021-09-07,-22533000000.0,193010000000.0,187083000000.0,,,0.731,4.614,-5878000000.0,13820000000.0,13820000000.0,119238000000.0,5826000000.0,,9.949,107356000000.0,,,107356000000.0,0.0,5486000000.0,0.0,0.019,0.25,8459000000.0,13945000000.0,0.102,13945000000.0,8459000000.0,7725000000.0,1.51,1.46,1.51,17595000000.0,17354750000.0,17595000000.0,139550185224.0,16.0,10.007,1303000000.0,0.342,1.0,17525000000.0,0.128,84000000.0,734000000.0,286462000000.0,275715000000.0,8423000000.0,112900000000.0,,,175048000000.0,,,50151185224.0,-1424000000.0,4000000.0,-108000000.0,6197000000.0,-965000000.0,5302000000.0,-13630000000.0,-8149000000.0,7181000000.0,-277000000.0,5828000000.0,5828000000.0,5828000000.0,0.0,-2000000.0,0.043,11775000000.0,5750000000.0,20600000000.0,0.166,2.85,8.605,8.709,25795000000.0,0.0,13.15,0.367,0.367,11384000000.0,19296000000.0,136763000000.0,136763000000.0,0.0,0.031,0.336,0.031,0.062,140000000.0,11775000000.0,1.0,3813778344.0,3813778344,,35.86,192926000000.0,14479000000.0,1897000000.0,638000000.0,50.587,
34,F,MRT,2012-12-31,2012-12-31,2012-12-31,2021-09-07,-22854000000.0,189406000000.0,184349250000.0,,,0.724,4.183,-5488000000.0,15659000000.0,15659000000.0,116231000000.0,5612000000.0,,10.854,105058000000.0,,,105058000000.0,0.0,5486000000.0,0.0,0.015,0.2,8352000000.0,13838000000.0,0.104,13838000000.0,8352000000.0,7639000000.0,1.47,1.41,1.47,15947000000.0,17107500000.0,15947000000.0,136438972848.0,16.0,9.86,3557000000.0,0.933,1.0,17328000000.0,0.13,0.0,713000000.0,278805000000.0,270905500000.0,7362000000.0,109824000000.0,,,173095000000.0,,,49373972848.0,-1489000000.0,0.0,-125000000.0,4434000000.0,-763000000.0,3705000000.0,-14290000000.0,-8998000000.0,9045000000.0,51000000.0,5613000000.0,5613000000.0,5613000000.0,0.0,-1000000.0,0.042,11529000000.0,5799000000.0,19308000000.0,0.136,3.096,8.796,8.81,24942000000.0,0.0,12.95,0.37,0.37,10878000000.0,18077000000.0,133559000000.0,133559000000.0,0.0,0.03,0.328,0.031,0.063,140000000.0,11529000000.0,1.0,3812661996.0,3812661996,,35.03,189406000000.0,15185000000.0,2026000000.0,470000000.0,49.678,
35,F,MRT,2012-09-30,2012-09-30,2012-09-30,2021-09-07,-18541000000.0,184680000000.0,181584750000.0,,,0.726,4.94,-4761000000.0,13539000000.0,13539000000.0,117429000000.0,17683000000.0,,8.783,100604000000.0,,,100604000000.0,0.0,0.0,0.0,0.015,0.15,5322000000.0,5322000000.0,0.04,5322000000.0,5322000000.0,7331000000.0,4.66,4.34,4.66,18841000000.0,16877750000.0,18841000000.0,122401907403.0,23.0,22.999,4410000000.0,1.156,1.0,14316000000.0,0.109,89000000.0,-2009000000.0,271656000000.0,266351250000.0,8208000000.0,109161000000.0,,,165474000000.0,,,37605907403.0,-2990000000.0,370000000.0,-92000000.0,5080000000.0,-572000000.0,4591000000.0,-16655000000.0,-11973000000.0,9171000000.0,-97000000.0,17682000000.0,17682000000.0,17682000000.0,0.0,1000000.0,0.134,11162000000.0,3154000000.0,20793000000.0,0.032,1.996,2.127,2.116,24347000000.0,0.0,9.86,0.285,0.285,10737000000.0,16670000000.0,131745000000.0,131745000000.0,0.0,0.097,1.048,0.02,0.04,0.0,11162000000.0,1.0,3813986552.0,3813986552,,34.543,184591000000.0,13526000000.0,-10351000000.0,593000000.0,48.398,
36,F,MRT,2012-06-30,2012-06-30,2012-06-30,2021-09-07,-18928000000.0,181236000000.0,176099750000.0,,,0.753,4.464,-4555000000.0,15101000000.0,15101000000.0,117582000000.0,17702000000.0,,9.636,99897000000.0,,,99897000000.0,0.0,0.0,0.0,0.01,0.1,5819000000.0,5819000000.0,0.044,5819000000.0,5819000000.0,6930000000.0,4.66,4.34,4.66,17036000000.0,13663000000.0,17036000000.0,121844964306.0,21.0,20.939,4982000000.0,1.305,1.0,15038000000.0,0.113,95000000.0,-1111000000.0,265937000000.0,258765000000.0,7289000000.0,106708000000.0,,,164157000000.0,,,36598964306.0,-2380000000.0,184000000.0,-59000000.0,2829000000.0,-381000000.0,2417000000.0,-13413000000.0,-9277000000.0,9537000000.0,-921000000.0,17700000000.0,17700000000.0,17700000000.0,0.0,2000000.0,0.133,11104000000.0,3934000000.0,19661000000.0,0.021,2.148,2.068,2.058,22808000000.0,0.0,9.59,0.276,0.276,10160000000.0,15230000000.0,132620000000.0,132620000000.0,0.0,0.101,1.295,0.022,0.044,0.0,11104000000.0,1.0,3816367498.0,3816367498,,34.75,181141000000.0,14064000000.0,-10770000000.0,595000000.0,47.464,
37,F,MRT,2012-03-31,2012-03-31,2012-03-31,2021-09-07,-18314000000.0,182075000000.0,172812250000.0,,,0.781,4.37,-4457000000.0,15244000000.0,15244000000.0,118211000000.0,19064000000.0,,9.962,100490000000.0,,,100490000000.0,0.0,0.0,0.0,0.004,0.05,7765000000.0,7765000000.0,0.058,7765000000.0,7765000000.0,7937000000.0,5.02,4.67,5.02,16606000000.0,10731250000.0,16606000000.0,129740590512.0,17.0,16.708,4905000000.0,1.291,1.0,16725000000.0,0.124,97000000.0,-172000000.0,267224000000.0,254546000000.0,7031000000.0,107120000000.0,,,165425000000.0,,,47400590512.0,-6074000000.0,269000000.0,-27000000.0,-460000000.0,-190000000.0,-589000000.0,-14446000000.0,-10545000000.0,9362000000.0,-401000000.0,19058000000.0,19058000000.0,19058000000.0,0.0,6000000.0,0.141,11028000000.0,5697000000.0,19638000000.0,0.01,2.854,2.487,2.485,23150000000.0,0.0,12.475,0.351,0.351,9904000000.0,14190000000.0,134936000000.0,134936000000.0,0.0,0.11,1.776,0.031,0.058,0.0,11028000000.0,1.0,3799646534.0,3799646534,,35.513,181978000000.0,14535000000.0,-11121000000.0,583000000.0,47.893,
38,F,MRT,2011-12-31,2011-12-31,2011-12-31,2021-09-07,-18734000000.0,178348000000.0,169141250000.0,,,0.802,3.955,-4293000000.0,17148000000.0,17148000000.0,117189000000.0,20222000000.0,,10.865,99488000000.0,,,99488000000.0,0.0,0.0,0.0,0.0,0.0,9489000000.0,9489000000.0,0.07,9489000000.0,9489000000.0,8672000000.0,5.33,4.94,5.33,15028000000.0,7186250000.0,15028000000.0,119560078217.0,13.0,12.6,5491000000.0,1.445,1.0,18416000000.0,0.136,100000000.0,817000000.0,260588000000.0,249643250000.0,5901000000.0,104368000000.0,,,163277000000.0,,,40889078217.0,2343000000.0,264000000.0,0.0,-4333000000.0,0.0,-4241000000.0,-3041000000.0,523000000.0,9784000000.0,-159000000.0,20213000000.0,20213000000.0,20213000000.0,0.0,9000000.0,0.149,10884000000.0,7532000000.0,17724000000.0,0.0,2.721,2.023,2.019,22371000000.0,0.0,10.76,0.302,0.302,8565000000.0,12985000000.0,135605000000.0,135605000000.0,0.0,0.12,2.813,0.038,0.07,0.0,10884000000.0,1.0,3800100206.0,3800100206,,35.685,178248000000.0,15125000000.0,-11541000000.0,696000000.0,46.906,
39,F,MRT,2011-09-30,2011-09-30,2011-09-30,2021-09-07,-14269000000.0,162740000000.0,165726000000.0,,,0.809,1.574,-4281000000.0,16460000000.0,16460000000.0,115206000000.0,6796000000.0,,26.198,95131000000.0,,,95131000000.0,0.0,0.0,0.0,0.0,0.0,7898000000.0,7898000000.0,0.059,7898000000.0,7898000000.0,7500000000.0,1.77,1.66,1.77,5982000000.0,3261000000.0,5982000000.0,117822343848.0,15.0,14.918,6977000000.0,1.836,1.0,18910000000.0,0.141,100000000.0,398000000.0,241311000000.0,247938250000.0,7212000000.0,99455000000.0,,,156714000000.0,,,36744343848.0,-1463000000.0,244000000.0,109000000.0,-13046000000.0,0.0,-20065000000.0,7279000000.0,10597000000.0,11258000000.0,65000000.0,6788000000.0,6788000000.0,6788000000.0,0.0,8000000.0,0.051,11531000000.0,7379000000.0,18924000000.0,0.0,6.142,5.413,5.463,22304000000.0,0.0,9.67,0.274,0.274,9036000000.0,-440000000.0,134116000000.0,134116000000.0,0.0,0.041,2.082,0.032,0.059,0.0,11531000000.0,1.0,3799828733.0,3799828733,,35.295,162640000000.0,1694000000.0,712000000.0,1109000000.0,42.802,
40,F,MRT,2011-06-30,2011-06-30,2011-06-30,2021-09-07,-13236000000.0,168086000000.0,169310500000.0,,,0.774,1.398,-4087000000.0,17472000000.0,17472000000.0,111781000000.0,6832000000.0,,30.653,98550000000.0,,,98550000000.0,0.0,0.0,0.0,0.0,0.0,8314000000.0,8314000000.0,0.063,8314000000.0,8314000000.0,7543000000.0,1.83,1.68,1.83,5309000000.0,1322250000.0,5309000000.0,132696971536.0,16.0,15.961,7159000000.0,1.885,1.0,19181000000.0,0.146,103000000.0,771000000.0,249061000000.0,256524000000.0,7036000000.0,101820000000.0,,,162736000000.0,,,52376971536.0,-841000000.0,1100000000.0,497000000.0,-13621000000.0,0.0,-20253000000.0,6887000000.0,9687000000.0,11246000000.0,1279000000.0,6826000000.0,6826000000.0,6826000000.0,0.0,6000000.0,0.052,11324000000.0,7857000000.0,19424000000.0,0.0,9.866,7.673,7.536,23263000000.0,0.0,13.79,0.4,0.4,9473000000.0,-2089000000.0,130962000000.0,130962000000.0,0.0,0.04,5.162,0.032,0.063,0.0,11324000000.0,1.0,3798185028.0,3798185028,,34.48,167983000000.0,2103000000.0,717000000.0,1371000000.0,44.227,
41,F,MRT,2011-03-31,2011-03-31,2011-03-31,2021-09-07,-13684000000.0,167391000000.0,172226500000.0,,,0.758,0.642,-3953000000.0,21318000000.0,21318000000.0,110204000000.0,7028000000.0,,67.983,101638000000.0,,,101638000000.0,0.0,0.0,0.0,0.0,0.0,9069000000.0,9069000000.0,0.069,9069000000.0,9069000000.0,7789000000.0,1.96,1.7,1.96,2426000000.0,-898500000.0,2426000000.0,145510774453.0,16.0,16.045,7338000000.0,1.942,1.0,20298000000.0,0.156,98000000.0,1280000000.0,247613000000.0,263916250000.0,7414000000.0,98016000000.0,,,164926000000.0,,,56327774453.0,-3038000000.0,956000000.0,809000000.0,-21207000000.0,0.0,-27591000000.0,12635000000.0,15135000000.0,11291000000.0,627000000.0,7027000000.0,7027000000.0,7027000000.0,0.0,1000000.0,0.054,11554000000.0,8744000000.0,19984000000.0,0.0,23.218,8.016,7.607,23407000000.0,0.0,14.91,0.432,0.432,8999000000.0,-4487000000.0,130502000000.0,130502000000.0,0.0,0.041,-7.821,0.034,0.069,0.0,11554000000.0,1.0,3777852076.0,3777852076,,34.544,167293000000.0,1962000000.0,762000000.0,1212000000.0,44.283,
42,F,MRT,2010-12-31,2010-12-31,2010-12-31,2021-09-07,-14313000000.0,164687000000.0,178370750000.0,,,0.723,-0.195,-4092000000.0,14805000000.0,14805000000.0,108580000000.0,6557000000.0,,-245.66,103988000000.0,,,103988000000.0,0.0,0.0,0.0,0.0,0.0,8960000000.0,8960000000.0,0.069,8960000000.0,8960000000.0,7153000000.0,1.9,1.66,1.9,-673000000.0,-2873750000.0,-673000000.0,157004879163.0,18.0,17.523,7385000000.0,2.141,1.0,20374000000.0,0.158,102000000.0,1807000000.0,253768000000.0,276394250000.0,5917000000.0,105079000000.0,,,165329000000.0,,,58305879163.0,-6089000000.0,956000000.0,1339000000.0,-18558000000.0,0.0,-24421000000.0,6908000000.0,9774000000.0,11477000000.0,-53000000.0,6561000000.0,6561000000.0,6561000000.0,0.0,-4000000.0,0.051,11909000000.0,8465000000.0,16362000000.0,0.0,-86.636,8.887,8.837,23179000000.0,0.0,16.79,0.452,0.449,8381000000.0,-7038000000.0,128954000000.0,128954000000.0,0.0,0.037,-2.283,0.032,0.069,0.0,11909000000.0,1.0,3472655102.0,3449000000,3449000000.0,37.389,164585000000.0,2003000000.0,592000000.0,1135000000.0,47.72,
43,F,MRT,2010-09-30,2010-09-30,2010-09-30,2021-09-07,-12609000000.0,177078000000.0,185209000000.0,,,0.709,-0.516,-4015000000.0,17992000000.0,17992000000.0,106366000000.0,7247000000.0,,-100.856,116691000000.0,,,116691000000.0,0.0,0.0,0.0,0.0,0.0,14170000000.0,14170000000.0,0.108,14170000000.0,14170000000.0,7787000000.0,2.15,1.79,2.15,-1773000000.0,-4660500000.0,-1773000000.0,141160267351.0,10.0,9.962,6619000000.0,1.925,1.0,24971000000.0,0.19,123000000.0,6383000000.0,275654000000.0,288606250000.0,6855000000.0,112328000000.0,,,178818000000.0,,,42097267351.0,-7185000000.0,864000000.0,1410000000.0,-20572000000.0,0.0,-21947000000.0,4367000000.0,7356000000.0,10634000000.0,-239000000.0,7257000000.0,7257000000.0,7257000000.0,0.0,-10000000.0,0.055,12102000000.0,12869000000.0,17374000000.0,0.0,-23.744,5.801,5.693,22956000000.0,0.0,12.24,0.321,0.321,8368000000.0,-7228000000.0,131337000000.0,131337000000.0,0.0,0.039,-1.557,0.049,0.108,0.0,12102000000.0,1.0,3439319228.0,3439319228,,38.187,176955000000.0,2201000000.0,530000000.0,1027000000.0,51.451,
44,F,MRT,2010-06-30,2010-06-30,2010-06-30,2021-09-07,-12277000000.0,179750000000.0,191716000000.0,,,0.687,-1.049,-4040000000.0,18322000000.0,18322000000.0,107111000000.0,6572000000.0,,-51.285,117385000000.0,,,117385000000.0,0.0,0.0,0.0,0.0,0.0,13524000000.0,13524000000.0,0.103,13524000000.0,13524000000.0,6997000000.0,1.97,1.65,1.97,-3574000000.0,-6386000000.0,-3574000000.0,140087333607.0,10.0,10.358,8527000000.0,2.503,1.0,24605000000.0,0.187,183000000.0,6527000000.0,278630000000.0,296967750000.0,6076000000.0,109625000000.0,,,183291000000.0,,,34338333607.0,-5080000000.0,211000000.0,1641000000.0,-19539000000.0,0.0,-20872000000.0,3767000000.0,7243000000.0,12567000000.0,-542000000.0,6567000000.0,6567000000.0,6567000000.0,0.0,5000000.0,0.05,12453000000.0,12152000000.0,15976000000.0,0.0,-9.608,5.229,5.117,22210000000.0,0.0,10.08,0.261,0.261,7985000000.0,-8915000000.0,131716000000.0,131716000000.0,0.0,0.034,-1.028,0.046,0.103,0.0,12453000000.0,1.0,3406580715.0,3406580715,,38.665,179567000000.0,2080000000.0,430000000.0,901000000.0,52.712,
45,F,MRT,2010-03-31,2010-03-31,2010-03-31,2021-09-07,-11199000000.0,191968000000.0,196826000000.0,,,0.627,-1.641,-4058000000.0,24356000000.0,24356000000.0,103179000000.0,6237000000.0,,-36.056,130105000000.0,,,130105000000.0,0.0,0.0,0.0,0.0,0.0,12963000000.0,12963000000.0,0.105,12963000000.0,12963000000.0,6393000000.0,1.96,1.73,1.96,-5475000000.0,-8178250000.0,-5475000000.0,152944230595.0,12.0,11.799,10086000000.0,3.023,1.0,20280000000.0,0.164,192000000.0,6570000000.0,297525000000.0,304562750000.0,6292000000.0,114082000000.0,,,197405000000.0,,,41944230595.0,3712000000.0,216000000.0,2980000000.0,-17617000000.0,0.0,-18041000000.0,7121000000.0,11093000000.0,14144000000.0,488000000.0,6229000000.0,6229000000.0,6229000000.0,-5000000.0,8000000.0,0.05,12426000000.0,7854000000.0,15611000000.0,0.0,-7.661,6.734,6.413,22826000000.0,0.0,12.57,0.34,0.34,6925000000.0,-11514000000.0,123459000000.0,123459000000.0,0.0,0.032,-0.762,0.043,0.105,0.0,12426000000.0,1.0,3336852076.0,3336852076,,36.999,191776000000.0,2861000000.0,164000000.0,1600000000.0,57.472,
46,F,MRT,2009-12-31,2009-12-31,2009-12-31,2021-09-07,-10864000000.0,192040000000.0,199617500000.0,,,0.583,-2.614,-4059000000.0,20894000000.0,20894000000.0,99896000000.0,2717000000.0,,-25.553,131635000000.0,,,131635000000.0,0.0,0.0,0.0,0.0,0.0,9394000000.0,9394000000.0,0.081,9394000000.0,9394000000.0,2604000000.0,0.91,0.86,0.91,-7820000000.0,-11203750000.0,-7820000000.0,139290008760.0,15.0,14.828,11418000000.0,3.816,1.0,16387000000.0,0.141,165000000.0,6790000000.0,302616000000.0,312031500000.0,5041000000.0,116916000000.0,,,199822000000.0,,,33071008760.0,-910000000.0,39000000.0,2450000000.0,-21710000000.0,0.0,-22830000000.0,6619000000.0,11025000000.0,15477000000.0,454000000.0,2717000000.0,2717000000.0,2717000000.0,-5000000.0,0.0,0.023,13029000000.0,3358000000.0,14301000000.0,0.0,-4.229,12.172,10.989,22637000000.0,0.0,10.0,0.284,0.257,7194000000.0,-13599000000.0,116283000000.0,116283000000.0,0.0,0.014,-0.243,0.03,0.081,0.0,13029000000.0,1.0,3307100876.0,2992000000,2992000000.0,38.865,191875000000.0,3479000000.0,-113000000.0,2421000000.0,64.129,
47,F,MRT,2009-09-30,2009-09-30,2009-09-30,2021-09-07,-8704000000.0,203106000000.0,206182000000.0,,,0.528,-2.693,-4607000000.0,25798000000.0,25798000000.0,97224000000.0,-4459000000.0,,-24.251,132017000000.0,,,132017000000.0,0.0,0.0,0.0,0.0,0.0,3979000000.0,3979000000.0,0.037,3979000000.0,3979000000.0,-3541000000.0,-2.1,-2.18,-2.1,-8675000000.0,-13179250000.0,-8675000000.0,132280499119.0,33.0,33.245,6942000000.0,2.155,1.0,11692000000.0,0.107,225000000.0,7520000000.0,309100000000.0,323522500000.0,6560000000.0,118528000000.0,,,210376000000.0,,,23225499119.0,674000000.0,595000000.0,2363000000.0,-15643000000.0,0.0,-14132000000.0,3962000000.0,8628000000.0,11549000000.0,-75000000.0,-4147000000.0,-4147000000.0,-4147000000.0,4000000.0,-312000000.0,-0.038,13898000000.0,-2206000000.0,15209000000.0,0.0,-2.677,-5.601,-3.433,24812000000.0,0.0,7.21,0.213,0.213,7296000000.0,-14524000000.0,108916000000.0,108916000000.0,0.0,-0.02,0.315,0.012,0.037,0.0,13898000000.0,1.0,3221289753.0,3221289753,,33.811,202881000000.0,3664000000.0,606000000.0,2644000000.0,62.981,
48,F,MRT,2009-06-30,2009-06-30,2009-06-30,2021-09-07,-9005000000.0,200190000000.0,215921750000.0,,,0.511,-3.739,-5410000000.0,24011000000.0,24011000000.0,97682000000.0,-5582000000.0,,-19.511,133066000000.0,,,133066000000.0,0.0,0.0,0.0,0.0,0.0,3059000000.0,3059000000.0,0.028,3059000000.0,3059000000.0,-5261000000.0,-2.48,-2.54,-2.48,-10743000000.0,-11507750000.0,-10743000000.0,141933625855.0,46.0,46.399,1533000000.0,0.534,1.0,12708000000.0,0.115,235000000.0,8320000000.0,309010000000.0,339287250000.0,6603000000.0,119969000000.0,,,209608000000.0,,,17440625855.0,-6273000000.0,529000000.0,2263000000.0,-19831000000.0,0.0,-18461000000.0,6762000000.0,12240000000.0,6943000000.0,-887000000.0,-5305000000.0,-5305000000.0,-5305000000.0,4000000.0,-277000000.0,-0.048,15468000000.0,-2760000000.0,13971000000.0,0.0,-1.623,-3.288,-2.448,24801000000.0,0.0,6.07,0.158,0.158,6643000000.0,-15521000000.0,110390000000.0,110390000000.0,0.0,-0.025,0.461,0.009,0.028,0.0,15468000000.0,1.0,2873249729.0,2873249729,,38.42,199955000000.0,3015000000.0,44000000.0,1788000000.0,69.592,
49,F,MRT,2009-03-31,2009-03-31,2009-03-31,2021-09-07,-10624000000.0,203134000000.0,232198500000.0,,,0.537,-7.288,-6071000000.0,21093000000.0,21093000000.0,114509000000.0,-16451000000.0,,-12.494,145586000000.0,,,145586000000.0,0.0,0.0,0.0,0.0,0.0,-7564000000.0,-7564000000.0,-0.061,-7564000000.0,-7564000000.0,-16647000000.0,-7.12,-7.12,-7.12,-17577000000.0,-9242750000.0,-17577000000.0,138490170960.0,-18.0,-18.309,-3345000000.0,-1.387,1.0,10173000000.0,0.082,227000000.0,9083000000.0,327400000000.0,361837750000.0,6575000000.0,128019000000.0,,,219611000000.0,,,6343170960.0,-12716000000.0,5692000000.0,693000000.0,-13504000000.0,0.0,-13372000000.0,-509000000.0,55000000.0,2726000000.0,-1340000000.0,-16263000000.0,-16263000000.0,-16263000000.0,9000000.0,-188000000.0,-0.13,19663000000.0,-9490000000.0,12882000000.0,0.0,-0.361,-0.39,-0.369,23779000000.0,0.0,2.63,0.051,0.051,5390000000.0,-17782000000.0,124682000000.0,124682000000.0,0.0,-0.07,1.76,-0.021,-0.061,0.0,19663000000.0,1.0,2411852076.0,2411852076,,51.696,202907000000.0,2818000000.0,-384000000.0,1706000000.0,84.129,
50,F,MRT,2008-12-31,2008-12-31,2008-12-31,2021-09-07,-10124000000.0,218298000000.0,252143250000.0,,,0.569,-6.917,-6492000000.0,22049000000.0,22049000000.0,128494000000.0,-14824000000.0,,-14.809,152577000000.0,,,152577000000.0,0.0,0.0,0.0,0.0,0.0,-5091000000.0,-5091000000.0,-0.035,-5091000000.0,-5091000000.0,-14828000000.0,-6.5,-6.5,-6.5,-15722000000.0,-3070750000.0,-15722000000.0,137369479175.0,-27.0,-26.983,-6755000000.0,-2.972,1.0,15090000000.0,0.105,246000000.0,9737000000.0,348580000000.0,384063500000.0,6988000000.0,137744000000.0,,,232825000000.0,,,5470479175.0,-13088000000.0,5913000000.0,756000000.0,-9325000000.0,0.0,-9172000000.0,-2939000000.0,-2676000000.0,-263000000.0,-714000000.0,-14766000000.0,-14766000000.0,-14766000000.0,0.0,-58000000.0,-0.103,21065000000.0,-5975000000.0,13145000000.0,0.0,-0.348,-0.37,-0.352,24143000000.0,0.0,2.29,0.038,0.036,5674000000.0,-16316000000.0,143584000000.0,143584000000.0,0.0,-0.059,4.809,-0.013,-0.035,0.0,21065000000.0,1.0,2388855535.0,2273000000,2273000000.0,63.169,218052000000.0,3108000000.0,-62000000.0,2035000000.0,95.931,
51,F,MRT,2008-09-30,2008-09-30,2008-09-30,2021-09-07,-571000000.0,242065000000.0,267384750000.0,,,0.592,-0.88,-6682000000.0,24894000000.0,24894000000.0,140538000000.0,-11097000000.0,,-121.969,156793000000.0,,,156793000000.0,0.0,0.0,0.0,0.0,0.0,-4024000000.0,-4024000000.0,-0.025,-4024000000.0,-4024000000.0,-14282000000.0,-5.39,-5.39,-5.39,-1989000000.0,2266750000.0,-1989000000.0,147718021300.0,-37.0,-36.709,419000000.0,0.185,1.0,17835000000.0,0.113,1805000000.0,10258000000.0,372159000000.0,399593250000.0,12048000000.0,150034000000.0,,,242596000000.0,,,11759021300.0,-2543000000.0,5355000000.0,761000000.0,-4027000000.0,0.0,-4036000000.0,-6432000000.0,-5057000000.0,7101000000.0,814000000.0,-11671000000.0,-11671000000.0,-11671000000.0,33000000.0,574000000.0,-0.074,24715000000.0,-6880000000.0,20358000000.0,0.0,-5.912,-1.008,-0.965,30253000000.0,0.0,5.2,0.074,0.074,7683000000.0,-10169000000.0,158373000000.0,158373000000.0,0.0,-0.044,-5.149,-0.01,-0.025,0.0,22315000000.0,1.0,2261350250.0,2261350250,,70.035,240260000000.0,3032000000.0,-2611000000.0,2514000000.0,106.246,
52,F,MRT,2008-06-30,2008-06-30,2008-06-30,2021-09-07,131000000.0,265297000000.0,275909250000.0,,,0.608,-0.751,-6513000000.0,30066000000.0,30066000000.0,148570000000.0,-11367000000.0,,-157.766,166025000000.0,,,166025000000.0,0.0,0.0,0.0,0.0,0.0,-3298000000.0,-3298000000.0,-0.02,-3298000000.0,-3298000000.0,-13876000000.0,-5.51,-5.51,-5.51,-1683000000.0,3054750000.0,-1683000000.0,146238020298.0,-44.0,-44.341,7495000000.0,3.343,1.0,19135000000.0,0.114,2044000000.0,10578000000.0,399212000000.0,407916500000.0,12987000000.0,161063000000.0,,,265521000000.0,,,10784020298.0,-1942000000.0,5447000000.0,343000000.0,-5119000000.0,0.0,-5070000000.0,-12302000000.0,-10086000000.0,14008000000.0,1412000000.0,-11890000000.0,-11890000000.0,-11890000000.0,33000000.0,523000000.0,-0.071,25044000000.0,-5909000000.0,24216000000.0,0.0,-6.408,-0.907,-0.873,32149000000.0,0.0,4.81,0.064,0.064,9344000000.0,-10040000000.0,167705000000.0,167705000000.0,0.0,-0.043,-3.892,-0.008,-0.02,0.0,22644000000.0,1.0,2242000062.0,2242000062,,74.802,263253000000.0,3251000000.0,-1986000000.0,2899000000.0,117.419,
53,F,MRT,2008-03-31,2008-03-31,2008-03-31,2021-09-07,657000000.0,282913000000.0,279389500000.0,,,0.611,3.24,-6216000000.0,33751000000.0,33751000000.0,144281000000.0,-2009000000.0,,38.579,169205000000.0,,,169205000000.0,0.0,0.0,0.0,0.0,0.0,7032000000.0,7032000000.0,0.041,7032000000.0,7032000000.0,-3863000000.0,-1.22,-1.31,-1.22,7111000000.0,2989000000.0,7111000000.0,145801553875.0,21.0,20.734,10906000000.0,4.969,1.0,26564000000.0,0.155,2064000000.0,10895000000.0,416303000000.0,410841000000.0,11721000000.0,159810000000.0,,,274336000000.0,,,12554553875.0,6873000000.0,1164000000.0,286000000.0,-945000000.0,0.0,-825000000.0,-10817000000.0,-5463000000.0,17122000000.0,1421000000.0,-2443000000.0,-2443000000.0,-2443000000.0,1000000.0,434000000.0,-0.014,22691000000.0,3873000000.0,23964000000.0,0.0,1.766,-5.139,-4.689,37007000000.0,0.0,5.72,0.073,0.073,8563000000.0,-1372000000.0,170845000000.0,170845000000.0,0.0,-0.009,-0.817,0.017,0.041,0.0,20291000000.0,1.0,2194852076.0,2194852076,,77.839,280849000000.0,3331000000.0,-1420000000.0,2901000000.0,127.958,
54,F,MRT,2007-12-31,2007-12-31,2007-12-31,2021-09-07,-558000000.0,279264000000.0,276713750000.0,,,0.616,2.844,-6022000000.0,35283000000.0,35283000000.0,143255000000.0,-2483000000.0,,48.368,168787000000.0,,,168787000000.0,0.0,0.0,0.0,0.0,0.0,6910000000.0,6910000000.0,0.041,6910000000.0,6910000000.0,-4128000000.0,-1.41,-1.41,-1.41,5628000000.0,283750000.0,5628000000.0,149977683426.0,22.0,21.704,11052000000.0,5.585,1.0,27317000000.0,0.16,2069000000.0,11038000000.0,410699000000.0,408318750000.0,10121000000.0,160676000000.0,,,272215000000.0,,,14201683426.0,6389000000.0,1153000000.0,219000000.0,-5399000000.0,0.0,-5268000000.0,-6457000000.0,-1377000000.0,17074000000.0,1014000000.0,-2795000000.0,-2795000000.0,-2795000000.0,0.0,312000000.0,-0.016,23569000000.0,3748000000.0,20832000000.0,0.0,2.523,-5.081,-4.773,36239000000.0,0.0,6.73,0.083,0.078,8863000000.0,-1485000000.0,170572000000.0,170572000000.0,0.0,-0.01,-9.85,0.017,0.041,0.0,21169000000.0,1.0,2110205561.0,1979000000,1979000000.0,86.191,277195000000.0,3500000000.0,-1333000000.0,3034000000.0,140.068,
55,F,MRT,2007-09-30,2007-09-30,2007-09-30,2021-09-07,-7272000000.0,276163000000.0,276696750000.0,,,0.609,0.554,-5821000000.0,27437000000.0,27437000000.0,143085000000.0,-5537000000.0,,235.259,163213000000.0,,,163213000000.0,0.0,0.0,0.0,0.0,0.0,5439000000.0,5439000000.0,0.032,5439000000.0,5439000000.0,-5220000000.0,-2.93,-3.02,-2.93,1163000000.0,-1989500000.0,1163000000.0,155861557118.0,29.0,28.656,64000000.0,0.03,1.0,25543000000.0,0.151,6487000000.0,10659000000.0,405452000000.0,410274250000.0,12886000000.0,164399000000.0,,,273606000000.0,,,17825557118.0,1926000000.0,1155000000.0,153000000.0,5348000000.0,0.0,5347000000.0,-9603000000.0,-4818000000.0,5885000000.0,290000000.0,-5537000000.0,-5537000000.0,-5537000000.0,-39000000.0,0.0,-0.033,21262000000.0,4281000000.0,25898000000.0,0.0,15.327,-3.219,-2.898,37831000000.0,0.0,8.49,0.106,0.106,11969000000.0,1326000000.0,168628000000.0,168628000000.0,0.0,-0.02,2.783,0.013,0.032,0.0,21262000000.0,1.0,2099594478.0,2099594478,,80.315,269676000000.0,4103000000.0,317000000.0,3165000000.0,128.442,
56,F,MRT,2007-06-30,2007-06-30,2007-06-30,2021-09-07,-8146000000.0,279218000000.0,274522250000.0,,,0.6,-1.035,-6082000000.0,32000000000.0,32000000000.0,147302000000.0,-10405000000.0,,-143.84,170036000000.0,,,170036000000.0,0.0,0.0,0.0,0.005,0.05,-1547000000.0,-1547000000.0,-0.009,-1547000000.0,-1547000000.0,-11410000000.0,-5.53,-5.62,-5.53,-1946000000.0,10500000.0,-1946000000.0,158022990872.0,-102.0,-102.148,-946000000.0,-0.503,1.0,17343000000.0,0.105,6344000000.0,9863000000.0,410910000000.0,406403250000.0,12614000000.0,165197000000.0,,,279913000000.0,,,17710990872.0,4023000000.0,960000000.0,131000000.0,14086000000.0,-94000000.0,13634000000.0,-15046000000.0,-10164000000.0,5136000000.0,294000000.0,-10405000000.0,-10405000000.0,-10405000000.0,-43000000.0,0.0,-0.063,20847000000.0,-3504000000.0,25495000000.0,-0.009,-9.101,-1.702,-1.703,37303000000.0,0.0,9.42,0.108,0.108,12263000000.0,1707000000.0,164645000000.0,164645000000.0,0.0,-0.038,-990.952,-0.004,-0.009,0.0,20847000000.0,1.0,1880147651.0,1880147651,,87.57,272874000000.0,4253000000.0,-1005000000.0,3397000000.0,145.134,
57,F,MRT,2007-03-31,2007-03-31,2007-03-31,2021-09-07,-9106000000.0,272210000000.0,273954750000.0,,,0.592,-1.973,-6306000000.0,26867000000.0,26867000000.0,147180000000.0,-11472000000.0,,-74.067,167179000000.0,,,167179000000.0,0.0,0.0,0.0,0.019,0.15,-3602000000.0,-3602000000.0,-0.022,-3602000000.0,-3602000000.0,-12964000000.0,-6.1,-6.1,-6.1,-3710000000.0,4151750000.0,-3710000000.0,157993122658.0,-44.0,-43.863,4312000000.0,2.293,1.0,15101000000.0,0.093,6308000000.0,9362000000.0,406214000000.0,402688000000.0,12525000000.0,162422000000.0,,,274787000000.0,,,14838122658.0,5699000000.0,39000000.0,202000000.0,14167000000.0,-282000000.0,13571000000.0,-18461000000.0,-12325000000.0,10618000000.0,324000000.0,-11472000000.0,-11472000000.0,-11472000000.0,-17000000.0,0.0,-0.071,20518000000.0,-5417000000.0,24480000000.0,-0.025,-3.999,-1.293,-1.293,37638000000.0,0.0,7.89,0.091,0.091,11663000000.0,956000000.0,162281000000.0,162281000000.0,0.0,-0.042,-2.763,-0.009,-0.022,0.0,20518000000.0,1.0,1880623911.0,1880623911,,86.291,265902000000.0,3942000000.0,-1492000000.0,3261000000.0,141.39,
58,F,MRT,2006-12-31,2006-12-31,2006-12-31,2021-09-07,-7846000000.0,279196000000.0,273171250000.0,,,0.586,-1.844,-6848000000.0,28896000000.0,28896000000.0,149107000000.0,-12613000000.0,,-81.242,171832000000.0,,,171832000000.0,0.0,0.0,0.0,0.033,0.25,-6485000000.0,-6485000000.0,-0.041,-6485000000.0,-6485000000.0,-15268000000.0,-6.72,-6.72,-6.72,-3465000000.0,8091500000.0,-3465000000.0,143084592851.0,-22.0,-22.064,2774000000.0,1.476,1.0,10958000000.0,0.068,3611000000.0,8783000000.0,418521000000.0,399366750000.0,10017000000.0,166168000000.0,,,281502000000.0,,,14185592851.0,484000000.0,52000000.0,248000000.0,15832000000.0,-468000000.0,15273000000.0,-24864000000.0,-17907000000.0,9622000000.0,464000000.0,-12613000000.0,-12613000000.0,-12613000000.0,-16000000.0,0.0,-0.079,19148000000.0,-8190000000.0,21214000000.0,-0.037,-4.094,-1.125,-1.118,36055000000.0,0.0,7.51,0.089,0.088,8057000000.0,-17000000.0,160065000000.0,160065000000.0,0.0,-0.046,-1.559,-0.016,-0.041,0.0,19148000000.0,1.0,1888893855.0,1879000000,1879000000.0,85.186,275585000000.0,4922000000.0,-2655000000.0,2744000000.0,146.666,
59,F,MRT,2006-09-30,2006-09-30,2006-09-30,2021-09-07,-785000000.0,267465000000.0,270737000000.0,,,0.613,4.871,-6665000000.0,25511000000.0,25511000000.0,149798000000.0,-7062000000.0,,28.079,154410000000.0,,,154410000000.0,0.0,0.0,0.0,0.043,0.35,-1635000000.0,-1635000000.0,-0.01,-1635000000.0,-1635000000.0,-10095000000.0,-3.76,-3.74,-3.76,9163000000.0,12318250000.0,9163000000.0,140710374824.0,-86.0,-86.061,11424000000.0,6.073,1.0,16228000000.0,0.098,6396000000.0,8460000000.0,389968000000.0,391833000000.0,11997000000.0,155572000000.0,,,257287000000.0,,,15217374824.0,1569000000.0,4077000000.0,291000000.0,-3674000000.0,-654000000.0,-4196000000.0,-12425000000.0,-9600000000.0,18089000000.0,118000000.0,-7062000000.0,-7062000000.0,-7062000000.0,-29000000.0,0.0,-0.043,20113000000.0,-3885000000.0,22738000000.0,-0.093,1.661,-2.155,-2.152,37844000000.0,0.0,8.09,0.092,0.092,9077000000.0,5608000000.0,166026000000.0,166026000000.0,0.0,-0.026,-0.573,-0.004,-0.01,0.0,20113000000.0,1.0,1881010485.0,1881010485,,88.264,261069000000.0,4197000000.0,-3033000000.0,2774000000.0,138.792,
60,F,MRT,2006-06-30,2006-06-30,2006-06-30,2021-09-07,-262000000.0,276948000000.0,270944500000.0,,,0.625,7.793,-5902000000.0,27985000000.0,27985000000.0,145802000000.0,-2390000000.0,,17.872,153478000000.0,,,153478000000.0,0.0,0.0,0.0,0.058,0.4,4103000000.0,4103000000.0,0.024,4103000000.0,4103000000.0,-4577000000.0,-1.28,-1.26,-1.28,14619000000.0,13524250000.0,14619000000.0,142925343597.0,35.0,34.834,9621000000.0,5.129,1.0,23639000000.0,0.14,6392000000.0,8680000000.0,396049000000.0,388281250000.0,12116000000.0,153822000000.0,,,261275000000.0,,,13000343597.0,-1569000000.0,3891000000.0,278000000.0,-12317000000.0,-745000000.0,-12842000000.0,-4501000000.0,-5045000000.0,15523000000.0,271000000.0,-2390000000.0,-2390000000.0,-2390000000.0,-32000000.0,0.0,-0.014,21607000000.0,2032000000.0,23595000000.0,-0.312,0.889,-5.439,-5.414,41639000000.0,0.0,6.93,0.077,0.077,10344000000.0,10646000000.0,169441000000.0,169441000000.0,0.0,-0.009,-0.177,0.011,0.024,0.0,21607000000.0,1.0,1875951457.0,1875951457,,90.323,270556000000.0,6879000000.0,-2187000000.0,5729000000.0,144.223,
61,F,MRT,2006-03-31,2006-03-31,2006-03-31,2021-09-07,-3156000000.0,269076000000.0,270916000000.0,,,0.638,6.518,-7589000000.0,21179000000.0,21179000000.0,146326000000.0,-858000000.0,,21.239,151104000000.0,,,151104000000.0,0.0,0.0,0.0,0.05,0.4,5522000000.0,5522000000.0,0.032,5522000000.0,5522000000.0,-2819000000.0,-0.45,-0.49,-0.45,12049000000.0,13420250000.0,12049000000.0,137546600883.0,25.0,24.909,7162000000.0,3.875,1.0,26403000000.0,0.153,6072000000.0,8341000000.0,392929000000.0,388884750000.0,11962000000.0,153387000000.0,,,255905000000.0,,,14713600883.0,-2215000000.0,4658000000.0,381000000.0,-14489000000.0,-741000000.0,-14867000000.0,-1725000000.0,-809000000.0,14751000000.0,-310000000.0,-858000000.0,-858000000.0,-858000000.0,-29000000.0,0.0,-0.005,23088000000.0,3315000000.0,24005000000.0,-0.889,1.221,-17.149,-17.689,40941000000.0,0.0,7.96,0.085,0.085,10223000000.0,11088000000.0,172729000000.0,172729000000.0,0.0,-0.003,-0.064,0.014,0.032,0.0,23088000000.0,1.0,1848442322.0,1848442322,,93.446,263004000000.0,6767000000.0,-1961000000.0,5284000000.0,142.284,
62,F,MRT,2005-12-31,2005-12-31,2005-12-31,2021-09-07,-3680000000.0,269459000000.0,273794000000.0,,,0.646,7.282,-9068000000.0,28406000000.0,28406000000.0,145403000000.0,1440000000.0,,18.963,153278000000.0,,,153278000000.0,0.0,0.0,0.0,0.052,0.4,9002000000.0,9002000000.0,0.051,9002000000.0,9002000000.0,585000000.0,0.78,0.77,0.78,13442000000.0,14325500000.0,13442000000.0,127878762386.0,14.0,14.206,11324000000.0,6.134,1.0,31432000000.0,0.178,5945000000.0,8417000000.0,388386000000.0,393526000000.0,10271000000.0,149786000000.0,,,254895000000.0,,,14340762386.0,4901000000.0,4651000000.0,325000000.0,-20234000000.0,-738000000.0,-20800000000.0,5805000000.0,8373000000.0,20392000000.0,-496000000.0,1440000000.0,1440000000.0,1440000000.0,-62000000.0,0.0,0.008,24588000000.0,6844000000.0,22910000000.0,0.513,1.067,9.959,9.897,40676000000.0,0.0,7.72,0.081,0.081,9956000000.0,13064000000.0,176835000000.0,176835000000.0,0.0,0.005,0.101,0.023,0.051,0.0,24588000000.0,1.0,1857611708.0,1846000000,1846000000.0,95.794,263514000000.0,5880000000.0,-855000000.0,5660000000.0,142.749,
63,F,MRT,2005-09-30,2005-09-30,2005-09-30,2021-09-07,-2454000000.0,268295000000.0,280301000000.0,,,0.629,7.548,-8091000000.0,28200000000.0,28200000000.0,144469000000.0,1169000000.0,,18.106,141738000000.0,,,141738000000.0,0.0,0.0,0.0,0.041,0.4,9529000000.0,9529000000.0,0.054,9529000000.0,9529000000.0,207000000.0,0.64,0.59,0.64,13987000000.0,15324250000.0,13987000000.0,146579072941.0,15.0,15.382,11154000000.0,6.019,1.0,31701000000.0,0.18,6072000000.0,9322000000.0,375761000000.0,403601250000.0,11687000000.0,126568000000.0,,,253250000000.0,,,18271072941.0,10123000000.0,585000000.0,226000000.0,-12817000000.0,-736000000.0,-13462000000.0,4195000000.0,5749000000.0,19245000000.0,135000000.0,1169000000.0,1169000000.0,1169000000.0,-86000000.0,0.0,0.007,23907000000.0,7794000000.0,22991000000.0,0.625,1.306,15.63,15.406,41887000000.0,0.0,9.86,0.104,0.104,9683000000.0,12497000000.0,176170000000.0,176170000000.0,0.0,0.004,0.076,0.024,0.054,0.0,24760000000.0,1.0,1853049994.0,1853049994,,95.07,262223000000.0,4611000000.0,-962000000.0,4617000000.0,141.509,
64,F,MRT,2005-06-30,2005-06-30,2005-06-30,2021-09-07,-2611000000.0,276834000000.0,285396750000.0,,,0.612,7.718,-8968000000.0,30133000000.0,30133000000.0,141772000000.0,2011000000.0,,18.434,158441000000.0,,,158441000000.0,0.0,0.0,0.0,0.039,0.4,10592000000.0,10592000000.0,0.061,10592000000.0,10592000000.0,1560000000.0,1.1,1.05,1.1,14203000000.0,15344750000.0,14203000000.0,156762213420.0,15.0,14.8,12952000000.0,7.038,1.0,33009000000.0,0.189,6679000000.0,9032000000.0,398463000000.0,416899750000.0,11550000000.0,143633000000.0,,,261825000000.0,,,18845213420.0,17649000000.0,1143000000.0,134000000.0,-11002000000.0,-734000000.0,-11729000000.0,7319000000.0,11650000000.0,21920000000.0,124000000.0,2011000000.0,2011000000.0,2011000000.0,114000000.0,0.0,0.012,23944000000.0,9065000000.0,23853000000.0,0.364,1.327,9.371,9.309,42281000000.0,0.0,10.24,0.108,0.108,11810000000.0,12966000000.0,174781000000.0,174781000000.0,0.0,0.007,0.131,0.025,0.061,0.0,24471000000.0,1.0,1840352873.0,1840352873,,94.971,270155000000.0,4567000000.0,-451000000.0,5605000000.0,146.795,
65,F,MRT,2005-03-31,2005-03-31,2005-03-31,2021-09-07,-150000000.0,280588000000.0,289591500000.0,,,0.596,8.559,-9082000000.0,23345000000.0,23345000000.0,138691000000.0,1961000000.0,,16.852,161262000000.0,,,161262000000.0,0.0,0.0,0.0,0.035,0.4,10756000000.0,10756000000.0,0.062,10756000000.0,10756000000.0,1909000000.0,1.08,1.02,1.08,15670000000.0,15184250000.0,15670000000.0,170206129585.0,16.0,15.824,11524000000.0,6.294,1.0,33797000000.0,0.196,7011000000.0,8847000000.0,411494000000.0,427004000000.0,11482000000.0,148877000000.0,,,264072000000.0,,,20744129585.0,9548000000.0,407000000.0,-105000000.0,-10507000000.0,-733000000.0,-11498000000.0,-47000000.0,5758000000.0,20606000000.0,441000000.0,1961000000.0,1961000000.0,1961000000.0,104000000.0,0.0,0.011,23934000000.0,9863000000.0,24169000000.0,0.37,1.324,10.578,10.491,43395000000.0,0.0,11.33,0.12,0.12,14558000000.0,12205000000.0,172488000000.0,172488000000.0,0.0,0.007,0.129,0.025,0.062,0.0,24287000000.0,1.0,1830902876.0,1830902876,,94.209,273577000000.0,2926000000.0,-52000000.0,3864000000.0,149.422,
66,F,MRT,2004-12-31,2004-12-31,2004-12-31,2021-09-07,1463000000.0,295487000000.0,294464250000.0,,,0.585,9.528,-8930000000.0,22831000000.0,22831000000.0,136967000000.0,3038000000.0,,15.896,162425000000.0,,,162425000000.0,0.0,0.0,0.0,0.027,0.4,12152000000.0,12152000000.0,0.071,12152000000.0,12152000000.0,3681000000.0,1.66,1.52,1.66,17437000000.0,14487250000.0,17437000000.0,174077337749.0,14.0,14.325,12753000000.0,6.969,1.0,35349000000.0,0.205,6394000000.0,8471000000.0,428687000000.0,435671000000.0,10748000000.0,147966000000.0,,,277173000000.0,,,26786337749.0,5181000000.0,468000000.0,-151000000.0,-8892000000.0,-733000000.0,-9912000000.0,-7090000000.0,-920000000.0,21683000000.0,505000000.0,3038000000.0,3038000000.0,3038000000.0,146000000.0,0.0,0.018,24012000000.0,11337000000.0,22030000000.0,0.241,1.536,8.817,8.819,43303000000.0,0.0,14.64,0.155,0.155,15073000000.0,12362000000.0,172316000000.0,172316000000.0,0.0,0.01,0.21,0.028,0.071,0.0,24012000000.0,1.0,1829667879.0,1830000000,1830000000.0,94.162,289093000000.0,6616000000.0,643000000.0,7627000000.0,157.974,
67,F,MRT,2004-09-30,2004-09-30,2004-09-30,2021-09-07,-794000000.0,288678000000.0,295441750000.0,,,0.592,7.692,-9562000000.0,17416000000.0,17416000000.0,140101000000.0,2334000000.0,,19.461,164707000000.0,,,164707000000.0,0.0,0.0,0.0,0.028,0.4,11823000000.0,11823000000.0,0.068,11823000000.0,11823000000.0,2886000000.0,1.29,1.11,1.29,14069000000.0,13040750000.0,14069000000.0,178161513293.0,15.0,15.069,6439000000.0,3.521,1.0,34663000000.0,0.198,7014000000.0,8937000000.0,428955000000.0,440747500000.0,10981000000.0,160522000000.0,,,273796000000.0,,,25708513293.0,-15161000000.0,497000000.0,-75000000.0,-14230000000.0,-733000000.0,-15188000000.0,-16327000000.0,-9502000000.0,16001000000.0,331000000.0,2334000000.0,2334000000.0,2334000000.0,298000000.0,0.0,0.013,23101000000.0,11562000000.0,22399000000.0,0.31,1.827,11.015,10.891,42904000000.0,0.0,14.05,0.147,0.147,12813000000.0,11255000000.0,174764000000.0,174764000000.0,0.0,0.008,0.179,0.027,0.068,0.0,24049000000.0,1.0,1829787423.0,1829000000,1829000000.0,95.552,281664000000.0,3182000000.0,552000000.0,5058000000.0,153.999,
68,F,MRT,2004-06-30,2004-06-30,2004-06-30,2021-09-07,-1209000000.0,293613000000.0,300854250000.0,,,0.573,7.406,-9847000000.0,15648000000.0,15648000000.0,137526000000.0,2043000000.0,,20.593,168101000000.0,,,168101000000.0,0.0,0.0,0.0,0.026,0.4,11522000000.0,11522000000.0,0.067,11522000000.0,11522000000.0,2538000000.0,1.13,0.95,1.13,13561000000.0,11571000000.0,13561000000.0,181908694593.0,16.0,15.788,4464000000.0,2.438,1.0,34859000000.0,0.202,7186000000.0,8984000000.0,438880000000.0,447414750000.0,10614000000.0,161748000000.0,,,279267000000.0,,,28652694593.0,-6875000000.0,1762000000.0,-89000000.0,-5700000000.0,-733000000.0,-6698000000.0,-14761000000.0,-9481000000.0,14311000000.0,251000000.0,2043000000.0,2043000000.0,2043000000.0,108000000.0,0.0,0.012,23511000000.0,11348000000.0,21879000000.0,0.354,2.113,14.025,13.85,42325000000.0,0.0,15.65,0.166,0.166,19412000000.0,11171000000.0,172385000000.0,172385000000.0,0.0,0.007,0.177,0.026,0.067,0.0,24256000000.0,1.0,1830843105.0,1831000000,1831000000.0,94.148,286427000000.0,3242000000.0,495000000.0,4836000000.0,156.432,
69,F,MRT,2004-03-31,2004-03-30,2004-03-30,2021-09-07,-913000000.0,300079000000.0,303998250000.0,,,0.56,7.032,-9678000000.0,18190000000.0,18190000000.0,135562000000.0,1295000000.0,,22.237,171446000000.0,,,171446000000.0,0.0,0.0,0.0,0.029,0.4,10800000000.0,10800000000.0,0.063,10800000000.0,10800000000.0,1723000000.0,0.72,0.6,0.72,12882000000.0,10201750000.0,12882000000.0,183054648676.0,17.0,16.95,2988000000.0,1.631,1.0,34532000000.0,0.203,7173000000.0,9077000000.0,446162000000.0,451865250000.0,10193000000.0,162818000000.0,,,286457000000.0,,,25020648676.0,-6483000000.0,1899000000.0,-29000000.0,-7476000000.0,-733000000.0,-8365000000.0,-11411000000.0,-7192000000.0,12666000000.0,605000000.0,1295000000.0,1295000000.0,1295000000.0,130000000.0,0.0,0.008,24000000000.0,10532000000.0,26545000000.0,0.556,1.942,19.321,18.958,42799000000.0,0.0,13.65,0.147,0.147,16389000000.0,10190000000.0,170094000000.0,170094000000.0,0.0,0.004,0.127,0.024,0.063,0.0,24240000000.0,1.0,1833014555.0,1832000000,1832000000.0,92.846,292906000000.0,4162000000.0,428000000.0,5885000000.0,159.883,
70,F,MRT,2003-12-31,2003-12-31,2003-12-31,2021-09-07,-414000000.0,299397000000.0,301309500000.0,,,0.551,6.36,-9243000000.0,23208000000.0,23208000000.0,132526000000.0,239000000.0,,24.641,179804000000.0,,,179804000000.0,0.0,0.0,0.0,0.025,0.4,9366000000.0,9366000000.0,0.056,9366000000.0,9366000000.0,193000000.0,0.13,0.13,0.13,11651000000.0,8664250000.0,11651000000.0,181645686560.0,19.0,19.394,6330000000.0,3.455,1.0,33569000000.0,0.202,7000000000.0,9173000000.0,448993000000.0,447335000000.0,9151000000.0,157774000000.0,,,287087000000.0,,,29296686560.0,4983000000.0,1948000000.0,9000000.0,-4393000000.0,-733000000.0,-5215000000.0,-6208000000.0,-2217000000.0,15573000000.0,811000000.0,239000000.0,239000000.0,239000000.0,143000000.0,0.0,0.001,24453000000.0,9116000000.0,20407000000.0,3.077,2.515,122.58,123.077,43506000000.0,0.0,16.0,0.176,0.176,18420000000.0,8421000000.0,166095000000.0,166095000000.0,0.0,0.001,0.028,0.021,0.056,0.0,24453000000.0,1.0,1831042910.0,1832000000,1832000000.0,90.663,292397000000.0,7389000000.0,-46000000.0,8439000000.0,159.605,
71,F,MRT,2003-09-30,2003-09-30,2003-09-30,2021-09-07,-4756000000.0,310328000000.0,295740750000.0,,,0.539,4.473,-9683000000.0,27887000000.0,27887000000.0,123387000000.0,1158000000.0,,36.819,180236000000.0,,,180236000000.0,0.0,0.0,0.0,0.037,0.4,9538000000.0,9538000000.0,0.06,9538000000.0,9538000000.0,1817000000.0,0.63,0.59,0.63,8190000000.0,7149000000.0,8190000000.0,177153316706.0,19.0,18.573,3932000000.0,2.147,1.0,36004000000.0,0.226,7053000000.0,7721000000.0,455624000000.0,441650500000.0,10085000000.0,166302000000.0,,,301549000000.0,,,19730316706.0,11694000000.0,1948000000.0,48000000.0,14632000000.0,-737000000.0,-5854000000.0,3279000000.0,10023000000.0,13615000000.0,654000000.0,1154000000.0,1154000000.0,1154000000.0,207000000.0,4000000.0,0.007,26768000000.0,9236000000.0,20742000000.0,0.635,2.409,17.097,17.095,42077000000.0,0.0,10.77,0.124,0.124,12958000000.0,9398000000.0,159391000000.0,159391000000.0,0.0,0.004,0.161,0.022,0.06,0.0,24437000000.0,1.0,1831969982.0,1831000000,1831000000.0,87.051,303275000000.0,14397000000.0,663000000.0,14512000000.0,165.634,
72,F,MRT,2003-06-30,2003-06-30,2003-06-30,2021-09-07,-5065000000.0,306189000000.0,289582750000.0,,,0.559,4.413,-9055000000.0,17684000000.0,17684000000.0,125574000000.0,857000000.0,,36.175,175107000000.0,,,175107000000.0,0.0,0.0,0.0,0.036,0.4,9468000000.0,9468000000.0,0.058,9468000000.0,9468000000.0,1453000000.0,0.46,0.42,0.46,8084000000.0,7594000000.0,8084000000.0,165558392717.0,17.0,17.486,4106000000.0,2.241,1.0,36413000000.0,0.225,6930000000.0,8015000000.0,456682000000.0,424156250000.0,8448000000.0,169519000000.0,,,292436000000.0,,,20115392717.0,4504000000.0,271000000.0,192000000.0,7130000000.0,-740000000.0,-13599000000.0,4478000000.0,12299000000.0,13161000000.0,464000000.0,849000000.0,849000000.0,849000000.0,286000000.0,8000000.0,0.005,27307000000.0,9106000000.0,21832000000.0,0.87,2.488,23.693,23.891,39634000000.0,0.0,10.99,0.124,0.124,16968000000.0,9606000000.0,161987000000.0,161987000000.0,0.0,0.003,0.112,0.022,0.058,0.0,24713000000.0,1.0,1830336007.0,1832000000,1832000000.0,88.421,299259000000.0,15320000000.0,604000000.0,14475000000.0,163.351,
73,F,MRT,2003-03-31,2003-03-31,2003-03-31,2021-09-07,-6119000000.0,289324000000.0,285608250000.0,,,0.573,3.675,-8479000000.0,19237000000.0,19237000000.0,126159000000.0,1010000000.0,,41.135,164680000000.0,,,164680000000.0,0.0,0.0,0.0,0.053,0.4,10107000000.0,10107000000.0,0.062,10107000000.0,10107000000.0,1698000000.0,0.54,0.49,0.54,6732000000.0,8071500000.0,6732000000.0,169299533412.0,17.0,16.751,5418000000.0,2.957,1.0,37453000000.0,0.229,6726000000.0,8409000000.0,428041000000.0,408536750000.0,7953000000.0,151763000000.0,,,276922000000.0,,,13657533412.0,3065000000.0,154000000.0,322000000.0,7912000000.0,-742000000.0,-12283000000.0,896000000.0,8509000000.0,13897000000.0,555000000.0,999000000.0,999000000.0,999000000.0,326000000.0,11000000.0,0.006,27614000000.0,9839000000.0,20480000000.0,0.741,2.029,13.671,13.926,38151000000.0,0.0,7.52,0.083,0.084,20388000000.0,9371000000.0,163612000000.0,163612000000.0,0.0,0.003,0.124,0.025,0.062,0.0,24928000000.0,1.0,1816161358.0,1832000000,1832000000.0,89.308,282598000000.0,15204000000.0,699000000.0,14370000000.0,154.257,
74,F,MRT,2002-12-31,2002-12-31,2002-12-31,2021-09-07,-6531000000.0,277122000000.0,282189250000.0,,,0.575,3.073,-9109000000.0,12221000000.0,12221000000.0,125027000000.0,-980000000.0,,47.56,167882000000.0,,,167882000000.0,0.0,0.0,0.0,0.043,0.4,8148000000.0,8148000000.0,0.05,8148000000.0,8148000000.0,-653000000.0,-0.55,-0.54,-0.55,5590000000.0,8243250000.0,5590000000.0,168869497816.0,21.0,20.725,2630000000.0,1.446,1.0,37231000000.0,0.229,6528000000.0,8801000000.0,426255000000.0,394843250000.0,6977000000.0,158574000000.0,,,265862000000.0,,,17066497816.0,4877000000.0,-32000000.0,287000000.0,4929000000.0,-743000000.0,-10387000000.0,3152000000.0,11400000000.0,11739000000.0,373000000.0,-995000000.0,-995000000.0,-995000000.0,333000000.0,15000000.0,-0.006,28249000000.0,8982000000.0,18936000000.0,-0.727,3.053,-17.152,-16.909,37923000000.0,0.0,9.3,0.105,0.104,19665000000.0,8659000000.0,162258000000.0,162258000000.0,0.0,-0.004,-0.121,0.021,0.05,0.0,25196000000.0,1.0,1835107292.0,1819000000,1819000000.0,89.202,270594000000.0,2978000000.0,342000000.0,2311000000.0,148.76,
75,F,MRT,2002-09-30,2002-09-30,2002-09-30,2021-09-07,-2524000000.0,285696000000.0,280882000000.0,42822000000.0,242874000000.0,0.573,5.472,-8820000000.0,16073000000.0,16073000000.0,129704000000.0,-5918000000.0,0.944,27.656,167876000000.0,209000000.0,167667000000.0,167876000000.0,0.0,0.0,0.0,0.046,0.45,2582000000.0,2582000000.0,0.016,2582000000.0,2582000000.0,-7681000000.0,-3.28,-3.3,-3.28,9970000000.0,8792250000.0,9970000000.0,175246199823.0,68.0,67.872,8556000000.0,4.696,1.0,31288000000.0,0.194,6490000000.0,10263000000.0,385647000000.0,383274500000.0,7504000000.0,168126000000.0,16137000000.0,151989000000.0,275726000000.0,45362000000.0,230364000000.0,17864199823.0,5439000000.0,-79000000.0,158000000.0,-9737000000.0,-830000000.0,-5239000000.0,-6747000000.0,1292000000.0,17376000000.0,49000000.0,-5933000000.0,-5933000000.0,-5933000000.0,249000000.0,15000000.0,-0.037,28600000000.0,2688000000.0,26780000000.0,-0.137,1.792,-3.011,-2.988,35172000000.0,0.0,9.8,0.111,0.111,17361000000.0,9096000000.0,160992000000.0,160992000000.0,0.0,-0.021,-0.675,0.007,0.016,0.0,36428000000.0,1.0,1822877533.0,1822000000,1822000000.0,88.36,279206000000.0,10266000000.0,-1748000000.0,10781000000.0,153.241,-2540000000.0
76,F,MRT,2002-06-30,2002-06-30,2002-06-30,2021-09-07,-2932000000.0,290291000000.0,278839750000.0,43534000000.0,246757000000.0,0.567,5.512,-8318000000.0,13103000000.0,13103000000.0,126329000000.0,-6284000000.0,0.935,28.047,170485000000.0,241000000.0,170244000000.0,170485000000.0,0.0,0.0,0.0,0.041,0.65,1929000000.0,1929000000.0,0.012,1929000000.0,1929000000.0,-8413000000.0,-3.49,-3.51,-3.49,9994000000.0,9641000000.0,9994000000.0,177872669056.0,92.0,92.21,12149000000.0,6.701,1.0,31649000000.0,0.2,6885000000.0,10342000000.0,394204000000.0,384856000000.0,7522000000.0,173387000000.0,14945000000.0,158442000000.0,280297000000.0,46584000000.0,233713000000.0,29003669056.0,6481000000.0,-147000000.0,29000000.0,-17187000000.0,-1191000000.0,-13177000000.0,-1094000000.0,6239000000.0,20467000000.0,285000000.0,-6299000000.0,-6299000000.0,-6299000000.0,167000000.0,15000000.0,-0.04,28933000000.0,2716000000.0,28865000000.0,-0.186,2.902,-4.604,-4.585,35162000000.0,0.0,16.0,0.184,0.184,19522000000.0,9609000000.0,157978000000.0,157978000000.0,0.0,-0.023,-0.653,0.005,0.012,0.0,32593000000.0,1.0,1812729316.0,1813000000,1813000000.0,87.136,283406000000.0,10136000000.0,-2114000000.0,10483000000.0,156.319,-3050000000.0
77,F,MRT,2002-03-31,2002-03-31,2002-03-31,2021-09-07,-5253000000.0,275648000000.0,278653500000.0,38858000000.0,236790000000.0,0.567,4.106,-8269000000.0,16020000000.0,16020000000.0,127732000000.0,-7606000000.0,0.876,36.154,164889000000.0,235000000.0,164654000000.0,164889000000.0,0.0,0.0,0.0,0.052,0.85,297000000.0,297000000.0,0.002,297000000.0,297000000.0,-10308000000.0,-4.22,-4.22,-4.22,7419000000.0,10582000000.0,7419000000.0,190581975995.0,642.0,641.69,13990000000.0,7.742,1.0,30353000000.0,0.192,6869000000.0,10605000000.0,373267000000.0,389618250000.0,7068000000.0,164821000000.0,11433000000.0,153388000000.0,268229000000.0,44381000000.0,223848000000.0,29790975995.0,10673000000.0,-1907000000.0,-641000000.0,-8848000000.0,-1556000000.0,-6839000000.0,-4620000000.0,4383000000.0,22259000000.0,-127000000.0,-7621000000.0,-7621000000.0,-7621000000.0,118000000.0,15000000.0,-0.048,28967000000.0,1386000000.0,28248000000.0,-0.201,4.015,-3.909,-3.908,33537000000.0,0.0,16.49,0.188,0.188,16957000000.0,9518000000.0,158085000000.0,158085000000.0,0.0,-0.027,-0.72,0.001,0.002,0.0,28810000000.0,1.0,1806608611.0,1807000000,1807000000.0,87.485,268779000000.0,10326000000.0,-2687000000.0,10197000000.0,148.743,-5523000000.0
78,F,MRT,2001-12-31,2001-12-31,2001-12-31,2021-09-07,-5913000000.0,271893000000.0,280888250000.0,33121000000.0,243422000000.0,0.571,4.278,-8364000000.0,7197000000.0,7197000000.0,128348000000.0,-5453000000.0,0.744,33.834,167475000000.0,302000000.0,167707000000.0,167475000000.0,0.0,0.0,0.0,0.067,1.05,3252000000.0,3252000000.0,0.02,3252000000.0,3252000000.0,-7564000000.0,-3.02,-3.02,-3.02,7786000000.0,12744500000.0,7786000000.0,184872977244.0,57.0,56.849,13416000000.0,7.371,1.0,32156000000.0,0.2,7645000000.0,10816000000.0,379980000000.0,397185750000.0,6127000000.0,170868000000.0,10949000000.0,160698000000.0,263435000000.0,44546000000.0,224211000000.0,28466977244.0,2408000000.0,-2735000000.0,-1385000000.0,635000000.0,-1929000000.0,-2603000000.0,-16517000000.0,-6040000000.0,21780000000.0,-252000000.0,-5468000000.0,-5468000000.0,-5468000000.0,106000000.0,15000000.0,-0.034,28668000000.0,3488000000.0,21328000000.0,-0.348,3.656,-5.206,-5.205,34575000000.0,0.0,15.72,0.177,0.178,14729000000.0,10502000000.0,160504000000.0,160504000000.0,0.0,-0.019,-0.429,0.008,0.02,0.0,25007000000.0,1.0,1810876415.0,1820000000,1820000000.0,88.189,264248000000.0,8639000000.0,-2096000000.0,10345000000.0,145.191,-11425000000.0
79,F,MRT,2001-09-30,2001-09-30,2001-09-30,2021-09-07,-5575000000.0,277527000000.0,283762500000.0,32793000000.0,244734000000.0,0.579,7.376,-8810000000.0,10638000000.0,10638000000.0,122554000000.0,692000000.0,0.782,19.765,167044000000.0,283000000.0,166761000000.0,167044000000.0,0.0,0.0,0.0,0.069,1.2,12416000000.0,12416000000.0,0.076,12416000000.0,12416000000.0,1200000000.0,0.34,0.32,0.34,13365000000.0,15450500000.0,13365000000.0,199684665770.0,16.0,16.083,18372000000.0,10.139,1.0,41651000000.0,0.254,0.0,11216000000.0,391973000000.0,402587500000.0,7110000000.0,171793000000.0,6875000000.0,164918000000.0,264162000000.0,41960000000.0,222202000000.0,31434665770.0,4947000000.0,-2878000000.0,-2391000000.0,2061000000.0,-2220000000.0,-2120000000.0,-19410000000.0,-7464000000.0,27182000000.0,-705000000.0,677000000.0,677000000.0,677000000.0,-1680000000.0,15000000.0,0.004,27894000000.0,13757000000.0,27774000000.0,3.529,2.352,46.432,51.029,35825000000.0,0.0,17.35,0.191,0.191,6755000000.0,15845000000.0,164205000000.0,164205000000.0,0.0,0.002,0.044,0.031,0.076,0.0,23844000000.0,1.0,1811796298.0,1812000000,1812000000.0,90.621,277527000000.0,6195000000.0,523000000.0,8770000000.0,153.161,-9167000000.0
80,F,MRT,2001-06-30,2001-06-30,2001-06-30,2021-09-07,-6350000000.0,289546000000.0,284952000000.0,36488000000.0,253058000000.0,0.589,7.563,-9748000000.0,6586000000.0,6586000000.0,125031000000.0,2272000000.0,0.819,20.046,174836000000.0,226000000.0,174610000000.0,174836000000.0,0.0,0.0,0.0,0.057,1.408,14894000000.0,14894000000.0,0.089,14894000000.0,14894000000.0,3514000000.0,1.27,1.24,1.27,13758000000.0,16677500000.0,13758000000.0,207572138623.0,14.0,13.937,17671000000.0,9.715,1.0,42905000000.0,0.255,0.0,11380000000.0,413253000000.0,403710000000.0,7220000000.0,192603000000.0,11502000000.0,181101000000.0,275788000000.0,44543000000.0,231245000000.0,44916138623.0,-2107000000.0,-3248000000.0,-2359000000.0,13952000000.0,-2280000000.0,3072000000.0,-31617000000.0,-17937000000.0,27419000000.0,-981000000.0,2257000000.0,2257000000.0,2257000000.0,-1680000000.0,15000000.0,0.013,27096000000.0,15809000000.0,30074000000.0,1.109,3.265,19.901,19.331,35421000000.0,0.0,24.55,0.267,0.266,7499000000.0,17084000000.0,167936000000.0,167936000000.0,0.0,0.008,0.135,0.037,0.089,0.0,23840000000.0,1.0,1829577948.0,1819000000,1819000000.0,92.323,289546000000.0,6239000000.0,1257000000.0,9112000000.0,159.179,-8055000000.0
81,F,MRT,2001-03-31,2001-03-31,2001-03-31,2021-09-07,-5768000000.0,284587000000.0,283710500000.0,38395000000.0,246192000000.0,0.6,8.733,-10220000000.0,5382000000.0,5382000000.0,124878000000.0,2447000000.0,0.878,16.71,168038000000.0,249000000.0,167789000000.0,168038000000.0,0.0,0.0,0.0,0.12,3.387,15908000000.0,15908000000.0,0.094,15908000000.0,15908000000.0,4701000000.0,1.21,1.19,1.21,16069000000.0,19398750000.0,16069000000.0,212979630689.0,13.0,13.388,19405000000.0,10.546,1.0,45243000000.0,0.266,0.0,11207000000.0,403537000000.0,398699250000.0,7664000000.0,189333000000.0,11814000000.0,177519000000.0,268518000000.0,43706000000.0,224812000000.0,51601630689.0,-405000000.0,-3384000000.0,-1952000000.0,12918000000.0,-2701000000.0,4185000000.0,-33159000000.0,-18693000000.0,29625000000.0,-1056000000.0,2432000000.0,2432000000.0,2432000000.0,-1842000000.0,15000000.0,0.014,26688000000.0,18555000000.0,30606000000.0,2.799,3.211,21.218,23.24,36133000000.0,0.0,28.12,0.303,0.304,9244000000.0,18386000000.0,170121000000.0,170121000000.0,0.0,0.009,0.125,0.04,0.094,0.0,23962000000.0,1.0,1835050878.0,1840000000,1840000000.0,92.457,284587000000.0,5909000000.0,2269000000.0,9369000000.0,154.667,-5311000000.0
82,F,MRT,2000-12-31,2000-12-31,2000-12-31,2021-09-07,-3432000000.0,283390000000.0,281319750000.0,37833000000.0,245557000000.0,0.606,12.549,-10455000000.0,4851000000.0,4851000000.0,125651000000.0,3467000000.0,0.876,14.228,166229000000.0,277000000.0,165952000000.0,166229000000.0,0.0,0.0,0.0,0.153,3.595,17032000000.0,17032000000.0,0.1,17032000000.0,17032000000.0,6172000000.0,2.34,2.3,2.34,18610000000.0,22486250000.0,18610000000.0,201225766730.0,12.0,11.815,22912000000.0,15.45,1.0,44928000000.0,0.263,0.0,10860000000.0,401587000000.0,393994750000.0,7514000000.0,190226000000.0,14703000000.0,175523000000.0,264780000000.0,43181000000.0,221599000000.0,44447766730.0,441000000.0,-2774000000.0,-1229000000.0,14065000000.0,-2751000000.0,4657000000.0,-36669000000.0,-23120000000.0,33367000000.0,-914000000.0,3452000000.0,3452000000.0,3452000000.0,-1989000000.0,15000000.0,0.02,25678000000.0,19250000000.0,28607000000.0,1.536,2.388,12.876,10.017,37508000000.0,0.0,23.44,0.261,0.204,11009000000.0,17884000000.0,170579000000.0,170579000000.0,0.0,0.012,0.154,0.043,0.1,0.0,23721000000.0,1.0,1896235782.0,1483000000,1483000000.0,115.023,283390000000.0,5581000000.0,2720000000.0,9479000000.0,191.092,-5348000000.0
83,F,MRT,2000-09-30,2000-09-30,2000-09-30,2021-09-07,-3913000000.0,282285000000.0,278034500000.0,41014000000.0,241271000000.0,0.617,11.081,-10348000000.0,5662000000.0,5662000000.0,127361000000.0,4196000000.0,0.963,14.448,162440000000.0,731000000.0,161709000000.0,162440000000.0,0.0,0.0,0.0,0.149,3.803,16181000000.0,16181000000.0,0.094,16181000000.0,16181000000.0,7228000000.0,3.29,3.23,3.29,18273000000.0,24734750000.0,18273000000.0,182601024197.0,11.0,11.285,26134000000.0,15.848,1.0,44054000000.0,0.257,0.0,8953000000.0,396463000000.0,388246250000.0,8189000000.0,187277000000.0,15247000000.0,172030000000.0,264012000000.0,42600000000.0,221412000000.0,30724024197.0,2365000000.0,-2673000000.0,-353000000.0,17344000000.0,-2790000000.0,5824000000.0,-39530000000.0,-38256000000.0,36482000000.0,-411000000.0,4181000000.0,4181000000.0,4181000000.0,-404000000.0,15000000.0,0.024,26023000000.0,18031000000.0,28536000000.0,1.156,1.681,7.348,7.751,35600000000.0,0.0,25.5,0.179,0.245,10198000000.0,17374000000.0,171415000000.0,171415000000.0,0.0,0.015,0.169,0.042,0.094,0.0,9833000000.0,1.0,1204863694.0,1649000000,1649000000.0,103.951,282285000000.0,6440000000.0,3047000000.0,10444000000.0,171.186,-1586000000.0
84,F,MRT,2000-06-30,2000-06-30,2000-06-30,2021-09-07,-2934000000.0,284580000000.0,274310750000.0,45482000000.0,239098000000.0,0.615,20.451,-10389000000.0,8664000000.0,8664000000.0,125570000000.0,4422000000.0,1.052,10.548,160541000000.0,862000000.0,159679000000.0,160541000000.0,0.0,0.0,0.0,0.087,3.762,15968000000.0,15968000000.0,0.095,15968000000.0,15968000000.0,7478000000.0,3.67,3.6,3.67,24643000000.0,26896750000.0,24643000000.0,201448319930.0,13.0,12.616,23293000000.0,19.33,1.0,43070000000.0,0.255,0.0,8490000000.0,393210000000.0,380681750000.0,6251000000.0,192101000000.0,18568000000.0,173533000000.0,259937000000.0,43247000000.0,216690000000.0,51827319930.0,4601000000.0,-2209000000.0,-379000000.0,17669000000.0,-2744000000.0,13414000000.0,-42243000000.0,-41352000000.0,33682000000.0,-252000000.0,4407000000.0,4407000000.0,4407000000.0,-559000000.0,15000000.0,0.026,25453000000.0,17617000000.0,28141000000.0,1.025,2.103,11.76,11.717,34677000000.0,0.0,43.0,0.307,0.307,8211000000.0,22823000000.0,168640000000.0,168640000000.0,0.0,0.016,0.164,0.042,0.095,0.0,9524000000.0,1.0,1205286510.0,1205000000,1205000000.0,139.95,284580000000.0,6473000000.0,3071000000.0,11061000000.0,236.166,2235000000.0
85,F,MRT,2000-03-31,2000-03-31,2000-03-31,2021-09-07,-2453000000.0,275024000000.0,268492000000.0,42935000000.0,232089000000.0,0.618,23.565,-10185000000.0,5758000000.0,5758000000.0,122871000000.0,7337000000.0,1.075,8.677,155379000000.0,1107000000.0,154272000000.0,155379000000.0,0.0,0.0,0.0,0.042,1.95,18703000000.0,18703000000.0,0.113,18703000000.0,18703000000.0,10699000000.0,6.08,5.96,6.08,28419000000.0,27296500000.0,28419000000.0,201930952579.0,11.0,10.797,20755000000.0,17.21,1.0,43177000000.0,0.26,0.0,8004000000.0,384719000000.0,372174250000.0,6557000000.0,182693000000.0,18973000000.0,163720000000.0,246605000000.0,39926000000.0,206679000000.0,55422952579.0,385000000.0,-3196000000.0,-375000000.0,14490000000.0,-2335000000.0,9652000000.0,-40032000000.0,-37861000000.0,30940000000.0,-175000000.0,7322000000.0,7322000000.0,7322000000.0,-677000000.0,15000000.0,0.044,25080000000.0,18097000000.0,26388000000.0,0.321,1.95,7.569,7.556,35831000000.0,0.0,45.94,0.334,0.334,8496000000.0,26078000000.0,166048000000.0,166048000000.0,0.0,0.027,0.268,0.05,0.113,0.0,9362000000.0,1.0,1206420387.0,1206000000,1206000000.0,137.685,275024000000.0,5378000000.0,3377000000.0,9991000000.0,228.046,3009000000.0
86,F,MRT,1999-12-31,1999-12-31,1999-12-31,2021-09-07,-1856000000.0,270249000000.0,261363750000.0,42584000000.0,227665000000.0,0.615,22.813,-9398000000.0,4381000000.0,4381000000.0,119030000000.0,7237000000.0,1.075,8.79,152330000000.0,1338000000.0,150992000000.0,152330000000.0,0.0,0.0,0.0,0.036,1.909,18149000000.0,18149000000.0,0.113,18149000000.0,18149000000.0,10470000000.0,5.99,5.86,5.99,27604000000.0,26378500000.0,27604000000.0,204581348924.0,11.0,11.272,17993000000.0,14.87,1.0,41673000000.0,0.259,0.0,7679000000.0,378593000000.0,360947500000.0,5684000000.0,180288000000.0,21247000000.0,159041000000.0,242645000000.0,39605000000.0,203040000000.0,64392348924.0,87000000.0,-5907000000.0,-433000000.0,15952000000.0,-2290000000.0,11861000000.0,-38829000000.0,-34833000000.0,27391000000.0,-336000000.0,7222000000.0,7222000000.0,7222000000.0,-735000000.0,15000000.0,0.045,24246000000.0,17427000000.0,25759000000.0,0.319,2.333,8.916,8.9,36528000000.0,0.0,53.31,0.401,0.401,7102000000.0,24606000000.0,160703000000.0,160703000000.0,0.0,0.028,0.274,0.05,0.113,0.0,8874000000.0,1.0,1207884992.0,1210000000,1210000000.0,132.812,270249000000.0,6216000000.0,3248000000.0,10010000000.0,223.346,2979000000.0
87,F,MRT,1999-09-30,1999-09-30,1999-09-30,2021-09-07,-1861000000.0,267390000000.0,253187750000.0,44481000000.0,222909000000.0,0.607,22.267,-9231000000.0,5278000000.0,5278000000.0,115670000000.0,6474000000.0,1.075,8.932,145467000000.0,1429000000.0,144038000000.0,145467000000.0,0.0,0.0,0.0,0.037,1.868,16685000000.0,16685000000.0,0.109,16685000000.0,16685000000.0,8973000000.0,5.37,5.25,5.37,26921000000.0,25329750000.0,26921000000.0,199479897928.0,12.0,11.956,15658000000.0,12.951,1.0,37903000000.0,0.247,0.0,7712000000.0,366205000000.0,348774500000.0,7218000000.0,166050000000.0,21664000000.0,144386000000.0,240469000000.0,41374000000.0,199095000000.0,60790897928.0,97000000.0,-8774000000.0,-401000000.0,12321000000.0,-2247000000.0,10814000000.0,-35181000000.0,-17259000000.0,24889000000.0,-425000000.0,6459000000.0,6459000000.0,6459000000.0,-1343000000.0,15000000.0,0.042,22487000000.0,15416000000.0,24359000000.0,0.348,2.258,9.412,9.358,41356000000.0,0.0,50.25,0.396,0.396,6517000000.0,23408000000.0,153573000000.0,153573000000.0,0.0,0.026,0.255,0.048,0.109,0.0,7920000000.0,1.0,1209769113.0,1209000000,1209000000.0,127.025,267390000000.0,7059000000.0,2514000000.0,10101000000.0,221.166,3107000000.0
88,F,MRT,1999-06-30,1999-06-30,1999-06-30,2021-09-07,-2173000000.0,261305000000.0,243468750000.0,41894000000.0,219411000000.0,0.612,21.67,,5619000000.0,5619000000.0,111639000000.0,6361000000.0,1.026,8.958,144308000000.0,1348000000.0,142960000000.0,144308000000.0,0.0,,0.0,0.032,1.828,16423000000.0,,,,16423000000.0,8869000000.0,5.27,5.15,5.27,26242000000.0,24529000000.0,26242000000.0,199446020726.0,12.0,,,,1.0,37294000000.0,0.25,0.0,7554000000.0,359180000000.0,334865750000.0,6347000000.0,166827000000.0,19567000000.0,147260000000.0,235063000000.0,40814000000.0,194249000000.0,68336020726.0,,,,,,,,,,,6346000000.0,6346000000.0,6346000000.0,-1188000000.0,15000000.0,0.043,22093000000.0,15201000000.0,22756000000.0,0.347,2.604,10.768,10.71,39775000000.0,0.0,56.44,0.459,0.459,5046000000.0,22854000000.0,148933000000.0,148933000000.0,0.0,0.026,0.259,0.049,0.11,,7760000000.0,1.0,1210772869.0,1211000000,1211000000.0,122.983,261305000000.0,6697000000.0,2523000000.0,9275000000.0,215.776,1080000000.0
89,F,MRT,1999-03-31,1999-03-31,1999-03-31,2021-09-07,-1820000000.0,246511000000.0,235210250000.0,38293000000.0,208218000000.0,0.614,20.435,,5930000000.0,5930000000.0,106999000000.0,6404000000.0,1.013,8.961,137040000000.0,1501000000.0,135539000000.0,137040000000.0,0.0,,0.0,0.428,24.256,16623000000.0,,,,16623000000.0,9069000000.0,5.3,5.17,5.3,24747000000.0,23736000000.0,24747000000.0,196687429713.0,12.0,,,,1.0,37316000000.0,0.259,0.0,7554000000.0,339812000000.0,322709500000.0,5542000000.0,163259000000.0,19269000000.0,143990000000.0,221764000000.0,37809000000.0,183955000000.0,68688429713.0,,,,,,,,,,,6388000000.0,6388000000.0,6388000000.0,-908000000.0,16000000.0,0.044,21746000000.0,15570000000.0,19635000000.0,4.577,2.776,10.753,10.696,36882000000.0,0.0,56.69,0.476,0.476,3910000000.0,21077000000.0,144315000000.0,144315000000.0,0.0,0.027,0.269,0.052,0.115,,7695000000.0,1.0,1211649845.0,1211000000,1211000000.0,119.17,246511000000.0,6225000000.0,2681000000.0,8028000000.0,203.56,484000000.0
90,F,MRT,1998-12-31,1998-12-31,1998-12-31,2021-09-07,-1670000000.0,237545000000.0,229392000000.0,38709000000.0,198836000000.0,0.625,19.33,-9656000000.0,4836000000.0,4836000000.0,104616000000.0,22071000000.0,1.086,9.148,132835000000.0,1121000000.0,131714000000.0,132835000000.0,0.0,0.0,0.0,0.413,24.216,32760000000.0,32760000000.0,0.229,32760000000.0,32760000000.0,24724000000.0,18.17,17.76,18.17,23409000000.0,22923500000.0,23409000000.0,188765537549.0,6.0,5.762,12071000000.0,9.968,1.0,38734000000.0,0.27,0.0,8036000000.0,329901000000.0,312820000000.0,5656000000.0,161838000000.0,20120000000.0,141718000000.0,214136000000.0,35643000000.0,178493000000.0,71015537549.0,-3296000000.0,-344000000.0,-515000000.0,13939000000.0,-5348000000.0,6237000000.0,-31356000000.0,-21146000000.0,21727000000.0,96000000.0,21964000000.0,21964000000.0,21964000000.0,-703000000.0,107000000.0,0.153,22648000000.0,16086000000.0,20566000000.0,1.333,3.034,3.233,3.23,37320000000.0,0.0,58.69,0.495,0.496,3492000000.0,19659000000.0,143350000000.0,143350000000.0,0.0,0.096,0.958,0.105,0.229,0.0,7834000000.0,1.0,1210010863.0,1211000000,1211000000.0,118.373,237545000000.0,6414000000.0,2760000000.0,7643000000.0,196.156,3066000000.0
91,F,MRT,1998-09-30,1998-09-30,1998-09-30,2021-09-07,-1215000000.0,228514000000.0,239780000000.0,39519000000.0,188995000000.0,0.611,19.569,,6382000000.0,6382000000.0,102217000000.0,22824000000.0,1.107,8.635,124132000000.0,1168000000.0,122964000000.0,124132000000.0,0.0,,0.0,0.514,24.176,34949000000.0,,,,34949000000.0,26420000000.0,18.75,18.39,18.75,23718000000.0,24754750000.0,23718000000.0,174907671006.0,5.0,,,,1.0,44248000000.0,0.302,0.0,8529000000.0,310570000000.0,332044000000.0,6387000000.0,146170000000.0,17764000000.0,128406000000.0,204796000000.0,35694000000.0,169102000000.0,56946671006.0,,,,,,,,,,,22708000000.0,22708000000.0,22708000000.0,0.0,116000000.0,0.155,25253000000.0,18995000000.0,18774000000.0,1.289,2.401,2.508,2.507,36480000000.0,0.0,47.0,0.389,0.389,3149000000.0,19176000000.0,146465000000.0,146465000000.0,0.0,0.095,0.917,0.105,0.239,,9102000000.0,1.0,1211631298.0,1212000000,1212000000.0,120.846,228514000000.0,6152000000.0,3712000000.0,7721000000.0,188.543,3825000000.0
92,F,MRT,1998-06-30,1998-06-30,1998-06-30,2021-09-07,-1496000000.0,228271000000.0,251207250000.0,37764000000.0,190507000000.0,0.597,19.035,,6687000000.0,6687000000.0,104050000000.0,22948000000.0,1.058,8.895,124648000000.0,855000000.0,123793000000.0,124648000000.0,0.0,,0.0,0.41,24.176,35777000000.0,,,,35777000000.0,26648000000.0,18.86,18.5,18.86,23070000000.0,26244500000.0,23070000000.0,185569340026.0,5.0,,,,1.0,45871000000.0,0.306,0.0,9129000000.0,310555000000.0,353246000000.0,5551000000.0,145967000000.0,17386000000.0,128581000000.0,205201000000.0,35677000000.0,169524000000.0,71566340026.0,,,,,,,,,,,22823000000.0,22823000000.0,22823000000.0,0.0,125000000.0,0.152,25940000000.0,19931000000.0,18963000000.0,1.282,3.102,3.136,3.128,35847000000.0,0.0,59.0,0.477,0.477,2863000000.0,18688000000.0,149921000000.0,149921000000.0,0.0,0.091,0.87,0.101,0.239,,8902000000.0,1.0,1212988814.0,1212000000,1212000000.0,123.697,228271000000.0,6796000000.0,3825000000.0,7852000000.0,188.342,2087000000.0
93,F,MRT,1998-03-31,1998-03-31,1998-03-31,2021-09-07,-1416000000.0,223238000000.0,261993500000.0,37487000000.0,185751000000.0,0.584,17.766,-9383000000.0,8228000000.0,8228000000.0,106553000000.0,23097000000.0,1.014,9.385,122231000000.0,801000000.0,121430000000.0,122231000000.0,0.0,0.0,0.0,0.026,1.708,36503000000.0,36503000000.0,0.239,36503000000.0,36503000000.0,26777000000.0,19.01,18.65,19.01,21497000000.0,27755250000.0,21497000000.0,239539411745.0,7.0,6.562,16945000000.0,14.004,1.0,46344000000.0,0.303,0.0,9726000000.0,300254000000.0,374782250000.0,6340000000.0,141526000000.0,14473000000.0,127053000000.0,201741000000.0,36987000000.0,164754000000.0,78548411745.0,-502000000.0,-40000000.0,278000000.0,9450000000.0,-2071000000.0,7357000000.0,-34045000000.0,-29707000000.0,26328000000.0,-142000000.0,22962000000.0,22962000000.0,22962000000.0,0.0,135000000.0,0.15,25954000000.0,20390000000.0,21253000000.0,0.09,3.654,3.421,3.409,35438000000.0,0.0,64.81,0.514,0.513,2996000000.0,16819000000.0,152897000000.0,152897000000.0,0.0,0.088,0.827,0.097,0.239,0.0,8373000000.0,1.0,1211979814.0,1210000000,1210000000.0,126.361,223238000000.0,6817000000.0,3815000000.0,6999000000.0,184.494,500000000.0
94,F,MRT,1997-12-31,1997-12-31,1997-12-31,2021-09-07,-1228000000.0,279097000000.0,271673250000.0,36847000000.0,242250000000.0,0.565,25.719,-10007000000.0,7934000000.0,7934000000.0,107994000000.0,6920000000.0,1.107,8.081,168925000000.0,1129000000.0,167796000000.0,168925000000.0,0.0,0.0,0.0,0.034,1.672,20319000000.0,20319000000.0,0.132,20319000000.0,20319000000.0,10607000000.0,5.75,5.62,5.75,30734000000.0,29194000000.0,30734000000.0,215420706600.0,11.0,10.602,17627000000.0,14.751,1.0,45633000000.0,0.297,0.0,9712000000.0,406797000000.0,395100750000.0,5468000000.0,194510000000.0,14935000000.0,179575000000.0,248363000000.0,33291000000.0,215072000000.0,58271706600.0,667000000.0,-40000000.0,295000000.0,10920000000.0,-2020000000.0,9200000000.0,-36076000000.0,-30630000000.0,27634000000.0,-91000000.0,6866000000.0,6866000000.0,6866000000.0,0.0,54000000.0,0.045,25387000000.0,20246000000.0,19509000000.0,0.291,1.896,8.487,8.445,34594000000.0,0.0,48.56,0.379,0.378,3097000000.0,25234000000.0,153627000000.0,153627000000.0,0.0,0.025,0.235,0.051,0.132,0.0,7995000000.0,1.0,1199993958.0,1195000000,1195000000.0,128.558,279097000000.0,6961000000.0,3741000000.0,6915000000.0,233.554,3556000000.0
95,F,MRT,1997-09-30,1997-09-30,1997-09-30,2021-09-07,-963000000.0,274223000000.0,267615750000.0,36650000000.0,237573000000.0,0.57,24.772,-10064000000.0,7144000000.0,7144000000.0,110076000000.0,6328000000.0,1.018,8.24,164293000000.0,1587000000.0,162706000000.0,164293000000.0,0.0,0.0,0.0,0.036,1.636,19127000000.0,19127000000.0,0.125,19127000000.0,19127000000.0,9533000000.0,5.29,5.15,5.29,29677000000.0,28201000000.0,29677000000.0,213354065227.0,11.0,11.155,13311000000.0,11.111,1.0,42432000000.0,0.278,0.0,9594000000.0,395378000000.0,388769250000.0,6320000000.0,188861000000.0,14736000000.0,174125000000.0,244546000000.0,35994000000.0,208552000000.0,53890065227.0,-1612000000.0,-166000000.0,297000000.0,9415000000.0,-2000000000.0,7323000000.0,-32252000000.0,-22687000000.0,23375000000.0,-58000000.0,6273000000.0,6273000000.0,6273000000.0,0.0,55000000.0,0.041,23876000000.0,18556000000.0,18467000000.0,0.309,1.816,8.591,8.529,34282000000.0,0.0,45.12,0.353,0.354,3220000000.0,23954000000.0,152508000000.0,152508000000.0,0.0,0.023,0.222,0.049,0.125,0.0,6915000000.0,1.0,1194372013.0,1198000000,1198000000.0,127.302,274223000000.0,7416000000.0,3260000000.0,6899000000.0,228.901,656000000.0
96,F,MRT,1997-06-30,1997-06-30,1997-06-30,2021-09-07,-768000000.0,271416000000.0,,34666000000.0,236750000000.0,,24.403,-8814000000.0,5065000000.0,5065000000.0,109321000000.0,5889000000.0,1.014,8.323,164529000000.0,1624000000.0,162905000000.0,164529000000.0,0.0,0.0,0.0,0.042,1.6,18592000000.0,18592000000.0,0.124,18592000000.0,18592000000.0,8970000000.0,4.93,4.8,4.93,29113000000.0,,29113000000.0,197324618508.0,11.0,10.613,7820000000.0,6.555,1.0,41051000000.0,0.273,0.0,9622000000.0,396700000000.0,,6136000000.0,188489000000.0,15168000000.0,173321000000.0,242303000000.0,34180000000.0,208123000000.0,45251618508.0,-4088000000.0,-166000000.0,153000000.0,10434000000.0,-1930000000.0,8179000000.0,-28820000000.0,-20024000000.0,16634000000.0,-81000000.0,5831000000.0,5831000000.0,5831000000.0,0.0,58000000.0,0.039,23173000000.0,17878000000.0,18214000000.0,0.325,1.554,7.761,7.708,33491000000.0,0.0,38.0,0.301,0.301,3364000000.0,23346000000.0,150372000000.0,150372000000.0,0.0,,,,0.124,0.0,6760000000.0,1.0,1190832066.0,1193000000,1193000000.0,126.045,271416000000.0,7449000000.0,3139000000.0,6287000000.0,227.507,486000000.0
97,F,MRT,1997-03-31,1997-03-31,1997-03-31,2021-09-07,-559000000.0,261957000000.0,,33224000000.0,228733000000.0,,22.901,,5798000000.0,5798000000.0,109167000000.0,5262000000.0,1.022,8.612,157871000000.0,1756000000.0,156115000000.0,157871000000.0,0.0,,0.0,0.049,1.529,17492000000.0,,,,17492000000.0,7853000000.0,4.42,4.3,4.42,27252000000.0,,27252000000.0,189095180427.0,11.0,,,,1.0,39913000000.0,0.268,0.0,9639000000.0,381528000000.0,,7237000000.0,179613000000.0,13193000000.0,166420000000.0,234705000000.0,32502000000.0,202203000000.0,37321180427.0,,,,,,,,,,,5202000000.0,5202000000.0,5202000000.0,0.0,60000000.0,0.035,22771000000.0,17142000000.0,18586000000.0,0.346,1.369,7.174,7.097,33039000000.0,0.0,31.37,0.25,0.25,3375000000.0,21331000000.0,149080000000.0,149080000000.0,0.0,,,,0.117,,6691000000.0,1.0,1189709290.0,1190000000,1190000000.0,125.277,261957000000.0,7679000000.0,2651000000.0,5795000000.0,220.132,722000000.0
98,F,MRT,1996-12-31,1996-12-31,1996-12-31,2021-09-07,-29000000.0,262867000000.0,253075000000.0,31692000000.0,231175000000.0,0.581,22.699,-9448000000.0,7267000000.0,7267000000.0,108882000000.0,4446000000.0,0.955,8.822,159041000000.0,1661000000.0,157380000000.0,159041000000.0,0.0,0.0,0.0,0.046,1.494,16251000000.0,16251000000.0,0.111,16251000000.0,16251000000.0,6547000000.0,3.73,3.64,3.73,26762000000.0,25654500000.0,26762000000.0,,,,9809000000.0,8.32,1.0,38109000000.0,0.259,0.0,9704000000.0,381471000000.0,368422000000.0,6656000000.0,180129000000.0,11836000000.0,168293000000.0,236105000000.0,33170000000.0,202935000000.0,38368124602.0,-1173000000.0,-166000000.0,192000000.0,12196000000.0,-1800000000.0,11578000000.0,-31807000000.0,-21978000000.0,19257000000.0,-201000000.0,4381000000.0,4381000000.0,4381000000.0,0.0,65000000.0,0.03,22317000000.0,15792000000.0,19109000000.0,0.401,1.434,8.758,8.646,33527000000.0,0.0,32.25,0.261,0.259,3133000000.0,20334000000.0,146991000000.0,146991000000.0,0.0,0.017,0.171,0.044,0.111,0.0,6625000000.0,1.0,1189709290.0,1179000000,1179000000.0,124.674,262867000000.0,7725000000.0,2166000000.0,6071000000.0,222.958,-1478000000.0
99,F,MRT,1996-09-30,1996-09-30,1996-09-30,2021-09-07,,,,,,,,,,,,,,,,,,,,,,0.047,1.459,,,,,,,,,,,,,,,,,,1.0,,,,,,,,,,,,,,,,,,,,,,,,,,,,,,,,,,,,,,,,31.25,,,,,,,,,,,,,,1.0,,1183000000,,,,,,,,
100,F,MRT,1996-06-30,1996-06-30,1996-06-30,2021-09-07,,,,,,,,,,,,,,,,,,,,,,0.043,1.383,,,,,,,,,,,,,,,,,,1.0,,,,,,,,,,,,,,,,,,,,,,,,,,,,,,,,,,,,,,,,32.37,,,,,,,,,,,,,,1.0,,1178000000,,,,,,,,
101,F,MRT,1996-03-31,1996-03-31,1996-03-31,2021-09-07,,,,,,,,,,,,,,,,,,,,,,0.039,1.342,,,,,,,,,,,,,,,,,,1.0,,,,,,,,,,,,,,,,,,,,,,,,,,,,,,,,,,,,,,,,34.37,,,,,,,,,,,,,,1.0,,1168000000,,,,,,,,
102,F,MRT,1995-12-31,1995-12-31,1995-12-31,2021-09-07,594000000.0,243283000000.0,,27281000000.0,216002000000.0,,22.92,-10456000000.0,8440000000.0,8440000000.0,101171000000.0,4139000000.0,0.948,8.911,149306000000.0,1832000000.0,147474000000.0,149306000000.0,0.0,0.0,0.0,0.043,1.25,15642000000.0,15642000000.0,0.114,15642000000.0,15642000000.0,6218000000.0,3.58,3.33,3.58,24547000000.0,,24547000000.0,,,,10715000000.0,10.005,1.0,35966000000.0,0.262,0.0,9424000000.0,355373000000.0,,7162000000.0,163351000000.0,6856000000.0,156495000000.0,218736000000.0,28776000000.0,189960000000.0,,2220000000.0,0.0,601000000.0,18785000000.0,-1559000000.0,16477000000.0,-35507000000.0,-25406000000.0,21171000000.0,79000000.0,3839000000.0,3839000000.0,3839000000.0,0.0,300000000.0,0.028,19722000000.0,16244000000.0,18912000000.0,0.349,,,8.064,31273000000.0,0.0,28.87,,0.225,3321000000.0,17688000000.0,137137000000.0,137137000000.0,0.0,,,,0.114,0.0,6044000000.0,1.0,,1071000000,1071000000.0,128.046,243283000000.0,7511000000.0,2379000000.0,5333000000.0,227.155,-1495000000.0
103,F,MRT,1994-12-31,1994-12-31,1994-12-31,2021-09-07,,,,,,,,-9470000000.0,,,95887000000.0,5308000000.0,,,,,,,,0.0,,0.029,0.818,15373000000.0,15373000000.0,0.12,15373000000.0,15373000000.0,8350000000.0,4.97,4.44,4.97,,,,,,,7159000000.0,7.088,1.0,32552000000.0,0.253,,7023000000.0,,,,,,,,,,,-2002000000.0,-485000000.0,715000000.0,17399000000.0,-1205000000.0,17572000000.0,-36766000000.0,-27031000000.0,16629000000.0,563000000.0,5021000000.0,5021000000.0,5021000000.0,0.0,287000000.0,0.039,16911000000.0,15641000000.0,,0.165,,,5.608,,0.0,27.87,,0.219,,,128439000000.0,128439000000.0,0.0,,,,0.12,0.0,5424000000.0,1.0,,1010000000,1010000000.0,127.167,,,3329000000.0,,,
