None,ticker,dimension,calendardate,datekey,reportperiod,lastupdated,accoci,assets,assetsavg,assetsc,assetsnc,assetturnover,bvps,capex,cashneq,cashnequsd,cor,consolinc,currentratio,de,debt,debtc,debtnc,debtusd,deferredrev,depamor,deposits,divyield,dps,ebit,ebitda,ebitdamargin,ebitdausd,ebitusd,ebt,eps,epsdil,epsusd,equity,equityavg,equityusd,ev,evebit,evebitda,fcf,fcfps,fxusd,gp,grossmargin,intangibles,intexp,invcap,invcapavg,inventory,investments,investmentsc,investmentsnc,liabilities,liabilitiesc,liabilitiesnc,marketcap,ncf,ncfbus,ncfcommon,ncfdebt,ncfdiv,ncff,ncfi,ncfinv,ncfo,ncfx,netinc,netinccmn,netinccmnusd,netincdis,netincnci,netmargin,opex,opinc,payables,payoutratio,pb,pe,pe1,ppnenet,prefdivis,price,ps,ps1,receivables,retearn,revenue,revenueusd,rnd,roa,roe,roic,ros,sbcomp,sgna,sharefactor,sharesbas,shareswa,shareswadil,sps,tangibles,taxassets,taxexp,taxliabilities,tbvps,workingcapital
0,VRSN,MRY,2020-12-31,2020-12-31,2020-12-31,2021-07-22,-2756000.0,1766910000.0,1776300750.0,1217940000.0,548970000.0,0.712,-12.083,-43395000.0,401194000.0,401194000.0,180177000.0,814888000.0,1.232,-2.271,1790083000.0,0.0,1790083000.0,1790083000.0,1062889000.0,46352000.0,0.0,0.0,0.0,840388000.0,886740000.0,0.701,886740000.0,840388000.0,750244000.0,7.08,7.07,7.08,-1390198000.0,-1396471000.0,-1390198000.0,26337127435.0,31.0,29.701,686788000.0,5.969,1.0,1084875000.0,0.858,52527000.0,90144000.0,2114579000.0,2189663750.0,0.0,765713000.0,765713000.0,0.0,3157108000.0,988693000.0,2168415000.0,24693375435.0,-107000000.0,20810000.0,-764877000.0,0.0,0.0,-764877000.0,-72258000.0,-49673000.0,730183000.0,-48000.0,814888000.0,814888000.0,814888000.0,0.0,0.0,0.644,260674000.0,824201000.0,208642000.0,0.0,-17.762,30.303,30.565,245571000.0,0.0,216.4,19.52,19.682,0.0,-15662602000.0,1265052000.0,1265052000.0,74671000.0,0.459,-0.584,0.384,0.664,48243000.0,186003000.0,1.0,114109868.0,115058000.0,115298000.0,10.995,1714383000.0,67914000.0,-64644000.0,95494000.0,14.9,229247000.0
1,VRSN,MRY,2019-12-31,2019-12-31,2019-12-31,2021-07-22,-2621000.0,1854009000.0,1887578250.0,1278589000.0,575420000.0,0.653,-12.573,-40316000.0,508196000.0,508196000.0,180467000.0,612299000.0,1.325,-2.244,1787565000.0,0.0,1787565000.0,1787565000.0,1033880000.0,46330000.0,0.0,0.0,0.0,849387000.0,895717000.0,0.727,895717000.0,849387000.0,758776000.0,5.17,5.15,5.17,-1490100000.0,-1443328750.0,-1490100000.0,24300015047.0,29.0,27.129,713576000.0,6.021,1.0,1051194000.0,0.853,52527000.0,90611000.0,2115685000.0,2133998250.0,0.0,709863000.0,709863000.0,0.0,3344109000.0,965166000.0,2378943000.0,22622368047.0,150848000.0,-9872000.0,-769431000.0,0.0,0.0,-770303000.0,167195000.0,217383000.0,753892000.0,64000.0,612299000.0,612299000.0,612299000.0,0.0,0.0,0.497,245067000.0,806127000.0,209988000.0,0.0,-15.182,36.947,37.269,250283000.0,0.0,192.68,18.367,18.54,0.0,-16477490000.0,1231661000.0,1231661000.0,60805000.0,0.324,-0.424,0.398,0.69,50626000.0,184262000.0,1.0,117409010.0,118513000.0,118968000.0,10.393,1801482000.0,87798000.0,146477000.0,312676000.0,15.201,313423000.0
2,VRSN,MRY,2018-12-31,2018-12-31,2018-12-31,2021-07-22,-2811000.0,1914504000.0,2154010000.0,1317034000.0,597470000.0,0.564,-12.212,-37007000.0,357415000.0,357415000.0,192134000.0,582489000.0,1.39,-2.382,1785047000.0,0.0,1785047000.0,1785047000.0,1018102000.0,48367000.0,0.0,0.0,0.0,844361000.0,892728000.0,0.735,892728000.0,844361000.0,729516000.0,5.13,4.75,5.13,-1385474000.0,-1350574500.0,-1385474000.0,19479389357.0,23.0,21.82,660760000.0,5.824,1.0,1022835000.0,0.842,52527000.0,114845000.0,2342019000.0,2323166000.0,0.0,912254000.0,912254000.0,0.0,3299978000.0,947590000.0,2352388000.0,17926543357.0,-108386000.0,52240000.0,-625316000.0,-1250009000.0,0.0,-1875325000.0,1070130000.0,1055057000.0,697767000.0,-958000.0,582489000.0,582489000.0,582489000.0,0.0,0.0,0.479,255443000.0,767392000.0,215208000.0,0.0,-12.939,30.776,28.906,253905000.0,0.0,148.29,14.755,13.847,0.0,-17089789000.0,1214969000.0,1214969000.0,57884000.0,0.27,-0.431,0.363,0.695,52504000.0,197559000.0,1.0,120888417.0,113452000.0,122661000.0,10.709,1861977000.0,104992000.0,147027000.0,281621000.0,16.412,369444000.0
3,VRSN,MRY,2017-12-31,2017-12-31,2017-12-31,2021-07-22,-2941000.0,2941188000.0,2627330250.0,2446153000.0,495035000.0,0.443,-12.562,-49499000.0,465851000.0,465851000.0,193326000.0,457248000.0,1.568,-3.334,2410145000.0,627616000.0,1782529000.0,2410145000.0,999406000.0,49878000.0,0.0,0.0,0.0,735348000.0,785226000.0,0.674,785226000.0,735348000.0,599012000.0,4.56,3.68,4.56,-1260271000.0,-1220279000.0,-1260271000.0,13399926473.0,18.0,17.065,653262000.0,6.511,1.0,971769000.0,0.834,52527000.0,136336000.0,3272427000.0,2819508250.0,0.0,1948900000.0,1948900000.0,0.0,4201459000.0,1560528000.0,2640931000.0,11280362473.0,233558000.0,11748000.0,-608258000.0,543185000.0,0.0,-65073000.0,-405424000.0,-367673000.0,702761000.0,1294000.0,457248000.0,457248000.0,457248000.0,0.0,0.0,0.392,264047000.0,707722000.0,219603000.0,0.0,-8.951,24.67,25.096,263513000.0,0.0,114.44,9.682,9.854,0.0,-17694790000.0,1165095000.0,1165095000.0,52342000.0,0.174,-0.375,0.261,0.631,52907000.0,211705000.0,1.0,98570102.0,100325000.0,124180000.0,11.613,2888661000.0,15392000.0,141764000.0,572305000.0,28.793,885625000.0
4,VRSN,MRY,2016-12-31,2016-12-31,2016-12-31,2021-07-22,-3453000.0,2334572000.0,2317599250.0,1842342000.0,492230000.0,0.493,-11.22,-26574000.0,231945000.0,231945000.0,198242000.0,440645000.0,1.211,-2.945,1866953000.0,629764000.0,1237189000.0,1866953000.0,975689000.0,58167000.0,0.0,0.0,0.0,696737000.0,754904000.0,0.661,754904000.0,696737000.0,581173000.0,4.12,3.42,4.12,-1200595000.0,-1151296500.0,-1200595000.0,9640787553.0,14.0,12.771,666433000.0,6.228,1.0,943925000.0,0.826,52527000.0,115564000.0,2395104000.0,2436932750.0,0.0,1565962000.0,1565962000.0,0.0,3535167000.0,1521949000.0,2013218000.0,7954979553.0,953000.0,0.0,-648821000.0,0.0,0.0,-648821000.0,-42732000.0,126842000.0,693007000.0,-501000.0,440645000.0,440645000.0,440645000.0,0.0,0.0,0.386,257353000.0,686572000.0,203920000.0,0.0,-6.626,18.053,18.464,266125000.0,0.0,76.07,6.965,7.126,0.0,-18184954000.0,1142167000.0,1142167000.0,59100000.0,0.19,-0.383,0.286,0.61,50044000.0,198253000.0,1.0,104574465.0,107001000.0,128833000.0,10.674,2282045000.0,9385000.0,140528000.0,488605000.0,21.327,320393000.0
5,VRSN,MRY,2015-12-31,2015-12-31,2015-12-31,2021-07-22,-3993000.0,2357737000.0,2528354000.0,1967924000.0,389813000.0,0.419,-9.377,-40656000.0,228659000.0,228659000.0,192788000.0,375236000.0,1.309,-3.203,1869680000.0,634326000.0,1235354000.0,1869680000.0,961342000.0,61491000.0,0.0,0.0,0.0,595281000.0,656772000.0,0.62,656772000.0,595281000.0,487650000.0,3.29,2.82,3.29,-1070447000.0,-1011012500.0,-1070447000.0,11424874672.0,19.0,17.395,629290000.0,5.513,1.0,866578000.0,0.818,52527000.0,107631000.0,2443251000.0,2182191750.0,0.0,1686771000.0,1686771000.0,0.0,3428184000.0,1502980000.0,1925204000.0,9741265672.0,37051000.0,0.0,-628479000.0,492237000.0,0.0,-136242000.0,-496899000.0,-452302000.0,669946000.0,246000.0,375236000.0,375236000.0,375236000.0,0.0,0.0,0.354,260632000.0,605946000.0,188171000.0,0.0,-9.1,25.96,26.553,295570000.0,0.0,87.36,9.195,9.414,12638000.0,-18625599000.0,1059366000.0,1059366000.0,63718000.0,0.148,-0.371,0.273,0.562,46075000.0,196914000.0,1.0,111507162.0,114155000.0,133031000.0,9.28,2305210000.0,17361000.0,112414000.0,408991000.0,20.194,464944000.0
6,VRSN,MRY,2014-12-31,2014-12-31,2014-12-31,2021-07-22,-2998000.0,1901150000.0,2260138750.0,1479790000.0,421360000.0,0.447,-6.972,-39327000.0,191608000.0,191608000.0,188425000.0,355260000.0,1.033,-3.152,1360795000.0,620620000.0,740175000.0,1360795000.0,890354000.0,63690000.0,0.0,0.0,0.0,569305000.0,632995000.0,0.627,632995000.0,569305000.0,483311000.0,2.8,2.52,2.8,-883466000.0,-680672750.0,-883466000.0,8045254985.0,14.0,12.71,561622000.0,4.432,1.0,821692000.0,0.813,52527000.0,85994000.0,1585605000.0,1552299500.0,0.0,1233076000.0,1233076000.0,0.0,2784616000.0,1432205000.0,1352411000.0,6902135985.0,-147615000.0,0.0,-865806000.0,0.0,0.0,-859752000.0,112688000.0,151563000.0,600949000.0,-1500000.0,355260000.0,355260000.0,355260000.0,0.0,0.0,0.352,257265000.0,564427000.0,190278000.0,0.0,-7.813,19.428,20.357,319028000.0,0.0,57.0,6.833,7.15,13448000.0,-19000835000.0,1010117000.0,1010117000.0,67777000.0,0.157,-0.522,0.367,0.564,37923000.0,189488000.0,1.0,121090105.0,126710000.0,140895000.0,7.972,1848623000.0,33887000.0,128051000.0,343189000.0,14.589,47585000.0
7,VRSN,MRY,2013-12-31,2013-12-31,2013-12-31,2021-07-22,-3085000.0,2660767000.0,2396668000.0,1803199000.0,857568000.0,0.403,-2.929,-65594000.0,339223000.0,339223000.0,187013000.0,544450000.0,0.889,-7.282,1374056000.0,624056000.0,750000000.0,1374056000.0,855836000.0,60655000.0,0.0,0.0,0.0,531532000.0,592187000.0,0.614,592187000.0,531532000.0,456771000.0,3.77,3.49,3.77,-423558000.0,-307610750.0,-423558000.0,9439149065.0,18.0,15.939,513803000.0,3.553,1.0,778074000.0,0.806,52527000.0,74761000.0,1613887000.0,1455690750.0,0.0,1384062000.0,1384062000.0,0.0,3084325000.0,2029186000.0,1055139000.0,8192989065.0,208487000.0,0.0,-1014950000.0,638297000.0,0.0,-357333000.0,-11062000.0,58501000.0,579397000.0,-2515000.0,544450000.0,544450000.0,544450000.0,0.0,0.0,0.564,249842000.0,528232000.0,149276000.0,0.0,-19.343,15.048,15.857,339653000.0,0.0,59.78,8.489,8.956,13631000.0,-19356095000.0,965087000.0,965087000.0,70297000.0,0.227,-1.77,0.365,0.551,17329000.0,179545000.0,1.0,137052343.0,144591000.0,155786000.0,6.675,2608240000.0,437643000.0,-87679000.0,705157000.0,18.039,-225987000.0
8,VRSN,MRY,2012-12-31,2012-12-31,2012-12-31,2021-07-22,-388000.0,2062476000.0,1967631000.0,1643464000.0,419012000.0,0.444,-0.059,-53023000.0,130736000.0,130736000.0,167600000.0,320032000.0,2.365,-222.224,697614000.0,0.0,697614000.0,697614000.0,812582000.0,54819000.0,0.0,0.0,0.0,470438000.0,525257000.0,0.601,525257000.0,470438000.0,420242000.0,2.04,1.95,2.04,-9323000.0,-41615750.0,-9323000.0,6459720338.0,14.0,12.298,484607000.0,3.088,1.0,705992000.0,0.808,52527000.0,50196000.0,1881809000.0,1188052500.0,0.0,1425700000.0,1425700000.0,0.0,2071799000.0,695018000.0,1376781000.0,6027062338.0,-1182613000.0,0.0,-296377000.0,0.0,0.0,-277752000.0,-1442353000.0,-1388742000.0,537630000.0,-138000.0,320032000.0,320032000.0,320032000.0,-7547000.0,0.0,0.366,248665000.0,457327000.0,130391000.0,0.0,-646.472,18.833,19.029,333861000.0,0.0,38.82,6.899,6.975,11477000.0,-19900545000.0,873592000.0,873592000.0,61694000.0,0.163,-7.69,0.396,0.539,14926000.0,186971000.0,1.0,155256629.0,156953000.0,163909000.0,5.566,2009949000.0,52055000.0,100210000.0,431212000.0,12.806,948446000.0
9,VRSN,MRY,2011-12-31,2011-12-31,2011-12-31,2021-07-22,-3084000.0,1856179000.0,1910023000.0,1447781000.0,408398000.0,0.404,-0.533,-192660000.0,1313349000.0,1313349000.0,165246000.0,142891000.0,2.197,-22.067,690086000.0,0.0,690086000.0,690086000.0,728571000.0,55706000.0,0.0,0.077,2.75,345254000.0,400960000.0,0.519,400960000.0,345254000.0,197922000.0,0.87,0.86,0.87,-88107000.0,71570000.0,-88107000.0,5065643846.0,15.0,12.634,143241000.0,0.866,1.0,606732000.0,0.786,53848000.0,147332000.0,520145000.0,524022000.0,0.0,32860000.0,32860000.0,0.0,1944286000.0,658923000.0,1285363000.0,5681865846.0,-246279000.0,0.0,-500114000.0,98933000.0,-463498000.0,-852198000.0,273242000.0,467031000.0,335901000.0,-3224000.0,142891000.0,142891000.0,142891000.0,-4335000.0,0.0,0.185,277343000.0,329389000.0,156385000.0,3.161,-64.488,39.764,41.057,327136000.0,0.0,35.72,7.36,7.654,14974000.0,-20220577000.0,771978000.0,771978000.0,53277000.0,0.075,1.997,0.659,0.447,29852000.0,208554000.0,1.0,159066793.0,165408000.0,166887000.0,4.667,1802331000.0,67509000.0,55031000.0,369244000.0,10.896,788858000.0
10,VRSN,MRY,2010-12-31,2010-12-31,2010-12-31,2021-07-22,-1334000.0,2444006000.0,2563060250.0,2177957000.0,266049000.0,0.266,3.81,-80527000.0,1559628000.0,1559628000.0,156676000.0,833854000.0,3.337,2.613,581626000.0,0.0,581626000.0,581626000.0,663038000.0,67655000.0,0.0,0.092,3.0,1013956000.0,1081611000.0,1.589,1081611000.0,1013956000.0,856289000.0,4.68,4.64,4.68,676430000.0,732314500.0,676430000.0,4136904212.0,4.0,3.825,134679000.0,0.759,1.0,523902000.0,0.77,55146000.0,157667000.0,758145000.0,865049000.0,0.0,501238000.0,501238000.0,0.0,1767576000.0,652713000.0,1114863000.0,5618837212.0,82462000.0,1162306000.0,-357239000.0,-1004000.0,-518217000.0,-745274000.0,603090000.0,-473901000.0,215206000.0,9440000.0,830967000.0,830967000.0,830967000.0,-763822000.0,2887000.0,1.221,291619000.0,232283000.0,195235000.0,0.641,8.307,6.762,6.981,190319000.0,0.0,32.67,8.256,8.522,14874000.0,-20363468000.0,680578000.0,680578000.0,53664000.0,0.324,1.135,1.172,1.49,-79748000.0,221094000.0,1.0,171987671.0,177534000.0,178965000.0,3.834,2388860000.0,102217000.0,25322000.0,309696000.0,13.456,1525244000.0
11,VRSN,MRY,2009-12-31,2009-12-31,2009-12-31,2021-07-22,7659000.0,2470144000.0,2518605750.0,1709058000.0,761086000.0,0.245,2.866,-110812000.0,1477166000.0,1477166000.0,166705000.0,249239000.0,1.928,3.404,574378000.0,0.0,574378000.0,574378000.0,888241000.0,86266000.0,0.0,0.0,0.0,325839000.0,412105000.0,0.669,412105000.0,325839000.0,278488000.0,1.28,1.28,1.28,549741000.0,634589000.0,549741000.0,3801669272.0,12.0,9.225,284379000.0,1.483,1.0,449242000.0,0.729,312400000.0,47351000.0,368482000.0,550328500.0,0.0,185000.0,185000.0,0.0,1871480000.0,886474000.0,985006000.0,4662449272.0,688098000.0,469380000.0,-224367000.0,2071000.0,0.0,-197994000.0,484455000.0,128329000.0,395191000.0,6446000.0,245553000.0,245553000.0,245553000.0,-157622000.0,3686000.0,0.399,289284000.0,159958000.0,243967000.0,0.0,8.481,18.988,18.938,403821000.0,0.0,24.24,7.57,7.549,63133000.0,-21194435000.0,615947000.0,615947000.0,52364000.0,0.097,0.387,0.592,0.529,25286000.0,221879000.0,1.0,192345267.0,191821000.0,192575000.0,3.211,2157744000.0,0.0,32935000.0,144777000.0,11.249,822584000.0
12,VRSN,MRY,2008-12-31,2008-12-31,2008-12-31,2021-07-22,17006000.0,2366872000.0,2768199500.0,1624835000.0,742037000.0,0.202,2.379,-72147000.0,789068000.0,789068000.0,160845000.0,-390260000.0,1.663,3.939,568712000.0,0.0,568712000.0,568712000.0,845081000.0,102915000.0,0.0,0.0,0.0,-341930000.0,-239015000.0,-0.428,-239015000.0,-341930000.0,-386321000.0,-1.9,-1.87,-1.9,469213000.0,334503750.0,469213000.0,4562297837.0,-13.0,-19.088,411887000.0,2.089,1.0,398051000.0,0.712,318421000.0,44391000.0,851217000.0,1712108500.0,0.0,0.0,0.0,0.0,1848451000.0,976878000.0,871573000.0,3702209837.0,-587654000.0,258616000.0,-1204951000.0,0.0,0.0,-1164027000.0,76764000.0,99635000.0,484034000.0,15575000.0,-374251000.0,-374251000.0,-374251000.0,421946000.0,-16009000.0,-0.67,424063000.0,-26012000.0,263535000.0,0.0,7.89,-9.892,-10.042,385498000.0,0.0,19.08,6.624,6.732,83749000.0,-21439988000.0,558896000.0,558896000.0,61750000.0,-0.135,-1.119,-0.2,-0.612,48519000.0,253716000.0,1.0,194036155.0,197201000.0,200602000.0,2.834,2048451000.0,0.0,-12070000.0,0.0,10.388,647957000.0
13,VRSN,MRY,2007-12-31,2007-12-31,2007-12-31,2021-07-22,3023000.0,4036955000.0,3844679500.0,1763415000.0,2273540000.0,0.221,6.067,-154540000.0,1376722000.0,1376722000.0,240119000.0,-146507000.0,1.79,1.724,1265296000.0,0.0,1265296000.0,1265296000.0,774335000.0,114539000.0,0.0,0.0,0.0,-153798000.0,-39259000.0,-0.046,-39259000.0,-153798000.0,-153798000.0,-0.63,-0.63,-0.63,1442114000.0,1983358000.0,1442114000.0,8511355142.0,-55.0,-216.8,318997000.0,1.342,1.0,610390000.0,0.718,1204212000.0,0.0,1736328000.0,1254969000.0,0.0,156764000.0,0.0,156764000.0,2485871000.0,984989000.0,1500882000.0,8310059142.0,874938000.0,154652000.0,-849515000.0,1024691000.0,0.0,188671000.0,209009000.0,206707000.0,473537000.0,3721000.0,-150347000.0,-150347000.0,-150347000.0,10829000.0,3840000.0,-0.177,841908000.0,-231518000.0,398124000.0,0.0,5.762,-55.273,-59.698,621917000.0,0.0,37.61,9.771,10.512,208799000.0,-21064718000.0,850509000.0,850509000.0,94434000.0,-0.039,-0.076,-0.123,-0.181,78307000.0,490164000.0,1.0,220953447.0,237707000.0,237707000.0,3.578,2832743000.0,0.0,-3451000.0,43765000.0,11.917,778426000.0
14,VRSN,MRY,2006-12-31,2006-12-31,2006-12-31,2021-07-22,-8398000.0,3974253000.0,3756480250.0,1332364000.0,2641889000.0,0.262,9.529,-181611000.0,478749000.0,478749000.0,287281000.0,382930000.0,0.98,0.665,199000000.0,199000000.0,0.0,199000000.0,607853000.0,108762000.0,0.0,0.0,0.0,85703000.0,194465000.0,0.198,194465000.0,85703000.0,85703000.0,1.57,1.55,1.57,2329144000.0,2248768000.0,2329144000.0,5464344032.0,64.0,28.099,293176000.0,1.199,1.0,695453000.0,0.708,1775923000.0,0.0,559304000.0,556236750.0,0.0,248093000.0,198656000.0,49437000.0,1549677000.0,1359277000.0,190400000.0,5895594032.0,23124000.0,-604795000.0,-83460000.0,192747000.0,0.0,110735000.0,-562404000.0,222467000.0,474787000.0,6000.0,382930000.0,382930000.0,382930000.0,-21194000.0,0.0,0.39,671189000.0,24264000.0,681996000.0,0.0,2.531,15.396,15.318,605292000.0,0.0,24.05,5.999,5.982,241570000.0,-20929497000.0,982734000.0,982734000.0,89834000.0,0.102,0.17,0.154,0.087,65905000.0,546706000.0,1.0,245139045.0,244421000.0,247073000.0,4.021,2198330000.0,260796000.0,-297227000.0,26297000.0,8.994,-26913000.0
15,VRSN,MRY,2005-12-31,2005-12-31,2005-12-31,2021-07-22,-12553000.0,3180721000.0,2996107500.0,1233808000.0,1946913000.0,0.536,7.701,-110834000.0,476826000.0,476826000.0,508509000.0,428978000.0,1.294,0.563,0.0,0.0,0.0,0.0,498741000.0,89309000.0,0.0,0.0,0.0,529764000.0,619073000.0,0.386,619073000.0,529764000.0,529764000.0,1.67,1.63,1.67,1981957000.0,1904030500.0,1981957000.0,5303331943.0,10.0,8.567,370288000.0,1.439,1.0,1096068000.0,0.683,1294265000.0,0.0,455954000.0,566652750.0,0.0,428978000.0,378006000.0,50972000.0,1115794000.0,953676000.0,162118000.0,5613275943.0,148019000.0,205888000.0,-468176000.0,-2200000.0,0.0,-469513000.0,143596000.0,52966000.0,481122000.0,-7186000.0,428978000.0,428978000.0,428978000.0,-267053000.0,0.0,0.267,880629000.0,215439000.0,567848000.0,0.0,2.832,13.085,13.114,558272000.0,0.0,21.9,3.498,3.513,306185000.0,-21308512000.0,1604577000.0,1604577000.0,95572000.0,0.143,0.225,0.935,0.33,41376000.0,657046000.0,1.0,256313970.0,257368000.0,263689000.0,6.235,1886456000.0,15907000.0,100786000.0,19072000.0,7.33,280132000.0
16,VRSN,MRY,2004-12-31,2004-12-31,2004-12-31,2021-07-22,-1411000.0,2592874000.0,2420277000.0,1006123000.0,1586751000.0,0.463,6.608,-92532000.0,328842000.0,328842000.0,437872000.0,152820000.0,1.438,0.522,0.0,0.0,0.0,0.0,404018000.0,85641000.0,0.0,0.0,0.0,174004000.0,259645000.0,0.232,259645000.0,174004000.0,174004000.0,0.61,0.6,0.61,1655720000.0,1577237750.0,1655720000.0,8327319350.0,48.0,32.072,272806000.0,1.089,1.0,682723000.0,0.609,969265000.0,0.0,595172000.0,540038500.0,0.0,458302000.0,406784000.0,51518000.0,864600000.0,699595000.0,165005000.0,8558766350.0,29048000.0,-175459000.0,-49534000.0,-4491000.0,0.0,-54472000.0,-284863000.0,-15945000.0,365338000.0,3045000.0,152820000.0,152820000.0,152820000.0,-17451000.0,0.0,0.136,607072000.0,75651000.0,380625000.0,0.0,5.169,56.006,55.082,508363000.0,0.0,33.6,7.638,7.513,232594000.0,-21553829000.0,1120595000.0,1120595000.0,63689000.0,0.063,0.097,0.322,0.155,46796000.0,440586000.0,1.0,254725189.0,250564000.0,255414000.0,4.472,1623609000.0,19057000.0,21184000.0,31319000.0,6.48,306528000.0
17,VRSN,MRY,2003-12-31,2003-12-31,2003-12-31,2021-07-22,-2002000.0,2100538000.0,2227517250.0,880728000.0,1219810000.0,0.457,5.65,-108034000.0,301593000.0,301593000.0,439152000.0,-259879000.0,1.586,0.508,0.0,0.0,0.0,0.0,338794000.0,114475000.0,0.0,0.0,0.0,-241680000.0,-127205000.0,-0.125,-127205000.0,-241680000.0,-241680000.0,-1.08,-1.08,-1.08,1354824000.0,1417207500.0,1354824000.0,3555684762.0,-15.0,-27.952,250406000.0,1.044,1.0,578193000.0,0.568,618036000.0,0.0,625703000.0,404979000.0,0.0,462213000.0,422093000.0,40120000.0,688056000.0,555206000.0,132850000.0,3936508762.0,47088000.0,41569000.0,31680000.0,-13199000.0,0.0,55884000.0,-368562000.0,-292806000.0,358440000.0,1326000.0,-259879000.0,-259879000.0,-259879000.0,-8028000.0,0.0,-0.255,819624000.0,-241431000.0,291392000.0,0.0,2.906,-15.147,-15.093,520219000.0,0.0,16.3,3.869,3.842,134129000.0,-21740054000.0,1017345000.0,1017345000.0,49408000.0,-0.117,-0.183,-0.597,-0.238,12393000.0,360428000.0,1.0,241503605.0,239780000.0,239780000.0,4.243,1482502000.0,10987000.0,18199000.0,321000.0,6.183,325522000.0
18,VRSN,MRY,2002-12-31,2002-12-31,2002-12-31,2021-07-22,-4764000.0,2391318000.0,3802882250.0,585868000.0,1805450000.0,0.321,6.659,-176233000.0,282288000.0,282288000.0,571367000.0,-4961297000.0,0.903,0.513,0.0,0.0,0.0,0.0,483843000.0,105482000.0,0.0,0.0,0.0,-4950922000.0,-4845440000.0,-3.966,-4845440000.0,-4950922000.0,-4950922000.0,-20.97,-20.97,-20.97,1575314000.0,2840300250.0,1575314000.0,1690336931.0,0.0,-0.349,63858000.0,0.27,1.0,650301000.0,0.532,1129602000.0,0.0,330841000.0,394331500.0,0.0,158357000.0,103180000.0,55177000.0,807782000.0,648587000.0,159195000.0,1902986931.0,-38899000.0,-348643000.0,20670000.0,-615000.0,0.0,20323000.0,-297624000.0,276358000.0,240091000.0,-1689000.0,-4961297000.0,-4961297000.0,-4961297000.0,0.0,0.0,-4.061,5451934000.0,-4801633000.0,278545000.0,0.0,1.208,-0.384,-0.382,609354000.0,0.0,8.02,1.558,1.553,134124000.0,-21480175000.0,1221668000.0,1221668000.0,48353000.0,-1.305,-1.747,-12.555,-4.053,18956000.0,420293000.0,1.0,237280166.0,236552000.0,236552000.0,5.164,1261716000.0,9658000.0,10375000.0,0.0,5.334,-62719000.0
19,VRSN,MRY,2001-12-31,2001-12-31,2001-12-31,2021-07-22,466000.0,7537508000.0,9646560750.0,1090559000.0,6446949000.0,0.102,31.974,-380269000.0,306054000.0,306054000.0,343721000.0,-13355952000.0,1.308,0.159,0.0,0.0,0.0,0.0,622056000.0,58862000.0,0.0,0.0,0.0,-13433874000.0,-13375012000.0,-13.599,-13375012000.0,-13433874000.0,-13433874000.0,-65.64,-65.64,-65.64,6506074000.0,8790279500.0,6506074000.0,7164294664.0,-1.0,-0.536,-152731000.0,-0.751,1.0,639843000.0,0.651,5691169000.0,0.0,706440000.0,580528250.0,0.0,622424000.0,420643000.0,201781000.0,1031434000.0,833845000.0,197589000.0,7730011664.0,-154308000.0,-52640000.0,10695000.0,0.0,0.0,10837000.0,-389086000.0,98982000.0,227538000.0,-3597000.0,-13355952000.0,-13355952000.0,-13355952000.0,0.0,0.0,-13.579,14053036000.0,-13413193000.0,313447000.0,0.0,1.188,-0.579,-0.58,532546000.0,0.0,38.04,7.859,7.87,290923000.0,-16518878000.0,983564000.0,983564000.0,78134000.0,-1.385,-1.519,-23.141,-13.658,7803000.0,402882000.0,1.0,203207457.0,203478000.0,203478000.0,4.834,1846339000.0,0.0,-77922000.0,0.0,9.074,256714000.0
20,VRSN,MRY,2000-12-31,2000-12-31,2000-12-31,2021-07-22,-702000.0,19195222000.0,15786055500.0,1186432000.0,18008790000.0,0.03,116.044,-58778000.0,460362000.0,460362000.0,163049000.0,-3115474000.0,1.783,0.039,0.0,0.0,0.0,0.0,508288000.0,27855000.0,0.0,0.0,0.0,-3115474000.0,-3087619000.0,-6.503,-3087619000.0,-3115474000.0,-3115474000.0,-19.57,-19.57,-19.57,18470608000.0,15148844000.0,18470608000.0,14149284737.0,-5.0,-4.583,133219000.0,0.837,1.0,311717000.0,0.657,17656641000.0,0.0,412740000.0,248416750.0,0.0,775058000.0,565913000.0,209145000.0,724614000.0,665479000.0,59135000.0,14646833737.0,389980000.0,835758000.0,71687000.0,0.0,0.0,73454000.0,124004000.0,-564367000.0,191997000.0,525000.0,-3115474000.0,-3115474000.0,-3115474000.0,0.0,0.0,-6.562,3512026000.0,-3200309000.0,193952000.0,0.0,0.793,-4.701,-3.791,105602000.0,0.0,74.19,30.851,24.873,128011000.0,-3162926000.0,474766000.0,474766000.0,41256000.0,-0.197,-0.206,-12.541,-6.562,1722000.0,227820000.0,1.0,197423288.0,159169000.0,159169000.0,2.983,1538581000.0,0.0,0.0,0.0,9.666,520953000.0
21,VRSN,MRY,1999-12-31,1999-12-31,1999-12-31,2021-07-22,87641000.0,341166000.0,242477000.0,182842000.0,158324000.0,0.35,2.968,-6019000.0,70382000.0,70382000.0,31898000.0,3955000.0,4.284,0.143,0.0,0.0,0.0,0.0,31777000.0,5404000.0,0.0,0.0,0.0,3955000.0,9359000.0,0.11,9359000.0,3955000.0,3955000.0,0.04,0.03,0.04,298359000.0,207506500.0,298359000.0,19499650602.0,4930.0,2083.519,8646000.0,0.086,1.0,52878000.0,0.624,0.0,0.0,228105000.0,123035750.0,0.0,230849000.0,86098000.0,144751000.0,42807000.0,42679000.0,128000.0,19569108602.0,47596000.0,0.0,135744000.0,0.0,0.0,136153000.0,-103222000.0,-94035000.0,14665000.0,0.0,3955000.0,3955000.0,3955000.0,0.0,0.0,0.047,56188000.0,-3310000.0,10902000.0,0.0,65.589,4947.941,4772.5,10194000.0,0.0,190.9,230.833,226.377,22727000.0,-47452000.0,84776000.0,84776000.0,13303000.0,0.016,0.019,0.032,0.047,104000.0,42885000.0,1.0,102509736.0,100531000.0,114610000.0,0.843,341166000.0,0.0,0.0,0.0,3.394,140163000.0
22,VRSN,MRY,1998-12-31,1998-12-31,1998-12-31,2021-07-22,0.0,64295000.0,63308750.0,53688000.0,10607000.0,0.615,0.476,-4413000.0,22786000.0,22786000.0,19454000.0,-19743000.0,2.375,0.593,0.0,0.0,0.0,0.0,13096000.0,3946000.0,0.0,0.0,0.0,-19743000.0,-15797000.0,-0.406,-15797000.0,-19743000.0,-19743000.0,-0.24,-0.24,-0.24,39764000.0,43791750.0,39764000.0,1329244705.0,-67.0,-84.145,-16243000.0,-0.195,1.0,19476000.0,0.5,0.0,0.0,18906000.0,27626250.0,0.0,19395000.0,18959000.0,436000.0,23567000.0,22603000.0,964000.0,1347346705.0,17844000.0,0.0,46208000.0,0.0,0.0,45650000.0,-15976000.0,-11444000.0,-11830000.0,0.0,-19743000.0,-19743000.0,-19743000.0,0.0,0.0,-0.507,42621000.0,-23145000.0,5472000.0,0.0,33.884,-68.244,-61.594,9234000.0,0.0,14.783,34.609,31.704,9769000.0,-51407000.0,38930000.0,38930000.0,8435000.0,-0.312,-0.451,-0.715,-0.507,1280000.0,30631000.0,1.0,91144712.0,83492000.0,83492000.0,0.466,64295000.0,0.0,0.0,0.0,0.77,31085000.0
23,VRSN,MRY,1997-12-31,1997-12-31,1997-12-31,2021-07-22,0.0,26904000.0,31720500.0,17277000.0,9627000.0,0.421,0.397,-6823000.0,4942000.0,4942000.0,9689000.0,-18589000.0,1.554,1.183,0.0,0.0,0.0,0.0,5267000.0,2621000.0,0.0,,0.0,-18589000.0,-15968000.0,-1.196,-15968000.0,-18589000.0,-18589000.0,-0.65,-0.65,-0.65,11295000.0,19282000.0,11295000.0,,,,-19659000.0,-0.69,1.0,3667000.0,0.275,0.0,0.0,10845000.0,5434000.0,0.0,7951000.0,7951000.0,0.0,13363000.0,11117000.0,2246000.0,,-25064000.0,0.0,771000.0,-258000.0,0.0,3051000.0,-15279000.0,-7951000.0,-12836000.0,0.0,-18589000.0,-18589000.0,-18589000.0,0.0,0.0,-1.392,24968000.0,-21301000.0,3504000.0,0.0,,,,8756000.0,0.0,,,,3390000.0,-30871000.0,13356000.0,13356000.0,5303000.0,-0.586,-0.964,-3.421,-1.392,34000.0,16865000.0,1.0,,28484000.0,28484000.0,0.469,26904000.0,0.0,0.0,0.0,0.945,6160000.0
24,VRSN,MRY,1996-12-31,1996-12-31,1996-12-31,2021-07-22,0.0,36537000.0,,31554000.0,4983000.0,,1.374,-4168000.0,30006000.0,30006000.0,2791000.0,-10288000.0,4.664,0.294,258000.0,258000.0,0.0,258000.0,1944000.0,559000.0,0.0,,0.0,-10288000.0,-9729000.0,-7.175,-9729000.0,-10288000.0,-10288000.0,-0.517,-0.517,-0.517,27269000.0,,27269000.0,,,,-10178000.0,-0.513,1.0,-1435000.0,-1.058,0.0,0.0,23000.0,,0.0,0.0,0.0,0.0,8017000.0,6766000.0,1251000.0,,27319000.0,0.0,30000.0,258000.0,0.0,37778000.0,-4449000.0,0.0,-6010000.0,0.0,-10288000.0,-10288000.0,-10288000.0,0.0,0.0,-7.587,9624000.0,-11059000.0,2468000.0,0.0,,,,4617000.0,0.0,,,,762000.0,-12282000.0,1356000.0,1356000.0,2058000.0,,,,-7.587,0.0,7566000.0,1.0,,19840000.0,19840000.0,0.068,36537000.0,0.0,0.0,0.0,1.842,24788000.0
0,VRSN,MRQ,2021-06-30,2021-06-30,2021-06-30,2021-07-22,-2834000.0,1741380000.0,,1189067000.0,552313000.0,,-12.615,-17549000.0,216497000.0,216497000.0,47796000.0,147772000.0,1.191,-2.228,1784654000.0,0.0,1784654000.0,1784654000.0,1112865000.0,12003000.0,0.0,0.0,0.0,210938000.0,222941000.0,0.677,222941000.0,210938000.0,187874000.0,1.31,1.31,1.31,-1417785000.0,,-1417785000.0,27186076483.0,33.0,30.833,124959000.0,1.112,1.0,281609000.0,0.855,52527000.0,23064000.0,2258676000.0,,0.0,906492000.0,906492000.0,0.0,3159165000.0,998334000.0,2160831000.0,25642175483.0,-30790000.0,0.0,-175785000.0,-7671000.0,0.0,-183456000.0,10320000.0,27869000.0,142508000.0,-162000.0,147772000.0,147772000.0,147772000.0,0.0,0.0,0.449,68630000.0,212979000.0,175350000.0,0.0,-18.086,40.935,41.323,247694000.0,0.0,227.69,19.859,19.818,0.0,-15364476000.0,329405000.0,329405000.0,19808000.0,,,,,13617000.0,48822000.0,1.0,112618804.0,112387000.0,112517000.0,2.931,1688853000.0,66441000.0,40102000.0,86296000.0,15.027,190733000.0
1,VRSN,MRQ,2021-03-31,2021-03-31,2021-03-31,2021-07-22,-2747000.0,1782898000.0,,1235550000.0,547348000.0,,-12.408,-6721000.0,246811000.0,246811000.0,46968000.0,150354000.0,1.223,-2.27,1790712000.0,0.0,1790712000.0,1790712000.0,1099042000.0,11574000.0,0.0,0.0,0.0,210851000.0,222425000.0,0.687,222425000.0,210851000.0,188317000.0,1.33,1.33,1.33,-1403760000.0,,-1403760000.0,23867563944.0,28.0,26.982,191615000.0,1.694,1.0,276653000.0,0.855,52527000.0,22534000.0,2264055000.0,,0.0,934365000.0,934365000.0,0.0,3186658000.0,1010217000.0,2176441000.0,22478674944.0,-154383000.0,0.0,-177313000.0,0.0,0.0,-177313000.0,-175204000.0,-168483000.0,198336000.0,-202000.0,150354000.0,150354000.0,150354000.0,0.0,0.0,0.465,66246000.0,210407000.0,201463000.0,0.0,-16.013,35.617,36.007,241136000.0,0.0,198.76,17.614,17.62,0.0,-15512248000.0,323621000.0,323621000.0,20311000.0,,,,,12974000.0,45935000.0,1.0,113094561.0,113131000.0,113296000.0,2.861,1730371000.0,67577000.0,37963000.0,95441000.0,15.295,225333000.0
2,VRSN,MRQ,2020-12-31,2020-12-31,2020-12-31,2021-07-22,-2756000.0,1766910000.0,,1217940000.0,548970000.0,,-12.209,-6462000.0,401194000.0,401194000.0,45972000.0,157314000.0,1.232,-2.271,1790083000.0,0.0,1790083000.0,1790083000.0,1062889000.0,11889000.0,0.0,0.0,0.0,205433000.0,217322000.0,0.679,217322000.0,205433000.0,182896000.0,1.38,1.39,1.38,-1390198000.0,,-1390198000.0,26337127435.0,31.0,29.701,188759000.0,1.658,1.0,274312000.0,0.856,52527000.0,22537000.0,2114579000.0,,0.0,765713000.0,765713000.0,0.0,3157108000.0,988693000.0,2168415000.0,24693375435.0,255492000.0,801000.0,-173749000.0,0.0,0.0,-173749000.0,233562000.0,239223000.0,195221000.0,458000.0,157314000.0,157314000.0,157314000.0,0.0,0.0,0.491,69804000.0,204508000.0,208642000.0,0.0,-17.762,30.303,30.565,245571000.0,0.0,216.4,19.52,19.682,0.0,-15662602000.0,320284000.0,320284000.0,19403000.0,,,,,12137000.0,50401000.0,1.0,114109868.0,113864000.0,114095000.0,2.813,1714383000.0,67914000.0,25582000.0,95494000.0,15.056,229247000.0
3,VRSN,MRQ,2020-09-30,2020-09-30,2020-09-30,2021-07-22,-2741000.0,1764306000.0,,1206126000.0,558180000.0,,-12.091,-15042000.0,145701000.0,145701000.0,45024000.0,170979000.0,1.233,-2.273,1789453000.0,0.0,1789453000.0,1789453000.0,1061553000.0,11622000.0,0.0,0.0,0.0,207424000.0,219046000.0,0.689,219046000.0,207424000.0,184887000.0,1.49,1.49,1.49,-1386248000.0,,-1386248000.0,25009899963.0,30.0,28.129,124548000.0,1.086,1.0,272855000.0,0.858,52527000.0,22537000.0,2377523000.0,,0.0,1004658000.0,1004658000.0,0.0,3150554000.0,978008000.0,2172546000.0,23527776963.0,-161001000.0,0.0,-169598000.0,0.0,0.0,-169598000.0,-131452000.0,-116410000.0,139590000.0,459000.0,170979000.0,170979000.0,170979000.0,0.0,0.0,0.538,66206000.0,206649000.0,198342000.0,0.0,-16.972,29.194,29.475,248587000.0,0.0,204.85,18.743,18.71,0.0,-15819916000.0,317879000.0,317879000.0,19708000.0,,,,,12678000.0,46498000.0,1.0,114853683.0,114655000.0,114831000.0,2.772,1711779000.0,76903000.0,13908000.0,101206000.0,14.93,228118000.0
4,VRSN,MRQ,2020-06-30,2020-06-30,2020-06-30,2021-07-22,-2358000.0,1820126000.0,,1249648000.0,570478000.0,,-12.14,-10878000.0,306701000.0,306701000.0,43608000.0,152479000.0,1.227,-2.3,1788824000.0,0.0,1788824000.0,1788824000.0,1064310000.0,11609000.0,0.0,0.0,0.0,214183000.0,225792000.0,0.718,225792000.0,214183000.0,191648000.0,1.32,1.32,1.32,-1400324000.0,,-1400324000.0,25186530821.0,30.0,28.059,204434000.0,1.772,1.0,270757000.0,0.861,52527000.0,22535000.0,2231390000.0,,0.0,887872000.0,887872000.0,0.0,3220450000.0,1018332000.0,2202118000.0,23897029821.0,-191992000.0,5153000.0,-154203000.0,0.0,0.0,-154203000.0,-253452000.0,-247727000.0,215312000.0,351000.0,152479000.0,152479000.0,152479000.0,0.0,0.0,0.485,63977000.0,206780000.0,235671000.0,0.0,-17.065,30.294,30.596,250290000.0,0.0,206.83,19.181,19.149,0.0,-15990895000.0,314365000.0,314365000.0,18202000.0,,,,,11987000.0,45775000.0,1.0,115539476.0,115347000.0,115544000.0,2.725,1767599000.0,82048000.0,39169000.0,131645000.0,15.324,231316000.0
5,VRSN,MRQ,2020-03-31,2020-03-31,2020-03-31,2021-07-22,-358000.0,1753861000.0,,1185495000.0,568366000.0,,-12.108,-11013000.0,498693000.0,498693000.0,45573000.0,334116000.0,1.24,-2.245,1788194000.0,0.0,1788194000.0,1788194000.0,1056687000.0,11232000.0,0.0,0.0,0.0,213348000.0,224580000.0,0.719,224580000.0,213348000.0,190813000.0,2.87,2.86,2.87,-1409114000.0,,-1409114000.0,22245039436.0,26.0,24.82,169047000.0,1.453,1.0,266951000.0,0.854,52527000.0,22535000.0,2035163000.0,,0.0,639939000.0,639939000.0,0.0,3162975000.0,955672000.0,2207303000.0,20965670436.0,-9499000.0,14856000.0,-267327000.0,0.0,0.0,-267327000.0,79084000.0,75241000.0,180060000.0,-1316000.0,334116000.0,334116000.0,334116000.0,0.0,0.0,1.069,60687000.0,206264000.0,180015000.0,0.0,-14.879,26.746,26.96,247764000.0,0.0,180.09,16.938,16.932,0.0,-16143374000.0,312524000.0,312524000.0,17358000.0,,,,,11441000.0,43329000.0,1.0,116417738.0,116375000.0,116730000.0,2.685,1701334000.0,84388000.0,-143303000.0,138079000.0,14.619,229823000.0
6,VRSN,MRQ,2019-12-31,2019-12-31,2019-12-31,2021-07-22,-2621000.0,1854009000.0,,1278589000.0,575420000.0,,-12.719,-8818000.0,508196000.0,508196000.0,46454000.0,148325000.0,1.325,-2.244,1787565000.0,0.0,1787565000.0,1787565000.0,1033880000.0,12003000.0,0.0,0.0,0.0,207689000.0,219692000.0,0.707,219692000.0,207689000.0,184977000.0,1.27,1.26,1.27,-1490100000.0,,-1490100000.0,24300015047.0,29.0,27.129,184780000.0,1.577,1.0,264089000.0,0.85,52527000.0,22712000.0,2115685000.0,,0.0,709863000.0,709863000.0,0.0,3344109000.0,965166000.0,2378943000.0,22622368047.0,398922000.0,-1342000.0,-199098000.0,0.0,0.0,-199970000.0,405022000.0,415182000.0,193598000.0,272000.0,148325000.0,148325000.0,148325000.0,0.0,0.0,0.478,65523000.0,198566000.0,209988000.0,0.0,-15.182,36.947,37.269,250283000.0,0.0,192.68,18.367,18.54,0.0,-16477490000.0,310543000.0,310543000.0,15101000.0,,,,,12389000.0,50422000.0,1.0,117409010.0,117154000.0,117642000.0,2.651,1801482000.0,87798000.0,36652000.0,312676000.0,15.377,313423000.0
7,VRSN,MRQ,2019-09-30,2019-09-30,2019-09-30,2021-07-22,-2419000.0,1886730000.0,,1298146000.0,588584000.0,,-12.284,-11309000.0,109288000.0,109288000.0,44443000.0,153913000.0,1.351,-2.299,1786935000.0,0.0,1786935000.0,1786935000.0,1042252000.0,11443000.0,0.0,0.0,0.0,216114000.0,227557000.0,0.738,227557000.0,216114000.0,193481000.0,1.3,1.3,1.3,-1451919000.0,,-1451919000.0,23363207688.0,26.0,24.737,196810000.0,1.665,1.0,263978000.0,0.856,52527000.0,22633000.0,2550972000.0,,0.0,1120723000.0,1120723000.0,0.0,3338649000.0,960878000.0,2377771000.0,22328481688.0,-642275000.0,-2219000.0,-194054000.0,0.0,0.0,-194054000.0,-655889000.0,-642361000.0,208119000.0,-451000.0,153913000.0,153913000.0,153913000.0,0.0,0.0,0.499,58362000.0,205616000.0,200361000.0,0.0,-15.379,34.555,34.738,250159000.0,0.0,188.63,18.174,18.147,0.0,-16625815000.0,308421000.0,308421000.0,14619000.0,,,,,12620000.0,43743000.0,1.0,118371848.0,118194000.0,118569000.0,2.609,1834203000.0,100564000.0,39568000.0,309101000.0,15.519,337268000.0
8,VRSN,MRQ,2019-06-30,2019-06-30,2019-06-30,2021-07-22,-2727000.0,1889898000.0,,1295382000.0,594516000.0,,-11.98,-11056000.0,751580000.0,751580000.0,44066000.0,147534000.0,1.386,-2.326,1786306000.0,0.0,1786306000.0,1786306000.0,1049609000.0,11291000.0,0.0,0.0,0.0,213129000.0,224420000.0,0.733,224420000.0,213129000.0,190494000.0,1.24,1.24,1.24,-1425167000.0,,-1425167000.0,25934442368.0,29.0,27.883,153789000.0,1.293,1.0,262223000.0,0.856,52527000.0,22635000.0,1937416000.0,,0.0,473362000.0,473362000.0,0.0,3315065000.0,934681000.0,2380384000.0,24928391368.0,-28026000.0,-3353000.0,-180230000.0,0.0,0.0,-180230000.0,-12629000.0,1780000.0,164845000.0,-12000.0,147534000.0,147534000.0,147534000.0,0.0,0.0,0.482,60530000.0,201693000.0,171215000.0,0.0,-17.492,39.573,39.764,250820000.0,0.0,209.16,20.334,20.297,0.0,-16779728000.0,306289000.0,306289000.0,14953000.0,,,,,13155000.0,45577000.0,1.0,119183359.0,118965000.0,119361000.0,2.575,1837371000.0,109917000.0,42960000.0,307935000.0,15.445,360701000.0
9,VRSN,MRQ,2019-03-31,2019-03-31,2019-03-31,2021-07-22,-2762000.0,1919676000.0,,1315267000.0,604409000.0,,-11.742,-9133000.0,779625000.0,779625000.0,45504000.0,162527000.0,1.397,-2.365,1785676000.0,0.0,1785676000.0,1785676000.0,1047014000.0,11593000.0,0.0,0.0,0.0,212455000.0,224048000.0,0.731,224048000.0,212455000.0,189824000.0,1.36,1.35,1.36,-1406129000.0,,-1406129000.0,23163078140.0,27.0,25.414,178197000.0,1.488,1.0,260904000.0,0.851,52527000.0,22631000.0,1931920000.0,,0.0,473365000.0,473365000.0,0.0,3325805000.0,941280000.0,2384525000.0,21735446140.0,422227000.0,-2958000.0,-196049000.0,0.0,0.0,-196049000.0,430691000.0,442782000.0,187330000.0,255000.0,162527000.0,162527000.0,162527000.0,0.0,0.0,0.53,60652000.0,200252000.0,183996000.0,0.0,-15.458,35.588,35.254,252237000.0,0.0,181.56,17.785,17.792,0.0,-16927262000.0,306408000.0,306408000.0,16132000.0,,,,,12462000.0,44520000.0,1.0,119714949.0,119757000.0,120317000.0,2.559,1867149000.0,120192000.0,27297000.0,309119000.0,15.591,373987000.0
10,VRSN,MRQ,2018-12-31,2018-12-31,2018-12-31,2021-07-22,-2811000.0,1914504000.0,,1317034000.0,597470000.0,,-11.482,-7410000.0,357415000.0,357415000.0,48368000.0,182195000.0,1.39,-2.382,1785047000.0,0.0,1785047000.0,1785047000.0,1018102000.0,11917000.0,0.0,0.0,0.0,256536000.0,268453000.0,0.873,268453000.0,256536000.0,233902000.0,1.53,1.5,1.53,-1385474000.0,,-1385474000.0,19479389357.0,23.0,21.82,211090000.0,1.749,1.0,259084000.0,0.843,52527000.0,22634000.0,2342019000.0,,0.0,912254000.0,912254000.0,0.0,3299978000.0,947590000.0,2352388000.0,17926543357.0,125861000.0,52240000.0,-178349000.0,0.0,0.0,-178349000.0,85683000.0,40853000.0,218500000.0,27000.0,182195000.0,182195000.0,182195000.0,0.0,0.0,0.593,65118000.0,193966000.0,215208000.0,0.0,-12.939,30.776,28.906,253905000.0,0.0,148.29,14.755,13.847,0.0,-17089789000.0,307452000.0,307452000.0,15042000.0,,,,,11098000.0,50076000.0,1.0,120888417.0,120670000.0,121407000.0,2.548,1861977000.0,104992000.0,51707000.0,281621000.0,15.43,369444000.0
11,VRSN,MRQ,2018-09-30,2018-09-30,2018-09-30,2021-07-22,-3003000.0,1884628000.0,,1235982000.0,648646000.0,,-11.514,-10928000.0,231571000.0,231571000.0,48249000.0,137680000.0,1.353,-2.345,1784417000.0,0.0,1784417000.0,1784417000.0,1024250000.0,12255000.0,0.0,0.0,0.0,200932000.0,213187000.0,0.697,213187000.0,200932000.0,178301000.0,1.13,1.13,1.13,-1401101000.0,,-1401101000.0,21048995670.0,27.0,25.701,176533000.0,1.451,1.0,257528000.0,0.842,52527000.0,22631000.0,2471311000.0,,0.0,947395000.0,947395000.0,0.0,3285729000.0,913636000.0,2372093000.0,19521603670.0,-24812000.0,0.0,-173181000.0,0.0,0.0,-173181000.0,-38697000.0,-27769000.0,187461000.0,-395000.0,137680000.0,137680000.0,137680000.0,0.0,0.0,0.45,62531000.0,194997000.0,176121000.0,0.0,-13.933,38.8,34.141,256269000.0,0.0,160.12,16.227,16.196,0.0,-17271984000.0,305777000.0,305777000.0,13712000.0,,,,,15130000.0,48819000.0,1.0,121918584.0,121682000.0,122261000.0,2.513,1832101000.0,167772000.0,40621000.0,300941000.0,15.056,322346000.0
12,VRSN,MRQ,2018-06-30,2018-06-30,2018-06-30,2021-07-22,-2681000.0,1911585000.0,,1228915000.0,682670000.0,,-12.121,-11007000.0,256396000.0,256396000.0,47365000.0,128351000.0,1.334,-2.384,1783788000.0,0.0,1783788000.0,1783788000.0,1026702000.0,12078000.0,0.0,0.0,0.0,193670000.0,205748000.0,0.68,205748000.0,193670000.0,164878000.0,1.13,1.04,1.13,-1380989000.0,,-1380989000.0,14040802296.0,19.0,17.429,190810000.0,1.675,1.0,255087000.0,0.843,52527000.0,28792000.0,2465223000.0,,0.0,914879000.0,914879000.0,0.0,3292574000.0,921227000.0,2371347000.0,13330541296.0,-1447313000.0,0.0,-128856000.0,-1250009000.0,0.0,-1378865000.0,-269508000.0,-258501000.0,201817000.0,-757000.0,128351000.0,128351000.0,128351000.0,0.0,0.0,0.424,62077000.0,193010000.0,183521000.0,0.0,-9.653,27.752,29.176,256064000.0,0.0,137.42,11.205,13.161,0.0,-17409664000.0,302452000.0,302452000.0,13755000.0,,,,,13298000.0,48322000.0,1.0,97005831.0,113936000.0,123200000.0,2.655,1859058000.0,201900000.0,36527000.0,298563000.0,16.317,307688000.0
13,VRSN,MRQ,2018-03-31,2018-03-31,2018-03-31,2021-07-22,-2698000.0,2905323000.0,,2408528000.0,496795000.0,,-12.696,-7662000.0,1703722000.0,1703722000.0,48152000.0,134263000.0,1.555,-3.353,2413983000.0,630824000.0,1783159000.0,2413983000.0,1026525000.0,12117000.0,0.0,0.0,0.0,193223000.0,205340000.0,0.686,205340000.0,193223000.0,152435000.0,1.38,1.09,1.38,-1234734000.0,,-1234734000.0,13458904155.0,18.0,16.805,82327000.0,0.847,1.0,251136000.0,0.839,52527000.0,40788000.0,2014111000.0,,0.0,652740000.0,652740000.0,0.0,4140057000.0,1548946000.0,2591111000.0,11514610155.0,1237878000.0,0.0,-144930000.0,0.0,0.0,-144930000.0,1292652000.0,1300474000.0,89989000.0,167000.0,134263000.0,134263000.0,134263000.0,0.0,0.0,0.449,65717000.0,185419000.0,181567000.0,0.0,-9.326,24.236,24.7,257536000.0,0.0,118.56,9.793,9.806,0.0,-17538015000.0,299288000.0,299288000.0,15375000.0,,,,,12978000.0,50342000.0,1.0,97120531.0,97250000.0,123506000.0,3.078,2852796000.0,15425000.0,18172000.0,517982000.0,29.335,859582000.0
14,VRSN,MRQ,2017-12-31,2017-12-31,2017-12-31,2021-07-22,-2941000.0,2941188000.0,,2446153000.0,495035000.0,,-12.835,-8890000.0,465851000.0,465851000.0,47680000.0,102837000.0,1.568,-3.334,2410145000.0,627616000.0,1782529000.0,2410145000.0,999406000.0,12213000.0,0.0,0.0,0.0,182514000.0,194727000.0,0.659,194727000.0,182514000.0,142047000.0,1.05,0.83,1.05,-1260271000.0,,-1260271000.0,13399926473.0,18.0,17.065,190303000.0,1.938,1.0,247821000.0,0.839,52527000.0,40467000.0,3272427000.0,,0.0,1948900000.0,1948900000.0,0.0,4201459000.0,1560528000.0,2640931000.0,11280362473.0,179035000.0,11748000.0,-146883000.0,0.0,0.0,-146883000.0,126549000.0,135439000.0,199193000.0,176000.0,102837000.0,102837000.0,102837000.0,0.0,0.0,0.348,71389000.0,176432000.0,219603000.0,0.0,-8.951,24.67,25.096,263513000.0,0.0,114.44,9.682,9.854,0.0,-17694790000.0,295501000.0,295501000.0,12773000.0,,,,,12864000.0,58616000.0,1.0,98570102.0,98192000.0,124234000.0,3.009,2888661000.0,15392000.0,39210000.0,572305000.0,29.418,885625000.0
15,VRSN,MRQ,2017-09-30,2017-09-30,2017-09-30,2021-07-22,-3154000.0,2908363000.0,,2406020000.0,502343000.0,,-12.347,-21635000.0,286822000.0,286822000.0,47333000.0,114899000.0,1.567,-3.365,2406386000.0,624474000.0,1781912000.0,2406386000.0,1006848000.0,12493000.0,0.0,0.0,0.0,187300000.0,199793000.0,0.683,199793000.0,187300000.0,149544000.0,1.15,0.93,1.15,-1229938000.0,,-1229938000.0,12255150784.0,17.0,15.805,153036000.0,1.536,1.0,245095000.0,0.838,52527000.0,37756000.0,3439878000.0,,0.0,2078905000.0,2078905000.0,0.0,4138301000.0,1535522000.0,2602779000.0,10630561784.0,44402000.0,0.0,-143613000.0,543185000.0,0.0,399572000.0,-529957000.0,-508322000.0,174671000.0,116000.0,114899000.0,114899000.0,114899000.0,0.0,0.0,0.393,64036000.0,181059000.0,193462000.0,0.0,-8.643,23.112,23.486,265306000.0,0.0,106.39,9.197,9.169,0.0,-17797627000.0,292428000.0,292428000.0,12715000.0,,,,,14105000.0,51321000.0,1.0,99920686.0,99614000.0,124074000.0,2.936,2855836000.0,20458000.0,34645000.0,531605000.0,28.669,870498000.0
16,VRSN,MRQ,2017-06-30,2017-06-30,2017-06-30,2021-07-22,-2890000.0,2344251000.0,,1844090000.0,500161000.0,,-11.905,-9320000.0,242426000.0,242426000.0,47644000.0,123100000.0,1.211,-2.948,1867015000.0,628908000.0,1238107000.0,1867015000.0,1008304000.0,12070000.0,0.0,0.0,0.0,188962000.0,201032000.0,0.697,201032000.0,188962000.0,159872000.0,1.22,0.99,1.22,-1203158000.0,,-1203158000.0,10842122077.0,15.0,14.111,171391000.0,1.696,1.0,240908000.0,0.835,52527000.0,29090000.0,2393174000.0,,0.0,1566017000.0,1566017000.0,0.0,3547409000.0,1523139000.0,2024270000.0,9433173077.0,-212182000.0,0.0,-152711000.0,0.0,0.0,-152711000.0,-240446000.0,-231126000.0,180711000.0,264000.0,123100000.0,123100000.0,123100000.0,0.0,0.0,0.427,65948000.0,174960000.0,178250000.0,0.0,-7.84,20.53,20.843,261870000.0,0.0,92.96,8.196,8.162,0.0,-17900069000.0,288552000.0,288552000.0,13510000.0,,,,,13375000.0,52438000.0,1.0,101475614.0,101060000.0,123980000.0,2.855,2291724000.0,20646000.0,36772000.0,493840000.0,22.677,320951000.0
17,VRSN,MRQ,2017-03-31,2017-03-31,2017-03-31,2021-07-22,-3107000.0,2315519000.0,,1817224000.0,498295000.0,,-11.592,-9654000.0,454592000.0,454592000.0,50669000.0,116412000.0,1.212,-2.95,1863541000.0,625893000.0,1237648000.0,1863541000.0,1012378000.0,13102000.0,0.0,0.0,0.0,176572000.0,189674000.0,0.657,189674000.0,176572000.0,147549000.0,1.14,0.94,1.14,-1187749000.0,,-1187749000.0,10548847990.0,15.0,13.883,138532000.0,1.352,1.0,237945000.0,0.824,52527000.0,29023000.0,2172554000.0,,0.0,1331780000.0,1331780000.0,0.0,3503268000.0,1499387000.0,2003881000.0,8913839990.0,222303000.0,0.0,-165051000.0,0.0,0.0,-165051000.0,238430000.0,236336000.0,148186000.0,738000.0,116412000.0,116412000.0,116412000.0,0.0,0.0,0.403,62674000.0,175271000.0,155006000.0,0.0,-7.505,19.826,20.305,262352000.0,0.0,87.11,7.759,7.769,0.0,-18023169000.0,288614000.0,288614000.0,13344000.0,,,,,12563000.0,49330000.0,1.0,102328550.0,102467000.0,124464000.0,2.817,2262992000.0,20264000.0,31137000.0,472343000.0,22.085,317837000.0
18,VRSN,MRQ,2016-12-31,2016-12-31,2016-12-31,2021-07-22,-3453000.0,2334572000.0,,1842342000.0,492230000.0,,-11.538,-6685000.0,231945000.0,231945000.0,49100000.0,105552000.0,1.211,-2.945,1866953000.0,629764000.0,1237189000.0,1866953000.0,975689000.0,14053000.0,0.0,0.0,0.0,170835000.0,184888000.0,0.646,184888000.0,170835000.0,141853000.0,1.02,0.84,1.02,-1200595000.0,,-1200595000.0,9640787553.0,14.0,12.771,198279000.0,1.905,1.0,237171000.0,0.828,52527000.0,28982000.0,2395104000.0,,0.0,1565962000.0,1565962000.0,0.0,3535167000.0,1521949000.0,2013218000.0,7954979553.0,51827000.0,0.0,-160557000.0,0.0,0.0,-160557000.0,8030000.0,14886000.0,204964000.0,-610000.0,105552000.0,105552000.0,105552000.0,0.0,0.0,0.369,68409000.0,168762000.0,203920000.0,0.0,-6.626,18.053,18.464,266125000.0,0.0,76.07,6.965,7.126,0.0,-18184954000.0,286271000.0,286271000.0,13745000.0,,,,,14299000.0,54664000.0,1.0,104574465.0,104058000.0,125431000.0,2.751,2282045000.0,9385000.0,36301000.0,488605000.0,21.931,320393000.0
19,VRSN,MRQ,2016-09-30,2016-09-30,2016-09-30,2021-07-22,-2685000.0,2297979000.0,,1794968000.0,503011000.0,,-10.999,-6431000.0,177785000.0,177785000.0,49807000.0,114427000.0,1.211,-2.965,1863593000.0,626862000.0,1236731000.0,1863593000.0,980812000.0,14697000.0,0.0,0.0,0.0,178038000.0,192735000.0,0.67,192735000.0,178038000.0,149119000.0,1.08,0.9,1.08,-1169238000.0,,-1169238000.0,10051027072.0,15.0,13.603,164613000.0,1.548,1.0,237747000.0,0.827,52527000.0,28919000.0,2448834000.0,,0.0,1579926000.0,1579926000.0,0.0,3467217000.0,1482426000.0,1984791000.0,8353413072.0,6819000.0,0.0,-172113000.0,0.0,0.0,-172113000.0,7746000.0,157212000.0,171044000.0,142000.0,114427000.0,114427000.0,114427000.0,0.0,0.0,0.398,62971000.0,174776000.0,161966000.0,0.0,-7.144,19.132,19.463,270165000.0,0.0,78.24,7.402,7.37,15767000.0,-18290506000.0,287554000.0,287554000.0,14324000.0,,,,,12854000.0,48647000.0,1.0,106766527.0,106307000.0,127750000.0,2.705,2245452000.0,12819000.0,34692000.0,460846000.0,21.122,312542000.0
20,VRSN,MRQ,2016-06-30,2016-06-30,2016-06-30,2021-07-22,-2189000.0,2314173000.0,,1944655000.0,369518000.0,,-10.432,-6376000.0,170966000.0,170966000.0,48753000.0,113210000.0,1.317,-3.053,1868580000.0,632308000.0,1236272000.0,1868580000.0,987688000.0,14550000.0,0.0,0.0,0.0,177976000.0,192526000.0,0.672,192526000.0,177976000.0,149117000.0,1.05,0.87,1.05,-1127330000.0,,-1127330000.0,11010018805.0,17.0,15.473,160979000.0,1.49,1.0,237713000.0,0.83,52527000.0,28859000.0,2483135000.0,,0.0,1736030000.0,1736030000.0,0.0,3441503000.0,1476125000.0,1965378000.0,9378793805.0,-63059000.0,0.0,-151875000.0,0.0,0.0,-151875000.0,-78205000.0,-72035000.0,167355000.0,-334000.0,113210000.0,113210000.0,113210000.0,0.0,0.0,0.395,61446000.0,176267000.0,144361000.0,0.0,-8.319,22.618,22.995,277942000.0,0.0,86.46,8.474,8.442,15086000.0,-18404933000.0,286466000.0,286466000.0,14288000.0,,,,,11132000.0,47158000.0,1.0,108475524.0,108067000.0,130588000.0,2.651,2261646000.0,13205000.0,35907000.0,440874000.0,20.928,468530000.0
21,VRSN,MRQ,2016-03-31,2016-03-31,2016-03-31,2021-07-22,-3124000.0,2323673000.0,,1946057000.0,377616000.0,,-10.11,-7082000.0,234025000.0,234025000.0,50582000.0,107456000.0,1.313,-3.097,1865250000.0,629437000.0,1235813000.0,1865250000.0,992340000.0,14867000.0,0.0,0.0,0.0,169888000.0,184755000.0,0.655,184755000.0,169888000.0,141084000.0,0.98,0.82,0.98,-1108023000.0,,-1108023000.0,11333366151.0,18.0,16.495,142562000.0,1.301,1.0,231294000.0,0.821,52527000.0,28804000.0,2420658000.0,,0.0,1661804000.0,1661804000.0,0.0,3431696000.0,1481713000.0,1949983000.0,9692345151.0,5366000.0,0.0,-164276000.0,0.0,0.0,-164276000.0,19697000.0,26779000.0,149644000.0,301000.0,107456000.0,107456000.0,107456000.0,0.0,0.0,0.381,64527000.0,166767000.0,148677000.0,0.0,-8.747,24.572,25.225,286202000.0,0.0,88.54,8.951,8.961,16188000.0,-18518143000.0,281876000.0,281876000.0,16743000.0,,,,,11759000.0,47784000.0,1.0,109468547.0,109592000.0,131581000.0,2.572,2271146000.0,15324000.0,33628000.0,425429000.0,20.724,464344000.0
22,VRSN,MRQ,2015-12-31,2015-12-31,2015-12-31,2021-07-22,-3993000.0,2357737000.0,,1967924000.0,389813000.0,,-9.651,-11997000.0,228659000.0,228659000.0,48996000.0,101530000.0,1.309,-3.203,1869680000.0,634326000.0,1235354000.0,1869680000.0,961342000.0,14937000.0,0.0,0.0,0.0,153946000.0,168883000.0,0.619,168883000.0,153946000.0,125379000.0,0.91,0.76,0.91,-1070447000.0,,-1070447000.0,11424874672.0,19.0,17.395,195002000.0,1.758,1.0,223629000.0,0.82,52527000.0,28567000.0,2443251000.0,,0.0,1686771000.0,1686771000.0,0.0,3428184000.0,1502980000.0,1925204000.0,9741265672.0,50788000.0,0.0,-150594000.0,0.0,0.0,-170014000.0,13524000.0,25796000.0,206999000.0,279000.0,101530000.0,101530000.0,101530000.0,0.0,0.0,0.372,65347000.0,158282000.0,188171000.0,0.0,-9.1,25.96,26.553,295570000.0,0.0,87.36,9.195,9.414,12638000.0,-18625599000.0,272625000.0,272625000.0,15200000.0,,,,,31144000.0,50147000.0,1.0,111507162.0,110915000.0,133349000.0,2.458,2305210000.0,17361000.0,23849000.0,408991000.0,20.784,464944000.0
23,VRSN,MRQ,2015-09-30,2015-09-30,2015-09-30,2021-07-22,-2589000.0,2577305000.0,,1941140000.0,636165000.0,,-9.131,-6768000.0,177871000.0,177871000.0,47218000.0,92457000.0,0.98,-3.499,1861480000.0,626590000.0,1234890000.0,1861480000.0,940141000.0,14934000.0,0.0,0.0,0.0,150487000.0,165421000.0,0.622,165421000.0,150487000.0,121943000.0,0.82,0.7,0.82,-1031410000.0,,-1031410000.0,9679909788.0,17.0,14.991,148554000.0,1.315,1.0,218562000.0,0.822,52527000.0,28544000.0,2228495000.0,,0.0,1713087000.0,1713087000.0,0.0,3608715000.0,1979892000.0,1628823000.0,8008060788.0,-9415000.0,0.0,-151014000.0,0.0,0.0,-142960000.0,-21138000.0,-14440000.0,155322000.0,-639000.0,92457000.0,92457000.0,92457000.0,0.0,0.0,0.348,64100000.0,154462000.0,180106000.0,0.0,-7.764,23.61,24.164,297299000.0,0.0,70.56,7.68,7.644,14714000.0,-18727129000.0,265780000.0,265780000.0,15019000.0,,,,,4168000.0,49081000.0,1.0,113492925.0,112955000.0,131721000.0,2.353,2524778000.0,262243000.0,29486000.0,626988000.0,22.352,-38752000.0
24,VRSN,MRQ,2015-06-30,2015-06-30,2015-06-30,2021-07-22,-3128000.0,2570664000.0,,1930507000.0,640157000.0,,-8.597,-8849000.0,187286000.0,187286000.0,48221000.0,93011000.0,0.992,-3.585,1859135000.0,624767000.0,1234368000.0,1859135000.0,931601000.0,15873000.0,0.0,0.0,0.0,152166000.0,168039000.0,0.64,168039000.0,152166000.0,123663000.0,0.8,0.7,0.8,-994316000.0,,-994316000.0,8365908254.0,15.0,13.298,166107000.0,1.436,1.0,214318000.0,0.816,52527000.0,28503000.0,2244455000.0,,0.0,1697523000.0,1697523000.0,0.0,3564980000.0,1945531000.0,1619449000.0,7186334254.0,-518593000.0,0.0,-157317000.0,-1587000.0,0.0,-153531000.0,-540440000.0,-531642000.0,174956000.0,422000.0,93011000.0,93011000.0,93011000.0,0.0,0.0,0.354,65353000.0,148965000.0,166558000.0,0.0,-7.227,21.018,21.505,304360000.0,0.0,61.72,6.964,6.918,14418000.0,-18819586000.0,262539000.0,262539000.0,16347000.0,,,,,6628000.0,49006000.0,1.0,116434450.0,115656000.0,133251000.0,2.27,2518137000.0,260892000.0,30652000.0,607686000.0,21.773,-15024000.0
25,VRSN,MRQ,2015-03-31,2015-03-31,2015-03-31,2021-07-22,-2915000.0,2607710000.0,,1939984000.0,667726000.0,,-8.092,-13042000.0,705879000.0,705879000.0,48353000.0,88238000.0,1.009,-3.751,1885453000.0,635453000.0,1250000000.0,1885453000.0,924936000.0,15747000.0,0.0,0.0,0.0,138682000.0,154429000.0,0.598,154429000.0,138682000.0,116665000.0,0.75,0.66,0.75,-947877000.0,,-947877000.0,9017320691.0,16.0,14.42,119627000.0,1.021,1.0,210069000.0,0.813,52527000.0,22017000.0,1812566000.0,,0.0,1165443000.0,1165443000.0,0.0,3555587000.0,1922191000.0,1633396000.0,7827738691.0,514271000.0,0.0,-169554000.0,493824000.0,0.0,330263000.0,51155000.0,67984000.0,132669000.0,184000.0,88238000.0,88238000.0,88238000.0,0.0,0.0,0.341,65832000.0,144237000.0,150482000.0,0.0,-8.258,22.424,23.581,311870000.0,0.0,66.97,7.676,7.693,14656000.0,-18912597000.0,258422000.0,258422000.0,17152000.0,,,,,4135000.0,48680000.0,1.0,116884257.0,117139000.0,133850000.0,2.206,2555183000.0,266508000.0,28427000.0,594716000.0,21.813,17793000.0
26,VRSN,MRQ,2014-12-31,2014-12-31,2014-12-31,2021-07-22,-2998000.0,1901150000.0,,1479790000.0,421360000.0,,-7.358,-9269000.0,191608000.0,191608000.0,47477000.0,65472000.0,1.033,-3.152,1360795000.0,620620000.0,740175000.0,1360795000.0,890354000.0,15766000.0,0.0,0.0,0.0,142062000.0,157828000.0,0.617,157828000.0,142062000.0,120476000.0,0.55,0.49,0.55,-883466000.0,,-883466000.0,8045254985.0,14.0,12.71,161204000.0,1.343,1.0,208440000.0,0.814,52527000.0,21586000.0,1585605000.0,,0.0,1233076000.0,1233076000.0,0.0,2784616000.0,1432205000.0,1352411000.0,6902135985.0,-42341000.0,0.0,-208082000.0,0.0,0.0,-210594000.0,-1341000.0,7827000.0,170473000.0,-879000.0,65472000.0,65472000.0,65472000.0,0.0,0.0,0.256,66219000.0,142221000.0,190278000.0,0.0,-7.813,19.428,20.357,319028000.0,0.0,57.0,6.833,7.15,13448000.0,-19000835000.0,255917000.0,255917000.0,17324000.0,,,,,12208000.0,48895000.0,1.0,121090105.0,120068000.0,135828000.0,2.131,1848623000.0,33887000.0,55004000.0,343189000.0,15.396,47585000.0
27,VRSN,MRQ,2014-09-30,2014-09-30,2014-09-30,2021-07-22,-3049000.0,2207422000.0,,1522987000.0,684435000.0,,-6.033,-11311000.0,233949000.0,233949000.0,46933000.0,95189000.0,0.824,-3.948,1377068000.0,627068000.0,750000000.0,1377068000.0,893073000.0,15809000.0,0.0,0.0,0.0,133027000.0,148836000.0,0.584,148836000.0,133027000.0,111494000.0,0.77,0.69,0.77,-748754000.0,,-748754000.0,8021910472.0,14.0,12.772,156427000.0,1.26,1.0,208089000.0,0.816,52527000.0,21533000.0,1448748000.0,,0.0,1240769000.0,1240769000.0,0.0,2956176000.0,1849266000.0,1106910000.0,6891135472.0,-3412000.0,0.0,-220018000.0,0.0,0.0,-226761000.0,56498000.0,67532000.0,167738000.0,-887000.0,95189000.0,95189000.0,95189000.0,0.0,0.0,0.373,68589000.0,139500000.0,133542000.0,0.0,-9.203,11.842,12.789,318808000.0,0.0,55.12,6.892,6.842,16081000.0,-19066307000.0,255022000.0,255022000.0,16320000.0,,,,,21659000.0,52269000.0,1.0,125020600.0,124109000.0,138112000.0,2.055,2154895000.0,318617000.0,16305000.0,552493000.0,17.363,-326279000.0
28,VRSN,MRQ,2014-06-30,2014-06-30,2014-06-30,2021-07-22,-3107000.0,2322634000.0,,1597043000.0,725591000.0,,-4.893,-7485000.0,237361000.0,237361000.0,45989000.0,100176000.0,0.867,-4.67,1368136000.0,618136000.0,750000000.0,1368136000.0,890451000.0,16107000.0,0.0,0.0,0.0,148115000.0,164222000.0,0.656,164222000.0,148115000.0,126625000.0,0.77,0.71,0.77,-632852000.0,,-632852000.0,7520079523.0,13.0,12.085,113624000.0,0.878,1.0,204393000.0,0.816,52527000.0,21490000.0,1557812000.0,,0.0,1308110000.0,1308110000.0,0.0,2955486000.0,1843070000.0,1112416000.0,6416071523.0,-29692000.0,0.0,-300818000.0,0.0,0.0,-285509000.0,134672000.0,142117000.0,121109000.0,36000.0,100176000.0,100176000.0,100176000.0,0.0,0.0,0.4,61272000.0,143121000.0,129516000.0,0.0,-10.138,11.303,11.876,323782000.0,0.0,48.81,6.491,6.387,13810000.0,-19161496000.0,250382000.0,250382000.0,15694000.0,,,,,-5937000.0,45578000.0,1.0,131449939.0,129350000.0,141142000.0,1.936,2270107000.0,360358000.0,26449000.0,567383000.0,17.55,-246027000.0
29,VRSN,MRQ,2014-03-31,2014-03-31,2014-03-31,2021-07-22,-3072000.0,2609349000.0,,1790198000.0,819151000.0,,-3.43,-11262000.0,267053000.0,267053000.0,48026000.0,94423000.0,0.876,-6.702,1371061000.0,621061000.0,750000000.0,1371061000.0,886220000.0,16008000.0,0.0,0.0,0.0,146101000.0,162109000.0,0.652,162109000.0,146101000.0,124716000.0,0.71,0.64,0.71,-457619000.0,,-457619000.0,8240601934.0,15.0,13.472,130367000.0,0.977,1.0,200770000.0,0.807,52527000.0,21385000.0,1617033000.0,,0.0,1450155000.0,1450155000.0,0.0,3066968000.0,2043797000.0,1023171000.0,7205768934.0,-72170000.0,0.0,-136888000.0,0.0,0.0,-136888000.0,-77141000.0,-65913000.0,141629000.0,230000.0,94423000.0,94423000.0,94423000.0,0.0,0.0,0.38,61185000.0,139585000.0,108994000.0,0.0,-15.746,12.998,13.753,329711000.0,0.0,53.91,7.372,7.359,15437000.0,-19261672000.0,248796000.0,248796000.0,18439000.0,,,,,9993000.0,42746000.0,1.0,133662937.0,133417000.0,148600000.0,1.865,2556822000.0,467169000.0,30293000.0,700693000.0,19.164,-253599000.0
30,VRSN,MRQ,2013-12-31,2013-12-31,2013-12-31,2021-07-22,-3085000.0,2660767000.0,,1803199000.0,857568000.0,,-3.122,-15393000.0,339223000.0,339223000.0,46575000.0,292149000.0,0.889,-7.282,1374056000.0,624056000.0,750000000.0,1374056000.0,855836000.0,15240000.0,0.0,0.0,0.0,137682000.0,152922000.0,0.623,152922000.0,137682000.0,116445000.0,2.06,1.89,2.06,-423558000.0,,-423558000.0,9439149065.0,18.0,15.939,132047000.0,0.973,1.0,199055000.0,0.81,52527000.0,21237000.0,1613887000.0,,0.0,1384062000.0,1384062000.0,0.0,3084325000.0,2029186000.0,1055139000.0,8192989065.0,221632000.0,0.0,-221544000.0,0.0,0.0,-232319000.0,306023000.0,321439000.0,147440000.0,488000.0,292149000.0,292149000.0,292149000.0,0.0,0.0,1.189,68881000.0,130174000.0,149276000.0,0.0,-19.343,15.048,15.857,339653000.0,0.0,59.78,8.489,8.956,13631000.0,-19356095000.0,245630000.0,245630000.0,17766000.0,,,,,20418000.0,51115000.0,1.0,137052343.0,135663000.0,150326000.0,1.811,2608240000.0,437643000.0,-175704000.0,705157000.0,19.226,-225987000.0
31,VRSN,MRQ,2013-09-30,2013-09-30,2013-09-30,2021-07-22,-3207000.0,2329951000.0,,1861743000.0,468208000.0,,-3.485,-12651000.0,117591000.0,117591000.0,46554000.0,80898000.0,1.055,-5.718,1363751000.0,613751000.0,750000000.0,1363751000.0,857996000.0,14889000.0,0.0,0.0,0.0,128121000.0,143010000.0,0.587,143010000.0,128121000.0,107002000.0,0.57,0.53,0.57,-493817000.0,,-493817000.0,8084809235.0,15.0,13.409,121833000.0,0.86,1.0,197124000.0,0.809,52527000.0,21119000.0,1759514000.0,,0.0,1689223000.0,1689223000.0,0.0,2823768000.0,1764070000.0,1059698000.0,7306828235.0,-460710000.0,0.0,-324654000.0,-434000.0,0.0,-312635000.0,-283049000.0,-269673000.0,134484000.0,490000.0,80898000.0,80898000.0,80898000.0,0.0,0.0,0.332,64411000.0,132713000.0,145426000.0,0.0,-14.797,20.413,21.382,337785000.0,0.0,50.89,7.694,7.593,14823000.0,-19648244000.0,243678000.0,243678000.0,17456000.0,,,,,-1876000.0,46955000.0,1.0,143580826.0,141701000.0,152951000.0,1.72,2277424000.0,48644000.0,26104000.0,456595000.0,16.072,97673000.0
32,VRSN,MRQ,2013-06-30,2013-06-30,2013-06-30,2021-07-22,-3293000.0,2524841000.0,,2053291000.0,471550000.0,,-1.844,-20435000.0,578301000.0,578301000.0,46630000.0,86890000.0,1.18,-10.217,1356282000.0,606282000.0,750000000.0,1356282000.0,856384000.0,15408000.0,0.0,0.0,0.0,138242000.0,153650000.0,0.642,153650000.0,138242000.0,118433000.0,0.58,0.55,0.58,-273932000.0,,-273932000.0,7359780213.0,14.0,12.501,126401000.0,0.851,1.0,192702000.0,0.805,52527000.0,19809000.0,1509661000.0,,0.0,1419161000.0,1419161000.0,0.0,2798773000.0,1740634000.0,1058139000.0,6732258213.0,499681000.0,0.0,-334593000.0,638731000.0,0.0,309972000.0,44529000.0,64759000.0,146836000.0,-1656000.0,86890000.0,86890000.0,86890000.0,0.0,0.0,0.363,60621000.0,132081000.0,138846000.0,0.0,-24.576,18.967,19.333,337879000.0,0.0,44.66,7.243,7.139,13556000.0,-19729142000.0,239332000.0,239332000.0,16899000.0,,,,,3001000.0,43722000.0,1.0,150744698.0,148576000.0,158641000.0,1.611,2472314000.0,52232000.0,31543000.0,447261000.0,16.64,312657000.0
33,VRSN,MRQ,2013-03-31,2013-03-31,2013-03-31,2021-07-22,-675000.0,2071113000.0,,1615199000.0,455914000.0,,-0.257,-17115000.0,78620000.0,78620000.0,47254000.0,84513000.0,0.947,-53.921,706142000.0,606142000.0,100000000.0,706142000.0,846794000.0,15118000.0,0.0,0.0,0.0,127487000.0,142605000.0,0.603,142605000.0,127487000.0,114891000.0,0.55,0.52,0.55,-39136000.0,,-39136000.0,7778449469.0,16.0,14.054,133522000.0,0.875,1.0,189193000.0,0.8,52527000.0,12596000.0,939701000.0,,0.0,1483827000.0,1483827000.0,0.0,2110249000.0,1706407000.0,403842000.0,7211571469.0,-52116000.0,0.0,-134159000.0,0.0,0.0,-122351000.0,-78565000.0,-58024000.0,150637000.0,-1837000.0,84513000.0,84513000.0,84513000.0,0.0,0.0,0.357,55929000.0,133264000.0,119986000.0,0.0,-184.27,21.429,21.884,333183000.0,0.0,47.27,7.975,7.974,13617000.0,-19816032000.0,236447000.0,236447000.0,18176000.0,,,,,-4214000.0,37753000.0,1.0,152561275.0,152543000.0,161346000.0,1.55,2018586000.0,53079000.0,30378000.0,437327000.0,13.233,-91208000.0
34,VRSN,MRQ,2012-12-31,2012-12-31,2012-12-31,2021-07-22,-388000.0,2062476000.0,,1643464000.0,419012000.0,,-0.06,-13155000.0,130736000.0,130736000.0,42040000.0,105641000.0,2.365,-222.224,697614000.0,0.0,697614000.0,697614000.0,812582000.0,15167000.0,0.0,0.0,0.0,148503000.0,163670000.0,0.711,163670000.0,148503000.0,135846000.0,0.68,0.65,0.68,-9323000.0,,-9323000.0,6459720338.0,14.0,12.298,157604000.0,1.019,1.0,188156000.0,0.817,52527000.0,12657000.0,1881809000.0,,0.0,1425700000.0,1425700000.0,0.0,2071799000.0,695018000.0,1376781000.0,6027062338.0,-139719000.0,0.0,-91559000.0,0.0,0.0,-93888000.0,-216290000.0,-203185000.0,170759000.0,-300000.0,105641000.0,105641000.0,105641000.0,-4552000.0,0.0,0.459,52801000.0,135355000.0,130391000.0,0.0,-646.472,18.833,19.029,333861000.0,0.0,38.82,6.899,6.975,11477000.0,-19900545000.0,230196000.0,230196000.0,16059000.0,,,,,9300000.0,36012000.0,1.0,155256629.0,154625000.0,162016000.0,1.489,2009949000.0,52055000.0,30205000.0,431212000.0,12.999,948446000.0
35,VRSN,MRQ,2012-09-30,2012-09-30,2012-09-30,2021-07-22,-603000.0,1983264000.0,,1530489000.0,452775000.0,,-0.17,-13626000.0,270455000.0,270455000.0,41460000.0,77910000.0,0.946,-75.525,703113000.0,603113000.0,100000000.0,703113000.0,808645000.0,13379000.0,0.0,0.0,0.0,115411000.0,128790000.0,0.576,128790000.0,115411000.0,102792000.0,0.5,0.47,0.5,-26612000.0,,-26612000.0,7997158699.0,19.0,16.889,107996000.0,0.691,1.0,182068000.0,0.815,53062000.0,12619000.0,745500000.0,,0.0,1221797000.0,1221797000.0,0.0,2009876000.0,1617360000.0,392516000.0,7614844699.0,-45166000.0,0.0,-67441000.0,0.0,0.0,-58314000.0,-109733000.0,-95989000.0,121622000.0,1259000.0,77910000.0,77910000.0,77910000.0,-1091000.0,0.0,0.349,66006000.0,116062000.0,106137000.0,0.0,-286.143,28.392,28.641,329358000.0,0.0,48.69,8.99,8.982,11270000.0,-20006186000.0,223528000.0,223528000.0,15409000.0,,,,,680000.0,50597000.0,1.0,156394428.0,156261000.0,166575000.0,1.43,1930202000.0,55193000.0,24882000.0,391981000.0,12.352,-86871000.0
36,VRSN,MRQ,2012-06-30,2012-06-30,2012-06-30,2021-07-22,-3082000.0,1942024000.0,,1530611000.0,411413000.0,,-0.376,-13325000.0,315621000.0,315621000.0,42844000.0,68472000.0,2.276,-33.807,697935000.0,0.0,697935000.0,697935000.0,803749000.0,13532000.0,0.0,0.0,0.0,104883000.0,118415000.0,0.553,118415000.0,104883000.0,92303000.0,0.43,0.42,0.43,-59195000.0,,-59195000.0,6223304784.0,16.0,13.788,121646000.0,0.772,1.0,171298000.0,0.8,53202000.0,12580000.0,1598501000.0,,0.0,1122397000.0,1122397000.0,0.0,2001219000.0,672635000.0,1328584000.0,6883523784.0,-1037419000.0,0.0,-73618000.0,0.0,0.0,-65547000.0,-1103391000.0,-1089546000.0,134971000.0,-3452000.0,68472000.0,68472000.0,68472000.0,0.0,0.0,0.32,64318000.0,106980000.0,112508000.0,0.0,-116.286,27.621,27.929,329328000.0,0.0,43.57,8.39,8.369,12653000.0,-20084096000.0,214142000.0,214142000.0,15461000.0,,,,,383000.0,49039000.0,1.0,157987693.0,157599000.0,164178000.0,1.359,1888822000.0,79940000.0,23831000.0,341733000.0,11.985,857976000.0
37,VRSN,MRQ,2012-03-31,2012-03-31,2012-03-31,2021-07-22,-3094000.0,1882760000.0,,1473683000.0,409077000.0,,-0.448,-12917000.0,1353040000.0,1353040000.0,41256000.0,68009000.0,2.293,-27.394,692821000.0,0.0,692821000.0,692821000.0,783290000.0,12741000.0,0.0,0.072,0.0,101641000.0,114382000.0,0.556,114382000.0,101641000.0,89301000.0,0.43,0.42,0.43,-71333000.0,,-71333000.0,5494289806.0,15.0,12.721,97361000.0,0.611,1.0,164470000.0,0.799,53525000.0,12340000.0,526400000.0,,0.0,32803000.0,32803000.0,0.0,1954093000.0,642616000.0,1311477000.0,6117552806.0,39691000.0,0.0,-63759000.0,0.0,0.0,-60003000.0,-12939000.0,-22000.0,110278000.0,2355000.0,68009000.0,68009000.0,68009000.0,-1904000.0,0.0,0.331,65540000.0,98930000.0,99640000.0,0.0,-85.76,35.958,35.841,328474000.0,0.0,38.35,7.684,7.675,13553000.0,-20152568000.0,205726000.0,205726000.0,14765000.0,,,,,4563000.0,51323000.0,1.0,159518978.0,159344000.0,162881000.0,1.291,1829235000.0,74287000.0,21292000.0,333181000.0,11.48,831067000.0
38,VRSN,MRQ,2011-12-31,2011-12-31,2011-12-31,2021-07-22,-3084000.0,1856179000.0,,1447781000.0,408398000.0,,-0.554,-129216000.0,1313349000.0,1313349000.0,42016000.0,53814000.0,2.197,-22.067,690086000.0,0.0,690086000.0,690086000.0,728571000.0,14251000.0,0.0,0.077,0.0,97670000.0,111921000.0,0.55,111921000.0,97670000.0,85811000.0,0.34,0.33,0.34,-88107000.0,,-88107000.0,5065643846.0,15.0,12.634,-5002000.0,-0.031,1.0,161630000.0,0.794,53848000.0,11859000.0,520145000.0,,0.0,32860000.0,32860000.0,0.0,1944286000.0,658923000.0,1285363000.0,5681865846.0,110561000.0,0.0,7179000.0,98933000.0,0.0,117859000.0,-129933000.0,-767000.0,124214000.0,-1579000.0,53814000.0,53814000.0,53814000.0,-8485000.0,0.0,0.264,68757000.0,92873000.0,156385000.0,0.0,-64.488,39.764,41.057,327136000.0,0.0,35.72,7.36,7.654,14974000.0,-20220577000.0,203646000.0,203646000.0,13121000.0,,,,,-4404000.0,52284000.0,1.0,159066793.0,159156000.0,160020000.0,1.28,1802331000.0,67509000.0,31997000.0,369244000.0,11.324,788858000.0
39,VRSN,MRQ,2011-09-30,2011-09-30,2011-09-30,2021-07-22,-3185000.0,1657709000.0,,1363690000.0,294019000.0,,-1.023,-33963000.0,1202788000.0,1202788000.0,41694000.0,58916000.0,2.133,-10.942,586566000.0,0.0,586566000.0,586566000.0,722943000.0,13813000.0,0.0,0.201,0.0,92839000.0,106652000.0,0.541,106652000.0,92839000.0,81042000.0,0.36,0.36,0.36,-166738000.0,,-166738000.0,4125484946.0,13.0,11.169,74488000.0,0.457,1.0,155271000.0,0.788,54172000.0,11797000.0,348084000.0,,0.0,32136000.0,32136000.0,0.0,1824447000.0,639231000.0,1185216000.0,4760684946.0,-17377000.0,0.0,-229067000.0,0.0,0.0,-229187000.0,108289000.0,142250000.0,108451000.0,-4930000.0,58916000.0,58916000.0,58916000.0,-301000.0,0.0,0.299,66324000.0,88947000.0,137307000.0,0.0,-28.552,98.013,79.472,205304000.0,0.0,28.61,6.372,6.243,14831000.0,-20274391000.0,196965000.0,196965000.0,13488000.0,,,,,6096000.0,49865000.0,1.0,166399334.0,163046000.0,163902000.0,1.208,1603537000.0,113935000.0,22126000.0,336880000.0,9.835,724459000.0
40,VRSN,MRQ,2011-06-30,2011-06-30,2011-06-30,2021-07-22,-2064000.0,1795601000.0,,1525140000.0,270461000.0,,-0.025,-13916000.0,1220165000.0,1220165000.0,40667000.0,-10610000.0,2.34,-428.219,584965000.0,0.0,584965000.0,584965000.0,713852000.0,13674000.0,0.0,0.172,2.75,85279000.0,98953000.0,0.521,98953000.0,85279000.0,-26577000.0,-0.06,-0.06,-0.06,-4203000.0,,-4203000.0,4780092930.0,5.0,4.423,-967000.0,-0.006,1.0,149177000.0,0.786,54495000.0,111856000.0,454142000.0,,0.0,174585000.0,174585000.0,0.0,1799804000.0,651764000.0,1148040000.0,5637066930.0,-220661000.0,0.0,-87348000.0,0.0,-463498000.0,-553607000.0,318402000.0,332318000.0,12949000.0,1595000.0,-10610000.0,-10610000.0,-10610000.0,2929000.0,0.0,-0.056,67118000.0,82059000.0,156995000.0,-45.833,-1341.201,7.278,7.403,194771000.0,0.0,33.46,7.802,7.756,14516000.0,-20333307000.0,189844000.0,189844000.0,13074000.0,,,,,16825000.0,50385000.0,1.0,168471815.0,167471000.0,167471000.0,1.134,1741106000.0,0.0,-15967000.0,326112000.0,10.396,873376000.0
41,VRSN,MRQ,2011-03-31,2011-03-31,2011-03-31,2021-07-22,-1791000.0,2330603000.0,,2060098000.0,270505000.0,,3.204,-15565000.0,1440826000.0,1440826000.0,40869000.0,40771000.0,3.194,3.274,583852000.0,0.0,583852000.0,583852000.0,698946000.0,13968000.0,0.0,0.083,0.0,69466000.0,83434000.0,0.46,83434000.0,69466000.0,57646000.0,0.24,0.24,0.24,545328000.0,,545328000.0,5302648209.0,5.0,4.989,74722000.0,0.439,1.0,140654000.0,0.775,54823000.0,11820000.0,773717000.0,,0.0,506014000.0,506014000.0,0.0,1785275000.0,645089000.0,1140186000.0,6280650209.0,-118802000.0,0.0,-190878000.0,0.0,0.0,-187263000.0,-23516000.0,-6770000.0,90287000.0,1690000.0,40771000.0,40771000.0,40771000.0,1522000.0,0.0,0.225,75144000.0,65510000.0,159627000.0,0.0,11.517,7.656,7.591,193145000.0,0.0,36.21,8.966,8.797,15852000.0,-20322697000.0,181523000.0,181523000.0,13594000.0,,,,,11335000.0,56020000.0,1.0,173450710.0,170193000.0,171979000.0,1.067,2275780000.0,0.0,16875000.0,317944000.0,13.372,1415009000.0
42,VRSN,MRQ,2010-12-31,2010-12-31,2010-12-31,2021-07-22,-1334000.0,2444006000.0,,2177957000.0,266049000.0,,3.923,-11881000.0,1559628000.0,1559628000.0,38265000.0,-40505000.0,3.337,2.613,581626000.0,0.0,581626000.0,581626000.0,663038000.0,14276000.0,0.0,0.092,3.0,66068000.0,80344000.0,0.449,80344000.0,66068000.0,-55495000.0,-0.18,-0.18,-0.18,676430000.0,,676430000.0,4136904212.0,4.0,3.825,34846000.0,0.202,1.0,140564000.0,0.786,55146000.0,121563000.0,758145000.0,,0.0,501238000.0,501238000.0,0.0,1767576000.0,652713000.0,1114863000.0,5618837212.0,-500567000.0,-2724000.0,20553000.0,-1004000.0,-518217000.0,-533940000.0,-13694000.0,1011000.0,46727000.0,340000.0,-40505000.0,-40505000.0,-40505000.0,8838000.0,0.0,-0.227,73078000.0,67486000.0,195235000.0,-16.667,8.307,6.762,6.981,190319000.0,0.0,32.67,8.256,8.522,14874000.0,-20363468000.0,178829000.0,178829000.0,13181000.0,,,,,45245000.0,57078000.0,1.0,171987671.0,172416000.0,173958000.0,1.037,2388860000.0,102217000.0,-14990000.0,309696000.0,13.855,1525244000.0
43,VRSN,MRQ,2010-09-30,2010-09-30,2010-09-30,2021-07-22,1576000.0,2924082000.0,,2656904000.0,267178000.0,,7.175,-25874000.0,2060195000.0,2060195000.0,39751000.0,785545000.0,4.343,1.348,578262000.0,0.0,578262000.0,578262000.0,653762000.0,13573000.0,0.0,0.0,0.0,804310000.0,817883000.0,4.747,817883000.0,804310000.0,792170000.0,4.52,4.48,4.52,1245456000.0,,1245456000.0,5239947143.0,5.0,4.474,-107715000.0,-0.621,1.0,132535000.0,0.769,55470000.0,12140000.0,774923000.0,,0.0,488948000.0,488948000.0,0.0,1678626000.0,611756000.0,1066870000.0,5526937143.0,1197272000.0,1149447000.0,-123851000.0,0.0,0.0,30890000.0,1113976000.0,-8682000.0,-81841000.0,10891000.0,784903000.0,784903000.0,784903000.0,-740440000.0,642000.0,4.556,72663000.0,59872000.0,162997000.0,0.0,4.438,5.736,5.803,191426000.0,0.0,31.74,8.414,8.387,16826000.0,-20322963000.0,172286000.0,172286000.0,14468000.0,,,,,-137850000.0,51926000.0,1.0,174131605.0,173572000.0,175034000.0,0.993,2868612000.0,0.0,7267000.0,0.0,16.527,2045148000.0
44,VRSN,MRQ,2010-06-30,2010-06-30,2010-06-30,2021-07-22,12404000.0,2391965000.0,,2120243000.0,271722000.0,,2.34,-22874000.0,862923000.0,862923000.0,39846000.0,36374000.0,2.249,4.52,575933000.0,0.0,575933000.0,575933000.0,641199000.0,17901000.0,0.0,0.0,0.0,63300000.0,81201000.0,0.484,81201000.0,63300000.0,51334000.0,0.19,0.19,0.19,423890000.0,,423890000.0,4330818501.0,12.0,10.039,126326000.0,0.697,1.0,128035000.0,0.763,55793000.0,11966000.0,1106336000.0,,0.0,474356000.0,474356000.0,0.0,1915823000.0,942846000.0,972977000.0,4845303501.0,-227107000.0,0.0,-217581000.0,0.0,0.0,-213615000.0,-39699000.0,-13052000.0,149200000.0,363000.0,35213000.0,35213000.0,35213000.0,-9789000.0,1161000.0,0.21,77213000.0,50822000.0,165043000.0,0.0,11.431,20.864,21.585,190807000.0,0.0,26.55,7.554,7.497,16194000.0,-21107866000.0,167881000.0,167881000.0,13738000.0,,,,,8869000.0,55936000.0,1.0,182497307.0,181120000.0,182753000.0,0.927,2336172000.0,0.0,16121000.0,0.0,12.898,1177397000.0
45,VRSN,MRQ,2010-03-31,2010-03-31,2010-03-31,2021-07-22,7038000.0,2492188000.0,,1743440000.0,748748000.0,,3.185,-19898000.0,1090030000.0,1090030000.0,38814000.0,52440000.0,2.054,3.187,575545000.0,0.0,575545000.0,575545000.0,923956000.0,21905000.0,0.0,0.0,0.0,80278000.0,102183000.0,0.632,102183000.0,80278000.0,68280000.0,0.28,0.28,0.28,583482000.0,,583482000.0,3870539498.0,12.0,9.182,81222000.0,0.443,1.0,122768000.0,0.76,308070000.0,11998000.0,820792000.0,,0.0,460401000.0,460401000.0,0.0,1859742000.0,848841000.0,1010901000.0,4773327498.0,-387136000.0,15583000.0,-36360000.0,0.0,0.0,-28609000.0,-457493000.0,-453178000.0,101120000.0,-2154000.0,51356000.0,51356000.0,51356000.0,-22431000.0,1084000.0,0.318,68665000.0,54103000.0,180259000.0,0.0,8.181,20.585,21.328,398563000.0,0.0,26.02,7.602,7.591,58528000.0,-21143079000.0,161582000.0,161582000.0,12277000.0,,,,,3988000.0,56154000.0,1.0,183448405.0,183174000.0,184259000.0,0.882,2184118000.0,0.0,16924000.0,0.0,11.924,894599000.0
46,VRSN,MRQ,2009-12-31,2009-12-31,2009-12-31,2021-07-22,7659000.0,2470144000.0,,1709058000.0,761086000.0,,2.898,-44745000.0,1477166000.0,1477166000.0,36325000.0,93353000.0,1.928,3.404,574378000.0,0.0,574378000.0,574378000.0,888241000.0,24551000.0,0.0,0.0,0.0,145390000.0,169941000.0,1.095,169941000.0,145390000.0,98039000.0,0.48,0.49,0.48,549741000.0,,549741000.0,3801669272.0,12.0,9.225,128404000.0,0.677,1.0,118825000.0,0.766,312400000.0,47351000.0,368482000.0,,0.0,185000.0,185000.0,0.0,1871480000.0,886474000.0,985006000.0,4662449272.0,44860000.0,187202000.0,-205591000.0,2071000.0,0.0,-279688000.0,153743000.0,11178000.0,173149000.0,-2344000.0,92048000.0,92048000.0,92048000.0,-60585000.0,1305000.0,0.593,69149000.0,49676000.0,243967000.0,0.0,8.481,18.988,18.938,403821000.0,0.0,24.24,7.57,7.549,63133000.0,-21194435000.0,155150000.0,155150000.0,12314000.0,,,,,86464000.0,56063000.0,1.0,192345267.0,189703000.0,190595000.0,0.818,2157744000.0,0.0,5991000.0,144777000.0,11.374,822584000.0
47,VRSN,MRQ,2009-09-30,2009-09-30,2009-09-30,2021-07-22,9039000.0,2621463000.0,,1896758000.0,724705000.0,,3.801,-25252000.0,1432306000.0,1432306000.0,42159000.0,54599000.0,1.989,2.513,571526000.0,0.0,571526000.0,571526000.0,881292000.0,20317000.0,0.0,0.0,0.0,57743000.0,78060000.0,0.498,78060000.0,57743000.0,57743000.0,0.28,0.28,0.28,732058000.0,,732058000.0,3831410950.0,31.0,18.745,75525000.0,0.392,1.0,114648000.0,0.731,314895000.0,0.0,492298000.0,,0.0,0.0,0.0,0.0,1839363000.0,953490000.0,885873000.0,4569055950.0,123954000.0,46678000.0,-17084000.0,0.0,0.0,-11042000.0,21592000.0,0.0,100777000.0,12627000.0,53611000.0,53611000.0,53611000.0,-33699000.0,988000.0,0.342,80560000.0,34088000.0,246592000.0,0.0,6.241,79.347,78.967,372413000.0,0.0,23.69,11.412,11.397,73247000.0,-21286483000.0,156807000.0,156807000.0,13245000.0,,,,,5255000.0,55860000.0,1.0,192868550.0,192619000.0,193472000.0,0.814,2306568000.0,0.0,4132000.0,0.0,11.975,943268000.0
48,VRSN,MRQ,2009-06-30,2009-06-30,2009-06-30,2021-07-22,5853000.0,2550173000.0,,1816875000.0,733298000.0,,3.5,-19821000.0,1308352000.0,1308352000.0,42977000.0,35772000.0,1.9,2.713,570707000.0,0.0,570707000.0,570707000.0,877883000.0,20868000.0,0.0,0.0,0.0,50467000.0,71335000.0,0.462,71335000.0,50467000.0,50467000.0,0.18,0.18,0.18,674308000.0,,674308000.0,3197934772.0,-26.0,-77.165,63006000.0,0.327,1.0,111361000.0,0.722,327014000.0,0.0,529074000.0,,0.0,0.0,0.0,0.0,1829474000.0,956440000.0,873034000.0,3571276772.0,365966000.0,233128000.0,-17464000.0,0.0,0.0,49671000.0,230991000.0,23885000.0,82827000.0,2477000.0,34874000.0,34874000.0,34874000.0,-18868000.0,898000.0,0.226,68379000.0,42982000.0,238785000.0,0.0,5.296,-18.117,-18.157,370107000.0,0.0,18.52,7.296,7.289,77372000.0,-21340094000.0,154338000.0,154338000.0,12985000.0,,,,,-53068000.0,55455000.0,1.0,192833519.0,192649000.0,193426000.0,0.801,2223159000.0,0.0,15593000.0,0.0,11.54,860435000.0
49,VRSN,MRQ,2009-03-31,2009-03-31,2009-03-31,2021-07-22,11819000.0,2432643000.0,,1701836000.0,730807000.0,,3.028,-20994000.0,942386000.0,942386000.0,62879000.0,65515000.0,1.842,3.102,569044000.0,0.0,569044000.0,569044000.0,871591000.0,20530000.0,0.0,0.0,0.0,88220000.0,108750000.0,0.429,108750000.0,88220000.0,88220000.0,0.34,0.34,0.34,582249000.0,,582249000.0,4101829361.0,-16.0,-25.524,17444000.0,0.091,1.0,190678000.0,0.752,323750000.0,0.0,811460000.0,,0.0,0.0,0.0,0.0,1806099000.0,924091000.0,882008000.0,3629242361.0,153318000.0,2372000.0,15772000.0,0.0,0.0,43065000.0,78129000.0,93266000.0,38438000.0,-6314000.0,65020000.0,65020000.0,65020000.0,-18198000.0,495000.0,0.256,115821000.0,74857000.0,195358000.0,0.0,6.233,-12.05,-12.174,372723000.0,0.0,18.87,6.288,6.287,80783000.0,-21374968000.0,253557000.0,253557000.0,21783000.0,,,,,-13365000.0,86819000.0,1.0,192328689.0,192311000.0,192804000.0,1.318,2108893000.0,0.0,23200000.0,94609000.0,10.966,777745000.0
50,VRSN,MRQ,2008-12-31,2008-12-31,2008-12-31,2021-07-22,17006000.0,2366872000.0,,1624835000.0,742037000.0,,2.432,-32897000.0,789068000.0,789068000.0,-11653000.0,-114641000.0,1.663,3.939,568712000.0,0.0,568712000.0,568712000.0,845081000.0,17322000.0,0.0,0.0,0.0,-71067000.0,-53745000.0,0.327,-53745000.0,-71067000.0,-115458000.0,-0.5,-0.5,-0.5,469213000.0,,469213000.0,4562297837.0,-13.0,-19.088,88097000.0,0.457,1.0,-152683000.0,0.929,318421000.0,44391000.0,851217000.0,,0.0,0.0,0.0,0.0,1848451000.0,976878000.0,871573000.0,3702209837.0,385543000.0,213682000.0,-48859000.0,0.0,0.0,-14288000.0,267346000.0,98195000.0,120994000.0,11491000.0,-95922000.0,-95922000.0,-95922000.0,100483000.0,-18719000.0,0.584,-47954000.0,-104729000.0,263535000.0,0.0,7.89,-9.892,-10.042,385498000.0,0.0,19.08,6.624,6.732,83749000.0,-21439988000.0,-164336000.0,-164336000.0,-8778000.0,,,,,-19755000.0,-32805000.0,1.0,194036155.0,192938000.0,193555000.0,-0.852,2048451000.0,0.0,-19536000.0,0.0,10.617,647957000.0
51,VRSN,MRQ,2008-09-30,2008-09-30,2008-09-30,2021-07-22,10969000.0,2690172000.0,,1507951000.0,1182221000.0,,0.541,-27324000.0,403525000.0,403525000.0,57265000.0,-200275000.0,1.556,23.49,1263613000.0,0.0,1263613000.0,1263613000.0,797768000.0,24431000.0,0.0,0.0,0.0,-192214000.0,-167783000.0,-0.682,-167783000.0,-192214000.0,-192214000.0,-1.04,-1.03,-1.04,104951000.0,,104951000.0,5681104225.0,-11.0,-14.682,88759000.0,0.458,1.0,188669000.0,0.767,384362000.0,0.0,2196751000.0,,0.0,376214000.0,248794000.0,127420000.0,2465321000.0,969147000.0,1496174000.0,5038922225.0,-217492000.0,-15679000.0,-100239000.0,0.0,0.0,-93163000.0,-240479000.0,1340000.0,116083000.0,67000.0,-201090000.0,-201090000.0,-201090000.0,242613000.0,815000.0,-0.818,121496000.0,67173000.0,264832000.0,0.0,48.012,-10.064,-11.051,374097000.0,0.0,26.08,5.376,5.394,68189000.0,-21317195000.0,245934000.0,245934000.0,21764000.0,,,,,11943000.0,91323000.0,1.0,193210208.0,193853000.0,195930000.0,1.269,2305810000.0,0.0,8876000.0,0.0,11.895,538804000.0
52,VRSN,MRQ,2008-06-30,2008-06-30,2008-06-30,2021-07-22,10776000.0,2949313000.0,,1373110000.0,1576203000.0,,1.973,12955000.0,621017000.0,621017000.0,55748000.0,-68189000.0,1.456,6.341,1263199000.0,0.0,1263199000.0,1263199000.0,780319000.0,29310000.0,0.0,0.0,0.0,-77237000.0,-47927000.0,-0.198,-47927000.0,-77237000.0,-77237000.0,-0.35,-0.35,-0.35,385772000.0,,385772000.0,8280312422.0,-27.0,-45.359,190402000.0,0.974,1.0,186285000.0,0.77,679910000.0,0.0,1968213000.0,,0.0,159894000.0,548000.0,159346000.0,2446111000.0,943372000.0,1502739000.0,7359886422.0,137992000.0,46453000.0,44741000.0,-140000000.0,0.0,-95982000.0,60786000.0,0.0,177447000.0,-4259000.0,-69178000.0,-69178000.0,-69178000.0,55161000.0,989000.0,-0.286,203324000.0,-17039000.0,318110000.0,0.0,19.078,-25.858,-30.0,435971000.0,0.0,37.8,8.114,8.147,125138000.0,-21117891000.0,242033000.0,242033000.0,23540000.0,,,,,29536000.0,92124000.0,1.0,194705990.0,195515000.0,195515000.0,1.238,2269403000.0,0.0,-8059000.0,0.0,11.607,429738000.0
53,VRSN,MRQ,2008-03-31,2008-03-31,2008-03-31,2021-07-22,18654000.0,3066441000.0,,929419000.0,2137022000.0,,1.83,-24881000.0,483025000.0,483025000.0,59485000.0,-7155000.0,0.872,6.781,1403451000.0,140000000.0,1263451000.0,1403451000.0,761314000.0,31852000.0,0.0,0.0,0.0,-1412000.0,30440000.0,0.129,30440000.0,-1412000.0,-1412000.0,-0.04,-0.04,-0.04,378079000.0,,378079000.0,6981633102.0,-31.0,-65.666,44629000.0,0.216,1.0,175780000.0,0.747,1089170000.0,0.0,1832253000.0,,0.0,161407000.0,1485000.0,159922000.0,2563926000.0,1065444000.0,1498482000.0,7093059102.0,-893697000.0,14160000.0,-1100594000.0,140000000.0,0.0,-960594000.0,-10889000.0,100000.0,69510000.0,8276000.0,-8061000.0,-8061000.0,-8061000.0,23689000.0,906000.0,-0.034,147197000.0,28583000.0,314859000.0,0.0,18.761,-32.218,-35.742,606669000.0,0.0,33.24,7.676,7.43,174354000.0,-21052769000.0,235265000.0,235265000.0,25224000.0,,,,,26795000.0,103074000.0,1.0,213389263.0,206550000.0,210471000.0,1.139,1977271000.0,0.0,6649000.0,0.0,9.573,-136025000.0
54,VRSN,MRQ,2007-12-31,2007-12-31,2007-12-31,2021-07-22,3023000.0,4036955000.0,,1763415000.0,2273540000.0,,6.463,-57306000.0,1376722000.0,1376722000.0,54390000.0,-218497000.0,1.79,1.724,1265296000.0,0.0,1265296000.0,1265296000.0,774335000.0,29344000.0,0.0,0.0,0.0,-231029000.0,-201685000.0,-0.942,-201685000.0,-231029000.0,-231029000.0,-0.93,-0.92,-0.93,1442114000.0,,1442114000.0,8511355142.0,-55.0,-216.8,149026000.0,0.668,1.0,159662000.0,0.746,1204212000.0,0.0,1736328000.0,,0.0,156764000.0,0.0,156764000.0,2485871000.0,984989000.0,1500882000.0,8310059142.0,315410000.0,6380000.0,85254000.0,-909000.0,0.0,98276000.0,9794000.0,62169000.0,206332000.0,1008000.0,-222337000.0,-222337000.0,-222337000.0,37765000.0,3840000.0,-1.039,355495000.0,-195833000.0,398124000.0,0.0,5.762,-55.273,-59.698,621917000.0,0.0,37.61,9.771,10.512,208799000.0,-21064718000.0,214052000.0,214052000.0,15758000.0,,,,,11444000.0,130669000.0,1.0,220953447.0,223118000.0,207572000.0,0.959,2832743000.0,0.0,-8692000.0,43765000.0,12.696,778426000.0
55,VRSN,MRQ,2007-09-30,2007-09-30,2007-09-30,2021-07-22,-270000.0,4026472000.0,,1536009000.0,2490463000.0,,6.532,-49723000.0,1061312000.0,1061312000.0,60523000.0,14954000.0,1.809,1.501,1262608000.0,0.0,1262608000.0,1262608000.0,710760000.0,29631000.0,0.0,0.0,0.0,6990000.0,36621000.0,0.17,36621000.0,6990000.0,6990000.0,0.06,0.06,0.06,1567988000.0,,1567988000.0,7751125225.0,130.0,44.172,62450000.0,0.26,1.0,155221000.0,0.719,1481213000.0,0.0,1897376000.0,,0.0,231367000.0,61095000.0,170272000.0,2353832000.0,849179000.0,1504653000.0,8407642225.0,385024000.0,-4371000.0,-934769000.0,1224600000.0,0.0,289306000.0,-20152000.0,32292000.0,112173000.0,3697000.0,14954000.0,14954000.0,14954000.0,-3401000.0,0.0,0.069,143386000.0,11835000.0,317210000.0,0.0,5.362,181.305,177.579,599202000.0,0.0,33.74,13.312,12.824,220232000.0,-20815457000.0,215744000.0,215744000.0,25263000.0,,,,,24816000.0,114675000.0,1.0,249189159.0,240054000.0,245537000.0,0.899,2545259000.0,260444000.0,-7964000.0,49579000.0,10.603,686830000.0
56,VRSN,MRQ,2007-06-30,2007-06-30,2007-06-30,2021-07-22,-6987000.0,3689869000.0,,1191271000.0,2498598000.0,,10.144,-32386000.0,656517000.0,656517000.0,82675000.0,-4717000.0,1.365,0.453,0.0,0.0,0.0,0.0,684784000.0,27388000.0,0.0,0.0,0.0,915000.0,28303000.0,0.109,28303000.0,915000.0,915000.0,-0.02,-0.02,-0.02,2473463000.0,,2473463000.0,7347011898.0,90.0,37.472,78669000.0,0.323,1.0,176313000.0,0.681,1503947000.0,0.0,656812000.0,,0.0,248169000.0,94308000.0,153861000.0,1121038000.0,872593000.0,248445000.0,7778261898.0,134043000.0,0.0,0.0,0.0,0.0,82000.0,24681000.0,56216000.0,111055000.0,-1775000.0,-4717000.0,-4717000.0,-4717000.0,-10386000.0,0.0,-0.018,199548000.0,-23235000.0,319987000.0,0.0,3.145,166.583,167.0,581140000.0,0.0,31.73,9.576,9.526,205996000.0,-20834462000.0,258988000.0,258988000.0,31868000.0,,,,,25322000.0,136900000.0,1.0,245139045.0,243846000.0,243846000.0,1.062,2185922000.0,298113000.0,5632000.0,58683000.0,8.964,318678000.0
57,VRSN,MRQ,2007-03-31,2007-03-31,2007-03-31,2021-07-22,-5134000.0,3625422000.0,,1098433000.0,2526989000.0,,10.047,-15125000.0,523024000.0,523024000.0,116418000.0,61753000.0,1.317,0.44,0.0,0.0,0.0,0.0,656120000.0,28176000.0,0.0,0.0,0.0,70999000.0,99175000.0,0.302,99175000.0,70999000.0,70999000.0,0.25,0.25,0.25,2449867000.0,,2449867000.0,5726642810.0,49.0,25.081,28852000.0,0.118,1.0,212065000.0,0.646,1539117000.0,0.0,729360000.0,,0.0,300656000.0,147929000.0,152727000.0,1077255000.0,833921000.0,243334000.0,6157892810.0,40461000.0,152643000.0,0.0,-199000000.0,0.0,-198993000.0,194686000.0,56030000.0,43977000.0,791000.0,61753000.0,61753000.0,61753000.0,542000.0,0.0,0.188,221683000.0,-9618000.0,301711000.0,0.0,2.514,14.381,14.354,581346000.0,0.0,25.12,6.543,6.509,219562000.0,-20829745000.0,328483000.0,328483000.0,42177000.0,,,,,16725000.0,126496000.0,1.0,245139045.0,243852000.0,248357000.0,1.347,2086305000.0,290155000.0,9246000.0,58184000.0,8.556,264512000.0
58,VRSN,MRQ,2006-12-31,2006-12-31,2006-12-31,2021-07-22,-8398000.0,3974253000.0,,1332364000.0,2641889000.0,,9.553,-42567000.0,478749000.0,478749000.0,-138758000.0,-25617000.0,0.98,0.665,199000000.0,199000000.0,0.0,199000000.0,607853000.0,30667000.0,0.0,0.0,0.0,-19292000.0,11375000.0,-0.066,11375000.0,-19292000.0,-19292000.0,-0.1,-0.1,-0.1,2329144000.0,,2329144000.0,5464344032.0,64.0,28.099,101118000.0,0.415,1.0,-32867000.0,0.192,1775923000.0,0.0,559304000.0,,0.0,248093000.0,198656000.0,49437000.0,1549677000.0,1359277000.0,190400000.0,5895594032.0,57537000.0,-60974000.0,-1128000.0,-510000.0,0.0,-522000.0,-84612000.0,17519000.0,143685000.0,-1014000.0,-25617000.0,-25617000.0,-25617000.0,-17916000.0,0.0,0.149,8444000.0,-41311000.0,681996000.0,0.0,2.531,15.396,15.318,605292000.0,0.0,24.05,5.999,5.982,241570000.0,-20929497000.0,-171625000.0,-171625000.0,-2610000.0,,,,,16861000.0,79635000.0,1.0,245139045.0,243824000.0,247277000.0,-0.704,2198330000.0,260796000.0,6325000.0,26297000.0,9.016,-26913000.0
59,VRSN,MRQ,2006-09-30,2006-09-30,2006-09-30,2021-07-22,-8379000.0,3983208000.0,,1346096000.0,2637112000.0,,9.702,-35475000.0,439250000.0,439250000.0,143357000.0,15274000.0,1.006,0.646,199000000.0,199000000.0,0.0,199000000.0,591329000.0,28170000.0,0.0,0.0,0.0,29043000.0,57213000.0,0.144,57213000.0,29043000.0,29043000.0,0.06,0.06,0.06,2362854000.0,,2362854000.0,4520558709.0,12.0,9.198,57321000.0,0.235,1.0,253061000.0,0.638,1767782000.0,0.0,636765000.0,,0.0,269526000.0,220564000.0,48962000.0,1525470000.0,1338411000.0,187059000.0,4951808709.0,13864000.0,-121034000.0,13244000.0,24318000.0,0.0,37647000.0,-116450000.0,37083000.0,92796000.0,-129000.0,15274000.0,15274000.0,15274000.0,-1259000.0,0.0,0.039,229157000.0,23904000.0,691036000.0,0.0,2.096,7.256,7.372,591626000.0,0.0,20.2,3.225,3.204,326844000.0,-20899965000.0,396418000.0,396418000.0,33164000.0,,,,,16219000.0,163899000.0,1.0,245139045.0,243536000.0,245657000.0,1.628,2215426000.0,330557000.0,13769000.0,27669000.0,9.097,7685000.0
60,VRSN,MRQ,2006-06-30,2006-06-30,2006-06-30,2021-07-22,-9706000.0,3858625000.0,,1340167000.0,2518458000.0,,9.458,-36772000.0,426425000.0,426425000.0,145715000.0,376787000.0,1.054,0.626,174000000.0,174000000.0,0.0,174000000.0,562087000.0,25314000.0,0.0,0.0,0.0,35251000.0,60565000.0,0.156,60565000.0,35251000.0,35251000.0,1.54,1.52,1.54,2314891000.0,,2314891000.0,5248621673.0,12.0,9.672,63407000.0,0.259,1.0,242117000.0,0.624,1672811000.0,0.0,662082000.0,,0.0,308020000.0,256538000.0,51482000.0,1450042000.0,1271307000.0,178735000.0,5679871673.0,-2115000.0,-256329000.0,-50140000.0,170016000.0,0.0,119585000.0,-222466000.0,72659000.0,100179000.0,587000.0,376787000.0,376787000.0,376787000.0,-901000.0,0.0,0.972,211955000.0,30162000.0,668358000.0,0.0,2.454,7.845,7.99,583328000.0,0.0,23.17,3.688,3.682,297036000.0,-20915239000.0,387832000.0,387832000.0,31021000.0,,,,,15731000.0,152106000.0,1.0,245139045.0,244744000.0,247252000.0,1.585,2185814000.0,315916000.0,-341536000.0,27669000.0,8.931,68860000.0
61,VRSN,MRQ,2006-03-31,2006-03-31,2006-03-31,2021-07-22,-11448000.0,3209835000.0,,1129497000.0,2080338000.0,,8.095,-66797000.0,431250000.0,431250000.0,136967000.0,16486000.0,1.181,0.573,0.0,0.0,0.0,0.0,539428000.0,24611000.0,0.0,0.0,0.0,40701000.0,65312000.0,0.176,65312000.0,40701000.0,40701000.0,0.07,0.07,0.07,1988183000.0,,1988183000.0,5390503732.0,11.0,9.319,71330000.0,0.29,1.0,233142000.0,0.63,1455054000.0,0.0,366796000.0,,0.0,379155000.0,328183000.0,50972000.0,1138384000.0,956735000.0,181649000.0,5867329732.0,-46162000.0,-166458000.0,-45436000.0,-1077000.0,0.0,-45975000.0,-138876000.0,95206000.0,138127000.0,562000.0,16486000.0,16486000.0,16486000.0,-1118000.0,0.0,0.045,221633000.0,11509000.0,541900000.0,0.0,2.951,15.142,15.887,557005000.0,0.0,23.99,3.698,3.714,265511000.0,-21127597000.0,370109000.0,370109000.0,28259000.0,,,,,17094000.0,151065000.0,1.0,244573978.0,245603000.0,248083000.0,1.507,1754781000.0,16959000.0,24215000.0,29012000.0,7.145,172762000.0
62,VRSN,MRQ,2005-12-31,2005-12-31,2005-12-31,2021-07-22,-12553000.0,3180721000.0,,1233808000.0,1946913000.0,,7.874,-31161000.0,476826000.0,476826000.0,124855000.0,273920000.0,1.294,0.563,0.0,0.0,0.0,0.0,498741000.0,24379000.0,0.0,0.0,0.0,284014000.0,308393000.0,0.809,308393000.0,284014000.0,284014000.0,1.07,1.05,1.07,1981957000.0,,1981957000.0,5303331943.0,10.0,8.567,104038000.0,0.413,1.0,256276000.0,0.672,1294265000.0,0.0,455954000.0,,0.0,428978000.0,378006000.0,50972000.0,1115794000.0,953676000.0,162118000.0,5613275943.0,168716000.0,272541000.0,-268001000.0,-550000.0,0.0,-268293000.0,304827000.0,62188000.0,135199000.0,-3017000.0,273920000.0,273920000.0,273920000.0,-253710000.0,0.0,0.719,233356000.0,22920000.0,567848000.0,0.0,2.832,13.085,13.114,558272000.0,0.0,21.9,3.498,3.513,306185000.0,-21308512000.0,381131000.0,381131000.0,25730000.0,,,,,36512000.0,155790000.0,1.0,256313970.0,251695000.0,256435000.0,1.514,1886456000.0,15907000.0,10094000.0,19072000.0,7.495,280132000.0
63,VRSN,MRQ,2005-09-30,2005-09-30,2005-09-30,2021-07-22,-7770000.0,2979138000.0,,1126871000.0,1852267000.0,,7.236,-27435000.0,309944000.0,309944000.0,126858000.0,56849000.0,1.319,0.539,0.0,0.0,0.0,0.0,493335000.0,22348000.0,0.0,0.0,0.0,86061000.0,108409000.0,0.27,108409000.0,86061000.0,86061000.0,0.22,0.21,0.22,1883979000.0,,1883979000.0,5215033553.0,16.0,12.854,98144000.0,0.377,1.0,274255000.0,0.684,1231422000.0,0.0,583578000.0,,0.0,489208000.0,438236000.0,50972000.0,1016169000.0,854194000.0,161975000.0,5664612553.0,-139635000.0,-40435000.0,-193641000.0,-550000.0,0.0,-193751000.0,-70701000.0,-461000.0,125579000.0,-762000.0,56849000.0,56849000.0,56849000.0,-4934000.0,0.0,0.142,206297000.0,67958000.0,476151000.0,0.0,3.007,24.881,24.284,528291000.0,0.0,21.37,3.696,3.63,297010000.0,-21418785000.0,401113000.0,401113000.0,24866000.0,,,,,-7769000.0,152859000.0,1.0,265073119.0,260369000.0,266079000.0,1.541,1747716000.0,17290000.0,29212000.0,20942000.0,6.712,272677000.0
64,VRSN,MRQ,2005-06-30,2005-06-30,2005-06-30,2021-07-22,-3980000.0,3118663000.0,,1288287000.0,1830376000.0,,7.721,-35184000.0,449579000.0,449579000.0,134430000.0,40240000.0,1.521,0.496,0.0,0.0,0.0,0.0,477343000.0,21778000.0,0.0,0.0,0.0,74524000.0,96302000.0,0.222,96302000.0,74524000.0,74524000.0,0.15,0.15,0.15,2032574000.0,,2032574000.0,7217773513.0,27.0,20.475,111300000.0,0.423,1.0,299791000.0,0.69,1217310000.0,0.0,604847000.0,,0.0,483404000.0,431960000.0,51444000.0,1008797000.0,846927000.0,161870000.0,7607150513.0,60202000.0,-26218000.0,-20548000.0,-550000.0,0.0,-21333000.0,-63282000.0,-1865000.0,146484000.0,-1667000.0,40240000.0,40240000.0,40240000.0,-4310000.0,0.0,0.093,242321000.0,57470000.0,480284000.0,0.0,3.743,36.015,35.073,522884000.0,0.0,28.76,5.221,5.197,305181000.0,-21463359000.0,434221000.0,434221000.0,25234000.0,,,,,8662000.0,188099000.0,1.0,264504538.0,263268000.0,271173000.0,1.649,1901353000.0,18187000.0,34284000.0,23334000.0,7.222,441360000.0
65,VRSN,MRQ,2005-03-31,2005-03-31,2005-03-31,2021-07-22,-5083000.0,2705908000.0,,1162212000.0,1543696000.0,,6.763,-17054000.0,389377000.0,389377000.0,122388000.0,49175000.0,1.55,0.531,0.0,0.0,0.0,0.0,450167000.0,20804000.0,0.0,0.0,0.0,73599000.0,94403000.0,0.244,94403000.0,73599000.0,73599000.0,0.19,0.19,0.19,1717612000.0,,1717612000.0,6970918021.0,30.0,21.997,56806000.0,0.224,1.0,264879000.0,0.684,944455000.0,0.0,622232000.0,,0.0,482853000.0,431335000.0,51518000.0,912630000.0,749844000.0,162786000.0,7301559021.0,58736000.0,0.0,14014000.0,-550000.0,0.0,13864000.0,-27248000.0,-6896000.0,73860000.0,-1740000.0,49175000.0,49175000.0,49175000.0,-4015000.0,0.0,0.127,209444000.0,55435000.0,404069000.0,0.0,4.251,37.847,37.763,508744000.0,0.0,28.7,5.71,5.7,282342000.0,-21504654000.0,387267000.0,387267000.0,20199000.0,,,,,3971000.0,168280000.0,1.0,254409722.0,253989000.0,262434000.0,1.525,1761453000.0,18898000.0,24424000.0,26874000.0,6.935,412368000.0
66,VRSN,MRQ,2004-12-31,2004-12-31,2004-12-31,2021-07-22,-1411000.0,2592874000.0,,1006123000.0,1586751000.0,,6.51,-35527000.0,328842000.0,328842000.0,122210000.0,81407000.0,1.438,0.522,0.0,0.0,0.0,0.0,404018000.0,20459000.0,0.0,0.0,0.0,86125000.0,106584000.0,0.344,106584000.0,86125000.0,86125000.0,0.32,0.32,0.32,1655720000.0,,1655720000.0,8327319350.0,48.0,32.072,99429000.0,0.391,1.0,187916000.0,0.606,969265000.0,0.0,595172000.0,,0.0,458302000.0,406784000.0,51518000.0,864600000.0,699595000.0,165005000.0,8558766350.0,99194000.0,70897000.0,-54129000.0,-4491000.0,0.0,-56066000.0,14090000.0,-30521000.0,134956000.0,6214000.0,81407000.0,81407000.0,81407000.0,-17451000.0,0.0,0.262,198117000.0,-10201000.0,380625000.0,0.0,5.169,56.006,55.082,508363000.0,0.0,33.6,7.638,7.513,232594000.0,-21553829000.0,310126000.0,310126000.0,14032000.0,,,,,43522000.0,157031000.0,1.0,254725189.0,254338000.0,256500000.0,1.219,1623609000.0,19057000.0,4718000.0,31319000.0,6.384,306528000.0
67,VRSN,MRQ,2004-09-30,2004-09-30,2004-09-30,2021-07-22,-7270000.0,2457509000.0,,857764000.0,1599745000.0,,6.25,-21622000.0,231447000.0,231447000.0,121945000.0,40398000.0,1.325,0.506,0.0,0.0,0.0,0.0,405761000.0,22205000.0,0.0,0.0,0.0,33022000.0,55227000.0,0.17,55227000.0,33022000.0,33022000.0,0.16,0.16,0.16,1588362000.0,,1588362000.0,4752550941.0,73.0,30.441,62855000.0,0.247,1.0,203366000.0,0.625,992437000.0,0.0,586302000.0,,0.0,435940000.0,374260000.0,61680000.0,803073000.0,647323000.0,155750000.0,5078822941.0,-94825000.0,0.0,-21315000.0,0.0,0.0,-22244000.0,-154870000.0,-125778000.0,84477000.0,-2188000.0,40398000.0,40398000.0,40398000.0,0.0,0.0,0.124,170930000.0,32436000.0,334916000.0,0.0,3.198,129.817,124.25,499222000.0,0.0,19.88,4.957,4.931,183418000.0,-21668641000.0,325311000.0,325311000.0,17697000.0,,,,,-23538000.0,122704000.0,1.0,255473991.0,254146000.0,259728000.0,1.28,1465072000.0,10973000.0,-7376000.0,23942000.0,5.765,210441000.0
68,VRSN,MRQ,2004-06-30,2004-06-30,2004-06-30,2021-07-22,-5759000.0,2429087000.0,,796897000.0,1632190000.0,,6.399,-20674000.0,326272000.0,326272000.0,102235000.0,21945000.0,1.298,0.482,0.0,0.0,0.0,0.0,392009000.0,21470000.0,0.0,0.0,0.0,39220000.0,60690000.0,0.237,60690000.0,39220000.0,39220000.0,0.09,0.09,0.09,1595737000.0,,1595737000.0,4528146775.0,1192.0,44.364,77729000.0,0.312,1.0,153810000.0,0.601,1017367000.0,0.0,471638000.0,,0.0,314083000.0,247513000.0,66570000.0,769476000.0,613810000.0,155666000.0,4934830775.0,24888000.0,-175393000.0,8455000.0,0.0,0.0,8707000.0,-80515000.0,117068000.0,98403000.0,-1707000.0,21945000.0,21945000.0,21945000.0,0.0,0.0,0.086,115292000.0,38518000.0,303789000.0,0.0,3.093,-151.477,-153.077,504657000.0,0.0,19.9,5.101,5.129,147946000.0,-21709039000.0,256045000.0,256045000.0,15253000.0,,,,,18430000.0,85442000.0,1.0,247981446.0,249357000.0,253068000.0,1.027,1411720000.0,11483000.0,17275000.0,26532000.0,5.661,183087000.0
69,VRSN,MRQ,2004-03-31,2004-03-31,2004-03-31,2021-07-22,-892000.0,2201638000.0,,827397000.0,1374241000.0,,6.012,-14709000.0,406684000.0,406684000.0,91482000.0,9070000.0,1.529,0.461,0.0,0.0,0.0,0.0,367934000.0,21507000.0,0.0,0.0,0.0,15637000.0,37144000.0,0.162,37144000.0,15637000.0,15637000.0,0.04,0.04,0.04,1469132000.0,,1469132000.0,3652330664.0,-21.0,-51.344,32793000.0,0.134,1.0,137631000.0,0.601,746830000.0,0.0,507042000.0,,0.0,329319000.0,251183000.0,78136000.0,676542000.0,541082000.0,135460000.0,4046117664.0,-209000.0,-70963000.0,17455000.0,0.0,0.0,15131000.0,-63568000.0,23286000.0,47502000.0,726000.0,9070000.0,9070000.0,9070000.0,0.0,0.0,0.04,122733000.0,14898000.0,255092000.0,0.0,2.754,-20.5,-20.232,505451000.0,0.0,16.59,4.143,4.151,107209000.0,-21730984000.0,229113000.0,229113000.0,16707000.0,,,,,8382000.0,75409000.0,1.0,243888949.0,244362000.0,248162000.0,0.938,1454808000.0,11203000.0,6567000.0,0.0,5.953,286315000.0
70,VRSN,MRQ,2003-12-31,2003-12-31,2003-12-31,2021-07-22,-2002000.0,2100538000.0,,880728000.0,1219810000.0,,5.607,-40537000.0,301593000.0,301593000.0,93321000.0,-32290000.0,1.586,0.508,0.0,0.0,0.0,0.0,338794000.0,26271000.0,0.0,0.0,0.0,-23210000.0,3061000.0,0.014,3061000.0,-23210000.0,-23210000.0,-0.13,-0.13,-0.13,1354824000.0,,1354824000.0,3555684762.0,-15.0,-27.952,43222000.0,0.179,1.0,120844000.0,0.564,618036000.0,0.0,625703000.0,,0.0,462213000.0,422093000.0,40120000.0,688056000.0,555206000.0,132850000.0,3936508762.0,-51448000.0,41569000.0,9412000.0,-7694000.0,0.0,39121000.0,-177505000.0,-176082000.0,83759000.0,3177000.0,-32290000.0,-32290000.0,-32290000.0,-8028000.0,0.0,-0.151,154315000.0,-33471000.0,291392000.0,0.0,2.906,-15.147,-15.093,520219000.0,0.0,16.3,3.869,3.842,134129000.0,-21740054000.0,214165000.0,214165000.0,8558000.0,,,,,2308000.0,77147000.0,1.0,241503605.0,241619000.0,241619000.0,0.886,1482502000.0,10987000.0,9080000.0,321000.0,6.136,325522000.0
71,VRSN,MRQ,2003-09-30,2003-09-30,2003-09-30,2021-07-22,-5309000.0,2214928000.0,,761156000.0,1453772000.0,,5.742,-17399000.0,380824000.0,380824000.0,114413000.0,-31303000.0,1.198,0.605,0.0,0.0,0.0,0.0,506574000.0,29019000.0,0.0,0.0,0.0,-27847000.0,1172000.0,0.004,1172000.0,-27847000.0,-27847000.0,-0.13,-0.13,-0.13,1380322000.0,,1380322000.0,2839960119.0,-11.0,-20.972,76159000.0,0.317,1.0,153710000.0,0.573,820225000.0,0.0,378537000.0,,0.0,259634000.0,218014000.0,41620000.0,834606000.0,635342000.0,199264000.0,3237586119.0,-16802000.0,0.0,11415000.0,-590000.0,0.0,10825000.0,-122123000.0,-104313000.0,93558000.0,938000.0,-31303000.0,-31303000.0,-31303000.0,0.0,0.0,-0.117,182625000.0,-28915000.0,287028000.0,0.0,2.346,-12.127,-12.349,578692000.0,0.0,13.46,3.003,3.001,99660000.0,-21707764000.0,268123000.0,268123000.0,13820000.0,,,,,922000.0,91084000.0,1.0,240533887.0,240370000.0,240370000.0,1.115,1394703000.0,6537000.0,3456000.0,0.0,5.802,125814000.0
72,VRSN,MRQ,2003-06-30,2003-06-30,2003-06-30,2021-07-22,-6074000.0,2226411000.0,,683320000.0,1543091000.0,,5.854,-27883000.0,397626000.0,397626000.0,115589000.0,-142850000.0,1.073,0.592,0.0,0.0,0.0,0.0,501796000.0,29528000.0,0.0,0.0,0.0,-142039000.0,-112511000.0,-0.424,-112511000.0,-142039000.0,-142039000.0,-0.6,-0.6,-0.6,1398511000.0,,1398511000.0,2974463951.0,-10.0,-16.126,52923000.0,0.222,1.0,149710000.0,0.564,897920000.0,0.0,294022000.0,,0.0,155476000.0,114577000.0,40899000.0,827900000.0,636843000.0,191057000.0,3292440951.0,79649000.0,0.0,4727000.0,-633000.0,0.0,4094000.0,-4076000.0,25285000.0,80806000.0,-1175000.0,-142850000.0,-142850000.0,-142850000.0,0.0,0.0,-0.538,294065000.0,-144355000.0,281194000.0,0.0,2.354,-10.441,-10.608,591448000.0,0.0,13.79,2.962,2.964,101122000.0,-21676461000.0,265299000.0,265299000.0,13253000.0,,,,,4905000.0,92770000.0,1.0,238755689.0,238898000.0,238898000.0,1.111,1328491000.0,6524000.0,811000.0,0.0,5.561,46477000.0
73,VRSN,MRQ,2003-03-31,2003-03-31,2003-03-31,2021-07-22,-5964000.0,2368192000.0,,665982000.0,1702210000.0,,6.445,-22215000.0,317977000.0,317977000.0,115829000.0,-53436000.0,1.02,0.543,0.0,0.0,0.0,0.0,495424000.0,29657000.0,0.0,0.0,0.0,-48584000.0,-18927000.0,-0.07,-18927000.0,-48584000.0,-48584000.0,-0.22,-0.22,-0.22,1535173000.0,,1535173000.0,1801193780.0,0.0,-0.371,78102000.0,0.328,1.0,153929000.0,0.571,1075413000.0,0.0,321654000.0,,0.0,179926000.0,157161000.0,22765000.0,833019000.0,653148000.0,179871000.0,2083481780.0,35689000.0,0.0,6126000.0,-4282000.0,0.0,1844000.0,-64858000.0,-37696000.0,100317000.0,-1614000.0,-53436000.0,-53436000.0,-53436000.0,0.0,0.0,-0.198,188619000.0,-34690000.0,287448000.0,0.0,1.357,-0.419,-0.416,592652000.0,0.0,8.74,1.791,1.789,119423000.0,-21533611000.0,269758000.0,269758000.0,13777000.0,,,,,4258000.0,99427000.0,1.0,238384643.0,238208000.0,238208000.0,1.132,1292779000.0,6025000.0,4852000.0,0.0,5.427,12834000.0
74,VRSN,MRQ,2002-12-31,2002-12-31,2002-12-31,2021-07-22,-4764000.0,2391318000.0,,585868000.0,1805450000.0,,6.637,-24322000.0,282288000.0,282288000.0,116594000.0,-39380000.0,0.903,0.513,0.0,0.0,0.0,0.0,483843000.0,28096000.0,0.0,0.0,0.0,-33247000.0,-5151000.0,-0.019,-5151000.0,-33247000.0,-33247000.0,-0.14,-0.14,-0.14,1575314000.0,,1575314000.0,1690336931.0,0.0,-0.349,58863000.0,0.248,1.0,158408000.0,0.576,1129602000.0,0.0,330841000.0,,0.0,158357000.0,103180000.0,55177000.0,807782000.0,648587000.0,159195000.0,1902986931.0,54505000.0,0.0,1418000.0,-615000.0,0.0,1071000.0,-28677000.0,-2907000.0,83185000.0,-1074000.0,-39380000.0,-39380000.0,-39380000.0,0.0,0.0,-0.143,196966000.0,-38558000.0,278545000.0,0.0,1.208,-0.384,-0.382,609354000.0,0.0,8.02,1.558,1.553,134124000.0,-21480175000.0,275002000.0,275002000.0,10948000.0,,,,,2726000.0,103312000.0,1.0,237280166.0,237359000.0,237359000.0,1.159,1261716000.0,9658000.0,6133000.0,0.0,5.316,-62719000.0
75,VRSN,MRQ,2002-09-30,2002-09-30,2002-09-30,2021-07-22,-1834000.0,2598923000.0,,607757000.0,1991166000.0,,6.825,-36640000.0,212650000.0,212650000.0,147257000.0,-79672000.0,0.824,0.607,0.0,0.0,0.0,0.0,526600000.0,27568000.0,0.0,0.0,0.0,-75430000.0,-47862000.0,-0.159,-47862000.0,-75430000.0,-75430000.0,-0.34,-0.34,-0.34,1617326000.0,,1617326000.0,1017807771.0,0.0,-0.194,49461000.0,0.209,1.0,154184000.0,0.511,1305262000.0,0.0,343761000.0,,0.0,169410000.0,114386000.0,55024000.0,981597000.0,737250000.0,244347000.0,1195100771.0,35357000.0,-2301000.0,2985000.0,0.0,0.0,2985000.0,-52907000.0,-14021000.0,86101000.0,-822000.0,-79672000.0,-79672000.0,-79672000.0,0.0,0.0,-0.264,178184000.0,-24000000.0,297307000.0,0.0,0.739,-0.225,-0.228,620425000.0,0.0,5.05,0.971,0.973,206000000.0,-21440795000.0,301441000.0,301441000.0,9613000.0,,,,,8772000.0,106810000.0,1.0,236653618.0,236958000.0,236958000.0,1.272,1293661000.0,0.0,4242000.0,91878000.0,5.459,-129493000.0
76,VRSN,MRQ,2002-06-30,2002-06-30,2002-06-30,2021-07-22,193000.0,2692453000.0,,610712000.0,2081741000.0,,7.136,-41667000.0,177293000.0,177293000.0,152549000.0,-4802535000.0,0.784,0.596,0.0,0.0,0.0,0.0,555477000.0,23777000.0,0.0,0.0,0.0,-4802535000.0,-4778758000.0,-15.056,-4778758000.0,-4802535000.0,-4802535000.0,-20.31,-20.31,-20.31,1687268000.0,,1687268000.0,1513518156.0,0.0,-0.272,4968000.0,0.021,1.0,164860000.0,0.519,1350764000.0,0.0,385198000.0,,0.0,215173000.0,104359000.0,110814000.0,1005185000.0,779198000.0,225987000.0,1699635156.0,-8824000.0,-4519000.0,2946000.0,0.0,0.0,2946000.0,-57924000.0,11369000.0,46635000.0,-481000.0,-4802535000.0,-4802535000.0,-4802535000.0,0.0,0.0,-15.13,4876560000.0,-4711700000.0,290747000.0,0.0,1.007,-0.302,-0.304,608796000.0,0.0,7.19,1.435,1.436,247098000.0,-21361123000.0,317409000.0,317409000.0,13012000.0,,,,,3727000.0,109650000.0,1.0,236388756.0,236435000.0,236435000.0,1.342,1341689000.0,0.0,0.0,82723000.0,5.675,-168486000.0
77,VRSN,MRQ,2002-03-31,2002-03-31,2002-03-31,2021-07-22,-1389000.0,7528835000.0,,674550000.0,6854285000.0,,27.529,-73604000.0,186117000.0,186117000.0,154967000.0,-39710000.0,0.848,0.162,0.0,0.0,0.0,0.0,587936000.0,26041000.0,0.0,0.0,0.0,-39710000.0,-13669000.0,-0.042,-13669000.0,-39710000.0,-39710000.0,-0.17,-0.17,-0.17,6481293000.0,,6481293000.0,6066203283.0,-1.0,-0.506,-49434000.0,-0.21,1.0,172849000.0,0.527,6029803000.0,0.0,517526000.0,,0.0,317991000.0,119638000.0,198353000.0,1047542000.0,795389000.0,252153000.0,6372257283.0,-119937000.0,-341823000.0,13321000.0,0.0,0.0,13321000.0,-158116000.0,281917000.0,24170000.0,688000.0,-39710000.0,-39710000.0,-39710000.0,0.0,0.0,-0.121,200224000.0,-27375000.0,302152000.0,0.0,0.983,-0.53,-0.459,612745000.0,0.0,27.0,5.804,5.79,282702000.0,-16558588000.0,327816000.0,327816000.0,14780000.0,,,,,3731000.0,100521000.0,1.0,236009529.0,235438000.0,235438000.0,1.392,1499032000.0,0.0,0.0,84993000.0,6.367,-120839000.0
78,VRSN,MRQ,2001-12-31,2001-12-31,2001-12-31,2021-07-22,466000.0,7537508000.0,,1090559000.0,6446949000.0,,31.007,-314370000.0,306054000.0,306054000.0,105555000.0,-401110000.0,1.308,0.159,0.0,0.0,0.0,0.0,622056000.0,18624000.0,0.0,0.0,0.0,-412520000.0,-393896000.0,-1.388,-393896000.0,-412520000.0,-412520000.0,-1.3,-1.3,-1.3,6506074000.0,,6506074000.0,7164294664.0,-1.0,-0.536,-254363000.0,-1.212,1.0,178244000.0,0.628,5691169000.0,0.0,706440000.0,,0.0,622424000.0,420643000.0,201781000.0,1031434000.0,833845000.0,197589000.0,7730011664.0,-259663000.0,14462000.0,-11653000.0,0.0,0.0,-11504000.0,-305918000.0,31659000.0,60007000.0,-2248000.0,-401110000.0,-401110000.0,-401110000.0,0.0,0.0,-1.413,588463000.0,-410219000.0,313447000.0,0.0,1.188,-0.579,-0.58,532546000.0,0.0,38.04,7.859,7.87,290923000.0,-16518878000.0,283799000.0,283799000.0,15939000.0,,,,,3673000.0,104033000.0,1.0,203207457.0,209826000.0,209826000.0,1.353,1846339000.0,0.0,-11410000.0,0.0,8.799,256714000.0
79,VRSN,MRQ,2001-09-30,2001-09-30,2001-09-30,2021-07-22,2737000.0,6394666000.0,,984167000.0,5410499000.0,,27.397,-20222000.0,565717000.0,565717000.0,83518000.0,-386735000.0,1.427,0.15,0.0,0.0,0.0,0.0,584821000.0,15750000.0,0.0,0.0,0.0,-396638000.0,-380888000.0,-1.493,-380888000.0,-396638000.0,-396638000.0,-1.91,-1.91,-1.91,5558646000.0,,5558646000.0,8050287017.0,-1.0,-0.564,31763000.0,0.157,1.0,171637000.0,0.673,4700764000.0,0.0,438368000.0,,0.0,620882000.0,149066000.0,471816000.0,836020000.0,689817000.0,146203000.0,8500301017.0,115703000.0,-54892000.0,-38715000.0,0.0,0.0,-38715000.0,102411000.0,184911000.0,51985000.0,22000.0,-386735000.0,-386735000.0,-386735000.0,0.0,0.0,-1.516,584426000.0,-412789000.0,247192000.0,0.0,1.529,-0.596,-0.586,133637000.0,0.0,41.9,9.475,9.476,228376000.0,-16117768000.0,255155000.0,255155000.0,21649000.0,,,,,-3390000.0,103053000.0,1.0,202871146.0,202894000.0,202894000.0,1.258,1693902000.0,66642000.0,-9903000.0,0.0,8.349,294350000.0
80,VRSN,MRQ,2001-06-30,2001-06-30,2001-06-30,2021-07-22,3145000.0,6768748000.0,,1016861000.0,5751887000.0,,29.614,-25369000.0,450014000.0,450014000.0,80308000.0,-11190730000.0,1.546,0.133,0.0,0.0,0.0,0.0,570002000.0,12667000.0,0.0,0.0,0.0,-11220143000.0,-11207476000.0,-48.476,-11207476000.0,-11220143000.0,-11220143000.0,-55.49,-55.49,-55.49,5972454000.0,,5972454000.0,11690633452.0,-1.0,-0.768,24134000.0,0.12,1.0,150889000.0,0.653,5067158000.0,0.0,593669000.0,,0.0,806283000.0,348160000.0,458123000.0,796294000.0,657907000.0,138387000.0,12054282452.0,86365000.0,-12210000.0,35033000.0,0.0,0.0,35029000.0,1594000.0,48141000.0,49503000.0,239000.0,-11190730000.0,-11190730000.0,-11190730000.0,0.0,0.0,-48.403,11389874000.0,-11238985000.0,222655000.0,0.0,2.018,-0.793,-0.785,133073000.0,0.0,60.01,14.79,14.849,189622000.0,-15731033000.0,231197000.0,231197000.0,20659000.0,,,,,3755000.0,100179000.0,1.0,200871229.0,201675000.0,201675000.0,1.146,1701590000.0,63429000.0,-29413000.0,0.0,8.437,358954000.0
81,VRSN,MRQ,2001-03-31,2001-03-31,2001-03-31,2021-07-22,2549000.0,17885321000.0,,1100262000.0,16785059000.0,,85.826,-20308000.0,363649000.0,363649000.0,74340000.0,-1377377000.0,1.688,0.044,0.0,0.0,0.0,0.0,541689000.0,11821000.0,0.0,0.0,0.0,-1404573000.0,-1392752000.0,-6.526,-1392752000.0,-1404573000.0,-1404573000.0,-6.9,-6.9,-6.9,17123944000.0,,17123944000.0,6622101315.0,-1.0,-1.486,45735000.0,0.229,1.0,139073000.0,0.652,16286314000.0,0.0,583636000.0,,0.0,880010000.0,546281000.0,333729000.0,761377000.0,651722000.0,109655000.0,7082463315.0,-96713000.0,0.0,26030000.0,0.0,0.0,26027000.0,-187173000.0,-165729000.0,66043000.0,-1610000.0,-1377377000.0,-1377377000.0,-1377377000.0,0.0,0.0,-6.454,1490273000.0,-1351200000.0,204378000.0,0.0,0.414,-1.586,-1.459,114736000.0,0.0,35.44,10.828,10.81,161150000.0,-4540303000.0,213413000.0,213413000.0,19887000.0,,,,,3765000.0,95617000.0,1.0,199843773.0,199520000.0,199520000.0,1.07,1599007000.0,21572000.0,-27196000.0,0.0,8.014,448540000.0
82,VRSN,MRQ,2000-12-31,2000-12-31,2000-12-31,2021-07-22,-702000.0,19195222000.0,,1186432000.0,18008790000.0,,116.044,-26632000.0,460362000.0,460362000.0,68078000.0,-1312195000.0,1.783,0.039,0.0,0.0,0.0,0.0,508288000.0,10526000.0,0.0,0.0,0.0,-1312195000.0,-1301669000.0,-6.596,-1301669000.0,-1312195000.0,-1312195000.0,-7.24,-7.24,-7.24,18470608000.0,,18470608000.0,14149284737.0,-5.0,-4.583,14306000.0,0.09,1.0,129277000.0,0.655,17656641000.0,0.0,412740000.0,,0.0,775058000.0,565913000.0,209145000.0,724614000.0,665479000.0,59135000.0,14646833737.0,-37187000.0,-16654000.0,11128000.0,0.0,0.0,12371000.0,-90633000.0,29043000.0,40938000.0,137000.0,-1312195000.0,-1312195000.0,-1312195000.0,0.0,0.0,-6.649,1462965000.0,-1333688000.0,193952000.0,0.0,0.793,-4.701,-3.791,105602000.0,0.0,74.19,30.851,24.873,128011000.0,-3162926000.0,197355000.0,197355000.0,15228000.0,,,,,1645000.0,91623000.0,1.0,197423288.0,159169000.0,159169000.0,1.24,1538581000.0,0.0,0.0,0.0,9.666,520953000.0
83,VRSN,MRQ,2000-09-30,2000-09-30,2000-09-30,2021-07-22,18599000.0,20525479000.0,,1262992000.0,19262487000.0,,100.641,-14900000.0,497549000.0,497549000.0,59939000.0,-1324185000.0,1.903,0.044,0.0,0.0,0.0,0.0,490863000.0,9424000.0,0.0,0.0,0.0,-1324185000.0,-1314761000.0,-7.596,-1314761000.0,-1324185000.0,-1324185000.0,-6.78,-6.78,-6.78,19659902000.0,,19659902000.0,38383144131.0,-21.0,-21.565,69102000.0,0.354,1.0,113147000.0,0.654,18930810000.0,0.0,433406000.0,,0.0,837394000.0,593751000.0,243643000.0,865577000.0,663714000.0,201863000.0,39396671131.0,-515978000.0,0.0,45348000.0,0.0,0.0,45361000.0,-645552000.0,-629398000.0,84002000.0,211000.0,-1324185000.0,-1324185000.0,-1324185000.0,0.0,0.0,-7.65,1458934000.0,-1345787000.0,161397000.0,0.0,2.004,-21.902,-19.594,86479000.0,0.0,202.6,129.133,129.724,83507000.0,-1850731000.0,173086000.0,173086000.0,14485000.0,,,,,26000.0,81843000.0,1.0,194455435.0,195346000.0,195346000.0,0.886,1594669000.0,32829000.0,0.0,133169000.0,8.163,599278000.0
84,VRSN,MRQ,2000-06-30,2000-06-30,2000-06-30,2021-07-22,41527000.0,21534977000.0,,1212151000.0,20322826000.0,,153.532,-13916000.0,1013527000.0,1013527000.0,22570000.0,-452938000.0,1.939,0.043,0.0,0.0,0.0,0.0,478944000.0,5732000.0,0.0,0.0,0.0,-452938000.0,-447206000.0,-6.366,-447206000.0,-452938000.0,-452938000.0,-3.37,-3.37,-3.37,20640393000.0,,20640393000.0,20260816772.0,-43.0,-43.85,50526000.0,0.376,1.0,47684000.0,0.679,19993020000.0,0.0,-96708000.0,,0.0,269743000.0,31288000.0,238455000.0,894584000.0,625138000.0,269446000.0,20369199772.0,905144000.0,849034000.0,6981000.0,0.0,0.0,7447000.0,833169000.0,2413000.0,64442000.0,86000.0,-452938000.0,-452938000.0,-452938000.0,0.0,0.0,-6.447,507369000.0,-459685000.0,149603000.0,0.0,0.987,-43.064,-49.859,88223000.0,0.0,176.5,131.598,153.299,55685000.0,-526545000.0,70254000.0,70254000.0,7114000.0,,,,,26000.0,37039000.0,1.0,115406231.0,134437000.0,134437000.0,0.523,1541957000.0,52882000.0,0.0,174150000.0,11.47,587013000.0
85,VRSN,MRQ,2000-03-31,2000-03-31,2000-03-31,2021-07-22,79570000.0,1888544000.0,,167606000.0,1720938000.0,,16.762,-3330000.0,108383000.0,108383000.0,12462000.0,-26155000.0,2.614,0.035,0.0,0.0,0.0,0.0,42538000.0,2173000.0,0.0,0.0,0.0,-26155000.0,-23982000.0,-0.704,-23982000.0,-26155000.0,-26155000.0,-0.24,-0.24,-0.24,1824473000.0,,1824473000.0,15443239578.0,-764.0,-1125.027,-715000.0,-0.007,1.0,21609000.0,0.634,1471823000.0,0.0,244229000.0,,0.0,245122000.0,15257000.0,229865000.0,64090000.0,64109000.0,-19000.0,15513621578.0,38001000.0,3378000.0,8230000.0,0.0,0.0,8275000.0,27020000.0,33575000.0,2615000.0,91000.0,-26155000.0,-26155000.0,-26155000.0,0.0,0.0,-0.768,82758000.0,-61149000.0,6789000.0,0.0,8.503,-767.735,-879.412,14697000.0,0.0,149.5,150.231,157.581,33872000.0,-73607000.0,34071000.0,34071000.0,4429000.0,,,,,25000.0,17315000.0,1.0,103770044.0,108847000.0,108847000.0,0.313,416721000.0,909000.0,0.0,978000.0,3.829,103497000.0
86,VRSN,MRQ,1999-12-31,1999-12-31,1999-12-31,2021-07-22,87641000.0,341166000.0,,182842000.0,158324000.0,,2.898,-1711000.0,70382000.0,70382000.0,9519000.0,4533000.0,4.284,0.143,0.0,0.0,0.0,0.0,31777000.0,1531000.0,0.0,0.0,0.0,4533000.0,6064000.0,0.219,6064000.0,4533000.0,4533000.0,0.05,0.04,0.05,298359000.0,,298359000.0,19499650602.0,4930.0,2083.519,9421000.0,0.092,1.0,18157000.0,0.656,0.0,0.0,228105000.0,,0.0,230849000.0,86098000.0,144751000.0,42807000.0,42679000.0,128000.0,19569108602.0,924000.0,0.0,4643000.0,0.0,0.0,4643000.0,-14851000.0,-12241000.0,11132000.0,0.0,4533000.0,4533000.0,4533000.0,0.0,0.0,0.164,16096000.0,2061000.0,10902000.0,0.0,65.589,4947.941,4772.5,10194000.0,0.0,190.9,230.833,226.377,22727000.0,-47452000.0,27676000.0,27676000.0,3825000.0,,,,,27000.0,12271000.0,1.0,102509736.0,102958000.0,114610000.0,0.269,341166000.0,0.0,0.0,0.0,3.314,140163000.0
87,VRSN,MRQ,1999-09-30,1999-09-30,1999-09-30,2021-07-22,35021000.0,243021000.0,,184932000.0,58089000.0,,2.034,-1259000.0,69458000.0,69458000.0,8405000.0,1567000.0,5.134,0.176,0.0,0.0,0.0,0.0,25273000.0,1511000.0,0.0,0.0,0.0,1567000.0,3078000.0,0.135,3078000.0,1567000.0,1567000.0,0.02,0.01,0.02,206516000.0,,206516000.0,5300748562.0,-1703.0,2873.034,1953000.0,0.019,1.0,14377000.0,0.631,0.0,0.0,137542000.0,,0.0,136210000.0,90634000.0,45576000.0,36263000.0,36021000.0,242000.0,5392954562.0,-22748000.0,0.0,5990000.0,0.0,0.0,5990000.0,-31950000.0,-30778000.0,3212000.0,0.0,1567000.0,1567000.0,1567000.0,0.0,0.0,0.069,14376000.0,1000.0,6369000.0,0.0,26.114,-1732.955,-1521.429,9810000.0,0.0,53.25,76.701,76.882,20033000.0,-51985000.0,22782000.0,22782000.0,3405000.0,,,,,25000.0,10971000.0,1.0,101276142.0,101514000.0,115198000.0,0.224,243021000.0,0.0,0.0,0.0,2.394,148911000.0
88,VRSN,MRQ,1999-06-30,1999-06-30,1999-06-30,2021-07-22,0.0,196755000.0,,175921000.0,20834000.0,,1.651,-705000.0,92206000.0,92206000.0,7373000.0,-152000.0,5.487,0.199,0.0,0.0,0.0,0.0,20225000.0,1265000.0,0.0,0.0,0.0,-152000.0,1113000.0,0.059,1113000.0,-152000.0,-152000.0,0.0,0.0,0.0,163619000.0,,163619000.0,4214044520.0,-340.0,-535.253,2964000.0,0.03,1.0,11363000.0,0.606,0.0,0.0,72485000.0,,0.0,62454000.0,62454000.0,0.0,32600000.0,32064000.0,536000.0,4322993520.0,-16743000.0,0.0,1926000.0,0.0,0.0,2035000.0,-22447000.0,-21641000.0,3669000.0,0.0,-152000.0,-152000.0,-152000.0,0.0,0.0,-0.008,13306000.0,-1943000.0,7406000.0,,26.421,-348.741,-308.036,9860000.0,0.0,43.125,74.491,73.654,16460000.0,-53552000.0,18736000.0,18736000.0,3085000.0,,,,,26000.0,10221000.0,1.0,100243328.0,99118000.0,99118000.0,0.189,196755000.0,0.0,0.0,0.0,1.985,143857000.0
89,VRSN,MRQ,1999-03-31,1999-03-31,1999-03-31,2021-07-22,0.0,188966000.0,,174922000.0,14044000.0,,1.687,-2344000.0,108949000.0,108949000.0,6601000.0,-1993000.0,6.726,0.165,0.0,0.0,0.0,0.0,15997000.0,1097000.0,0.0,0.0,0.0,-1993000.0,-896000.0,-0.058,-896000.0,-1993000.0,-1993000.0,-0.02,-0.02,-0.02,161532000.0,,161532000.0,3804168824.0,-223.0,-295.217,-5692000.0,-0.059,1.0,8981000.0,0.576,0.0,0.0,54011000.0,,0.0,48334000.0,48334000.0,0.0,26720000.0,26006000.0,714000.0,3826954824.0,86163000.0,0.0,123185000.0,0.0,0.0,123485000.0,-33974000.0,-29375000.0,-3348000.0,0.0,-1993000.0,-1993000.0,-1993000.0,0.0,0.0,-0.128,12410000.0,-3429000.0,6094000.0,0.0,23.692,-224.679,-197.436,10467000.0,0.0,38.5,79.978,77.043,13217000.0,-53400000.0,15582000.0,15582000.0,2988000.0,,,,,26000.0,9422000.0,1.0,99401424.0,95753000.0,95753000.0,0.163,188966000.0,0.0,0.0,0.0,1.973,148916000.0
90,VRSN,MRQ,1998-12-31,1998-12-31,1998-12-31,2021-07-22,0.0,64295000.0,,53688000.0,10607000.0,,0.488,-907000.0,22786000.0,22786000.0,5987000.0,-2534000.0,2.375,0.593,0.0,0.0,0.0,0.0,13096000.0,1084000.0,0.0,0.0,0.0,-2534000.0,-1450000.0,-0.11,-1450000.0,-2534000.0,-2534000.0,-0.035,-0.035,-0.035,39764000.0,,39764000.0,1329244705.0,-67.0,-84.145,-2164000.0,-0.027,1.0,7224000.0,0.547,0.0,0.0,18906000.0,,0.0,19395000.0,18959000.0,436000.0,23567000.0,22603000.0,964000.0,1347346705.0,4684000.0,0.0,2295000.0,0.0,0.0,1874000.0,4067000.0,4971000.0,-1257000.0,0.0,-2534000.0,-2534000.0,-2534000.0,0.0,0.0,-0.192,10533000.0,-3309000.0,5472000.0,0.0,33.884,-68.244,-61.594,9234000.0,0.0,14.783,34.609,31.704,9769000.0,-51407000.0,13211000.0,13211000.0,2193000.0,,,,,-968000.0,8340000.0,1.0,91144712.0,81464000.0,81464000.0,0.162,64295000.0,0.0,0.0,0.0,0.789,31085000.0
91,VRSN,MRQ,1998-09-30,1998-09-30,1998-09-30,2021-07-22,0.0,63643000.0,,53289000.0,10354000.0,,0.454,-1025000.0,18102000.0,18102000.0,5190000.0,-7717000.0,2.666,0.518,0.0,0.0,0.0,0.0,10461000.0,1077000.0,0.0,0.0,0.0,-7717000.0,-6640000.0,-0.632,-6640000.0,-7717000.0,-7717000.0,-0.085,-0.085,-0.085,41059000.0,,41059000.0,590553468.0,-25.0,-30.141,-5017000.0,-0.055,1.0,5315000.0,0.506,0.0,0.0,25551000.0,,0.0,24366000.0,24366000.0,0.0,21287000.0,19990000.0,1297000.0,613436468.0,-6630000.0,0.0,-134000.0,0.0,0.0,-133000.0,-2505000.0,-1372000.0,-3992000.0,0.0,-7717000.0,-7717000.0,-7717000.0,0.0,0.0,-0.735,13897000.0,-8582000.0,5505000.0,0.0,14.94,-26.07,-14.403,9378000.0,0.0,6.812,19.972,20.065,8470000.0,-48279000.0,10505000.0,10505000.0,2552000.0,,,,,2032000.0,7790000.0,1.0,90045720.0,90464000.0,90464000.0,0.116,63643000.0,0.0,0.0,0.0,0.704,33299000.0
92,VRSN,MRQ,1998-06-30,1998-06-30,1998-06-30,2021-07-22,0.0,61383000.0,,51272000.0,10111000.0,,0.517,-1355000.0,22883000.0,22883000.0,4257000.0,-4789000.0,3.851,0.33,0.0,0.0,0.0,0.0,7618000.0,889000.0,0.0,0.0,0.0,-4789000.0,-3900000.0,-0.456,-3900000.0,-4789000.0,-4789000.0,-0.055,-0.055,-0.055,45004000.0,,45004000.0,763003551.0,-37.0,-44.688,-3107000.0,-0.036,1.0,4295000.0,0.502,0.0,0.0,25187000.0,,0.0,22994000.0,22994000.0,0.0,14846000.0,13313000.0,1533000.0,775198551.0,10929000.0,0.0,117000.0,0.0,0.0,-21000.0,12702000.0,14049000.0,-1752000.0,0.0,-4789000.0,-4789000.0,-4789000.0,0.0,0.0,-0.56,10065000.0,-5770000.0,1865000.0,0.0,17.225,-37.164,-19.071,9231000.0,0.0,9.345,30.941,32.485,4328000.0,-41524000.0,8552000.0,8552000.0,2019000.0,,,,,190000.0,8046000.0,1.0,82953296.0,87092000.0,87092000.0,0.098,61383000.0,0.0,0.0,0.0,0.705,37959000.0
93,VRSN,MRQ,1998-03-31,1998-03-31,1998-03-31,2021-07-22,0.0,63914000.0,,54237000.0,9677000.0,,0.715,-1126000.0,12195000.0,12195000.0,4020000.0,-4703000.0,4.995,0.258,0.0,0.0,0.0,0.0,6162000.0,896000.0,0.0,0.0,0.0,-4703000.0,-3807000.0,-0.571,-3807000.0,-4703000.0,-4703000.0,-0.068,-0.068,-0.068,49340000.0,,49340000.0,,,,-5955000.0,-0.086,1.0,2642000.0,0.397,0.0,0.0,40861000.0,,0.0,37043000.0,37043000.0,0.0,12716000.0,10858000.0,1858000.0,912486256.0,8861000.0,0.0,43930000.0,0.0,0.0,43930000.0,-30240000.0,-29092000.0,-4829000.0,0.0,-4703000.0,-4703000.0,-4703000.0,0.0,0.0,-0.706,8126000.0,-5484000.0,1238000.0,0.0,18.494,-46.371,-19.13,8794000.0,0.0,11.0,48.663,40.485,4117000.0,-36659000.0,6662000.0,6662000.0,1671000.0,,,,,26000.0,6455000.0,1.0,82953296.0,69012000.0,69012000.0,0.097,63914000.0,0.0,0.0,0.0,0.926,43379000.0
94,VRSN,MRQ,1997-12-31,1997-12-31,1997-12-31,2021-07-22,0.0,26904000.0,,17277000.0,9627000.0,,0.397,-1168000.0,4942000.0,4942000.0,3517000.0,-6321000.0,1.554,1.183,0.0,0.0,0.0,0.0,5267000.0,1075000.0,0.0,,0.0,-6321000.0,-5246000.0,-1.05,-5246000.0,-6321000.0,-6321000.0,-0.265,-0.265,-0.265,11295000.0,,11295000.0,,,,-2714000.0,-0.095,1.0,1479000.0,0.296,0.0,0.0,10845000.0,,0.0,7951000.0,7951000.0,0.0,13363000.0,11117000.0,2246000.0,,-1732000.0,0.0,135000.0,-1425000.0,0.0,1248000.0,-1434000.0,-241000.0,-1546000.0,0.0,-6321000.0,-6321000.0,-6321000.0,0.0,0.0,-1.265,8446000.0,-6967000.0,3504000.0,0.0,,,,8756000.0,0.0,,,,3390000.0,-30871000.0,4996000.0,4996000.0,1660000.0,,,,,21000.0,5986000.0,1.0,,28484000.0,28484000.0,0.175,26904000.0,0.0,0.0,0.0,0.945,6160000.0
95,VRSN,MRQ,1997-09-30,1997-09-30,1997-09-30,2021-07-22,0.0,26904000.0,,17277000.0,9627000.0,,0.353,-1548000.0,4942000.0,4942000.0,3020000.0,-5046000.0,1.554,1.183,0.0,0.0,0.0,0.0,5267000.0,925000.0,0.0,,0.0,-5046000.0,-4121000.0,-0.851,-4121000.0,-5046000.0,-5046000.0,-0.103,-0.103,-0.103,11295000.0,,11295000.0,,,,-4493000.0,-0.141,1.0,1824000.0,0.377,0.0,0.0,10845000.0,,0.0,7951000.0,7951000.0,0.0,13363000.0,11117000.0,2246000.0,,-1170000.0,0.0,636000.0,551000.0,0.0,1187000.0,588000.0,2006000.0,-2945000.0,0.0,-5046000.0,-5046000.0,-5046000.0,0.0,0.0,-1.042,7514000.0,-5690000.0,3504000.0,0.0,,,,8756000.0,0.0,,,,3390000.0,-30871000.0,4844000.0,4844000.0,1392000.0,,,,,13000.0,4122000.0,1.0,,31952000.0,31952000.0,0.152,26904000.0,0.0,0.0,0.0,0.842,6160000.0
96,VRSN,MRQ,1997-06-30,1997-06-30,1997-06-30,2021-07-22,,,,,,,,-1138000.0,,,1733000.0,-3608000.0,,,,,,,,170000.0,,,0.0,-3608000.0,-3438000.0,-1.529,-3438000.0,-3608000.0,-3608000.0,-0.14,-0.14,-0.14,,,,,,,-6146000.0,-0.239,1.0,516000.0,0.229,,0.0,,,,,,,,,,,-8552000.0,0.0,-10000.0,309000.0,0.0,299000.0,-3843000.0,-2702000.0,-5008000.0,0.0,-3608000.0,-3608000.0,-3608000.0,0.0,0.0,-1.604,4772000.0,-4256000.0,,0.0,,,,,0.0,,,,,,2249000.0,2249000.0,1222000.0,,,,,0.0,3550000.0,1.0,,25764000.0,25764000.0,0.087,,,0.0,,,
97,VRSN,MRQ,1997-03-31,1997-03-31,1997-03-31,2021-07-22,,,,,,,,-2969000.0,,,1419000.0,-3614000.0,,,,,,,,451000.0,,,0.0,-3614000.0,-3163000.0,-2.496,-3163000.0,-3614000.0,-3614000.0,-0.142,-0.142,-0.142,,,,,,,-6306000.0,,1.0,-152000.0,-0.12,,0.0,,,,,,,,,,,-13610000.0,0.0,10000.0,307000.0,0.0,317000.0,-10590000.0,-7014000.0,-3337000.0,0.0,-3614000.0,-3614000.0,-3614000.0,0.0,0.0,-2.852,4236000.0,-4388000.0,,0.0,,,,,0.0,,,,,,1267000.0,1267000.0,1029000.0,,,,,0.0,3207000.0,1.0,,,,,,,0.0,,,
98,VRSN,MRQ,1996-12-31,1996-12-31,1996-12-31,2021-07-22,0.0,36537000.0,,31554000.0,4983000.0,,1.374,,30006000.0,30006000.0,,,4.664,0.294,258000.0,258000.0,0.0,258000.0,1944000.0,,0.0,,0.0,,,,,,,,,,27269000.0,,27269000.0,,,,,,1.0,,,0.0,,23000.0,,0.0,0.0,0.0,0.0,8017000.0,6766000.0,1251000.0,,,,,,,,,,,,,,,,,,,,2468000.0,,,,,4617000.0,,,,,762000.0,-12282000.0,,,,,,,,,,1.0,,19840000.0,,,36537000.0,0.0,,0.0,1.842,24788000.0
0,VRSN,MRT,2021-06-30,2021-06-30,2021-06-30,2021-07-22,-2834000.0,1741380000.0,1763873500.0,1189067000.0,552313000.0,0.732,-12.615,-45774000.0,216497000.0,216497000.0,185760000.0,626419000.0,1.191,-2.228,1784654000.0,0.0,1784654000.0,1784654000.0,1112865000.0,47088000.0,0.0,0.0,0.0,834646000.0,881734000.0,0.683,881734000.0,834646000.0,743974000.0,5.51,5.52,5.51,-1417785000.0,-1399497750.0,-1417785000.0,27186076483.0,33.0,30.833,629881000.0,5.605,1.0,1105429000.0,0.856,52527000.0,90672000.0,2258676000.0,2253708250.0,0.0,906492000.0,906492000.0,0.0,3159165000.0,998334000.0,2160831000.0,25642175483.0,-90682000.0,801000.0,-696445000.0,-7671000.0,0.0,-704116000.0,-62774000.0,-17801000.0,675655000.0,553000.0,626419000.0,626419000.0,626419000.0,0.0,0.0,0.485,270886000.0,834543000.0,175350000.0,0.0,-18.086,40.935,41.323,247694000.0,0.0,227.69,19.859,19.818,0.0,-15364476000.0,1291189000.0,1291189000.0,79230000.0,0.355,-0.448,0.37,0.646,51406000.0,191656000.0,1.0,112618804.0,112387000.0,112517000.0,11.489,1688853000.0,66441000.0,117555000.0,86296000.0,15.027,190733000.0
1,VRSN,MRT,2021-03-31,2021-03-31,2021-03-31,2021-07-22,-2747000.0,1782898000.0,1783560000.0,1235550000.0,547348000.0,0.716,-12.408,-39103000.0,246811000.0,246811000.0,181572000.0,631126000.0,1.223,-2.27,1790712000.0,0.0,1790712000.0,1790712000.0,1099042000.0,46694000.0,0.0,0.0,0.0,837891000.0,884585000.0,0.693,884585000.0,837891000.0,747748000.0,5.52,5.53,5.52,-1403760000.0,-1395132500.0,-1403760000.0,23867563944.0,28.0,26.982,709356000.0,6.27,1.0,1094577000.0,0.858,52527000.0,90143000.0,2264055000.0,2246886750.0,0.0,934365000.0,934365000.0,0.0,3186658000.0,1010217000.0,2176441000.0,22478674944.0,-251884000.0,5954000.0,-674863000.0,0.0,0.0,-674863000.0,-326546000.0,-293397000.0,748459000.0,1066000.0,631126000.0,631126000.0,631126000.0,0.0,0.0,0.495,266233000.0,828344000.0,201463000.0,0.0,-16.013,35.617,36.007,241136000.0,0.0,198.76,17.614,17.62,0.0,-15512248000.0,1276149000.0,1276149000.0,77624000.0,0.354,-0.452,0.373,0.657,49776000.0,188609000.0,1.0,113094561.0,113131000.0,113296000.0,11.28,1730371000.0,67577000.0,116622000.0,95441000.0,15.295,225333000.0
2,VRSN,MRT,2020-12-31,2020-12-31,2020-12-31,2021-07-22,-2756000.0,1766910000.0,1776300750.0,1217940000.0,548970000.0,0.712,-12.083,-43395000.0,401194000.0,401194000.0,180177000.0,814888000.0,1.232,-2.271,1790083000.0,0.0,1790083000.0,1790083000.0,1062889000.0,46352000.0,0.0,0.0,0.0,840388000.0,886740000.0,0.701,886740000.0,840388000.0,750244000.0,7.08,7.07,7.08,-1390198000.0,-1396471000.0,-1390198000.0,26337127435.0,31.0,29.701,686788000.0,5.969,1.0,1084875000.0,0.858,52527000.0,90144000.0,2114579000.0,2189663750.0,0.0,765713000.0,765713000.0,0.0,3157108000.0,988693000.0,2168415000.0,24693375435.0,-107000000.0,20810000.0,-764877000.0,0.0,0.0,-764877000.0,-72258000.0,-49673000.0,730183000.0,-48000.0,814888000.0,814888000.0,814888000.0,0.0,0.0,0.644,260674000.0,824201000.0,208642000.0,0.0,-17.762,30.303,30.565,245571000.0,0.0,216.4,19.52,19.682,0.0,-15662602000.0,1265052000.0,1265052000.0,74671000.0,0.459,-0.584,0.384,0.664,48243000.0,186003000.0,1.0,114109868.0,115058000.0,115298000.0,10.995,1714383000.0,67914000.0,-64644000.0,95494000.0,14.9,229247000.0
3,VRSN,MRT,2020-09-30,2020-09-30,2020-09-30,2021-07-22,-2741000.0,1764306000.0,1798075500.0,1206126000.0,558180000.0,0.698,-12.091,-45751000.0,145701000.0,145701000.0,180659000.0,805899000.0,1.233,-2.273,1789453000.0,0.0,1789453000.0,1789453000.0,1061553000.0,46466000.0,0.0,0.0,0.0,842644000.0,889110000.0,0.708,889110000.0,842644000.0,752325000.0,6.95,6.93,6.95,-1386248000.0,-1421446500.0,-1386248000.0,25009899963.0,30.0,28.129,682809000.0,5.955,1.0,1074652000.0,0.856,52527000.0,90319000.0,2377523000.0,2189940250.0,0.0,1004658000.0,1004658000.0,0.0,3150554000.0,978008000.0,2172546000.0,23527776963.0,36430000.0,18667000.0,-790226000.0,0.0,0.0,-791098000.0,99202000.0,126286000.0,728560000.0,-234000.0,805899000.0,805899000.0,805899000.0,0.0,0.0,0.642,256393000.0,818259000.0,198342000.0,0.0,-16.972,29.194,29.475,248587000.0,0.0,204.85,18.743,18.71,0.0,-15819916000.0,1255311000.0,1255311000.0,70369000.0,0.448,-0.567,0.385,0.671,48495000.0,186024000.0,1.0,114853683.0,114655000.0,114831000.0,10.949,1711779000.0,76903000.0,-53574000.0,101206000.0,14.93,228118000.0
4,VRSN,MRT,2020-06-30,2020-06-30,2020-06-30,2021-07-22,-2358000.0,1820126000.0,1828681500.0,1249648000.0,570478000.0,0.681,-12.14,-42018000.0,306701000.0,306701000.0,180078000.0,788833000.0,1.227,-2.3,1788824000.0,0.0,1788824000.0,1788824000.0,1064310000.0,46287000.0,0.0,0.0,0.0,851334000.0,897621000.0,0.72,897621000.0,851334000.0,760919000.0,6.76,6.74,6.76,-1400324000.0,-1437864250.0,-1400324000.0,25186530821.0,30.0,28.059,755071000.0,6.546,1.0,1065775000.0,0.855,52527000.0,90415000.0,2231390000.0,2233302500.0,0.0,887872000.0,887872000.0,0.0,3220450000.0,1018332000.0,2202118000.0,23897029821.0,-444844000.0,16448000.0,-814682000.0,0.0,0.0,-815554000.0,-425235000.0,-399665000.0,797089000.0,-1144000.0,788833000.0,788833000.0,788833000.0,0.0,0.0,0.633,248549000.0,817226000.0,235671000.0,0.0,-17.065,30.294,30.596,250290000.0,0.0,206.83,19.181,19.149,0.0,-15990895000.0,1245853000.0,1245853000.0,65280000.0,0.431,-0.549,0.381,0.683,48437000.0,183269000.0,1.0,115539476.0,115347000.0,115544000.0,10.801,1767599000.0,82048000.0,-27914000.0,131645000.0,15.324,231316000.0
5,VRSN,MRT,2020-03-31,2020-03-31,2020-03-31,2021-07-22,-358000.0,1753861000.0,1846124500.0,1185495000.0,568366000.0,0.67,-12.108,-42196000.0,498693000.0,498693000.0,180536000.0,783888000.0,1.24,-2.245,1788194000.0,0.0,1788194000.0,1788194000.0,1056687000.0,45969000.0,0.0,0.0,0.0,850280000.0,896249000.0,0.724,896249000.0,850280000.0,759765000.0,6.68,6.66,6.68,-1409114000.0,-1444075000.0,-1409114000.0,22245039436.0,26.0,24.82,704426000.0,6.053,1.0,1057241000.0,0.854,52527000.0,90515000.0,2035163000.0,2159809000.0,0.0,639939000.0,639939000.0,0.0,3162975000.0,955672000.0,2207303000.0,20965670436.0,-280878000.0,7942000.0,-840709000.0,0.0,0.0,-841581000.0,-184412000.0,-150158000.0,746622000.0,-1507000.0,783888000.0,783888000.0,783888000.0,0.0,0.0,0.633,245102000.0,812139000.0,180015000.0,0.0,-14.879,26.746,26.96,247764000.0,0.0,180.09,16.938,16.932,0.0,-16143374000.0,1237777000.0,1237777000.0,62031000.0,0.425,-0.543,0.394,0.687,49605000.0,183071000.0,1.0,116417738.0,116375000.0,116730000.0,10.636,1701334000.0,84388000.0,-24123000.0,138079000.0,14.619,229823000.0
6,VRSN,MRT,2019-12-31,2019-12-31,2019-12-31,2021-07-22,-2621000.0,1854009000.0,1887578250.0,1278589000.0,575420000.0,0.653,-12.573,-40316000.0,508196000.0,508196000.0,180467000.0,612299000.0,1.325,-2.244,1787565000.0,0.0,1787565000.0,1787565000.0,1033880000.0,46330000.0,0.0,0.0,0.0,849387000.0,895717000.0,0.727,895717000.0,849387000.0,758776000.0,5.17,5.15,5.17,-1490100000.0,-1443328750.0,-1490100000.0,24300015047.0,29.0,27.129,713576000.0,6.021,1.0,1051194000.0,0.853,52527000.0,90611000.0,2115685000.0,2133998250.0,0.0,709863000.0,709863000.0,0.0,3344109000.0,965166000.0,2378943000.0,22622368047.0,150848000.0,-9872000.0,-769431000.0,0.0,0.0,-770303000.0,167195000.0,217383000.0,753892000.0,64000.0,612299000.0,612299000.0,612299000.0,0.0,0.0,0.497,245067000.0,806127000.0,209988000.0,0.0,-15.182,36.947,37.269,250283000.0,0.0,192.68,18.367,18.54,0.0,-16477490000.0,1231661000.0,1231661000.0,60805000.0,0.324,-0.424,0.398,0.69,50626000.0,184262000.0,1.0,117409010.0,118513000.0,118968000.0,10.393,1801482000.0,87798000.0,146477000.0,312676000.0,15.201,313423000.0
7,VRSN,MRT,2019-09-30,2019-09-30,2019-09-30,2021-07-22,-2419000.0,1886730000.0,1902702000.0,1298146000.0,588584000.0,0.646,-12.284,-38908000.0,109288000.0,109288000.0,182381000.0,646169000.0,1.351,-2.299,1786935000.0,0.0,1786935000.0,1786935000.0,1042252000.0,46244000.0,0.0,0.0,0.0,898234000.0,944478000.0,0.769,944478000.0,898234000.0,807701000.0,5.43,5.39,5.43,-1451919000.0,-1417172250.0,-1451919000.0,23363207688.0,26.0,24.737,739886000.0,6.26,1.0,1046189000.0,0.852,52527000.0,90533000.0,2550972000.0,2190581750.0,0.0,1120723000.0,1120723000.0,0.0,3338649000.0,960878000.0,2377771000.0,22328481688.0,-122213000.0,43710000.0,-748682000.0,0.0,0.0,-748682000.0,-152144000.0,-156946000.0,778794000.0,-181000.0,646169000.0,646169000.0,646169000.0,0.0,0.0,0.526,244662000.0,801527000.0,200361000.0,0.0,-15.379,34.555,34.738,250159000.0,0.0,188.63,18.174,18.147,0.0,-16625815000.0,1228570000.0,1228570000.0,60746000.0,0.34,-0.456,0.41,0.731,49335000.0,183916000.0,1.0,118371848.0,118194000.0,118569000.0,10.395,1834203000.0,100564000.0,161532000.0,309101000.0,15.519,337268000.0
8,VRSN,MRT,2019-06-30,2019-06-30,2019-06-30,2021-07-22,-2727000.0,1889898000.0,1902176500.0,1295382000.0,594516000.0,0.644,-11.98,-38527000.0,751580000.0,751580000.0,186187000.0,629936000.0,1.386,-2.326,1786306000.0,0.0,1786306000.0,1786306000.0,1049609000.0,47056000.0,0.0,0.0,0.0,883052000.0,930108000.0,0.759,930108000.0,883052000.0,792521000.0,5.26,5.22,5.26,-1425167000.0,-1404467750.0,-1425167000.0,25934442368.0,29.0,27.883,719609000.0,6.049,1.0,1039739000.0,0.848,52527000.0,90531000.0,1937416000.0,2170666500.0,0.0,473362000.0,473362000.0,0.0,3315065000.0,934681000.0,2380384000.0,24928391368.0,495250000.0,45929000.0,-727809000.0,0.0,0.0,-727809000.0,465048000.0,457646000.0,758136000.0,-125000.0,629936000.0,629936000.0,629936000.0,0.0,0.0,0.514,248831000.0,790908000.0,171215000.0,0.0,-17.492,39.573,39.764,250820000.0,0.0,209.16,20.334,20.297,0.0,-16779728000.0,1225926000.0,1225926000.0,59839000.0,0.331,-0.449,0.407,0.72,51845000.0,188992000.0,1.0,119183359.0,118965000.0,119361000.0,10.305,1837371000.0,109917000.0,162585000.0,307935000.0,15.445,360701000.0
9,VRSN,MRT,2019-03-31,2019-03-31,2019-03-31,2021-07-22,-2762000.0,1919676000.0,1907598250.0,1315267000.0,604409000.0,0.641,-11.742,-38478000.0,779625000.0,779625000.0,189486000.0,610753000.0,1.397,-2.365,1785676000.0,0.0,1785676000.0,1785676000.0,1047014000.0,47843000.0,0.0,0.0,0.0,863593000.0,911436000.0,0.746,911436000.0,863593000.0,766905000.0,5.15,5.02,5.15,-1406129000.0,-1393423250.0,-1406129000.0,23163078140.0,27.0,25.414,756630000.0,6.318,1.0,1032603000.0,0.845,52527000.0,96688000.0,1931920000.0,2302618250.0,0.0,473365000.0,473365000.0,0.0,3325805000.0,941280000.0,2384525000.0,21735446140.0,-924037000.0,49282000.0,-676435000.0,-1250009000.0,0.0,-1926444000.0,208169000.0,197365000.0,795108000.0,-870000.0,610753000.0,610753000.0,610753000.0,0.0,0.0,0.5,250378000.0,782225000.0,183996000.0,0.0,-15.458,35.588,35.254,252237000.0,0.0,181.56,17.785,17.792,0.0,-16927262000.0,1222089000.0,1222089000.0,58641000.0,0.32,-0.438,0.375,0.707,51988000.0,191737000.0,1.0,119714949.0,119757000.0,120317000.0,10.205,1867149000.0,120192000.0,156152000.0,309119000.0,15.591,373987000.0
10,VRSN,MRT,2018-12-31,2018-12-31,2018-12-31,2021-07-22,-2811000.0,1914504000.0,2154010000.0,1317034000.0,597470000.0,0.564,-12.212,-37007000.0,357415000.0,357415000.0,192134000.0,582489000.0,1.39,-2.382,1785047000.0,0.0,1785047000.0,1785047000.0,1018102000.0,48367000.0,0.0,0.0,0.0,844361000.0,892728000.0,0.735,892728000.0,844361000.0,729516000.0,5.13,4.75,5.13,-1385474000.0,-1350574500.0,-1385474000.0,19479389357.0,23.0,21.82,660760000.0,5.824,1.0,1022835000.0,0.842,52527000.0,114845000.0,2342019000.0,2323166000.0,0.0,912254000.0,912254000.0,0.0,3299978000.0,947590000.0,2352388000.0,17926543357.0,-108386000.0,52240000.0,-625316000.0,-1250009000.0,0.0,-1875325000.0,1070130000.0,1055057000.0,697767000.0,-958000.0,582489000.0,582489000.0,582489000.0,0.0,0.0,0.479,255443000.0,767392000.0,215208000.0,0.0,-12.939,30.776,28.906,253905000.0,0.0,148.29,14.755,13.847,0.0,-17089789000.0,1214969000.0,1214969000.0,57884000.0,0.27,-0.431,0.363,0.695,52504000.0,197559000.0,1.0,120888417.0,113452000.0,122661000.0,10.709,1861977000.0,104992000.0,147027000.0,281621000.0,16.412,369444000.0
11,VRSN,MRT,2018-09-30,2018-09-30,2018-09-30,2021-07-22,-3003000.0,1884628000.0,2410681000.0,1235982000.0,648646000.0,0.499,-11.514,-38487000.0,231571000.0,231571000.0,191446000.0,503131000.0,1.353,-2.345,1784417000.0,0.0,1784417000.0,1784417000.0,1024250000.0,48663000.0,0.0,0.0,0.0,770339000.0,819002000.0,0.681,819002000.0,770339000.0,637661000.0,4.69,4.09,4.69,-1401101000.0,-1319273750.0,-1401101000.0,21048995670.0,27.0,25.701,639973000.0,5.259,1.0,1011572000.0,0.841,52527000.0,132678000.0,2471311000.0,2555768000.0,0.0,947395000.0,947395000.0,0.0,3285729000.0,913636000.0,2372093000.0,19521603670.0,-55212000.0,11748000.0,-593850000.0,-1250009000.0,0.0,-1843859000.0,1110996000.0,1149643000.0,678460000.0,-809000.0,503131000.0,503131000.0,503131000.0,0.0,0.0,0.418,261714000.0,749858000.0,176121000.0,0.0,-13.933,38.8,34.141,256269000.0,0.0,160.12,16.227,16.196,0.0,-17271984000.0,1203018000.0,1203018000.0,55615000.0,0.209,-0.381,0.301,0.64,54270000.0,206099000.0,1.0,121918584.0,121682000.0,122261000.0,9.887,1832101000.0,167772000.0,134530000.0,300941000.0,15.056,322346000.0
12,VRSN,MRT,2018-06-30,2018-06-30,2018-06-30,2021-07-22,-2681000.0,1911585000.0,2666614750.0,1228915000.0,682670000.0,0.446,-12.121,-49194000.0,256396000.0,256396000.0,190530000.0,480350000.0,1.334,-2.384,1783788000.0,0.0,1783788000.0,1783788000.0,1026702000.0,48901000.0,0.0,0.0,0.0,756707000.0,805608000.0,0.677,805608000.0,756707000.0,608904000.0,4.71,3.89,4.71,-1380989000.0,-1276483000.0,-1380989000.0,14040802296.0,19.0,17.429,616476000.0,5.411,1.0,999139000.0,0.84,52527000.0,147803000.0,2465223000.0,2797909750.0,0.0,914879000.0,914879000.0,0.0,3292574000.0,921227000.0,2371347000.0,13330541296.0,14002000.0,11748000.0,-564282000.0,-706824000.0,0.0,-1271106000.0,619736000.0,669090000.0,665670000.0,-298000.0,480350000.0,480350000.0,480350000.0,0.0,0.0,0.404,263219000.0,735920000.0,183521000.0,0.0,-9.653,27.752,29.176,256064000.0,0.0,137.42,11.205,13.161,0.0,-17409664000.0,1189669000.0,1189669000.0,54618000.0,0.18,-0.376,0.27,0.636,53245000.0,208601000.0,1.0,97005831.0,113936000.0,123200000.0,10.442,1859058000.0,201900000.0,128554000.0,298563000.0,16.317,307688000.0
13,VRSN,MRT,2018-03-31,2018-03-31,2018-03-31,2021-07-22,-2698000.0,2905323000.0,2774781250.0,2408528000.0,496795000.0,0.424,-12.696,-47507000.0,1703722000.0,1703722000.0,190809000.0,475099000.0,1.555,-3.353,2413983000.0,630824000.0,1783159000.0,2413983000.0,1026525000.0,48893000.0,0.0,0.0,0.0,751999000.0,800892000.0,0.681,800892000.0,751999000.0,603898000.0,4.8,3.84,4.8,-1234734000.0,-1232025250.0,-1234734000.0,13458904155.0,18.0,16.805,597057000.0,6.139,1.0,984960000.0,0.838,52527000.0,148101000.0,2014111000.0,2779897500.0,0.0,652740000.0,652740000.0,0.0,4140057000.0,1548946000.0,2591111000.0,11514610155.0,1249133000.0,11748000.0,-588137000.0,543185000.0,0.0,-44952000.0,648798000.0,696465000.0,644564000.0,723000.0,475099000.0,475099000.0,475099000.0,0.0,0.0,0.404,267090000.0,717870000.0,181567000.0,0.0,-9.326,24.236,24.7,257536000.0,0.0,118.56,9.793,9.806,0.0,-17538015000.0,1175769000.0,1175769000.0,54373000.0,0.171,-0.386,0.271,0.64,53322000.0,212717000.0,1.0,97120531.0,97250000.0,123506000.0,12.09,2852796000.0,15425000.0,128799000.0,517982000.0,29.335,859582000.0
14,VRSN,MRT,2017-12-31,2017-12-31,2017-12-31,2021-07-22,-2941000.0,2941188000.0,2627330250.0,2446153000.0,495035000.0,0.443,-12.562,-49499000.0,465851000.0,465851000.0,193326000.0,457248000.0,1.568,-3.334,2410145000.0,627616000.0,1782529000.0,2410145000.0,999406000.0,49878000.0,0.0,0.0,0.0,735348000.0,785226000.0,0.674,785226000.0,735348000.0,599012000.0,4.56,3.68,4.56,-1260271000.0,-1220279000.0,-1260271000.0,13399926473.0,18.0,17.065,653262000.0,6.511,1.0,971769000.0,0.834,52527000.0,136336000.0,3272427000.0,2819508250.0,0.0,1948900000.0,1948900000.0,0.0,4201459000.0,1560528000.0,2640931000.0,11280362473.0,233558000.0,11748000.0,-608258000.0,543185000.0,0.0,-65073000.0,-405424000.0,-367673000.0,702761000.0,1294000.0,457248000.0,457248000.0,457248000.0,0.0,0.0,0.392,264047000.0,707722000.0,219603000.0,0.0,-8.951,24.67,25.096,263513000.0,0.0,114.44,9.682,9.854,0.0,-17694790000.0,1165095000.0,1165095000.0,52342000.0,0.174,-0.375,0.261,0.631,52907000.0,211705000.0,1.0,98570102.0,100325000.0,124180000.0,11.613,2888661000.0,15392000.0,141764000.0,572305000.0,28.793,885625000.0
15,VRSN,MRT,2017-09-30,2017-09-30,2017-09-30,2021-07-22,-3154000.0,2908363000.0,2475676250.0,2406020000.0,502343000.0,0.467,-12.347,-47294000.0,286822000.0,286822000.0,194746000.0,459963000.0,1.567,-3.365,2406386000.0,624474000.0,1781912000.0,2406386000.0,1006848000.0,51718000.0,0.0,0.0,0.0,723669000.0,775387000.0,0.671,775387000.0,723669000.0,598818000.0,4.53,3.7,4.53,-1229938000.0,-1205360000.0,-1229938000.0,12255150784.0,17.0,15.805,661238000.0,6.638,1.0,961119000.0,0.832,52527000.0,124851000.0,3439878000.0,2600177500.0,0.0,2078905000.0,2078905000.0,0.0,4138301000.0,1535522000.0,2602779000.0,10630561784.0,106350000.0,0.0,-621932000.0,543185000.0,0.0,-78747000.0,-523943000.0,-488226000.0,708532000.0,508000.0,459963000.0,459963000.0,459963000.0,0.0,0.0,0.398,261067000.0,700052000.0,193462000.0,0.0,-8.643,23.112,23.486,265306000.0,0.0,106.39,9.197,9.169,0.0,-17797627000.0,1155865000.0,1155865000.0,53314000.0,0.186,-0.382,0.278,0.626,54342000.0,207753000.0,1.0,99920686.0,99614000.0,124074000.0,11.603,2855836000.0,20458000.0,138855000.0,531605000.0,28.669,870498000.0
16,VRSN,MRT,2017-06-30,2017-06-30,2017-06-30,2021-07-22,-2890000.0,2344251000.0,2323080250.0,1844090000.0,500161000.0,0.495,-11.905,-32090000.0,242426000.0,242426000.0,197220000.0,459491000.0,1.211,-2.948,1867015000.0,628908000.0,1238107000.0,1867015000.0,1008304000.0,53922000.0,0.0,0.0,0.0,714407000.0,768329000.0,0.668,768329000.0,714407000.0,598393000.0,4.46,3.67,4.46,-1203158000.0,-1190185000.0,-1203158000.0,10842122077.0,15.0,14.111,672815000.0,6.658,1.0,953771000.0,0.829,52527000.0,116014000.0,2393174000.0,2352416500.0,0.0,1566017000.0,1566017000.0,0.0,3547409000.0,1523139000.0,2024270000.0,9433173077.0,68767000.0,0.0,-650432000.0,0.0,0.0,-650432000.0,13760000.0,177308000.0,704905000.0,534000.0,459491000.0,459491000.0,459491000.0,0.0,0.0,0.399,260002000.0,693769000.0,178250000.0,0.0,-7.84,20.53,20.843,261870000.0,0.0,92.96,8.196,8.162,0.0,-17900069000.0,1150991000.0,1150991000.0,54923000.0,0.198,-0.386,0.304,0.621,53091000.0,205079000.0,1.0,101475614.0,101060000.0,123980000.0,11.389,2291724000.0,20646000.0,138902000.0,493840000.0,22.677,320951000.0
17,VRSN,MRT,2017-03-31,2017-03-31,2017-03-31,2021-07-22,-3107000.0,2315519000.0,2315560750.0,1817224000.0,498295000.0,0.496,-11.592,-29146000.0,454592000.0,454592000.0,198329000.0,449601000.0,1.212,-2.95,1863541000.0,625893000.0,1237648000.0,1863541000.0,1012378000.0,56402000.0,0.0,0.0,0.0,703421000.0,759823000.0,0.661,759823000.0,703421000.0,587638000.0,4.29,3.55,4.29,-1187749000.0,-1171228000.0,-1187749000.0,10548847990.0,15.0,13.883,662403000.0,6.465,1.0,950576000.0,0.827,52527000.0,115783000.0,2172554000.0,2374906750.0,0.0,1331780000.0,1331780000.0,0.0,3503268000.0,1499387000.0,2003881000.0,8913839990.0,217890000.0,0.0,-649596000.0,0.0,0.0,-649596000.0,176001000.0,336399000.0,691549000.0,-64000.0,449601000.0,449601000.0,449601000.0,0.0,0.0,0.391,255500000.0,695076000.0,155006000.0,0.0,-7.505,19.826,20.305,262352000.0,0.0,87.11,7.759,7.769,0.0,-18023169000.0,1148905000.0,1148905000.0,55701000.0,0.194,-0.384,0.296,0.612,50848000.0,199799000.0,1.0,102328550.0,102467000.0,124464000.0,11.212,2262992000.0,20264000.0,138037000.0,472343000.0,22.085,317837000.0
18,VRSN,MRT,2016-12-31,2016-12-31,2016-12-31,2021-07-22,-3453000.0,2334572000.0,2317599250.0,1842342000.0,492230000.0,0.493,-11.22,-26574000.0,231945000.0,231945000.0,198242000.0,440645000.0,1.211,-2.945,1866953000.0,629764000.0,1237189000.0,1866953000.0,975689000.0,58167000.0,0.0,0.0,0.0,696737000.0,754904000.0,0.661,754904000.0,696737000.0,581173000.0,4.12,3.42,4.12,-1200595000.0,-1151296500.0,-1200595000.0,9640787553.0,14.0,12.771,666433000.0,6.228,1.0,943925000.0,0.826,52527000.0,115564000.0,2395104000.0,2436932750.0,0.0,1565962000.0,1565962000.0,0.0,3535167000.0,1521949000.0,2013218000.0,7954979553.0,953000.0,0.0,-648821000.0,0.0,0.0,-648821000.0,-42732000.0,126842000.0,693007000.0,-501000.0,440645000.0,440645000.0,440645000.0,0.0,0.0,0.386,257353000.0,686572000.0,203920000.0,0.0,-6.626,18.053,18.464,266125000.0,0.0,76.07,6.965,7.126,0.0,-18184954000.0,1142167000.0,1142167000.0,59100000.0,0.19,-0.383,0.286,0.61,50044000.0,198253000.0,1.0,104574465.0,107001000.0,128833000.0,10.674,2282045000.0,9385000.0,140528000.0,488605000.0,21.327,320393000.0
19,VRSN,MRT,2016-09-30,2016-09-30,2016-09-30,2021-07-22,-2685000.0,2297979000.0,2323390500.0,1794968000.0,503011000.0,0.486,-10.999,-31886000.0,177785000.0,177785000.0,198138000.0,436623000.0,1.211,-2.965,1863593000.0,626862000.0,1236731000.0,1863593000.0,980812000.0,59051000.0,0.0,0.0,0.0,679848000.0,738899000.0,0.655,738899000.0,679848000.0,564699000.0,4.02,3.35,4.02,-1169238000.0,-1118759500.0,-1169238000.0,10051027072.0,15.0,13.603,663156000.0,6.238,1.0,930383000.0,0.824,52527000.0,115149000.0,2448834000.0,2448969500.0,0.0,1579926000.0,1579926000.0,0.0,3467217000.0,1482426000.0,1984791000.0,8353413072.0,-86000.0,0.0,-638858000.0,0.0,0.0,-658278000.0,-37238000.0,137752000.0,695042000.0,388000.0,436623000.0,436623000.0,436623000.0,0.0,0.0,0.387,254291000.0,676092000.0,161966000.0,0.0,-7.144,19.132,19.463,270165000.0,0.0,78.24,7.402,7.37,15767000.0,-18290506000.0,1128521000.0,1128521000.0,60555000.0,0.188,-0.39,0.278,0.602,66889000.0,193736000.0,1.0,106766527.0,106307000.0,127750000.0,10.616,2245452000.0,12819000.0,128076000.0,460846000.0,21.122,312542000.0
20,VRSN,MRT,2016-06-30,2016-06-30,2016-06-30,2021-07-22,-2189000.0,2314173000.0,2393222000.0,1944655000.0,369518000.0,0.462,-10.432,-32223000.0,170966000.0,170966000.0,195549000.0,414653000.0,1.317,-3.053,1868580000.0,632308000.0,1236272000.0,1868580000.0,987688000.0,59288000.0,0.0,0.0,0.0,652297000.0,711585000.0,0.643,711585000.0,652297000.0,537523000.0,3.76,3.15,3.76,-1127330000.0,-1084302500.0,-1127330000.0,11010018805.0,17.0,15.473,647097000.0,5.988,1.0,911198000.0,0.823,52527000.0,114774000.0,2483135000.0,2393884750.0,0.0,1736030000.0,1736030000.0,0.0,3441503000.0,1476125000.0,1965378000.0,9378793805.0,-16320000.0,0.0,-617759000.0,0.0,0.0,-629125000.0,-66122000.0,-33900000.0,679320000.0,-393000.0,414653000.0,414653000.0,414653000.0,0.0,0.0,0.375,255420000.0,655778000.0,144361000.0,0.0,-8.319,22.618,22.995,277942000.0,0.0,86.46,8.474,8.442,15086000.0,-18404933000.0,1106747000.0,1106747000.0,61250000.0,0.173,-0.382,0.272,0.589,58203000.0,194170000.0,1.0,108475524.0,108067000.0,130588000.0,10.241,2261646000.0,13205000.0,122870000.0,440874000.0,20.928,468530000.0
21,VRSN,MRT,2016-03-31,2016-03-31,2016-03-31,2021-07-22,-3124000.0,2323673000.0,2457344750.0,1946057000.0,377616000.0,0.441,-10.11,-34696000.0,234025000.0,234025000.0,195017000.0,394454000.0,1.313,-3.097,1865250000.0,629437000.0,1235813000.0,1865250000.0,992340000.0,60611000.0,0.0,0.0,0.0,626487000.0,687098000.0,0.635,687098000.0,626487000.0,512069000.0,3.51,2.98,3.51,-1108023000.0,-1051049000.0,-1108023000.0,11333366151.0,18.0,16.495,652225000.0,5.951,1.0,887803000.0,0.82,52527000.0,114418000.0,2420658000.0,2334214750.0,0.0,1661804000.0,1661804000.0,0.0,3431696000.0,1481713000.0,1949983000.0,9692345151.0,-471854000.0,0.0,-623201000.0,-1587000.0,0.0,-630781000.0,-528357000.0,-493507000.0,686921000.0,363000.0,394454000.0,394454000.0,394454000.0,0.0,0.0,0.364,259327000.0,628476000.0,148677000.0,0.0,-8.747,24.572,25.225,286202000.0,0.0,88.54,8.951,8.961,16188000.0,-18518143000.0,1082820000.0,1082820000.0,63309000.0,0.161,-0.375,0.268,0.579,53699000.0,196018000.0,1.0,109468547.0,109592000.0,131581000.0,9.88,2271146000.0,15324000.0,117615000.0,425429000.0,20.724,464344000.0
22,VRSN,MRT,2015-12-31,2015-12-31,2015-12-31,2021-07-22,-3993000.0,2357737000.0,2528354000.0,1967924000.0,389813000.0,0.419,-9.377,-40656000.0,228659000.0,228659000.0,192788000.0,375236000.0,1.309,-3.203,1869680000.0,634326000.0,1235354000.0,1869680000.0,961342000.0,61491000.0,0.0,0.0,0.0,595281000.0,656772000.0,0.62,656772000.0,595281000.0,487650000.0,3.29,2.82,3.29,-1070447000.0,-1011012500.0,-1070447000.0,11424874672.0,19.0,17.395,629290000.0,5.513,1.0,866578000.0,0.818,52527000.0,107631000.0,2443251000.0,2182191750.0,0.0,1686771000.0,1686771000.0,0.0,3428184000.0,1502980000.0,1925204000.0,9741265672.0,37051000.0,0.0,-628479000.0,492237000.0,0.0,-136242000.0,-496899000.0,-452302000.0,669946000.0,246000.0,375236000.0,375236000.0,375236000.0,0.0,0.0,0.354,260632000.0,605946000.0,188171000.0,0.0,-9.1,25.96,26.553,295570000.0,0.0,87.36,9.195,9.414,12638000.0,-18625599000.0,1059366000.0,1059366000.0,63718000.0,0.148,-0.371,0.273,0.562,46075000.0,196914000.0,1.0,111507162.0,114155000.0,133031000.0,9.28,2305210000.0,17361000.0,112414000.0,408991000.0,20.194,464944000.0
23,VRSN,MRT,2015-09-30,2015-09-30,2015-09-30,2021-07-22,-2589000.0,2577305000.0,2414207250.0,1941140000.0,636165000.0,0.432,-9.131,-37928000.0,177871000.0,177871000.0,191269000.0,339178000.0,0.98,-3.499,1861480000.0,626590000.0,1234890000.0,1861480000.0,940141000.0,62320000.0,0.0,0.0,0.0,583397000.0,645717000.0,0.619,645717000.0,583397000.0,482747000.0,2.92,2.55,2.92,-1031410000.0,-964267250.0,-1031410000.0,9679909788.0,17.0,14.991,595492000.0,5.272,1.0,851389000.0,0.817,52527000.0,100650000.0,2228495000.0,1967780250.0,0.0,1713087000.0,1713087000.0,0.0,3608715000.0,1979892000.0,1628823000.0,8008060788.0,-56078000.0,0.0,-685967000.0,492237000.0,0.0,-176822000.0,-511764000.0,-470271000.0,633420000.0,-912000.0,339178000.0,339178000.0,339178000.0,0.0,0.0,0.325,261504000.0,589885000.0,180106000.0,0.0,-7.764,23.61,24.164,297299000.0,0.0,70.56,7.68,7.644,14714000.0,-18727129000.0,1042658000.0,1042658000.0,65842000.0,0.14,-0.352,0.296,0.56,27139000.0,195662000.0,1.0,113492925.0,112955000.0,131721000.0,9.231,2524778000.0,262243000.0,143569000.0,626988000.0,22.352,-38752000.0
24,VRSN,MRT,2015-06-30,2015-06-30,2015-06-30,2021-07-22,-3128000.0,2570664000.0,2321736500.0,1930507000.0,640157000.0,0.444,-8.597,-42471000.0,187286000.0,187286000.0,190984000.0,341910000.0,0.992,-3.585,1859135000.0,624767000.0,1234368000.0,1859135000.0,931601000.0,63195000.0,0.0,0.0,0.0,565937000.0,629132000.0,0.61,629132000.0,565937000.0,472298000.0,2.87,2.54,2.87,-994316000.0,-893603250.0,-994316000.0,8365908254.0,15.0,13.298,603365000.0,5.217,1.0,840916000.0,0.815,52527000.0,93639000.0,2244455000.0,1772843500.0,0.0,1697523000.0,1697523000.0,0.0,3564980000.0,1945531000.0,1619449000.0,7186334254.0,-50075000.0,0.0,-754971000.0,492237000.0,0.0,-260623000.0,-434128000.0,-388299000.0,645836000.0,-1160000.0,341910000.0,341910000.0,341910000.0,0.0,0.0,0.331,265993000.0,574923000.0,166558000.0,0.0,-7.227,21.018,21.505,304360000.0,0.0,61.72,6.964,6.918,14418000.0,-18819586000.0,1031900000.0,1031900000.0,67143000.0,0.147,-0.383,0.319,0.548,44630000.0,198850000.0,1.0,116434450.0,115656000.0,133251000.0,8.922,2518137000.0,260892000.0,130388000.0,607686000.0,21.773,-15024000.0
25,VRSN,MRT,2015-03-31,2015-03-31,2015-03-31,2021-07-22,-2915000.0,2607710000.0,2259729000.0,1939984000.0,667726000.0,0.451,-8.092,-41107000.0,705879000.0,705879000.0,188752000.0,349075000.0,1.009,-3.751,1885453000.0,635453000.0,1250000000.0,1885453000.0,924936000.0,63429000.0,0.0,0.0,0.0,561886000.0,625315000.0,0.613,625315000.0,561886000.0,475260000.0,2.84,2.55,2.84,-947877000.0,-803237250.0,-947877000.0,9017320691.0,16.0,14.42,550882000.0,4.703,1.0,830991000.0,0.815,52527000.0,86626000.0,1812566000.0,1601182750.0,0.0,1165443000.0,1165443000.0,0.0,3555587000.0,1922191000.0,1633396000.0,7827738691.0,438826000.0,0.0,-898472000.0,493824000.0,0.0,-392601000.0,240984000.0,285460000.0,591989000.0,-1546000.0,349075000.0,349075000.0,349075000.0,0.0,0.0,0.342,261912000.0,569079000.0,150482000.0,0.0,-8.258,22.424,23.581,311870000.0,0.0,66.97,7.676,7.693,14656000.0,-18912597000.0,1019743000.0,1019743000.0,66490000.0,0.154,-0.435,0.351,0.551,32065000.0,195422000.0,1.0,116884257.0,117139000.0,133850000.0,8.705,2555183000.0,266508000.0,126185000.0,594716000.0,21.813,17793000.0
26,VRSN,MRT,2014-12-31,2014-12-31,2014-12-31,2021-07-22,-2998000.0,1901150000.0,2260138750.0,1479790000.0,421360000.0,0.447,-6.972,-39327000.0,191608000.0,191608000.0,188425000.0,355260000.0,1.033,-3.152,1360795000.0,620620000.0,740175000.0,1360795000.0,890354000.0,63690000.0,0.0,0.0,0.0,569305000.0,632995000.0,0.627,632995000.0,569305000.0,483311000.0,2.8,2.52,2.8,-883466000.0,-680672750.0,-883466000.0,8045254985.0,14.0,12.71,561622000.0,4.432,1.0,821692000.0,0.813,52527000.0,85994000.0,1585605000.0,1552299500.0,0.0,1233076000.0,1233076000.0,0.0,2784616000.0,1432205000.0,1352411000.0,6902135985.0,-147615000.0,0.0,-865806000.0,0.0,0.0,-859752000.0,112688000.0,151563000.0,600949000.0,-1500000.0,355260000.0,355260000.0,355260000.0,0.0,0.0,0.352,257265000.0,564427000.0,190278000.0,0.0,-7.813,19.428,20.357,319028000.0,0.0,57.0,6.833,7.15,13448000.0,-19000835000.0,1010117000.0,1010117000.0,67777000.0,0.157,-0.522,0.367,0.564,37923000.0,189488000.0,1.0,121090105.0,126710000.0,140895000.0,7.972,1848623000.0,33887000.0,128051000.0,343189000.0,14.589,47585000.0
27,VRSN,MRT,2014-09-30,2014-09-30,2014-09-30,2021-07-22,-3049000.0,2207422000.0,2450043000.0,1522987000.0,684435000.0,0.408,-6.033,-45451000.0,233949000.0,233949000.0,187523000.0,581937000.0,0.824,-3.948,1377068000.0,627068000.0,750000000.0,1377068000.0,893073000.0,63164000.0,0.0,0.0,0.0,564925000.0,628089000.0,0.628,628089000.0,564925000.0,479280000.0,4.31,3.93,4.31,-748754000.0,-565695750.0,-748754000.0,8021910472.0,14.0,12.772,532465000.0,4.29,1.0,812307000.0,0.812,52527000.0,85645000.0,1448748000.0,1559370000.0,0.0,1240769000.0,1240769000.0,0.0,2956176000.0,1849266000.0,1106910000.0,6891135472.0,116358000.0,0.0,-879268000.0,0.0,0.0,-881477000.0,420052000.0,465175000.0,577916000.0,-133000.0,581937000.0,581937000.0,581937000.0,0.0,0.0,0.582,259927000.0,552380000.0,133542000.0,0.0,-9.203,11.842,12.789,318808000.0,0.0,55.12,6.892,6.842,16081000.0,-19066307000.0,999830000.0,999830000.0,68219000.0,0.238,-1.029,0.362,0.565,46133000.0,191708000.0,1.0,125020600.0,124109000.0,138112000.0,8.056,2154895000.0,318617000.0,-102657000.0,552493000.0,17.363,-326279000.0
28,VRSN,MRT,2014-06-30,2014-06-30,2014-06-30,2021-07-22,-3107000.0,2322634000.0,2480675250.0,1597043000.0,725591000.0,0.398,-4.893,-46791000.0,237361000.0,237361000.0,187144000.0,567646000.0,0.867,-4.67,1368136000.0,618136000.0,750000000.0,1368136000.0,890451000.0,62244000.0,0.0,0.0,0.0,560019000.0,622263000.0,0.63,622263000.0,560019000.0,474788000.0,4.11,3.77,4.11,-632852000.0,-501961500.0,-632852000.0,7520079523.0,13.0,12.085,497871000.0,3.849,1.0,801342000.0,0.811,52527000.0,85231000.0,1557812000.0,1637061500.0,0.0,1308110000.0,1308110000.0,0.0,2955486000.0,1843070000.0,1112416000.0,6416071523.0,-340940000.0,0.0,-983904000.0,-434000.0,0.0,-967351000.0,80505000.0,127970000.0,544662000.0,1244000.0,567646000.0,567646000.0,567646000.0,0.0,0.0,0.574,255749000.0,545593000.0,129516000.0,0.0,-10.138,11.303,11.876,323782000.0,0.0,48.81,6.491,6.387,13810000.0,-19161496000.0,988486000.0,988486000.0,69355000.0,0.229,-1.131,0.342,0.567,22598000.0,186394000.0,1.0,131449939.0,129350000.0,141142000.0,7.642,2270107000.0,360358000.0,-92858000.0,567383000.0,17.55,-246027000.0
29,VRSN,MRT,2014-03-31,2014-03-31,2014-03-31,2021-07-22,-3072000.0,2609349000.0,2531227000.0,1790198000.0,819151000.0,0.386,-3.43,-59741000.0,267053000.0,267053000.0,187785000.0,554360000.0,0.876,-6.702,1371061000.0,621061000.0,750000000.0,1371061000.0,886220000.0,61545000.0,0.0,0.0,0.0,550146000.0,611691000.0,0.626,611691000.0,550146000.0,466596000.0,3.92,3.61,3.92,-457619000.0,-412231500.0,-457619000.0,8240601934.0,15.0,13.472,510648000.0,3.827,1.0,789651000.0,0.808,52527000.0,83550000.0,1617033000.0,1625023750.0,0.0,1450155000.0,1450155000.0,0.0,3066968000.0,2043797000.0,1023171000.0,7205768934.0,188433000.0,0.0,-1017679000.0,638297000.0,0.0,-371870000.0,-9638000.0,50612000.0,570389000.0,-448000.0,554360000.0,554360000.0,554360000.0,0.0,0.0,0.567,255098000.0,534553000.0,108994000.0,0.0,-15.746,12.998,13.753,329711000.0,0.0,53.91,7.372,7.359,15437000.0,-19261672000.0,977436000.0,977436000.0,70560000.0,0.219,-1.345,0.339,0.563,31536000.0,184538000.0,1.0,133662937.0,133417000.0,148600000.0,7.326,2556822000.0,467169000.0,-87764000.0,700693000.0,19.164,-253599000.0
30,VRSN,MRT,2013-12-31,2013-12-31,2013-12-31,2021-07-22,-3085000.0,2660767000.0,2396668000.0,1803199000.0,857568000.0,0.403,-2.929,-65594000.0,339223000.0,339223000.0,187013000.0,544450000.0,0.889,-7.282,1374056000.0,624056000.0,750000000.0,1374056000.0,855836000.0,60655000.0,0.0,0.0,0.0,531532000.0,592187000.0,0.614,592187000.0,531532000.0,456771000.0,3.77,3.49,3.77,-423558000.0,-307610750.0,-423558000.0,9439149065.0,18.0,15.939,513803000.0,3.553,1.0,778074000.0,0.806,52527000.0,74761000.0,1613887000.0,1455690750.0,0.0,1384062000.0,1384062000.0,0.0,3084325000.0,2029186000.0,1055139000.0,8192989065.0,208487000.0,0.0,-1014950000.0,638297000.0,0.0,-357333000.0,-11062000.0,58501000.0,579397000.0,-2515000.0,544450000.0,544450000.0,544450000.0,0.0,0.0,0.564,249842000.0,528232000.0,149276000.0,0.0,-19.343,15.048,15.857,339653000.0,0.0,59.78,8.489,8.956,13631000.0,-19356095000.0,965087000.0,965087000.0,70297000.0,0.227,-1.77,0.365,0.551,17329000.0,179545000.0,1.0,137052343.0,144591000.0,155786000.0,6.675,2608240000.0,437643000.0,-87679000.0,705157000.0,18.039,-225987000.0
31,VRSN,MRT,2013-09-30,2013-09-30,2013-09-30,2021-07-22,-3207000.0,2329951000.0,2247095250.0,1861743000.0,468208000.0,0.423,-3.485,-63356000.0,117591000.0,117591000.0,182478000.0,357942000.0,1.055,-5.718,1363751000.0,613751000.0,750000000.0,1363751000.0,857996000.0,60582000.0,0.0,0.0,0.0,542353000.0,602935000.0,0.635,602935000.0,542353000.0,476172000.0,2.38,2.25,2.38,-493817000.0,-204052000.0,-493817000.0,8084809235.0,15.0,13.409,539360000.0,3.806,1.0,767175000.0,0.808,52527000.0,66181000.0,1759514000.0,1522671250.0,0.0,1689223000.0,1689223000.0,0.0,2823768000.0,1764070000.0,1059698000.0,7306828235.0,-152864000.0,0.0,-884965000.0,638297000.0,0.0,-218902000.0,-533375000.0,-466123000.0,602716000.0,-3303000.0,357942000.0,357942000.0,357942000.0,-4552000.0,0.0,0.377,233762000.0,533413000.0,145426000.0,0.0,-14.797,20.413,21.382,337785000.0,0.0,50.89,7.694,7.593,14823000.0,-19648244000.0,949653000.0,949653000.0,68590000.0,0.159,-1.754,0.356,0.571,6211000.0,164442000.0,1.0,143580826.0,141701000.0,152951000.0,6.702,2277424000.0,48644000.0,118230000.0,456595000.0,16.072,97673000.0
32,VRSN,MRT,2013-06-30,2013-06-30,2013-06-30,2021-07-22,-3293000.0,2524841000.0,2160423500.0,2053291000.0,471550000.0,0.43,-1.844,-64331000.0,578301000.0,578301000.0,177384000.0,354954000.0,1.18,-10.217,1356282000.0,606282000.0,750000000.0,1356282000.0,856384000.0,59072000.0,0.0,0.0,0.0,529643000.0,588715000.0,0.633,588715000.0,529643000.0,471962000.0,2.31,2.19,2.31,-273932000.0,-87250750.0,-273932000.0,7359780213.0,14.0,12.501,525523000.0,3.537,1.0,752119000.0,0.809,52527000.0,57681000.0,1509661000.0,1269167750.0,0.0,1419161000.0,1419161000.0,0.0,2798773000.0,1740634000.0,1058139000.0,6732258213.0,262680000.0,0.0,-627752000.0,638731000.0,0.0,35419000.0,-360059000.0,-292439000.0,589854000.0,-2534000.0,354954000.0,354954000.0,354954000.0,-5643000.0,0.0,0.382,235357000.0,516762000.0,138846000.0,0.0,-24.576,18.967,19.333,337879000.0,0.0,44.66,7.243,7.139,13556000.0,-19729142000.0,929503000.0,929503000.0,66543000.0,0.164,-4.068,0.417,0.57,8767000.0,168084000.0,1.0,150744698.0,148576000.0,158641000.0,6.256,2472314000.0,52232000.0,117008000.0,447261000.0,16.64,312657000.0
33,VRSN,MRT,2013-03-31,2013-03-31,2013-03-31,2021-07-22,-675000.0,2071113000.0,2014719250.0,1615199000.0,455914000.0,0.449,-0.257,-57221000.0,78620000.0,78620000.0,173598000.0,336536000.0,0.947,-53.921,706142000.0,606142000.0,100000000.0,706142000.0,846794000.0,57196000.0,0.0,0.0,0.0,496284000.0,553480000.0,0.612,553480000.0,496284000.0,445832000.0,2.16,2.06,2.16,-39136000.0,-33566500.0,-39136000.0,7778449469.0,16.0,14.054,520768000.0,3.414,1.0,730715000.0,0.808,52527000.0,50452000.0,939701000.0,1291377750.0,0.0,1483827000.0,1483827000.0,0.0,2110249000.0,1706407000.0,403842000.0,7211571469.0,-1274420000.0,0.0,-366777000.0,0.0,0.0,-340100000.0,-1507979000.0,-1446744000.0,577989000.0,-4330000.0,336536000.0,336536000.0,336536000.0,-5643000.0,0.0,0.372,239054000.0,491661000.0,119986000.0,0.0,-184.27,21.429,21.884,333183000.0,0.0,47.27,7.975,7.974,13617000.0,-19816032000.0,904313000.0,904313000.0,65105000.0,0.167,-10.026,0.384,0.549,6149000.0,173401000.0,1.0,152561275.0,152543000.0,161346000.0,5.928,2018586000.0,53079000.0,109296000.0,437327000.0,13.233,-91208000.0
34,VRSN,MRT,2012-12-31,2012-12-31,2012-12-31,2021-07-22,-388000.0,2062476000.0,1967631000.0,1643464000.0,419012000.0,0.444,-0.059,-53023000.0,130736000.0,130736000.0,167600000.0,320032000.0,2.365,-222.224,697614000.0,0.0,697614000.0,697614000.0,812582000.0,54819000.0,0.0,0.0,0.0,470438000.0,525257000.0,0.601,525257000.0,470438000.0,420242000.0,2.04,1.95,2.04,-9323000.0,-41615750.0,-9323000.0,6459720338.0,14.0,12.298,484607000.0,3.088,1.0,705992000.0,0.808,52527000.0,50196000.0,1881809000.0,1188052500.0,0.0,1425700000.0,1425700000.0,0.0,2071799000.0,695018000.0,1376781000.0,6027062338.0,-1182613000.0,0.0,-296377000.0,0.0,0.0,-277752000.0,-1442353000.0,-1388742000.0,537630000.0,-138000.0,320032000.0,320032000.0,320032000.0,-7547000.0,0.0,0.366,248665000.0,457327000.0,130391000.0,0.0,-646.472,18.833,19.029,333861000.0,0.0,38.82,6.899,6.975,11477000.0,-19900545000.0,873592000.0,873592000.0,61694000.0,0.163,-7.69,0.396,0.539,14926000.0,186971000.0,1.0,155256629.0,156953000.0,163909000.0,5.566,2009949000.0,52055000.0,100210000.0,431212000.0,12.806,948446000.0
35,VRSN,MRT,2012-09-30,2012-09-30,2012-09-30,2021-07-22,-603000.0,1983264000.0,1916056750.0,1530489000.0,452775000.0,0.442,-0.17,-169084000.0,270455000.0,270455000.0,167576000.0,268205000.0,0.946,-75.525,703113000.0,603113000.0,100000000.0,703113000.0,808645000.0,53903000.0,0.0,0.0,0.0,419605000.0,473508000.0,0.559,473508000.0,419605000.0,370207000.0,1.7,1.64,1.7,-26612000.0,-61311750.0,-26612000.0,7997158699.0,19.0,16.889,322001000.0,2.061,1.0,679466000.0,0.802,53062000.0,49398000.0,745500000.0,847636500.0,0.0,1221797000.0,1221797000.0,0.0,2009876000.0,1617360000.0,392516000.0,7614844699.0,-932333000.0,0.0,-197639000.0,98933000.0,0.0,-66005000.0,-1355996000.0,-1186324000.0,491085000.0,-1417000.0,268205000.0,268205000.0,268205000.0,-11480000.0,0.0,0.317,264621000.0,414845000.0,106137000.0,0.0,-286.143,28.392,28.641,329358000.0,0.0,48.69,8.99,8.982,11270000.0,-20006186000.0,847042000.0,847042000.0,58756000.0,0.14,-4.374,0.495,0.495,1222000.0,203243000.0,1.0,156394428.0,156261000.0,166575000.0,5.421,1930202000.0,55193000.0,102002000.0,391981000.0,12.352,-86871000.0
36,VRSN,MRT,2012-06-30,2012-06-30,2012-06-30,2021-07-22,-3082000.0,1942024000.0,1834668000.0,1530611000.0,411413000.0,0.447,-0.376,-189421000.0,315621000.0,315621000.0,167810000.0,249211000.0,2.276,-33.807,697935000.0,0.0,697935000.0,697935000.0,803749000.0,54337000.0,0.0,0.0,0.0,397033000.0,451370000.0,0.55,451370000.0,397033000.0,348457000.0,1.56,1.53,1.56,-59195000.0,-96343250.0,-59195000.0,6223304784.0,16.0,13.788,288493000.0,1.831,1.0,652669000.0,0.795,53202000.0,48576000.0,1598501000.0,748282500.0,0.0,1122397000.0,1122397000.0,0.0,2001219000.0,672635000.0,1328584000.0,6883523784.0,-904544000.0,0.0,-359265000.0,98933000.0,0.0,-236878000.0,-1137974000.0,-948085000.0,477914000.0,-7606000.0,249211000.0,249211000.0,249211000.0,-10690000.0,0.0,0.304,264939000.0,387730000.0,112508000.0,0.0,-116.286,27.621,27.929,329328000.0,0.0,43.57,8.39,8.369,12653000.0,-20084096000.0,820479000.0,820479000.0,56835000.0,0.136,-2.587,0.531,0.484,6638000.0,202511000.0,1.0,157987693.0,157599000.0,164178000.0,5.206,1888822000.0,79940000.0,99246000.0,341733000.0,11.985,857976000.0
37,VRSN,MRT,2012-03-31,2012-03-31,2012-03-31,2021-07-22,-3094000.0,1882760000.0,1798062250.0,1473683000.0,409077000.0,0.443,-0.448,-190012000.0,1353040000.0,1353040000.0,165633000.0,170129000.0,2.293,-27.394,692821000.0,0.0,692821000.0,692821000.0,783290000.0,54479000.0,0.0,0.072,2.75,377429000.0,431908000.0,0.542,431908000.0,377429000.0,229577000.0,1.07,1.05,1.07,-71333000.0,-82595250.0,-71333000.0,5494289806.0,15.0,12.721,165880000.0,1.041,1.0,630548000.0,0.792,53525000.0,147852000.0,526400000.0,462192750.0,0.0,32803000.0,32803000.0,0.0,1954093000.0,642616000.0,1311477000.0,6117552806.0,-87786000.0,0.0,-372995000.0,98933000.0,-463498000.0,-724938000.0,283819000.0,473779000.0,355892000.0,-2559000.0,170129000.0,170129000.0,170129000.0,-7761000.0,0.0,0.214,267739000.0,362809000.0,99640000.0,2.57,-85.76,35.958,35.841,328474000.0,0.0,38.35,7.684,7.675,13553000.0,-20152568000.0,796181000.0,796181000.0,54448000.0,0.095,-2.06,0.817,0.474,23080000.0,203857000.0,1.0,159518978.0,159344000.0,162881000.0,4.997,1829235000.0,74287000.0,59448000.0,333181000.0,11.48,831067000.0
38,VRSN,MRT,2011-12-31,2011-12-31,2011-12-31,2021-07-22,-3084000.0,1856179000.0,1910023000.0,1447781000.0,408398000.0,0.404,-0.533,-192660000.0,1313349000.0,1313349000.0,165246000.0,142891000.0,2.197,-22.067,690086000.0,0.0,690086000.0,690086000.0,728571000.0,55706000.0,0.0,0.077,2.75,345254000.0,400960000.0,0.519,400960000.0,345254000.0,197922000.0,0.87,0.86,0.87,-88107000.0,71570000.0,-88107000.0,5065643846.0,15.0,12.634,143241000.0,0.866,1.0,606732000.0,0.786,53848000.0,147332000.0,520145000.0,524022000.0,0.0,32860000.0,32860000.0,0.0,1944286000.0,658923000.0,1285363000.0,5681865846.0,-246279000.0,0.0,-500114000.0,98933000.0,-463498000.0,-852198000.0,273242000.0,467031000.0,335901000.0,-3224000.0,142891000.0,142891000.0,142891000.0,-4335000.0,0.0,0.185,277343000.0,329389000.0,156385000.0,3.161,-64.488,39.764,41.057,327136000.0,0.0,35.72,7.36,7.654,14974000.0,-20220577000.0,771978000.0,771978000.0,53277000.0,0.075,1.997,0.659,0.447,29852000.0,208554000.0,1.0,159066793.0,165408000.0,166887000.0,4.667,1802331000.0,67509000.0,55031000.0,369244000.0,10.896,788858000.0
39,VRSN,MRT,2011-09-30,2011-09-30,2011-09-30,2021-07-22,-3185000.0,1657709000.0,2056979750.0,1363690000.0,294019000.0,0.363,-1.023,-75325000.0,1202788000.0,1202788000.0,161495000.0,48572000.0,2.133,-10.942,586566000.0,0.0,586566000.0,586566000.0,722943000.0,55731000.0,0.0,0.201,5.75,313652000.0,369383000.0,0.494,369383000.0,313652000.0,56616000.0,0.36,0.36,0.36,-166738000.0,262704250.0,-166738000.0,4125484946.0,13.0,11.169,183089000.0,1.123,1.0,585666000.0,0.784,54172000.0,257036000.0,348084000.0,583522000.0,0.0,32136000.0,32136000.0,0.0,1824447000.0,639231000.0,1185216000.0,4760684946.0,-857407000.0,-2724000.0,-486740000.0,-1004000.0,-981715000.0,-1503997000.0,389481000.0,468809000.0,258414000.0,-1305000.0,48572000.0,48572000.0,48572000.0,12988000.0,0.0,0.065,281664000.0,304002000.0,137307000.0,15.972,-28.552,98.013,79.472,205304000.0,0.0,28.61,6.372,6.243,14831000.0,-20274391000.0,747161000.0,747161000.0,53337000.0,0.024,0.185,0.538,0.42,79501000.0,213348000.0,1.0,166399334.0,163046000.0,163902000.0,4.583,1603537000.0,113935000.0,8044000.0,336880000.0,9.835,724459000.0
40,VRSN,MRT,2011-06-30,2011-06-30,2011-06-30,2021-07-22,-2064000.0,1795601000.0,2373573000.0,1525140000.0,270461000.0,0.304,-0.025,-67236000.0,1220165000.0,1220165000.0,159552000.0,775201000.0,2.34,-428.219,584965000.0,0.0,584965000.0,584965000.0,713852000.0,55491000.0,0.0,0.172,5.75,1025123000.0,1080614000.0,1.496,1080614000.0,1025123000.0,767744000.0,4.52,4.48,4.52,-4203000.0,615752750.0,-4203000.0,4780092930.0,5.0,4.423,886000.0,0.005,1.0,562930000.0,0.779,54495000.0,257379000.0,454142000.0,690231750.0,0.0,174585000.0,174585000.0,0.0,1799804000.0,651764000.0,1148040000.0,5637066930.0,357242000.0,1146723000.0,-381524000.0,-1004000.0,-981715000.0,-1243920000.0,1395168000.0,317877000.0,68122000.0,14516000.0,774559000.0,774559000.0,774559000.0,-727151000.0,642000.0,1.072,288003000.0,274927000.0,156995000.0,1.272,-1341.201,7.278,7.403,194771000.0,0.0,33.46,7.802,7.756,14516000.0,-20333307000.0,722482000.0,722482000.0,54317000.0,0.326,1.258,1.485,1.419,-64445000.0,215409000.0,1.0,168471815.0,167471000.0,167471000.0,4.314,1741106000.0,0.0,-6815000.0,326112000.0,10.396,873376000.0
41,VRSN,MRT,2011-03-31,2011-03-31,2011-03-31,2021-07-22,-1791000.0,2330603000.0,2522664000.0,2060098000.0,270505000.0,0.278,3.204,-76194000.0,1440826000.0,1440826000.0,158731000.0,822185000.0,3.194,3.274,583852000.0,0.0,583852000.0,583852000.0,698946000.0,59718000.0,0.0,0.083,3.0,1003144000.0,1062862000.0,1.517,1062862000.0,1003144000.0,845655000.0,4.77,4.73,4.77,545328000.0,722776000.0,545328000.0,5302648209.0,5.0,4.989,128179000.0,0.753,1.0,541788000.0,0.773,54823000.0,157489000.0,773717000.0,853280250.0,0.0,506014000.0,506014000.0,0.0,1785275000.0,645089000.0,1140186000.0,6280650209.0,350796000.0,1146723000.0,-511757000.0,-1004000.0,-518217000.0,-903928000.0,1037067000.0,-27493000.0,204373000.0,13284000.0,820382000.0,820382000.0,820382000.0,-739869000.0,1803000.0,1.171,298098000.0,243690000.0,159627000.0,0.629,11.517,7.656,7.591,193145000.0,0.0,36.21,8.966,8.797,15852000.0,-20322697000.0,700519000.0,700519000.0,54981000.0,0.325,1.135,1.176,1.432,-72401000.0,220960000.0,1.0,173450710.0,170193000.0,171979000.0,4.116,2275780000.0,0.0,25273000.0,317944000.0,13.372,1415009000.0
42,VRSN,MRT,2010-12-31,2010-12-31,2010-12-31,2021-07-22,-1334000.0,2444006000.0,2563060250.0,2177957000.0,266049000.0,0.266,3.81,-80527000.0,1559628000.0,1559628000.0,156676000.0,833854000.0,3.337,2.613,581626000.0,0.0,581626000.0,581626000.0,663038000.0,67655000.0,0.0,0.092,3.0,1013956000.0,1081611000.0,1.589,1081611000.0,1013956000.0,856289000.0,4.68,4.64,4.68,676430000.0,732314500.0,676430000.0,4136904212.0,4.0,3.825,134679000.0,0.759,1.0,523902000.0,0.77,55146000.0,157667000.0,758145000.0,865049000.0,0.0,501238000.0,501238000.0,0.0,1767576000.0,652713000.0,1114863000.0,5618837212.0,82462000.0,1162306000.0,-357239000.0,-1004000.0,-518217000.0,-745274000.0,603090000.0,-473901000.0,215206000.0,9440000.0,830967000.0,830967000.0,830967000.0,-763822000.0,2887000.0,1.221,291619000.0,232283000.0,195235000.0,0.641,8.307,6.762,6.981,190319000.0,0.0,32.67,8.256,8.522,14874000.0,-20363468000.0,680578000.0,680578000.0,53664000.0,0.324,1.135,1.172,1.49,-79748000.0,221094000.0,1.0,171987671.0,177534000.0,178965000.0,3.834,2388860000.0,102217000.0,25322000.0,309696000.0,13.456,1525244000.0
43,VRSN,MRT,2010-09-30,2010-09-30,2010-09-30,2021-07-22,1576000.0,2924082000.0,2569594750.0,2656904000.0,267178000.0,0.256,7.175,-113391000.0,2060195000.0,2060195000.0,154736000.0,967712000.0,4.343,1.348,578262000.0,0.0,578262000.0,578262000.0,653762000.0,77930000.0,0.0,0.0,0.0,1093278000.0,1171208000.0,1.783,1171208000.0,1093278000.0,1009823000.0,5.47,5.44,5.47,1245456000.0,700642250.0,1245456000.0,5239947143.0,5.0,4.474,228237000.0,1.315,1.0,502163000.0,0.764,55470000.0,83455000.0,774923000.0,767633250.0,0.0,488948000.0,488948000.0,0.0,1678626000.0,611756000.0,1066870000.0,5526937143.0,627889000.0,1352232000.0,-583383000.0,2071000.0,0.0,-491022000.0,770527000.0,-463734000.0,341628000.0,6756000.0,963520000.0,963520000.0,963520000.0,-833245000.0,4192000.0,1.467,287690000.0,214473000.0,162997000.0,0.0,4.438,5.736,5.803,191426000.0,0.0,31.74,8.414,8.387,16826000.0,-20322963000.0,656899000.0,656899000.0,52797000.0,0.375,1.375,1.424,1.664,-38529000.0,220079000.0,1.0,174131605.0,173572000.0,175034000.0,3.785,2868612000.0,0.0,46303000.0,0.0,16.527,2045148000.0
44,VRSN,MRT,2010-06-30,2010-06-30,2010-06-30,2021-07-22,12404000.0,2391965000.0,2493940000.0,2120243000.0,271722000.0,0.257,2.34,-112769000.0,862923000.0,862923000.0,157144000.0,236766000.0,2.249,4.52,575933000.0,0.0,575933000.0,575933000.0,641199000.0,84674000.0,0.0,0.0,0.0,346711000.0,431385000.0,0.673,431385000.0,346711000.0,275396000.0,1.23,1.24,1.23,423890000.0,572292750.0,423890000.0,4330818501.0,12.0,10.039,411477000.0,2.272,1.0,484276000.0,0.755,55793000.0,71315000.0,1106336000.0,696977000.0,0.0,474356000.0,474356000.0,0.0,1915823000.0,942846000.0,972977000.0,4845303501.0,-445429000.0,249463000.0,-476616000.0,2071000.0,0.0,-532954000.0,-321857000.0,-455052000.0,524246000.0,8492000.0,232228000.0,232228000.0,232228000.0,-126504000.0,4538000.0,0.362,295587000.0,188689000.0,165043000.0,0.0,11.431,20.864,21.585,190807000.0,0.0,26.55,7.554,7.497,16194000.0,-21107866000.0,641420000.0,641420000.0,51574000.0,0.093,0.406,0.497,0.541,104576000.0,224013000.0,1.0,182497307.0,181120000.0,182753000.0,3.541,2336172000.0,0.0,43168000.0,0.0,12.898,1177397000.0
45,VRSN,MRT,2010-03-31,2010-03-31,2010-03-31,2021-07-22,7038000.0,2492188000.0,2533492000.0,1743440000.0,748748000.0,0.248,3.185,-109716000.0,1090030000.0,1090030000.0,160275000.0,236164000.0,2.054,3.187,575545000.0,0.0,575545000.0,575545000.0,923956000.0,87641000.0,0.0,0.0,0.0,333878000.0,421519000.0,0.671,421519000.0,333878000.0,274529000.0,1.22,1.23,1.22,583482000.0,634897250.0,583482000.0,3870539498.0,12.0,9.182,348157000.0,1.901,1.0,467602000.0,0.745,308070000.0,59349000.0,820792000.0,552661500.0,0.0,460401000.0,460401000.0,0.0,1859742000.0,848841000.0,1010901000.0,4773327498.0,147644000.0,482591000.0,-276499000.0,2071000.0,0.0,-269668000.0,-51167000.0,-418115000.0,457873000.0,10606000.0,231889000.0,231889000.0,231889000.0,-135583000.0,4275000.0,0.369,286753000.0,180849000.0,180259000.0,0.0,8.181,20.585,21.328,398563000.0,0.0,26.02,7.602,7.591,58528000.0,-21143079000.0,627877000.0,627877000.0,50821000.0,0.092,0.365,0.604,0.532,42639000.0,223532000.0,1.0,183448405.0,183174000.0,184259000.0,3.428,2184118000.0,0.0,42640000.0,0.0,11.924,894599000.0
46,VRSN,MRT,2009-12-31,2009-12-31,2009-12-31,2021-07-22,7659000.0,2470144000.0,2518605750.0,1709058000.0,761086000.0,0.245,2.866,-110812000.0,1477166000.0,1477166000.0,166705000.0,249239000.0,1.928,3.404,574378000.0,0.0,574378000.0,574378000.0,888241000.0,86266000.0,0.0,0.0,0.0,325839000.0,412105000.0,0.669,412105000.0,325839000.0,278488000.0,1.28,1.28,1.28,549741000.0,634589000.0,549741000.0,3801669272.0,12.0,9.225,284379000.0,1.483,1.0,449242000.0,0.729,312400000.0,47351000.0,368482000.0,550328500.0,0.0,185000.0,185000.0,0.0,1871480000.0,886474000.0,985006000.0,4662449272.0,688098000.0,469380000.0,-224367000.0,2071000.0,0.0,-197994000.0,484455000.0,128329000.0,395191000.0,6446000.0,245553000.0,245553000.0,245553000.0,-157622000.0,3686000.0,0.399,289284000.0,159958000.0,243967000.0,0.0,8.481,18.988,18.938,403821000.0,0.0,24.24,7.57,7.549,63133000.0,-21194435000.0,615947000.0,615947000.0,52364000.0,0.097,0.387,0.592,0.529,25286000.0,221879000.0,1.0,192345267.0,191821000.0,192575000.0,3.211,2157744000.0,0.0,32935000.0,144777000.0,11.249,822584000.0
47,VRSN,MRT,2009-09-30,2009-09-30,2009-09-30,2021-07-22,9039000.0,2621463000.0,2492787750.0,1896758000.0,724705000.0,0.161,3.801,-98964000.0,1432306000.0,1432306000.0,136362000.0,41245000.0,1.989,2.513,571526000.0,0.0,571526000.0,571526000.0,881292000.0,79037000.0,0.0,0.0,0.0,125363000.0,204400000.0,0.511,204400000.0,125363000.0,80972000.0,0.3,0.3,0.3,732058000.0,614457000.0,732058000.0,3831410950.0,31.0,18.745,244072000.0,1.267,1.0,264004000.0,0.659,314895000.0,44391000.0,492298000.0,671012250.0,0.0,0.0,0.0,0.0,1839363000.0,953490000.0,885873000.0,4569055950.0,1028781000.0,495860000.0,-67635000.0,0.0,0.0,67406000.0,598058000.0,215346000.0,343036000.0,20281000.0,57583000.0,57583000.0,57583000.0,29718000.0,-16338000.0,0.144,216806000.0,47198000.0,246592000.0,0.0,6.241,79.347,78.967,372413000.0,0.0,23.69,11.412,11.397,73247000.0,-21286483000.0,400366000.0,400366000.0,39235000.0,0.023,0.094,0.187,0.313,-80933000.0,165329000.0,1.0,192868550.0,192619000.0,193472000.0,2.079,2306568000.0,0.0,23389000.0,0.0,11.975,943268000.0
48,VRSN,MRT,2009-06-30,2009-06-30,2009-06-30,2021-07-22,5853000.0,2550173000.0,2509965000.0,1816875000.0,733298000.0,0.195,3.5,-101036000.0,1308352000.0,1308352000.0,151468000.0,-213629000.0,1.9,2.713,570707000.0,0.0,570707000.0,570707000.0,877883000.0,83151000.0,0.0,0.0,0.0,-124594000.0,-41443000.0,-0.085,-41443000.0,-124594000.0,-168985000.0,-1.02,-1.01,-1.02,674308000.0,457680250.0,674308000.0,3197934772.0,-26.0,-77.165,257306000.0,1.336,1.0,338025000.0,0.691,327014000.0,44391000.0,529074000.0,1097125500.0,0.0,0.0,0.0,0.0,1829474000.0,956440000.0,873034000.0,3571276772.0,687335000.0,433503000.0,-150790000.0,0.0,0.0,-14715000.0,335987000.0,216686000.0,358342000.0,7721000.0,-197118000.0,-197118000.0,-197118000.0,306030000.0,-16511000.0,-0.403,257742000.0,80283000.0,238785000.0,0.0,5.296,-18.117,-18.157,370107000.0,0.0,18.52,7.296,7.289,77372000.0,-21340094000.0,489493000.0,489493000.0,47754000.0,-0.079,-0.431,-0.114,-0.255,-74245000.0,200792000.0,1.0,192833519.0,192649000.0,193426000.0,2.541,2223159000.0,0.0,28133000.0,0.0,11.54,860435000.0
49,VRSN,MRT,2009-03-31,2009-03-31,2009-03-31,2021-07-22,11819000.0,2432643000.0,2609750000.0,1701836000.0,730807000.0,0.221,3.028,-68260000.0,942386000.0,942386000.0,164239000.0,-317590000.0,1.842,3.102,569044000.0,0.0,569044000.0,569044000.0,871591000.0,91593000.0,0.0,0.0,0.0,-252298000.0,-160705000.0,-0.278,-160705000.0,-252298000.0,-296689000.0,-1.55,-1.54,-1.55,582249000.0,385546250.0,582249000.0,4101829361.0,-16.0,-25.524,384702000.0,2.0,1.0,412949000.0,0.715,323750000.0,44391000.0,811460000.0,1456910250.0,0.0,0.0,0.0,0.0,1806099000.0,924091000.0,882008000.0,3629242361.0,459361000.0,246828000.0,-88585000.0,-140000000.0,0.0,-160368000.0,165782000.0,192801000.0,452962000.0,985000.0,-301170000.0,-301170000.0,-301170000.0,380059000.0,-16420000.0,-0.522,392687000.0,20262000.0,195358000.0,0.0,6.233,-12.05,-12.174,372723000.0,0.0,18.87,6.288,6.287,80783000.0,-21374968000.0,577188000.0,577188000.0,58309000.0,-0.115,-0.781,-0.173,-0.437,8359000.0,237461000.0,1.0,192328689.0,192311000.0,192804000.0,3.001,2108893000.0,0.0,4481000.0,94609000.0,10.966,777745000.0
50,VRSN,MRT,2008-12-31,2008-12-31,2008-12-31,2021-07-22,17006000.0,2366872000.0,2768199500.0,1624835000.0,742037000.0,0.202,2.379,-72147000.0,789068000.0,789068000.0,160845000.0,-390260000.0,1.663,3.939,568712000.0,0.0,568712000.0,568712000.0,845081000.0,102915000.0,0.0,0.0,0.0,-341930000.0,-239015000.0,-0.428,-239015000.0,-341930000.0,-386321000.0,-1.9,-1.87,-1.9,469213000.0,334503750.0,469213000.0,4562297837.0,-13.0,-19.088,411887000.0,2.089,1.0,398051000.0,0.712,318421000.0,44391000.0,851217000.0,1712108500.0,0.0,0.0,0.0,0.0,1848451000.0,976878000.0,871573000.0,3702209837.0,-587654000.0,258616000.0,-1204951000.0,0.0,0.0,-1164027000.0,76764000.0,99635000.0,484034000.0,15575000.0,-374251000.0,-374251000.0,-374251000.0,421946000.0,-16009000.0,-0.67,424063000.0,-26012000.0,263535000.0,0.0,7.89,-9.892,-10.042,385498000.0,0.0,19.08,6.624,6.732,83749000.0,-21439988000.0,558896000.0,558896000.0,61750000.0,-0.135,-1.119,-0.2,-0.612,48519000.0,253716000.0,1.0,194036155.0,197201000.0,200602000.0,2.834,2048451000.0,0.0,-12070000.0,0.0,10.388,647957000.0
51,VRSN,MRT,2008-09-30,2008-09-30,2008-09-30,2021-07-22,10969000.0,2690172000.0,3185720250.0,1507951000.0,1182221000.0,0.294,0.541,-96556000.0,403525000.0,403525000.0,226888000.0,-494116000.0,1.556,23.49,1263613000.0,0.0,1263613000.0,1263613000.0,797768000.0,114937000.0,0.0,0.0,0.0,-501892000.0,-386955000.0,-0.413,-386955000.0,-501892000.0,-501892000.0,-2.36,-2.34,-2.36,104951000.0,577729000.0,104951000.0,5681104225.0,-11.0,-14.682,472816000.0,2.439,1.0,710396000.0,0.758,384362000.0,0.0,2196751000.0,1933386250.0,0.0,376214000.0,248794000.0,127420000.0,2465321000.0,969147000.0,1496174000.0,5038922225.0,-657787000.0,51314000.0,-1070838000.0,-909000.0,0.0,-1051463000.0,-180788000.0,63609000.0,569372000.0,5092000.0,-500666000.0,-500666000.0,-500666000.0,359228000.0,6550000.0,-0.534,827512000.0,-117116000.0,264832000.0,0.0,48.012,-10.064,-11.051,374097000.0,0.0,26.08,5.376,5.394,68189000.0,-21317195000.0,937284000.0,937284000.0,86286000.0,-0.157,-0.867,-0.26,-0.535,79718000.0,417190000.0,1.0,193210208.0,193853000.0,195930000.0,4.835,2305810000.0,0.0,-1226000.0,0.0,11.895,538804000.0
52,VRSN,MRT,2008-06-30,2008-06-30,2008-06-30,2021-07-22,10776000.0,2949313000.0,3519795250.0,1373110000.0,1576203000.0,0.258,1.973,-118955000.0,621017000.0,621017000.0,230146000.0,-278887000.0,1.456,6.341,1263199000.0,0.0,1263199000.0,1263199000.0,780319000.0,120137000.0,0.0,0.0,0.0,-302688000.0,-182551000.0,-0.201,-182551000.0,-302688000.0,-302688000.0,-1.26,-1.25,-1.26,385772000.0,943488250.0,385772000.0,8280312422.0,-27.0,-45.359,446507000.0,2.284,1.0,676948000.0,0.746,679910000.0,0.0,1968213000.0,1858542500.0,0.0,159894000.0,548000.0,159346000.0,2446111000.0,943372000.0,1502739000.0,7359886422.0,-55271000.0,62622000.0,-1905368000.0,1223691000.0,0.0,-668994000.0,39539000.0,94561000.0,565462000.0,8722000.0,-284622000.0,-284622000.0,-284622000.0,113214000.0,5735000.0,-0.314,849402000.0,-172454000.0,318110000.0,0.0,19.078,-25.858,-30.0,435971000.0,0.0,37.8,8.114,8.147,125138000.0,-21117891000.0,907094000.0,907094000.0,89785000.0,-0.081,-0.302,-0.163,-0.334,92591000.0,440542000.0,1.0,194705990.0,195515000.0,195515000.0,4.64,2269403000.0,0.0,-18066000.0,0.0,11.607,429738000.0
53,VRSN,MRT,2008-03-31,2008-03-31,2008-03-31,2021-07-22,18654000.0,3066441000.0,3704934250.0,929419000.0,2137022000.0,0.249,1.83,-164296000.0,483025000.0,483025000.0,257073000.0,-215415000.0,0.872,6.781,1403451000.0,140000000.0,1263451000.0,1403451000.0,761314000.0,118215000.0,0.0,0.0,0.0,-224536000.0,-106321000.0,-0.115,-106321000.0,-224536000.0,-224536000.0,-0.93,-0.92,-0.93,378079000.0,1465411000.0,378079000.0,6981633102.0,-31.0,-65.666,334774000.0,1.621,1.0,666976000.0,0.722,1089170000.0,0.0,1832253000.0,1530692250.0,0.0,161407000.0,1485000.0,159922000.0,2563926000.0,1065444000.0,1498482000.0,7093059102.0,-59220000.0,16169000.0,-1950109000.0,1363691000.0,0.0,-572930000.0,3434000.0,150777000.0,499070000.0,11206000.0,-220161000.0,-220161000.0,-220161000.0,47667000.0,4746000.0,-0.238,845626000.0,-178650000.0,314859000.0,0.0,18.761,-32.218,-35.742,606669000.0,0.0,33.24,7.676,7.43,174354000.0,-21052769000.0,924049000.0,924049000.0,98113000.0,-0.059,-0.15,-0.147,-0.243,88377000.0,485318000.0,1.0,213389263.0,206550000.0,210471000.0,4.474,1977271000.0,0.0,-4375000.0,0.0,9.573,-136025000.0
54,VRSN,MRT,2007-12-31,2007-12-31,2007-12-31,2021-07-22,3023000.0,4036955000.0,3844679500.0,1763415000.0,2273540000.0,0.221,6.067,-154540000.0,1376722000.0,1376722000.0,240119000.0,-146507000.0,1.79,1.724,1265296000.0,0.0,1265296000.0,1265296000.0,774335000.0,114539000.0,0.0,0.0,0.0,-153798000.0,-39259000.0,-0.046,-39259000.0,-153798000.0,-153798000.0,-0.63,-0.63,-0.63,1442114000.0,1983358000.0,1442114000.0,8511355142.0,-55.0,-216.8,318997000.0,1.342,1.0,610390000.0,0.718,1204212000.0,0.0,1736328000.0,1254969000.0,0.0,156764000.0,0.0,156764000.0,2485871000.0,984989000.0,1500882000.0,8310059142.0,874938000.0,154652000.0,-849515000.0,1024691000.0,0.0,188671000.0,209009000.0,206707000.0,473537000.0,3721000.0,-150347000.0,-150347000.0,-150347000.0,10829000.0,3840000.0,-0.177,841908000.0,-231518000.0,398124000.0,0.0,5.762,-55.273,-59.698,621917000.0,0.0,37.61,9.771,10.512,208799000.0,-21064718000.0,850509000.0,850509000.0,94434000.0,-0.039,-0.076,-0.123,-0.181,78307000.0,490164000.0,1.0,220953447.0,237707000.0,237707000.0,3.578,2832743000.0,0.0,-3451000.0,43765000.0,11.917,778426000.0
55,VRSN,MRT,2007-09-30,2007-09-30,2007-09-30,2021-07-22,-270000.0,4026472000.0,3829004000.0,1536009000.0,2490463000.0,0.165,6.532,-139801000.0,1061312000.0,1061312000.0,120858000.0,46373000.0,1.809,1.501,1262608000.0,0.0,1262608000.0,1262608000.0,710760000.0,115862000.0,0.0,0.0,0.0,59612000.0,175474000.0,0.278,175474000.0,59612000.0,59612000.0,0.19,0.19,0.19,1567988000.0,2205115500.0,1567988000.0,7751125225.0,130.0,44.172,271089000.0,1.129,1.0,510732000.0,0.809,1481213000.0,0.0,1897376000.0,960713000.0,0.0,231367000.0,61095000.0,170272000.0,2353832000.0,849179000.0,1504653000.0,8407642225.0,617065000.0,87298000.0,-935897000.0,1025090000.0,0.0,89873000.0,114603000.0,162057000.0,410890000.0,1699000.0,46373000.0,46373000.0,46373000.0,-31161000.0,0.0,0.073,573061000.0,-62329000.0,317210000.0,0.0,5.362,181.305,177.579,599202000.0,0.0,33.74,13.312,12.824,220232000.0,-20815457000.0,631590000.0,631590000.0,96698000.0,0.012,0.021,0.062,0.094,83724000.0,457706000.0,1.0,249189159.0,240054000.0,245537000.0,2.631,2545259000.0,260444000.0,13239000.0,49579000.0,10.603,686830000.0
56,VRSN,MRT,2007-06-30,2007-06-30,2007-06-30,2021-07-22,-6987000.0,3689869000.0,3818188000.0,1191271000.0,2498598000.0,0.213,10.144,-125553000.0,656517000.0,656517000.0,203692000.0,46693000.0,1.365,0.453,0.0,0.0,0.0,0.0,684784000.0,114401000.0,0.0,0.0,0.0,81665000.0,196066000.0,0.241,196066000.0,81665000.0,81665000.0,0.19,0.19,0.19,2473463000.0,2403832000.0,2473463000.0,7347011898.0,90.0,37.472,265960000.0,1.091,1.0,608572000.0,0.749,1503947000.0,0.0,656812000.0,645560250.0,0.0,248169000.0,94308000.0,153861000.0,1121038000.0,872593000.0,248445000.0,7778261898.0,245905000.0,-29365000.0,12116000.0,-175192000.0,0.0,-161786000.0,18305000.0,166848000.0,391513000.0,-2127000.0,46693000.0,46693000.0,46693000.0,-29019000.0,0.0,0.057,658832000.0,-50260000.0,319987000.0,0.0,3.145,166.583,167.0,581140000.0,0.0,31.73,9.576,9.526,205996000.0,-20834462000.0,812264000.0,812264000.0,104599000.0,0.012,0.019,0.127,0.101,75127000.0,506930000.0,1.0,245139045.0,243846000.0,243846000.0,3.331,2185922000.0,298113000.0,34972000.0,58683000.0,8.964,318678000.0
57,VRSN,MRT,2007-03-31,2007-03-31,2007-03-31,2021-07-22,-5134000.0,3625422000.0,3860377000.0,1098433000.0,2526989000.0,0.244,10.047,-129939000.0,523024000.0,523024000.0,266732000.0,428197000.0,1.317,0.44,0.0,0.0,0.0,0.0,656120000.0,112327000.0,0.0,0.0,0.0,116001000.0,228328000.0,0.243,228328000.0,116001000.0,116001000.0,1.75,1.73,1.75,2449867000.0,2364189000.0,2449867000.0,5726642810.0,49.0,25.081,250698000.0,1.028,1.0,674376000.0,0.717,1539117000.0,0.0,729360000.0,646877750.0,0.0,300656000.0,147929000.0,152727000.0,1077255000.0,833921000.0,243334000.0,6157892810.0,109747000.0,-285694000.0,-38024000.0,-5176000.0,0.0,-42283000.0,-228842000.0,183291000.0,380637000.0,235000.0,428197000.0,428197000.0,428197000.0,-19534000.0,0.0,0.455,671239000.0,3137000.0,301711000.0,0.0,2.514,14.381,14.354,581346000.0,0.0,25.12,6.543,6.509,219562000.0,-20829745000.0,941108000.0,941108000.0,103752000.0,0.111,0.181,0.179,0.123,65536000.0,522136000.0,1.0,245139045.0,243852000.0,248357000.0,3.859,2086305000.0,290155000.0,-312196000.0,58184000.0,8.556,264512000.0
58,VRSN,MRT,2006-12-31,2006-12-31,2006-12-31,2021-07-22,-8398000.0,3974253000.0,3756480250.0,1332364000.0,2641889000.0,0.262,9.529,-181611000.0,478749000.0,478749000.0,287281000.0,382930000.0,0.98,0.665,199000000.0,199000000.0,0.0,199000000.0,607853000.0,108762000.0,0.0,0.0,0.0,85703000.0,194465000.0,0.198,194465000.0,85703000.0,85703000.0,1.57,1.55,1.57,2329144000.0,2248768000.0,2329144000.0,5464344032.0,64.0,28.099,293176000.0,1.199,1.0,695453000.0,0.708,1775923000.0,0.0,559304000.0,556236750.0,0.0,248093000.0,198656000.0,49437000.0,1549677000.0,1359277000.0,190400000.0,5895594032.0,23124000.0,-604795000.0,-83460000.0,192747000.0,0.0,110735000.0,-562404000.0,222467000.0,474787000.0,6000.0,382930000.0,382930000.0,382930000.0,-21194000.0,0.0,0.39,671189000.0,24264000.0,681996000.0,0.0,2.531,15.396,15.318,605292000.0,0.0,24.05,5.999,5.982,241570000.0,-20929497000.0,982734000.0,982734000.0,89834000.0,0.102,0.17,0.154,0.087,65905000.0,546706000.0,1.0,245139045.0,244421000.0,247073000.0,4.021,2198330000.0,260796000.0,-297227000.0,26297000.0,8.994,-26913000.0
59,VRSN,MRT,2006-09-30,2006-09-30,2006-09-30,2021-07-22,-8379000.0,3983208000.0,3558097250.0,1346096000.0,2637112000.0,0.432,9.702,-170205000.0,439250000.0,439250000.0,550894000.0,682467000.0,1.006,0.646,199000000.0,199000000.0,0.0,199000000.0,591329000.0,102474000.0,0.0,0.0,0.0,389009000.0,491483000.0,0.32,491483000.0,389009000.0,389009000.0,2.74,2.7,2.74,2362854000.0,2161971250.0,2362854000.0,4520558709.0,12.0,9.198,296096000.0,1.216,1.0,984596000.0,0.641,1767782000.0,0.0,636765000.0,530399250.0,0.0,269526000.0,220564000.0,48962000.0,1525470000.0,1338411000.0,187059000.0,4951808709.0,134303000.0,-271280000.0,-350333000.0,192707000.0,0.0,-157036000.0,-172965000.0,267136000.0,466301000.0,-1997000.0,682467000.0,682467000.0,682467000.0,-256988000.0,0.0,0.444,896101000.0,88495000.0,691036000.0,0.0,2.096,7.256,7.372,591626000.0,0.0,20.2,3.225,3.204,326844000.0,-20899965000.0,1535490000.0,1535490000.0,118174000.0,0.192,0.316,0.733,0.253,85556000.0,622860000.0,1.0,245139045.0,243536000.0,245657000.0,6.305,2215426000.0,330557000.0,-293458000.0,27669000.0,9.097,7685000.0
60,VRSN,MRT,2006-06-30,2006-06-30,2006-06-30,2021-07-22,-9706000.0,3858625000.0,3307079750.0,1340167000.0,2518458000.0,0.466,9.458,-162165000.0,426425000.0,426425000.0,534395000.0,724042000.0,1.054,0.626,174000000.0,174000000.0,0.0,174000000.0,562087000.0,96652000.0,0.0,0.0,0.0,446027000.0,542679000.0,0.352,542679000.0,446027000.0,446027000.0,2.9,2.85,2.9,2314891000.0,2042252500.0,2314891000.0,5248621673.0,12.0,9.672,336919000.0,1.377,1.0,1005790000.0,0.653,1672811000.0,0.0,662082000.0,517102500.0,0.0,308020000.0,256538000.0,51482000.0,1450042000.0,1271307000.0,178735000.0,5679871673.0,-19196000.0,-190681000.0,-557218000.0,167839000.0,0.0,-388434000.0,-127216000.0,229592000.0,499084000.0,-2630000.0,724042000.0,724042000.0,724042000.0,-260663000.0,0.0,0.47,873241000.0,132549000.0,668358000.0,0.0,2.454,7.845,7.99,583328000.0,0.0,23.17,3.688,3.682,297036000.0,-20915239000.0,1540185000.0,1540185000.0,109876000.0,0.219,0.355,0.863,0.29,61568000.0,611820000.0,1.0,245139045.0,244744000.0,247252000.0,6.293,2185814000.0,315916000.0,-278015000.0,27669000.0,8.931,68860000.0
61,VRSN,MRT,2006-03-31,2006-03-31,2006-03-31,2021-07-22,-11448000.0,3209835000.0,3122089250.0,1129497000.0,2080338000.0,0.508,8.095,-160577000.0,431250000.0,431250000.0,523110000.0,387495000.0,1.181,0.573,0.0,0.0,0.0,0.0,539428000.0,93116000.0,0.0,0.0,0.0,485300000.0,578416000.0,0.365,578416000.0,485300000.0,485300000.0,1.51,1.48,1.51,1988183000.0,1971673250.0,1988183000.0,5390503732.0,11.0,9.319,384812000.0,1.567,1.0,1063464000.0,0.67,1455054000.0,0.0,366796000.0,502793750.0,0.0,379155000.0,328183000.0,50972000.0,1138384000.0,956735000.0,181649000.0,5867329732.0,43121000.0,39430000.0,-527626000.0,-2727000.0,0.0,-529352000.0,31968000.0,155068000.0,545389000.0,-4884000.0,387495000.0,387495000.0,387495000.0,-264072000.0,0.0,0.244,903607000.0,159857000.0,541900000.0,0.0,2.951,15.142,15.887,557005000.0,0.0,23.99,3.698,3.714,265511000.0,-21127597000.0,1586574000.0,1586574000.0,104089000.0,0.124,0.197,0.965,0.306,54499000.0,647813000.0,1.0,244573978.0,245603000.0,248083000.0,6.46,1754781000.0,16959000.0,97805000.0,29012000.0,7.145,172762000.0
62,VRSN,MRT,2005-12-31,2005-12-31,2005-12-31,2021-07-22,-12553000.0,3180721000.0,2996107500.0,1233808000.0,1946913000.0,0.536,7.701,-110834000.0,476826000.0,476826000.0,508509000.0,428978000.0,1.294,0.563,0.0,0.0,0.0,0.0,498741000.0,89309000.0,0.0,0.0,0.0,529764000.0,619073000.0,0.386,619073000.0,529764000.0,529764000.0,1.67,1.63,1.67,1981957000.0,1904030500.0,1981957000.0,5303331943.0,10.0,8.567,370288000.0,1.439,1.0,1096068000.0,0.683,1294265000.0,0.0,455954000.0,566652750.0,0.0,428978000.0,378006000.0,50972000.0,1115794000.0,953676000.0,162118000.0,5613275943.0,148019000.0,205888000.0,-468176000.0,-2200000.0,0.0,-469513000.0,143596000.0,52966000.0,481122000.0,-7186000.0,428978000.0,428978000.0,428978000.0,-267053000.0,0.0,0.267,880629000.0,215439000.0,567848000.0,0.0,2.832,13.085,13.114,558272000.0,0.0,21.9,3.498,3.513,306185000.0,-21308512000.0,1604577000.0,1604577000.0,95572000.0,0.143,0.225,0.935,0.33,41376000.0,657046000.0,1.0,256313970.0,257368000.0,263689000.0,6.235,1886456000.0,15907000.0,100786000.0,19072000.0,7.33,280132000.0
63,VRSN,MRT,2005-09-30,2005-09-30,2005-09-30,2021-07-22,-7770000.0,2979138000.0,2849145750.0,1126871000.0,1852267000.0,0.538,7.236,-115200000.0,309944000.0,309944000.0,505886000.0,227671000.0,1.319,0.539,0.0,0.0,0.0,0.0,493335000.0,85389000.0,0.0,0.0,0.0,320309000.0,405698000.0,0.265,405698000.0,320309000.0,320309000.0,0.88,0.87,0.88,1883979000.0,1822471250.0,1883979000.0,5215033553.0,16.0,12.854,365679000.0,1.404,1.0,1026841000.0,0.67,1231422000.0,0.0,583578000.0,601457250.0,0.0,489208000.0,438236000.0,50972000.0,1016169000.0,854194000.0,161975000.0,5664612553.0,78497000.0,4244000.0,-254304000.0,-6141000.0,0.0,-257286000.0,-147141000.0,-39743000.0,480879000.0,2045000.0,227671000.0,227671000.0,227671000.0,-30710000.0,0.0,0.149,856179000.0,170662000.0,476151000.0,0.0,3.007,24.881,24.284,528291000.0,0.0,21.37,3.696,3.63,297010000.0,-21418785000.0,1532727000.0,1532727000.0,84331000.0,0.08,0.125,0.533,0.209,48386000.0,666269000.0,1.0,265073119.0,260369000.0,266079000.0,5.887,1747716000.0,17290000.0,92638000.0,20942000.0,6.712,272677000.0
64,VRSN,MRT,2005-06-30,2005-06-30,2005-06-30,2021-07-22,-3980000.0,3118663000.0,2718738500.0,1288287000.0,1830376000.0,0.536,7.721,-109387000.0,449579000.0,449579000.0,500973000.0,211220000.0,1.521,0.496,0.0,0.0,0.0,0.0,477343000.0,85246000.0,0.0,0.0,0.0,267270000.0,352516000.0,0.242,352516000.0,267270000.0,267270000.0,0.82,0.82,0.82,2032574000.0,1748567000.0,2032574000.0,7217773513.0,27.0,20.475,330390000.0,1.255,1.0,955952000.0,0.656,1217310000.0,0.0,604847000.0,602138250.0,0.0,483404000.0,431960000.0,51444000.0,1008797000.0,846927000.0,161870000.0,7607150513.0,123307000.0,44679000.0,-81978000.0,-5591000.0,0.0,-85779000.0,-231310000.0,-165060000.0,439777000.0,619000.0,211220000.0,211220000.0,211220000.0,-25776000.0,0.0,0.145,820812000.0,135140000.0,480284000.0,0.0,3.743,36.015,35.073,522884000.0,0.0,28.76,5.221,5.197,305181000.0,-21463359000.0,1456925000.0,1456925000.0,77162000.0,0.078,0.121,0.444,0.183,32617000.0,636114000.0,1.0,264504538.0,263268000.0,271173000.0,5.534,1901353000.0,18187000.0,56050000.0,23334000.0,7.222,441360000.0
65,VRSN,MRT,2005-03-31,2005-03-31,2005-03-31,2021-07-22,-5083000.0,2705908000.0,2546344500.0,1162212000.0,1543696000.0,0.502,6.763,-94877000.0,389377000.0,389377000.0,468778000.0,192925000.0,1.55,0.531,0.0,0.0,0.0,0.0,450167000.0,84938000.0,0.0,0.0,0.0,231966000.0,316904000.0,0.248,316904000.0,231966000.0,231966000.0,0.76,0.76,0.76,1717612000.0,1639357750.0,1717612000.0,6970918021.0,30.0,21.997,296819000.0,1.169,1.0,809971000.0,0.633,944455000.0,0.0,622232000.0,568836000.0,0.0,482853000.0,431335000.0,51518000.0,912630000.0,749844000.0,162786000.0,7301559021.0,87993000.0,-104496000.0,-52975000.0,-5041000.0,0.0,-55739000.0,-248543000.0,-46127000.0,391696000.0,579000.0,192925000.0,192925000.0,192925000.0,-21466000.0,0.0,0.151,693783000.0,116188000.0,404069000.0,0.0,4.251,37.847,37.763,508744000.0,0.0,28.7,5.71,5.7,282342000.0,-21504654000.0,1278749000.0,1278749000.0,67181000.0,0.076,0.118,0.408,0.181,42385000.0,533457000.0,1.0,254409722.0,253989000.0,262434000.0,5.035,1761453000.0,18898000.0,39041000.0,26874000.0,6.935,412368000.0
66,VRSN,MRT,2004-12-31,2004-12-31,2004-12-31,2021-07-22,-1411000.0,2592874000.0,2420277000.0,1006123000.0,1586751000.0,0.463,6.608,-92532000.0,328842000.0,328842000.0,437872000.0,152820000.0,1.438,0.522,0.0,0.0,0.0,0.0,404018000.0,85641000.0,0.0,0.0,0.0,174004000.0,259645000.0,0.232,259645000.0,174004000.0,174004000.0,0.61,0.6,0.61,1655720000.0,1577237750.0,1655720000.0,8327319350.0,48.0,32.072,272806000.0,1.089,1.0,682723000.0,0.609,969265000.0,0.0,595172000.0,540038500.0,0.0,458302000.0,406784000.0,51518000.0,864600000.0,699595000.0,165005000.0,8558766350.0,29048000.0,-175459000.0,-49534000.0,-4491000.0,0.0,-54472000.0,-284863000.0,-15945000.0,365338000.0,3045000.0,152820000.0,152820000.0,152820000.0,-17451000.0,0.0,0.136,607072000.0,75651000.0,380625000.0,0.0,5.169,56.006,55.082,508363000.0,0.0,33.6,7.638,7.513,232594000.0,-21553829000.0,1120595000.0,1120595000.0,63689000.0,0.063,0.097,0.322,0.155,46796000.0,440586000.0,1.0,254725189.0,250564000.0,255414000.0,4.472,1623609000.0,19057000.0,21184000.0,31319000.0,6.48,306528000.0
67,VRSN,MRT,2004-09-30,2004-09-30,2004-09-30,2021-07-22,-7270000.0,2457509000.0,2297193000.0,857764000.0,1599745000.0,0.446,6.25,-97542000.0,231447000.0,231447000.0,408983000.0,39123000.0,1.325,0.506,0.0,0.0,0.0,0.0,405761000.0,91453000.0,0.0,0.0,0.0,64669000.0,156122000.0,0.152,156122000.0,64669000.0,64669000.0,0.16,0.16,0.16,1588362000.0,1502013750.0,1588362000.0,4752550941.0,73.0,30.441,216599000.0,0.852,1.0,615651000.0,0.601,992437000.0,0.0,586302000.0,547671250.0,0.0,435940000.0,374260000.0,61680000.0,803073000.0,647323000.0,155750000.0,5078822941.0,-121594000.0,-204787000.0,14007000.0,-7694000.0,0.0,40715000.0,-476458000.0,-161506000.0,314141000.0,8000.0,39123000.0,39123000.0,39123000.0,-8028000.0,0.0,0.038,563270000.0,52381000.0,334916000.0,0.0,3.198,129.817,124.25,499222000.0,0.0,19.88,4.957,4.931,183418000.0,-21668641000.0,1024634000.0,1024634000.0,58215000.0,0.017,0.026,0.118,0.063,5582000.0,360702000.0,1.0,255473991.0,254146000.0,259728000.0,4.032,1465072000.0,10973000.0,25546000.0,23942000.0,5.765,210441000.0
68,VRSN,MRT,2004-06-30,2004-06-30,2004-06-30,2021-07-22,-5759000.0,2429087000.0,2236547750.0,796897000.0,1632190000.0,0.433,6.399,-93319000.0,326272000.0,326272000.0,401451000.0,-32578000.0,1.298,0.482,0.0,0.0,0.0,0.0,392009000.0,98267000.0,0.0,0.0,0.0,3800000.0,102067000.0,0.106,102067000.0,3800000.0,3800000.0,-0.13,-0.13,-0.13,1595737000.0,1450003750.0,1595737000.0,4528146775.0,1192.0,44.364,229903000.0,0.922,1.0,565995000.0,0.585,1017367000.0,0.0,471638000.0,495730000.0,0.0,314083000.0,247513000.0,66570000.0,769476000.0,613810000.0,155666000.0,4934830775.0,-43571000.0,-204787000.0,46737000.0,-8284000.0,0.0,73784000.0,-443711000.0,-140041000.0,323222000.0,3134000.0,-32578000.0,-32578000.0,-32578000.0,-8028000.0,0.0,-0.034,574965000.0,-8970000.0,303789000.0,0.0,3.093,-151.477,-153.077,504657000.0,0.0,19.9,5.101,5.129,147946000.0,-21709039000.0,967446000.0,967446000.0,54338000.0,-0.015,-0.022,0.008,0.004,30042000.0,329082000.0,1.0,247981446.0,249357000.0,253068000.0,3.88,1411720000.0,11483000.0,36378000.0,26532000.0,5.661,183087000.0
69,VRSN,MRT,2004-03-31,2004-03-31,2004-03-31,2021-07-22,-892000.0,2201638000.0,2185878750.0,827397000.0,1374241000.0,0.447,6.012,-100528000.0,406684000.0,406684000.0,414805000.0,-197373000.0,1.529,0.461,0.0,0.0,0.0,0.0,367934000.0,106325000.0,0.0,0.0,0.0,-177459000.0,-71134000.0,-0.073,-71134000.0,-177459000.0,-177459000.0,-0.82,-0.82,-0.82,1469132000.0,1400697250.0,1469132000.0,3652330664.0,-21.0,-51.344,205097000.0,0.839,1.0,561895000.0,0.575,746830000.0,0.0,507042000.0,451326000.0,0.0,329319000.0,251183000.0,78136000.0,676542000.0,541082000.0,135460000.0,4046117664.0,11190000.0,-29394000.0,43009000.0,-8917000.0,0.0,69171000.0,-367272000.0,-231824000.0,305625000.0,3666000.0,-197373000.0,-197373000.0,-197373000.0,-8028000.0,0.0,-0.202,753738000.0,-191843000.0,255092000.0,0.0,2.754,-20.5,-20.232,505451000.0,0.0,16.59,4.143,4.151,107209000.0,-21730984000.0,976700000.0,976700000.0,52338000.0,-0.09,-0.141,-0.393,-0.182,16517000.0,336410000.0,1.0,243888949.0,244362000.0,248162000.0,3.997,1454808000.0,11203000.0,19914000.0,0.0,5.953,286315000.0
70,VRSN,MRT,2003-12-31,2003-12-31,2003-12-31,2021-07-22,-2002000.0,2100538000.0,2227517250.0,880728000.0,1219810000.0,0.457,5.65,-108034000.0,301593000.0,301593000.0,439152000.0,-259879000.0,1.586,0.508,0.0,0.0,0.0,0.0,338794000.0,114475000.0,0.0,0.0,0.0,-241680000.0,-127205000.0,-0.125,-127205000.0,-241680000.0,-241680000.0,-1.08,-1.08,-1.08,1354824000.0,1417207500.0,1354824000.0,3555684762.0,-15.0,-27.952,250406000.0,1.044,1.0,578193000.0,0.568,618036000.0,0.0,625703000.0,404979000.0,0.0,462213000.0,422093000.0,40120000.0,688056000.0,555206000.0,132850000.0,3936508762.0,47088000.0,41569000.0,31680000.0,-13199000.0,0.0,55884000.0,-368562000.0,-292806000.0,358440000.0,1326000.0,-259879000.0,-259879000.0,-259879000.0,-8028000.0,0.0,-0.255,819624000.0,-241431000.0,291392000.0,0.0,2.906,-15.147,-15.093,520219000.0,0.0,16.3,3.869,3.842,134129000.0,-21740054000.0,1017345000.0,1017345000.0,49408000.0,-0.117,-0.183,-0.597,-0.238,12393000.0,360428000.0,1.0,241503605.0,239780000.0,239780000.0,4.243,1482502000.0,10987000.0,18199000.0,321000.0,6.183,325522000.0
71,VRSN,MRT,2003-09-30,2003-09-30,2003-09-30,2021-07-22,-5309000.0,2214928000.0,2300212250.0,761156000.0,1453772000.0,0.469,5.742,-91819000.0,380824000.0,380824000.0,462425000.0,-266969000.0,1.198,0.605,0.0,0.0,0.0,0.0,506574000.0,116300000.0,0.0,0.0,0.0,-251717000.0,-135417000.0,-0.126,-135417000.0,-251717000.0,-251717000.0,-1.09,-1.09,-1.09,1380322000.0,1472330000.0,1380322000.0,2839960119.0,-11.0,-20.972,266047000.0,1.107,1.0,615757000.0,0.571,820225000.0,0.0,378537000.0,331263500.0,0.0,259634000.0,218014000.0,41620000.0,834606000.0,635342000.0,199264000.0,3237586119.0,153041000.0,0.0,23686000.0,-6120000.0,0.0,17834000.0,-219734000.0,-119631000.0,357866000.0,-2925000.0,-266969000.0,-266969000.0,-266969000.0,0.0,0.0,-0.248,862275000.0,-246518000.0,287028000.0,0.0,2.346,-12.127,-12.349,578692000.0,0.0,13.46,3.003,3.001,99660000.0,-21707764000.0,1078182000.0,1078182000.0,51798000.0,-0.116,-0.181,-0.76,-0.233,12811000.0,386593000.0,1.0,240533887.0,240370000.0,240370000.0,4.486,1394703000.0,6537000.0,15252000.0,0.0,5.802,125814000.0
72,VRSN,MRT,2003-06-30,2003-06-30,2003-06-30,2021-07-22,-6074000.0,2226411000.0,2396211000.0,683320000.0,1543091000.0,0.464,5.854,-111060000.0,397626000.0,397626000.0,495269000.0,-315338000.0,1.073,0.592,0.0,0.0,0.0,0.0,501796000.0,114849000.0,0.0,0.0,0.0,-299300000.0,-184451000.0,-0.166,-184451000.0,-299300000.0,-299300000.0,-1.3,-1.3,-1.3,1398511000.0,1531581000.0,1398511000.0,2974463951.0,-10.0,-16.126,239349000.0,1.002,1.0,616231000.0,0.554,897920000.0,0.0,294022000.0,322569500.0,0.0,155476000.0,114577000.0,40899000.0,827900000.0,636843000.0,191057000.0,3292440951.0,205200000.0,-2301000.0,15256000.0,-5530000.0,0.0,9994000.0,-150518000.0,-29339000.0,350409000.0,-4685000.0,-315338000.0,-315338000.0,-315338000.0,0.0,0.0,-0.284,857834000.0,-241603000.0,281194000.0,0.0,2.354,-10.441,-10.608,591448000.0,0.0,13.79,2.962,2.964,101122000.0,-21676461000.0,1111500000.0,1111500000.0,47591000.0,-0.132,-0.206,-0.928,-0.269,20661000.0,402319000.0,1.0,238755689.0,238898000.0,238898000.0,4.653,1328491000.0,6524000.0,16038000.0,0.0,5.561,46477000.0
73,VRSN,MRT,2003-03-31,2003-03-31,2003-03-31,2021-07-22,-5964000.0,2368192000.0,2512721500.0,665982000.0,1702210000.0,0.463,6.445,-124844000.0,317977000.0,317977000.0,532229000.0,-4975023000.0,1.02,0.543,0.0,0.0,0.0,0.0,495424000.0,109098000.0,0.0,0.0,0.0,-4959796000.0,-4850698000.0,-4.169,-4850698000.0,-4959796000.0,-4959796000.0,-21.01,-21.01,-21.01,1535173000.0,1603770250.0,1535173000.0,1801193780.0,0.0,-0.371,191394000.0,0.803,1.0,631381000.0,0.543,1075413000.0,0.0,321654000.0,345363500.0,0.0,179926000.0,157161000.0,22765000.0,833019000.0,653148000.0,179871000.0,2083481780.0,116727000.0,-6820000.0,13475000.0,-4897000.0,0.0,8846000.0,-204366000.0,-43255000.0,316238000.0,-3991000.0,-4975023000.0,-4975023000.0,-4975023000.0,0.0,0.0,-4.276,5440329000.0,-4808948000.0,287448000.0,0.0,1.357,-0.419,-0.416,592652000.0,0.0,8.74,1.791,1.789,119423000.0,-21533611000.0,1163610000.0,1163610000.0,47350000.0,-1.98,-3.102,-14.361,-4.262,19483000.0,419199000.0,1.0,238384643.0,238208000.0,238208000.0,4.885,1292779000.0,6025000.0,15227000.0,0.0,5.427,12834000.0
74,VRSN,MRT,2002-12-31,2002-12-31,2002-12-31,2021-07-22,-4764000.0,2391318000.0,3802882250.0,585868000.0,1805450000.0,0.321,6.659,-176233000.0,282288000.0,282288000.0,571367000.0,-4961297000.0,0.903,0.513,0.0,0.0,0.0,0.0,483843000.0,105482000.0,0.0,0.0,0.0,-4950922000.0,-4845440000.0,-3.966,-4845440000.0,-4950922000.0,-4950922000.0,-20.97,-20.97,-20.97,1575314000.0,2840300250.0,1575314000.0,1690336931.0,0.0,-0.349,63858000.0,0.27,1.0,650301000.0,0.532,1129602000.0,0.0,330841000.0,394331500.0,0.0,158357000.0,103180000.0,55177000.0,807782000.0,648587000.0,159195000.0,1902986931.0,-38899000.0,-348643000.0,20670000.0,-615000.0,0.0,20323000.0,-297624000.0,276358000.0,240091000.0,-1689000.0,-4961297000.0,-4961297000.0,-4961297000.0,0.0,0.0,-4.061,5451934000.0,-4801633000.0,278545000.0,0.0,1.208,-0.384,-0.382,609354000.0,0.0,8.02,1.558,1.553,134124000.0,-21480175000.0,1221668000.0,1221668000.0,48353000.0,-1.305,-1.747,-12.555,-4.053,18956000.0,420293000.0,1.0,237280166.0,236552000.0,236552000.0,5.164,1261716000.0,9658000.0,10375000.0,0.0,5.334,-62719000.0
75,VRSN,MRT,2002-09-30,2002-09-30,2002-09-30,2021-07-22,-1834000.0,2598923000.0,5089429750.0,607757000.0,1991166000.0,0.242,6.825,-466281000.0,212650000.0,212650000.0,560328000.0,-5323027000.0,0.824,0.607,0.0,0.0,0.0,0.0,526600000.0,96010000.0,0.0,0.0,0.0,-5330195000.0,-5234185000.0,-4.254,-5234185000.0,-5330195000.0,-5330195000.0,-22.12,-22.12,-22.12,1617326000.0,4072990250.0,1617326000.0,1017807771.0,0.0,-0.194,-249368000.0,-1.052,1.0,670137000.0,0.545,1305262000.0,0.0,343761000.0,488231250.0,0.0,169410000.0,114386000.0,55024000.0,981597000.0,737250000.0,244347000.0,1195100771.0,-353067000.0,-334181000.0,7599000.0,0.0,0.0,7748000.0,-574865000.0,310924000.0,216913000.0,-2863000.0,-5323027000.0,-5323027000.0,-5323027000.0,0.0,0.0,-4.326,5843431000.0,-5173294000.0,297307000.0,0.0,0.739,-0.225,-0.228,620425000.0,0.0,5.05,0.971,0.973,206000000.0,-21440795000.0,1230465000.0,1230465000.0,53344000.0,-1.046,-1.307,-10.917,-4.332,19903000.0,421014000.0,1.0,236653618.0,236958000.0,236958000.0,5.193,1293661000.0,0.0,-7168000.0,91878000.0,5.459,-129493000.0
76,VRSN,MRT,2002-06-30,2002-06-30,2002-06-30,2021-07-22,193000.0,2692453000.0,6038365500.0,610712000.0,2081741000.0,0.196,7.136,-449863000.0,177293000.0,177293000.0,496589000.0,-5630090000.0,0.784,0.596,0.0,0.0,0.0,0.0,555477000.0,84192000.0,0.0,0.0,0.0,-5651403000.0,-5567211000.0,-4.701,-5567211000.0,-5651403000.0,-5651403000.0,-23.69,-23.69,-23.69,1687268000.0,5058320250.0,1687268000.0,1513518156.0,0.0,-0.272,-267066000.0,-1.13,1.0,687590000.0,0.581,1350764000.0,0.0,385198000.0,511883000.0,0.0,215173000.0,104359000.0,110814000.0,1005185000.0,779198000.0,225987000.0,1699635156.0,-272721000.0,-386772000.0,-34101000.0,0.0,0.0,-33952000.0,-419547000.0,509856000.0,182797000.0,-2019000.0,-5630090000.0,-5630090000.0,-5630090000.0,0.0,0.0,-4.754,6249673000.0,-5562083000.0,290747000.0,0.0,1.007,-0.302,-0.304,608796000.0,0.0,7.19,1.435,1.436,247098000.0,-21361123000.0,1184179000.0,1184179000.0,65380000.0,-0.932,-1.113,-11.04,-4.772,7741000.0,417257000.0,1.0,236388756.0,236435000.0,236435000.0,5.008,1341689000.0,0.0,-21313000.0,82723000.0,5.675,-168486000.0
77,VRSN,MRT,2002-03-31,2002-03-31,2002-03-31,2021-07-22,-1389000.0,7528835000.0,7057439250.0,674550000.0,6854285000.0,0.156,27.529,-433565000.0,186117000.0,186117000.0,424348000.0,-12018285000.0,0.848,0.162,0.0,0.0,0.0,0.0,587936000.0,73082000.0,0.0,0.0,0.0,-12069011000.0,-11995929000.0,-10.926,-11995929000.0,-12069011000.0,-12069011000.0,-58.87,-58.87,-58.87,6481293000.0,6129616750.0,6481293000.0,6066203283.0,-1.0,-0.506,-247900000.0,-1.053,1.0,673619000.0,0.614,6029803000.0,0.0,517526000.0,564000750.0,0.0,317991000.0,119638000.0,198353000.0,1047542000.0,795389000.0,252153000.0,6372257283.0,-177532000.0,-394463000.0,-2014000.0,0.0,0.0,-1869000.0,-360029000.0,546628000.0,185665000.0,-1299000.0,-12018285000.0,-12018285000.0,-12018285000.0,0.0,0.0,-10.946,12762987000.0,-12089368000.0,302152000.0,0.0,0.983,-0.53,-0.459,612745000.0,0.0,27.0,5.804,5.79,282702000.0,-16558588000.0,1097967000.0,1097967000.0,73027000.0,-1.703,-1.961,-21.399,-10.992,7769000.0,407786000.0,1.0,236009529.0,235438000.0,235438000.0,4.664,1499032000.0,0.0,-50726000.0,84993000.0,6.367,-120839000.0
78,VRSN,MRT,2001-12-31,2001-12-31,2001-12-31,2021-07-22,466000.0,7537508000.0,9646560750.0,1090559000.0,6446949000.0,0.102,31.974,-380269000.0,306054000.0,306054000.0,343721000.0,-13355952000.0,1.308,0.159,0.0,0.0,0.0,0.0,622056000.0,58862000.0,0.0,0.0,0.0,-13433874000.0,-13375012000.0,-13.599,-13375012000.0,-13433874000.0,-13433874000.0,-65.64,-65.64,-65.64,6506074000.0,8790279500.0,6506074000.0,7164294664.0,-1.0,-0.536,-152731000.0,-0.751,1.0,639843000.0,0.651,5691169000.0,0.0,706440000.0,580528250.0,0.0,622424000.0,420643000.0,201781000.0,1031434000.0,833845000.0,197589000.0,7730011664.0,-154308000.0,-52640000.0,10695000.0,0.0,0.0,10837000.0,-389086000.0,98982000.0,227538000.0,-3597000.0,-13355952000.0,-13355952000.0,-13355952000.0,0.0,0.0,-13.579,14053036000.0,-13413193000.0,313447000.0,0.0,1.188,-0.579,-0.58,532546000.0,0.0,38.04,7.859,7.87,290923000.0,-16518878000.0,983564000.0,983564000.0,78134000.0,-1.385,-1.519,-23.141,-13.658,7803000.0,402882000.0,1.0,203207457.0,203478000.0,203478000.0,4.834,1846339000.0,0.0,-77922000.0,0.0,9.074,256714000.0
79,VRSN,MRT,2001-09-30,2001-09-30,2001-09-30,2021-07-22,2737000.0,6394666000.0,12560989250.0,984167000.0,5410499000.0,0.071,27.397,-92531000.0,565717000.0,565717000.0,306244000.0,-14267037000.0,1.427,0.15,0.0,0.0,0.0,0.0,584821000.0,50764000.0,0.0,0.0,0.0,-14333549000.0,-14282785000.0,-15.921,-14282785000.0,-14333549000.0,-14333549000.0,-71.54,-71.54,-71.54,5558646000.0,11781413000.0,5558646000.0,8050287017.0,-1.0,-0.564,115938000.0,0.571,1.0,590876000.0,0.659,4700764000.0,0.0,438368000.0,507103250.0,0.0,620882000.0,149066000.0,471816000.0,836020000.0,689817000.0,146203000.0,8500301017.0,68168000.0,-83756000.0,33476000.0,0.0,0.0,34712000.0,-173801000.0,96366000.0,208469000.0,-1212000.0,-14267037000.0,-14267037000.0,-14267037000.0,0.0,0.0,-15.903,14927538000.0,-14336662000.0,247192000.0,0.0,1.529,-0.596,-0.586,133637000.0,0.0,41.9,9.475,9.476,228376000.0,-16117768000.0,897120000.0,897120000.0,77423000.0,-1.136,-1.211,-28.266,-15.977,5775000.0,390472000.0,1.0,202871146.0,202894000.0,202894000.0,4.422,1693902000.0,66642000.0,-66512000.0,0.0,8.349,294350000.0
80,VRSN,MRT,2001-06-30,2001-06-30,2001-06-30,2021-07-22,3145000.0,6768748000.0,16093692500.0,1016861000.0,5751887000.0,0.051,29.614,-87209000.0,450014000.0,450014000.0,282665000.0,-15204487000.0,1.546,0.133,0.0,0.0,0.0,0.0,570002000.0,44438000.0,0.0,0.0,0.0,-15261096000.0,-15216658000.0,-18.67,-15216658000.0,-15261096000.0,-15261096000.0,-76.41,-76.41,-76.41,5972454000.0,15306727000.0,5972454000.0,11690633452.0,-1.0,-0.768,153277000.0,0.76,1.0,532386000.0,0.653,5067158000.0,0.0,593669000.0,505862750.0,0.0,806283000.0,348160000.0,458123000.0,796294000.0,657907000.0,138387000.0,12054282452.0,-563513000.0,-28864000.0,117539000.0,0.0,0.0,118788000.0,-921764000.0,-717943000.0,240486000.0,-1023000.0,-15204487000.0,-15204487000.0,-15204487000.0,0.0,0.0,-18.655,15802046000.0,-15269660000.0,222655000.0,0.0,2.018,-0.793,-0.785,133073000.0,0.0,60.01,14.79,14.849,189622000.0,-15731033000.0,815051000.0,815051000.0,70259000.0,-0.945,-0.993,-30.168,-18.724,9191000.0,369262000.0,1.0,200871229.0,201675000.0,201675000.0,4.041,1701590000.0,63429000.0,-56609000.0,0.0,8.437,358954000.0
81,VRSN,MRT,2001-03-31,2001-03-31,2001-03-31,2021-07-22,2549000.0,17885321000.0,19785249750.0,1100262000.0,16785059000.0,0.033,85.826,-75756000.0,363649000.0,363649000.0,224927000.0,-4466695000.0,1.688,0.044,0.0,0.0,0.0,0.0,541689000.0,37503000.0,0.0,0.0,0.0,-4493891000.0,-4456388000.0,-6.813,-4456388000.0,-4493891000.0,-4493891000.0,-24.29,-24.29,-24.29,17123944000.0,18973711750.0,17123944000.0,6622101315.0,-1.0,-1.486,179669000.0,0.901,1.0,429181000.0,0.656,16286314000.0,0.0,583636000.0,333268500.0,0.0,880010000.0,546281000.0,333729000.0,761377000.0,651722000.0,109655000.0,7082463315.0,255266000.0,832380000.0,89487000.0,0.0,0.0,91206000.0,-90189000.0,-763671000.0,255425000.0,-1176000.0,-4466695000.0,-4466695000.0,-4466695000.0,0.0,0.0,-6.829,4919541000.0,-4490360000.0,204378000.0,0.0,0.414,-1.586,-1.459,114736000.0,0.0,35.44,10.828,10.81,161150000.0,-4540303000.0,654108000.0,654108000.0,56714000.0,-0.226,-0.235,-13.484,-6.87,5462000.0,306122000.0,1.0,199843773.0,199520000.0,199520000.0,3.278,1599007000.0,21572000.0,-27196000.0,0.0,8.014,448540000.0
82,VRSN,MRT,2000-12-31,2000-12-31,2000-12-31,2021-07-22,-702000.0,19195222000.0,15786055500.0,1186432000.0,18008790000.0,0.03,116.044,-58778000.0,460362000.0,460362000.0,163049000.0,-3115474000.0,1.783,0.039,0.0,0.0,0.0,0.0,508288000.0,27855000.0,0.0,0.0,0.0,-3115474000.0,-3087619000.0,-6.503,-3087619000.0,-3115474000.0,-3115474000.0,-19.57,-19.57,-19.57,18470608000.0,15148844000.0,18470608000.0,14149284737.0,-5.0,-4.583,133219000.0,0.837,1.0,311717000.0,0.657,17656641000.0,0.0,412740000.0,248416750.0,0.0,775058000.0,565913000.0,209145000.0,724614000.0,665479000.0,59135000.0,14646833737.0,389980000.0,835758000.0,71687000.0,0.0,0.0,73454000.0,124004000.0,-564367000.0,191997000.0,525000.0,-3115474000.0,-3115474000.0,-3115474000.0,0.0,0.0,-6.562,3512026000.0,-3200309000.0,193952000.0,0.0,0.793,-4.701,-3.791,105602000.0,0.0,74.19,30.851,24.873,128011000.0,-3162926000.0,474766000.0,474766000.0,41256000.0,-0.197,-0.206,-12.541,-6.562,1722000.0,227820000.0,1.0,197423288.0,159169000.0,159169000.0,2.983,1538581000.0,0.0,0.0,0.0,9.666,520953000.0
83,VRSN,MRT,2000-09-30,2000-09-30,2000-09-30,2021-07-22,18599000.0,20525479000.0,11072541500.0,1262992000.0,19262487000.0,0.028,100.641,-33857000.0,497549000.0,497549000.0,104490000.0,-1798745000.0,1.903,0.044,0.0,0.0,0.0,0.0,490863000.0,18860000.0,0.0,0.0,0.0,-1798745000.0,-1779885000.0,-5.834,-1779885000.0,-1798745000.0,-1798745000.0,-10.34,-10.35,-10.34,19659902000.0,10605781750.0,19659902000.0,38383144131.0,-21.0,-21.565,128334000.0,0.657,1.0,200597000.0,0.658,18930810000.0,0.0,433406000.0,202258000.0,0.0,837394000.0,593751000.0,243643000.0,865577000.0,663714000.0,201863000.0,39396671131.0,428091000.0,852412000.0,65202000.0,0.0,0.0,65726000.0,199786000.0,-605651000.0,162191000.0,388000.0,-1798745000.0,-1798745000.0,-1798745000.0,0.0,0.0,-5.896,2065157000.0,-1864560000.0,161397000.0,0.0,2.004,-21.902,-19.594,86479000.0,0.0,202.6,129.133,129.724,83507000.0,-1850731000.0,305087000.0,305087000.0,29853000.0,-0.162,-0.17,-8.893,-5.896,104000.0,148468000.0,1.0,194455435.0,195346000.0,195346000.0,1.562,1594669000.0,32829000.0,0.0,133169000.0,8.163,599278000.0
84,VRSN,MRT,2000-06-30,2000-06-30,2000-06-30,2021-07-22,41527000.0,21534977000.0,6001927000.0,1212151000.0,20322826000.0,0.026,153.532,-20216000.0,1013527000.0,1013527000.0,52956000.0,-472993000.0,1.939,0.043,0.0,0.0,0.0,0.0,478944000.0,10947000.0,0.0,0.0,0.0,-472993000.0,-462046000.0,-2.985,-462046000.0,-472993000.0,-472993000.0,-3.54,-3.56,-3.54,20640393000.0,5742435250.0,20640393000.0,20260816772.0,-43.0,-43.85,61185000.0,0.455,1.0,101827000.0,0.658,19993020000.0,0.0,-96708000.0,128292000.0,0.0,269743000.0,31288000.0,238455000.0,894584000.0,625138000.0,269446000.0,20369199772.0,921321000.0,852412000.0,25844000.0,0.0,0.0,26355000.0,813388000.0,-7031000.0,81401000.0,177000.0,-472993000.0,-472993000.0,-472993000.0,0.0,0.0,-3.056,620599000.0,-518772000.0,149603000.0,0.0,0.987,-43.064,-49.859,88223000.0,0.0,176.5,131.598,153.299,55685000.0,-526545000.0,154783000.0,154783000.0,18773000.0,-0.079,-0.082,-3.687,-3.056,103000.0,77596000.0,1.0,115406231.0,134437000.0,134437000.0,1.151,1541957000.0,52882000.0,0.0,174150000.0,11.47,587013000.0
85,VRSN,MRT,2000-03-31,2000-03-31,2000-03-31,2021-07-22,79570000.0,1888544000.0,667371500.0,167606000.0,1720938000.0,0.155,16.762,-7005000.0,108383000.0,108383000.0,37759000.0,-20207000.0,2.614,0.035,0.0,0.0,0.0,0.0,42538000.0,6480000.0,0.0,0.0,0.0,-20207000.0,-13727000.0,-0.133,-13727000.0,-20207000.0,-20207000.0,-0.17,-0.19,-0.17,1824473000.0,623241750.0,1824473000.0,15443239578.0,-764.0,-1125.027,13623000.0,0.125,1.0,65506000.0,0.634,1471823000.0,0.0,244229000.0,170590250.0,0.0,245122000.0,15257000.0,229865000.0,64090000.0,64109000.0,-19000.0,15513621578.0,-566000.0,3378000.0,20789000.0,0.0,0.0,20943000.0,-42228000.0,-31085000.0,20628000.0,91000.0,-20207000.0,-20207000.0,-20207000.0,0.0,0.0,-0.196,126536000.0,-61030000.0,6789000.0,0.0,8.503,-767.735,-879.412,14697000.0,0.0,149.5,150.231,157.581,33872000.0,-73607000.0,103265000.0,103265000.0,14744000.0,-0.03,-0.032,-0.118,-0.196,103000.0,50778000.0,1.0,103770044.0,108847000.0,108847000.0,0.949,416721000.0,909000.0,0.0,978000.0,3.829,103497000.0
86,VRSN,MRT,1999-12-31,1999-12-31,1999-12-31,2021-07-22,87641000.0,341166000.0,242477000.0,182842000.0,158324000.0,0.35,2.968,-6019000.0,70382000.0,70382000.0,31898000.0,3955000.0,4.284,0.143,0.0,0.0,0.0,0.0,31777000.0,5404000.0,0.0,0.0,0.0,3955000.0,9359000.0,0.11,9359000.0,3955000.0,3955000.0,0.04,0.03,0.04,298359000.0,207506500.0,298359000.0,19499650602.0,4930.0,2083.519,8646000.0,0.086,1.0,52878000.0,0.624,0.0,0.0,228105000.0,123035750.0,0.0,230849000.0,86098000.0,144751000.0,42807000.0,42679000.0,128000.0,19569108602.0,47596000.0,0.0,135744000.0,0.0,0.0,136153000.0,-103222000.0,-94035000.0,14665000.0,0.0,3955000.0,3955000.0,3955000.0,0.0,0.0,0.047,56188000.0,-3310000.0,10902000.0,0.0,65.589,4947.941,4772.5,10194000.0,0.0,190.9,230.833,226.377,22727000.0,-47452000.0,84776000.0,84776000.0,13303000.0,0.016,0.019,0.032,0.047,104000.0,42885000.0,1.0,102509736.0,100531000.0,114610000.0,0.843,341166000.0,0.0,0.0,0.0,3.394,140163000.0
87,VRSN,MRT,1999-09-30,1999-09-30,1999-09-30,2021-07-22,35021000.0,243021000.0,173259250.0,184932000.0,58089000.0,0.406,2.034,-5215000.0,69458000.0,69458000.0,28366000.0,-3112000.0,5.134,0.176,0.0,0.0,0.0,0.0,25273000.0,4957000.0,0.0,0.0,0.0,-3112000.0,1845000.0,0.026,1845000.0,-3112000.0,-3112000.0,-0.035,-0.045,-0.035,206516000.0,142857750.0,206516000.0,5300748562.0,-1703.0,2873.034,-2939000.0,-0.029,1.0,41945000.0,0.597,0.0,0.0,137542000.0,70736000.0,0.0,136210000.0,90634000.0,45576000.0,36263000.0,36021000.0,242000.0,5392954562.0,51356000.0,0.0,133396000.0,0.0,0.0,133384000.0,-84304000.0,-76823000.0,2276000.0,0.0,-3112000.0,-3112000.0,-3112000.0,0.0,0.0,-0.044,50625000.0,-8680000.0,6369000.0,0.0,26.114,-1732.955,-1521.429,9810000.0,0.0,53.25,76.701,76.882,20033000.0,-51985000.0,70311000.0,70311000.0,11671000.0,-0.018,-0.022,-0.044,-0.044,-891000.0,38954000.0,1.0,101276142.0,101514000.0,115198000.0,0.693,243021000.0,0.0,0.0,0.0,2.394,148911000.0
88,VRSN,MRT,1999-06-30,1999-06-30,1999-06-30,2021-07-22,0.0,196755000.0,128414750.0,175921000.0,20834000.0,0.452,1.651,-4981000.0,92206000.0,92206000.0,25151000.0,-12396000.0,5.487,0.199,0.0,0.0,0.0,0.0,20225000.0,4523000.0,0.0,0.0,0.0,-12396000.0,-7873000.0,-0.136,-7873000.0,-12396000.0,-12396000.0,-0.14,-0.14,-0.14,163619000.0,101493500.0,163619000.0,4214044520.0,-340.0,-535.253,-9909000.0,-0.1,1.0,32883000.0,0.567,0.0,0.0,72485000.0,42738250.0,0.0,62454000.0,62454000.0,0.0,32600000.0,32064000.0,536000.0,4322993520.0,67474000.0,0.0,127272000.0,0.0,0.0,127261000.0,-54859000.0,-47417000.0,-4928000.0,0.0,-12396000.0,-12396000.0,-12396000.0,0.0,0.0,-0.214,50146000.0,-17263000.0,7406000.0,0.0,26.421,-348.741,-308.036,9860000.0,0.0,43.125,74.491,73.654,16460000.0,-53552000.0,58034000.0,58034000.0,10818000.0,-0.097,-0.122,-0.29,-0.214,1116000.0,35773000.0,1.0,100243328.0,99118000.0,99118000.0,0.586,196755000.0,0.0,0.0,0.0,1.985,143857000.0
89,VRSN,MRT,1999-03-31,1999-03-31,1999-03-31,2021-07-22,0.0,188966000.0,94571750.0,174922000.0,14044000.0,0.506,1.687,-5631000.0,108949000.0,108949000.0,22035000.0,-17033000.0,6.726,0.165,0.0,0.0,0.0,0.0,15997000.0,4147000.0,0.0,0.0,0.0,-17033000.0,-12886000.0,-0.269,-12886000.0,-17033000.0,-17033000.0,-0.195,-0.195,-0.195,161532000.0,71839750.0,161532000.0,3804168824.0,-223.0,-295.217,-15980000.0,-0.167,1.0,25815000.0,0.539,0.0,0.0,54011000.0,30913750.0,0.0,48334000.0,48334000.0,0.0,26720000.0,26006000.0,714000.0,3826954824.0,95146000.0,0.0,125463000.0,0.0,0.0,125205000.0,-19710000.0,-11727000.0,-10349000.0,0.0,-17033000.0,-17033000.0,-17033000.0,0.0,0.0,-0.356,46905000.0,-21090000.0,6094000.0,0.0,23.692,-224.679,-197.436,10467000.0,0.0,38.5,79.978,77.043,13217000.0,-53400000.0,47850000.0,47850000.0,9752000.0,-0.18,-0.237,-0.551,-0.356,1280000.0,33598000.0,1.0,99401424.0,95753000.0,95753000.0,0.5,188966000.0,0.0,0.0,0.0,1.973,148916000.0
90,VRSN,MRT,1998-12-31,1998-12-31,1998-12-31,2021-07-22,0.0,64295000.0,63308750.0,53688000.0,10607000.0,0.615,0.476,-4413000.0,22786000.0,22786000.0,19454000.0,-19743000.0,2.375,0.593,0.0,0.0,0.0,0.0,13096000.0,3946000.0,0.0,0.0,0.0,-19743000.0,-15797000.0,-0.406,-15797000.0,-19743000.0,-19743000.0,-0.24,-0.24,-0.24,39764000.0,43791750.0,39764000.0,1329244705.0,-67.0,-84.145,-16243000.0,-0.195,1.0,19476000.0,0.5,0.0,0.0,18906000.0,27626250.0,0.0,19395000.0,18959000.0,436000.0,23567000.0,22603000.0,964000.0,1347346705.0,17844000.0,0.0,46208000.0,0.0,0.0,45650000.0,-15976000.0,-11444000.0,-11830000.0,0.0,-19743000.0,-19743000.0,-19743000.0,0.0,0.0,-0.507,42621000.0,-23145000.0,5472000.0,0.0,33.884,-68.244,-61.594,9234000.0,0.0,14.783,34.609,31.704,9769000.0,-51407000.0,38930000.0,38930000.0,8435000.0,-0.312,-0.451,-0.715,-0.507,1280000.0,30631000.0,1.0,91144712.0,83492000.0,83492000.0,0.466,64295000.0,0.0,0.0,0.0,0.77,31085000.0
91,VRSN,MRT,1998-09-30,1998-09-30,1998-09-30,2021-07-22,0.0,63643000.0,53961000.0,53289000.0,10354000.0,0.569,0.454,-4674000.0,18102000.0,18102000.0,16984000.0,-23530000.0,2.666,0.518,0.0,0.0,0.0,0.0,10461000.0,3937000.0,0.0,0.0,0.0,-23530000.0,-19593000.0,-0.638,-19593000.0,-23530000.0,-23530000.0,-0.473,-0.473,-0.473,41059000.0,36674500.0,41059000.0,590553468.0,-25.0,-30.141,-16793000.0,-0.186,1.0,13731000.0,0.447,0.0,0.0,25551000.0,25611000.0,0.0,24366000.0,24366000.0,0.0,21287000.0,19990000.0,1297000.0,613436468.0,11428000.0,0.0,44048000.0,-1425000.0,0.0,45024000.0,-21477000.0,-16656000.0,-12119000.0,0.0,-23530000.0,-23530000.0,-23530000.0,0.0,0.0,-0.766,40534000.0,-26803000.0,5505000.0,0.0,14.94,-26.07,-14.403,9378000.0,0.0,6.812,19.972,20.065,8470000.0,-48279000.0,30715000.0,30715000.0,7902000.0,-0.436,-0.642,-0.919,-0.766,2269000.0,28277000.0,1.0,90045720.0,90464000.0,90464000.0,0.34,63643000.0,0.0,0.0,0.0,0.704,33299000.0
92,VRSN,MRT,1998-06-30,1998-06-30,1998-06-30,2021-07-22,0.0,61383000.0,44776250.0,51272000.0,10111000.0,0.56,0.517,-5197000.0,22883000.0,22883000.0,14814000.0,-20859000.0,3.851,0.33,0.0,0.0,0.0,0.0,7618000.0,3785000.0,0.0,0.0,0.0,-20859000.0,-17074000.0,-0.681,-17074000.0,-20859000.0,-20859000.0,-0.49,-0.49,-0.49,45004000.0,29233500.0,45004000.0,763003551.0,-37.0,-44.688,-16269000.0,-0.187,1.0,10240000.0,0.409,0.0,0.0,25187000.0,21934500.0,0.0,22994000.0,22994000.0,0.0,14846000.0,13313000.0,1533000.0,775198551.0,16888000.0,0.0,44818000.0,-874000.0,0.0,46344000.0,-18384000.0,-13278000.0,-11072000.0,0.0,-20859000.0,-20859000.0,-20859000.0,0.0,0.0,-0.833,34151000.0,-23911000.0,1865000.0,0.0,17.225,-37.164,-19.071,9231000.0,0.0,9.345,30.941,32.485,4328000.0,-41524000.0,25054000.0,25054000.0,6742000.0,-0.466,-0.714,-0.951,-0.833,250000.0,24609000.0,1.0,82953296.0,87092000.0,87092000.0,0.288,61383000.0,0.0,0.0,0.0,0.705,37959000.0
93,VRSN,MRT,1998-03-31,1998-03-31,1998-03-31,2021-07-22,0.0,63914000.0,,54237000.0,9677000.0,,0.715,-4980000.0,12195000.0,12195000.0,12290000.0,-19678000.0,4.995,0.258,0.0,0.0,0.0,0.0,6162000.0,3066000.0,0.0,0.0,0.0,-19678000.0,-16612000.0,-0.886,-16612000.0,-19678000.0,-19678000.0,-0.575,-0.575,-0.575,49340000.0,,49340000.0,,,,-19308000.0,-0.28,1.0,6461000.0,0.345,0.0,0.0,40861000.0,,0.0,37043000.0,37043000.0,0.0,12716000.0,10858000.0,1858000.0,912486256.0,-2593000.0,0.0,44691000.0,-565000.0,0.0,46664000.0,-34929000.0,-30029000.0,-14328000.0,0.0,-19678000.0,-19678000.0,-19678000.0,0.0,0.0,-1.049,28858000.0,-22397000.0,1238000.0,0.0,18.494,-46.371,-19.13,8794000.0,0.0,11.0,48.663,40.485,4117000.0,-36659000.0,18751000.0,18751000.0,5945000.0,,,,-1.049,60000.0,20113000.0,1.0,82953296.0,69012000.0,69012000.0,0.272,63914000.0,0.0,0.0,0.0,0.926,43379000.0
94,VRSN,MRT,1997-12-31,1997-12-31,1997-12-31,2021-07-22,0.0,26904000.0,31720500.0,17277000.0,9627000.0,0.421,0.397,-6823000.0,4942000.0,4942000.0,9689000.0,-18589000.0,1.554,1.183,0.0,0.0,0.0,0.0,5267000.0,2621000.0,0.0,,0.0,-18589000.0,-15968000.0,-1.196,-15968000.0,-18589000.0,-18589000.0,-0.65,-0.65,-0.65,11295000.0,19282000.0,11295000.0,,,,-19659000.0,-0.69,1.0,3667000.0,0.275,0.0,0.0,10845000.0,5434000.0,0.0,7951000.0,7951000.0,0.0,13363000.0,11117000.0,2246000.0,,-25064000.0,0.0,771000.0,-258000.0,0.0,3051000.0,-15279000.0,-7951000.0,-12836000.0,0.0,-18589000.0,-18589000.0,-18589000.0,0.0,0.0,-1.392,24968000.0,-21301000.0,3504000.0,0.0,,,,8756000.0,0.0,,,,3390000.0,-30871000.0,13356000.0,13356000.0,5303000.0,-0.586,-0.964,-3.421,-1.392,34000.0,16865000.0,1.0,,28484000.0,28484000.0,0.469,26904000.0,0.0,0.0,0.0,0.945,6160000.0
95,VRSN,MRT,1997-09-30,1997-09-30,1997-09-30,2021-07-22,0.0,26904000.0,,17277000.0,9627000.0,,0.353,,4942000.0,4942000.0,,,1.554,1.183,0.0,0.0,0.0,0.0,5267000.0,,0.0,,0.0,,,,,,,,,,11295000.0,,11295000.0,,,,,,1.0,,,0.0,,10845000.0,,0.0,7951000.0,7951000.0,0.0,13363000.0,11117000.0,2246000.0,,,,,,,,,,,,,,,,,,,,3504000.0,,,,,8756000.0,,,,,3390000.0,-30871000.0,,,,,,,,,,1.0,,31952000.0,,,26904000.0,0.0,,0.0,0.842,6160000.0
96,VRSN,MRT,1997-06-30,1997-06-30,1997-06-30,2021-07-22,,,,,,,,,,,,,,,,,,,,,,,0.0,,,,,,,,,,,,,,,,,,1.0,,,,,,,,,,,,,,,,,,,,,,,,,,,,,,,,,,,,,,,,,,,,,,,,,,,,,,1.0,,25764000.0,,,,,,,,
97,VRSN,MRT,1997-03-31,1997-03-31,1997-03-31,2021-07-22,,,,,,,,,,,,,,,,,,,,,,,0.0,,,,,,,,,,,,,,,,,,1.0,,,,,,,,,,,,,,,,,,,,,,,,,,,,,,,,,,,,,,,,,,,,,,,,,,,,,,1.0,,,,,,,,,,
98,VRSN,MRT,1996-12-31,1996-12-31,1996-12-31,2021-07-22,0.0,36537000.0,,31554000.0,4983000.0,,1.374,-4168000.0,30006000.0,30006000.0,2791000.0,-10288000.0,4.664,0.294,258000.0,258000.0,0.0,258000.0,1944000.0,559000.0,0.0,,0.0,-10288000.0,-9729000.0,-7.175,-9729000.0,-10288000.0,-10288000.0,-0.517,-0.517,-0.517,27269000.0,,27269000.0,,,,-10178000.0,-0.513,1.0,-1435000.0,-1.058,0.0,0.0,23000.0,,0.0,0.0,0.0,0.0,8017000.0,6766000.0,1251000.0,,27319000.0,0.0,30000.0,258000.0,0.0,37778000.0,-4449000.0,0.0,-6010000.0,0.0,-10288000.0,-10288000.0,-10288000.0,0.0,0.0,-7.587,9624000.0,-11059000.0,2468000.0,0.0,,,,4617000.0,0.0,,,,762000.0,-12282000.0,1356000.0,1356000.0,2058000.0,,,,-7.587,0.0,7566000.0,1.0,,19840000.0,19840000.0,0.068,36537000.0,0.0,0.0,0.0,1.842,24788000.0
