None,ticker,dimension,calendardate,datekey,reportperiod,lastupdated,accoci,assets,assetsavg,assetsc,assetsnc,assetturnover,bvps,capex,cashneq,cashnequsd,cor,consolinc,currentratio,de,debt,debtc,debtnc,debtusd,deferredrev,depamor,deposits,divyield,dps,ebit,ebitda,ebitdamargin,ebitdausd,ebitusd,ebt,eps,epsdil,epsusd,equity,equityavg,equityusd,ev,evebit,evebitda,fcf,fcfps,fxusd,gp,grossmargin,intangibles,intexp,invcap,invcapavg,inventory,investments,investmentsc,investmentsnc,liabilities,liabilitiesc,liabilitiesnc,marketcap,ncf,ncfbus,ncfcommon,ncfdebt,ncfdiv,ncff,ncfi,ncfinv,ncfo,ncfx,netinc,netinccmn,netinccmnusd,netincdis,netincnci,netmargin,opex,opinc,payables,payoutratio,pb,pe,pe1,ppnenet,prefdivis,price,ps,ps1,receivables,retearn,revenue,revenueusd,rnd,roa,roe,roic,ros,sbcomp,sgna,sharefactor,sharesbas,shareswa,shareswadil,sps,tangibles,taxassets,taxexp,taxliabilities,tbvps,workingcapital
0,NKE,MRY,2021-12-31,2021-05-31,2021-05-31,2021-10-05,-380000000.0,37740000000.0,35504750000.0,26291000000.0,11449000000.0,1.254,8.116,-695000000.0,9889000000.0,9889000000.0,24576000000.0,5727000000.0,2.718,1.956,12813000000.0,469000000.0,12344000000.0,12813000000.0,0.0,797000000.0,0.0,0.008,1.07,6923000000.0,7720000000.0,0.173,7720000000.0,6923000000.0,6661000000.0,3.64,3.56,3.64,12767000000.0,11140500000.0,12767000000.0,219936306918.0,32.0,28.489,5962000000.0,3.79,1.0,19962000000.0,0.448,511000000.0,262000000.0,30479000000.0,30048750000.0,6854000000.0,3587000000.0,3587000000.0,0.0,24973000000.0,9674000000.0,15299000000.0,215602306918.0,1541000000.0,0.0,564000000.0,-249000000.0,-1638000000.0,-1459000000.0,-3800000000.0,-3276000000.0,6657000000.0,143000000.0,5727000000.0,5727000000.0,5727000000.0,0.0,0.0,0.129,13025000000.0,6937000000.0,2836000000.0,0.294,16.887,37.647,37.489,8017000000.0,0.0,136.46,4.841,4.82,4463000000.0,3179000000.0,44538000000.0,44538000000.0,0.0,0.161,0.514,0.23,0.155,611000000.0,13025000000.0,1.0,1579967074.0,1573000000,1609400000.0,28.314,37229000000.0,2921000000.0,934000000.0,3261000000.0,23.668,16617000000.0
1,NKE,MRY,2020-12-31,2020-05-31,2020-05-31,2021-10-05,-56000000.0,31342000000.0,27603250000.0,20556000000.0,10786000000.0,1.355,5.167,-1086000000.0,8348000000.0,8348000000.0,21162000000.0,2539000000.0,2.481,2.891,13015000000.0,696000000.0,12319000000.0,13015000000.0,0.0,1119000000.0,0.0,0.01,0.955,2976000000.0,4095000000.0,0.109,4095000000.0,2976000000.0,2887000000.0,1.63,1.6,1.63,8055000000.0,8912750000.0,8055000000.0,157088324078.0,53.0,38.361,1399000000.0,0.897,1.0,16241000000.0,0.434,497000000.0,89000000.0,27228000000.0,22800750000.0,7367000000.0,439000000.0,439000000.0,0.0,23287000000.0,8284000000.0,15003000000.0,153295324078.0,3882000000.0,0.0,-2182000000.0,6177000000.0,-1452000000.0,2491000000.0,-1028000000.0,27000000.0,2485000000.0,-66000000.0,2539000000.0,2539000000.0,2539000000.0,0.0,0.0,0.068,13126000000.0,3115000000.0,2248000000.0,0.586,19.031,60.376,60.479,7963000000.0,0.0,98.58,4.098,4.108,2749000000.0,-191000000.0,37403000000.0,37403000000.0,0.0,0.092,0.285,0.131,0.08,429000000.0,13126000000.0,1.0,1555034734.0,1558800000,1591600000.0,23.995,30845000000.0,2326000000.0,348000000.0,2840000000.0,19.788,12272000000.0
2,NKE,MRY,2019-12-31,2019-05-31,2019-05-31,2021-10-05,231000000.0,23717000000.0,22949500000.0,16525000000.0,7192000000.0,1.704,5.723,-1119000000.0,4466000000.0,4466000000.0,21643000000.0,4029000000.0,2.101,1.624,3479000000.0,15000000.0,3464000000.0,3479000000.0,0.0,720000000.0,0.0,0.014,1.06,4850000000.0,5570000000.0,0.142,5570000000.0,4850000000.0,4801000000.0,2.55,2.49,2.55,9040000000.0,8930500000.0,9040000000.0,121036763450.0,25.0,21.73,4784000000.0,3.028,1.0,17474000000.0,0.447,437000000.0,49000000.0,14427000000.0,14995500000.0,5622000000.0,197000000.0,197000000.0,0.0,14677000000.0,7866000000.0,6811000000.0,121244763450.0,217000000.0,0.0,-3586000000.0,-331000000.0,-1332000000.0,-5293000000.0,-264000000.0,850000000.0,5903000000.0,-129000000.0,4029000000.0,4029000000.0,4029000000.0,0.0,0.0,0.103,12702000000.0,4772000000.0,2612000000.0,0.416,13.412,30.093,30.251,4744000000.0,0.0,77.14,3.1,3.115,4272000000.0,1643000000.0,39117000000.0,39117000000.0,0.0,0.176,0.451,0.323,0.124,325000000.0,12702000000.0,1.0,1571749591.0,1579700000,1618400000.0,24.762,23280000000.0,2011000000.0,772000000.0,3576000000.0,14.737,8659000000.0
3,NKE,MRY,2018-12-31,2018-05-31,2018-05-31,2021-10-05,-92000000.0,22536000000.0,23197500000.0,15134000000.0,7402000000.0,1.569,6.043,-1028000000.0,4249000000.0,4249000000.0,20441000000.0,1933000000.0,2.506,1.297,3810000000.0,342000000.0,3468000000.0,3810000000.0,0.0,774000000.0,0.0,0.011,0.76,4379000000.0,5153000000.0,0.142,5153000000.0,4379000000.0,4325000000.0,1.19,1.17,1.19,9812000000.0,10836250000.0,9812000000.0,115548324346.0,26.0,22.424,3927000000.0,2.418,1.0,15956000000.0,0.438,439000000.0,54000000.0,15618000000.0,16662750000.0,5261000000.0,996000000.0,996000000.0,0.0,12724000000.0,6040000000.0,6684000000.0,115724324346.0,441000000.0,0.0,-3521000000.0,13000000.0,-1243000000.0,-4835000000.0,276000000.0,1326000000.0,4955000000.0,45000000.0,1933000000.0,1933000000.0,1933000000.0,0.0,0.0,0.053,11511000000.0,4445000000.0,2279000000.0,0.639,11.794,59.868,60.336,4454000000.0,0.0,71.8,3.18,3.203,3498000000.0,3517000000.0,36397000000.0,36397000000.0,0.0,0.083,0.178,0.263,0.12,218000000.0,11511000000.0,1.0,1611759392.0,1623800000,1659100000.0,22.415,22097000000.0,2509000000.0,2392000000.0,3366000000.0,13.608,9094000000.0
4,NKE,MRY,2017-12-31,2017-05-31,2017-05-31,2021-10-05,-213000000.0,23259000000.0,22554750000.0,16061000000.0,7198000000.0,1.523,7.484,-1092000000.0,3808000000.0,3808000000.0,19038000000.0,4240000000.0,2.934,0.875,3802000000.0,331000000.0,3471000000.0,3802000000.0,0.0,706000000.0,0.0,0.013,0.68,4945000000.0,5651000000.0,0.165,5651000000.0,4945000000.0,4886000000.0,2.56,2.51,2.56,12407000000.0,12404250000.0,12407000000.0,86954119590.0,18.0,15.387,2754000000.0,1.661,1.0,15312000000.0,0.446,422000000.0,59000000.0,17357000000.0,16317250000.0,5055000000.0,2371000000.0,2371000000.0,0.0,10852000000.0,5474000000.0,5378000000.0,87474119590.0,670000000.0,0.0,-2734000000.0,1748000000.0,-1133000000.0,-2148000000.0,-1008000000.0,118000000.0,3846000000.0,-20000000.0,4240000000.0,4240000000.0,4240000000.0,0.0,0.0,0.123,10563000000.0,4749000000.0,2048000000.0,0.266,7.05,20.631,20.699,3989000000.0,0.0,52.99,2.547,2.557,3677000000.0,6907000000.0,34350000000.0,34350000000.0,0.0,0.188,0.342,0.303,0.144,215000000.0,10563000000.0,1.0,1650766552.0,1657800000,1692000000.0,20.72,22837000000.0,2787000000.0,646000000.0,1991000000.0,13.775,10587000000.0
5,NKE,MRY,2016-12-31,2016-05-31,2016-05-31,2021-10-05,318000000.0,21379000000.0,21428750000.0,15025000000.0,6354000000.0,1.511,7.276,-1133000000.0,3138000000.0,3138000000.0,17405000000.0,3760000000.0,2.804,0.744,2038000000.0,45000000.0,1993000000.0,2038000000.0,0.0,649000000.0,0.0,0.008,0.46,4642000000.0,5291000000.0,0.163,5291000000.0,4642000000.0,4623000000.0,2.21,2.16,2.21,12258000000.0,12714250000.0,12258000000.0,92041336084.0,20.0,17.396,2266000000.0,1.345,1.0,14971000000.0,0.462,412000000.0,19000000.0,14509000000.0,14283750000.0,4838000000.0,2319000000.0,2319000000.0,0.0,9121000000.0,5358000000.0,3763000000.0,93030336084.0,-714000000.0,0.0,-2731000000.0,801000000.0,-1022000000.0,-2974000000.0,-1034000000.0,93000000.0,3399000000.0,-105000000.0,3760000000.0,3760000000.0,3760000000.0,0.0,0.0,0.116,10469000000.0,4502000000.0,2191000000.0,0.208,7.589,24.742,24.986,3520000000.0,0.0,55.22,2.873,2.873,3241000000.0,4151000000.0,32376000000.0,32376000000.0,0.0,0.175,0.296,0.325,0.143,236000000.0,10469000000.0,1.0,1684721769.0,1684721769,,19.217,20967000000.0,2422000000.0,863000000.0,1855000000.0,12.445,9667000000.0
6,NKE,MRY,2015-12-31,2015-05-31,2015-05-31,2021-10-05,1246000000.0,21597000000.0,19956500000.0,15587000000.0,6010000000.0,1.533,7.39,-960000000.0,3852000000.0,3852000000.0,16534000000.0,3273000000.0,2.462,0.7,1260000000.0,181000000.0,1079000000.0,1260000000.0,0.0,606000000.0,0.0,0.011,0.54,4233000000.0,4839000000.0,0.158,4839000000.0,4233000000.0,4205000000.0,1.9,1.85,1.9,12707000000.0,11970000000.0,12707000000.0,85646533917.0,20.0,17.699,3720000000.0,2.163,1.0,14067000000.0,0.46,412000000.0,28000000.0,12261000000.0,12552750000.0,4337000000.0,2072000000.0,2072000000.0,0.0,8890000000.0,6332000000.0,2558000000.0,87410533917.0,1632000000.0,0.0,-2020000000.0,-89000000.0,-899000000.0,-2790000000.0,-175000000.0,785000000.0,4680000000.0,-83000000.0,3273000000.0,3273000000.0,3273000000.0,0.0,0.0,0.107,9892000000.0,4175000000.0,2131000000.0,0.284,6.879,26.707,26.755,3011000000.0,0.0,50.835,2.856,2.856,3358000000.0,4685000000.0,30601000000.0,30601000000.0,0.0,0.164,0.273,0.337,0.138,191000000.0,9892000000.0,1.0,1719495110.0,1719495110,,17.797,21185000000.0,2587000000.0,932000000.0,1550000000.0,12.32,9255000000.0
7,NKE,MRY,2014-12-31,2014-05-31,2014-05-31,2021-10-05,85000000.0,18594000000.0,17972750000.0,13696000000.0,4898000000.0,1.547,6.163,-877000000.0,2220000000.0,2220000000.0,15353000000.0,2693000000.0,2.724,0.718,1373000000.0,174000000.0,1199000000.0,1373000000.0,0.0,518000000.0,0.0,0.012,0.465,3577000000.0,4095000000.0,0.147,4095000000.0,3577000000.0,3544000000.0,1.52,1.49,1.52,10824000000.0,11145750000.0,10824000000.0,67000656877.0,19.0,16.362,2136000000.0,1.216,1.0,12446000000.0,0.448,413000000.0,33000000.0,12307000000.0,12398250000.0,3947000000.0,2922000000.0,2922000000.0,0.0,7770000000.0,5027000000.0,2743000000.0,67537656877.0,-1117000000.0,0.0,-2245000000.0,-2000000.0,-799000000.0,-2914000000.0,-1207000000.0,-328000000.0,3013000000.0,-9000000.0,2693000000.0,2693000000.0,2693000000.0,0.0,0.0,0.097,8766000000.0,3680000000.0,1930000000.0,0.306,6.24,25.079,25.299,2834000000.0,0.0,38.455,2.429,2.429,3434000000.0,4871000000.0,27799000000.0,27799000000.0,0.0,0.15,0.242,0.289,0.129,177000000.0,8766000000.0,1.0,1756277646.0,1756277646,,15.828,18181000000.0,2006000000.0,851000000.0,1976000000.0,10.352,8669000000.0
8,NKE,MRY,2013-12-31,2013-05-31,2013-05-31,2021-10-05,274000000.0,17545000000.0,15861250000.0,13630000000.0,3915000000.0,1.596,6.2,-584000000.0,3337000000.0,3337000000.0,14279000000.0,2472000000.0,3.44,0.583,1365000000.0,155000000.0,1210000000.0,1365000000.0,0.0,438000000.0,0.0,0.013,0.405,3274000000.0,3712000000.0,0.147,3712000000.0,3274000000.0,3277000000.0,1.38,1.35,1.38,11081000000.0,10452250000.0,11081000000.0,52864274571.0,16.0,14.241,2448000000.0,1.37,1.0,11034000000.0,0.436,420000000.0,-3000000.0,11191000000.0,9566500000.0,3484000000.0,2628000000.0,2628000000.0,0.0,6464000000.0,3962000000.0,2502000000.0,55100274571.0,1083000000.0,786000000.0,-1361000000.0,947000000.0,-703000000.0,-1045000000.0,-940000000.0,-1140000000.0,3032000000.0,36000000.0,2472000000.0,2472000000.0,2472000000.0,-21000000.0,0.0,0.098,7796000000.0,3238000000.0,1669000000.0,0.293,4.973,22.29,22.341,2452000000.0,0.0,30.83,2.177,2.177,3117000000.0,5620000000.0,25313000000.0,25313000000.0,0.0,0.156,0.237,0.342,0.129,174000000.0,7796000000.0,1.0,1787229146.0,1787229146,,14.163,17125000000.0,1351000000.0,805000000.0,1376000000.0,9.582,9668000000.0
9,NKE,MRY,2012-12-31,2012-05-31,2012-05-31,2021-10-05,149000000.0,15465000000.0,14906750000.0,11845000000.0,3620000000.0,1.565,5.662,-561000000.0,2317000000.0,2317000000.0,13183000000.0,2211000000.0,3.051,0.49,385000000.0,157000000.0,228000000.0,385000000.0,0.0,373000000.0,0.0,0.016,0.425,2969000000.0,3342000000.0,0.143,3342000000.0,2969000000.0,2965000000.0,1.225,1.2,1.225,10381000000.0,10074750000.0,10381000000.0,47934251214.0,16.0,14.343,1263000000.0,0.689,1.0,10148000000.0,0.435,501000000.0,4000000.0,9150000000.0,9042500000.0,3222000000.0,1440000000.0,1440000000.0,0.0,5084000000.0,3882000000.0,1202000000.0,49586251214.0,377000000.0,0.0,-1346000000.0,-250000000.0,-619000000.0,-2100000000.0,586000000.0,1161000000.0,1824000000.0,67000000.0,2211000000.0,2211000000.0,2211000000.0,46000000.0,0.0,0.095,7079000000.0,3069000000.0,1549000000.0,0.347,4.777,22.427,22.078,2209000000.0,0.0,27.045,2.125,2.125,3132000000.0,5588000000.0,23331000000.0,23331000000.0,0.0,0.148,0.219,0.328,0.127,130000000.0,7079000000.0,1.0,1833472036.0,1833472036,,12.725,14964000000.0,1172000000.0,754000000.0,1039000000.0,8.162,7963000000.0
10,NKE,MRY,2011-12-31,2011-05-31,2011-05-31,2021-10-05,95000000.0,14998000000.0,14497750000.0,11297000000.0,3701000000.0,1.388,5.19,-431000000.0,1955000000.0,1955000000.0,10915000000.0,2133000000.0,2.854,0.524,663000000.0,387000000.0,276000000.0,663000000.0,0.0,335000000.0,0.0,0.014,0.29,2827000000.0,3162000000.0,0.157,3162000000.0,2827000000.0,2823000000.0,1.14,1.12,1.14,9843000000.0,9838500000.0,9843000000.0,38521273349.0,14.0,12.183,1381000000.0,0.728,1.0,9202000000.0,0.457,692000000.0,4000000.0,9056000000.0,9053000000.0,2715000000.0,2583000000.0,2583000000.0,0.0,5155000000.0,3958000000.0,1197000000.0,40040273349.0,-1124000000.0,0.0,-1514000000.0,33000000.0,-555000000.0,-1972000000.0,-1021000000.0,-560000000.0,1812000000.0,57000000.0,2133000000.0,2133000000.0,2133000000.0,39000000.0,0.0,0.106,6361000000.0,2841000000.0,1469000000.0,0.254,4.068,18.772,18.52,2115000000.0,0.0,21.113,1.99,1.99,3138000000.0,5801000000.0,20117000000.0,20117000000.0,0.0,0.147,0.217,0.312,0.141,105000000.0,6361000000.0,1.0,1896519756.0,1896519756,,10.607,14306000000.0,1206000000.0,690000000.0,1038000000.0,7.543,7339000000.0
11,NKE,MRY,2010-12-31,2010-05-31,2010-05-31,2021-10-05,215000000.0,14419000000.0,13636075000.0,10959000000.0,3460000000.0,1.394,5.021,-325000000.0,3079000000.0,3079000000.0,10214000000.0,1907000000.0,3.258,0.478,592000000.0,146000000.0,446000000.0,592000000.0,0.0,324000000.0,0.0,0.014,0.26,2523000000.0,2847000000.0,0.15,2847000000.0,2523000000.0,2517000000.0,0.983,0.965,0.983,9754000000.0,9374425000.0,9754000000.0,33498005230.0,13.0,11.766,2839000000.0,1.461,1.0,8800000000.0,0.463,655000000.0,6000000.0,7913000000.0,8177375000.0,2041000000.0,2067000000.0,2067000000.0,0.0,4665000000.0,3364000000.0,1301000000.0,35155005230.0,788000000.0,0.0,-377000000.0,-237000000.0,-505000000.0,-1061000000.0,-1268000000.0,-932000000.0,3164000000.0,-47000000.0,1907000000.0,1907000000.0,1907000000.0,0.0,0.0,0.1,6326000000.0,2474000000.0,1255000000.0,0.264,3.604,18.435,18.408,1932000000.0,0.0,18.095,1.849,1.849,2650000000.0,6095000000.0,19014000000.0,19014000000.0,0.0,0.14,0.203,0.309,0.133,159000000.0,6326000000.0,1.0,1942802168.0,1942802168,,9.787,13764000000.0,1122000000.0,610000000.0,914000000.0,7.085,7595000000.0
12,NKE,MRY,2009-12-31,2009-05-31,2009-05-31,2021-10-05,367500000.0,13249600000.0,12683700000.0,9734000000.0,3515600000.0,1.512,4.487,-423000000.0,2291100000.0,2291100000.0,10572000000.0,1487000000.0,2.97,0.524,812100000.0,374900000.0,437200000.0,812100000.0,0.0,335000000.0,0.0,0.017,0.24,1947000000.0,2282000000.0,0.119,2282000000.0,1947000000.0,1957000000.0,0.767,0.757,0.767,8693100000.0,8263175000.0,8693100000.0,26540888258.0,14.0,11.631,1313000000.0,0.678,1.0,8604000000.0,0.449,660900000.0,-10000000.0,7832700000.0,7565150000.0,2357000000.0,1164000000.0,1164000000.0,0.0,4556500000.0,3277000000.0,1279500000.0,27632088258.0,157000000.0,0.0,-462000000.0,170000000.0,-467000000.0,-734000000.0,-798000000.0,-328000000.0,1736000000.0,-47000000.0,1487000000.0,1487000000.0,1487000000.0,0.0,0.0,0.078,6746000000.0,1858000000.0,1031900000.0,0.313,3.179,18.582,18.595,1957700000.0,0.0,14.262,1.441,1.441,2883900000.0,5451400000.0,19176000000.0,19176000000.0,0.0,0.117,0.18,0.257,0.102,171000000.0,6150000000.0,1.0,1937394444.0,1937394444,,9.898,12588700000.0,1169400000.0,470000000.0,928300000.0,6.498,6457000000.0
13,NKE,MRY,2008-12-31,2008-05-31,2008-05-31,2021-10-05,251400000.0,12442700000.0,11674750000.0,8839300000.0,3603400000.0,1.595,3.971,-447300000.0,2133900000.0,2133900000.0,10239600000.0,1883400000.0,2.661,0.59,625100000.0,184000000.0,441100000.0,625100000.0,0.0,303600000.0,0.0,0.012,0.208,2425800000.0,2729400000.0,0.147,2729400000.0,2425800000.0,2502900000.0,0.95,0.935,0.95,7825300000.0,7571325000.0,7825300000.0,32102791656.0,13.0,11.762,1489000000.0,0.756,1.0,8387400000.0,0.45,1191900000.0,-77100000.0,6420500000.0,6458475000.0,2438400000.0,642200000.0,642200000.0,0.0,4617400000.0,3321500000.0,1295900000.0,33686591656.0,277200000.0,-325100000.0,-904700000.0,28500000.0,-412900000.0,-1226100000.0,-489800000.0,304400000.0,1936300000.0,56800000.0,1883400000.0,1883400000.0,1883400000.0,0.0,0.0,0.101,5953700000.0,2433700000.0,1287600000.0,0.219,4.305,17.886,17.992,1891100000.0,0.0,17.093,1.808,1.808,2795300000.0,5073300000.0,18627000000.0,18627000000.0,0.0,0.161,0.249,0.376,0.13,141000000.0,5953700000.0,1.0,1970840524.0,1970840524,,9.451,11250800000.0,747600000.0,619500000.0,942500000.0,5.709,5517800000.0
14,NKE,MRY,2007-12-31,2007-05-31,2007-05-31,2021-10-05,177400000.0,10688300000.0,10074900000.0,8076500000.0,2611800000.0,1.62,3.474,-285200000.0,1856700000.0,1856700000.0,9165400000.0,1491500000.0,3.126,0.521,541200000.0,131300000.0,409900000.0,541200000.0,0.0,269700000.0,0.0,0.012,0.17,2132700000.0,2402400000.0,0.147,2402400000.0,2132700000.0,2199900000.0,0.74,0.733,0.74,7025400000.0,6658100000.0,7025400000.0,27354588521.0,13.0,11.386,1593500000.0,0.788,1.0,7160500000.0,0.439,540700000.0,-67200000.0,6248100000.0,6179450000.0,2121900000.0,990300000.0,990300000.0,0.0,3662900000.0,2584000000.0,1078900000.0,28687788521.0,902500000.0,0.0,-662300000.0,-161300000.0,-343700000.0,-1111500000.0,92900000.0,382400000.0,1878700000.0,42400000.0,1491500000.0,1491500000.0,1491500000.0,0.0,0.0,0.091,5028700000.0,2131800000.0,1040300000.0,0.23,4.083,19.234,19.172,1678300000.0,0.0,14.188,1.757,1.757,2494700000.0,4885200000.0,16325900000.0,16325900000.0,0.0,0.148,0.224,0.345,0.131,147700000.0,5028700000.0,1.0,2022046768.0,2022046768,,8.074,10147600000.0,612500000.0,708400000.0,777700000.0,5.018,5492500000.0
15,NKE,MRY,2006-12-31,2006-05-31,2006-05-31,2021-10-05,121700000.0,9869600000.0,9411900000.0,7346000000.0,2523600000.0,1.589,3.038,-332100000.0,954200000.0,954200000.0,8367900000.0,1392000000.0,2.812,0.57,709400000.0,298700000.0,410700000.0,709400000.0,0.0,282000000.0,0.0,0.014,0.14,2104800000.0,2386800000.0,0.16,2386800000.0,2104800000.0,2141600000.0,0.672,0.66,0.672,6285200000.0,6148025000.0,6285200000.0,20042773593.0,10.0,8.397,1335800000.0,0.646,1.0,6587000000.0,0.44,536300000.0,-36800000.0,6476100000.0,5993725000.0,2076700000.0,1348800000.0,1348800000.0,0.0,3584400000.0,2612400000.0,972000000.0,20769573593.0,-433900000.0,0.0,-535800000.0,-24200000.0,-290900000.0,-850900000.0,-1276600000.0,-909900000.0,1667900000.0,25700000.0,1392000000.0,1392000000.0,1392000000.0,0.0,0.0,0.093,4482200000.0,2104800000.0,952200000.0,0.208,3.305,14.921,14.939,1657700000.0,0.0,10.039,1.389,1.389,2382900000.0,4713400000.0,14954900000.0,14954900000.0,0.0,0.148,0.226,0.351,0.141,66000000.0,4477800000.0,1.0,2068940216.0,2068940216,,7.228,9333300000.0,532900000.0,749600000.0,646500000.0,4.511,4733600000.0
16,NKE,MRY,2005-12-31,2005-05-31,2005-05-31,2021-10-05,73400000.0,8793600000.0,8514225000.0,6351100000.0,2442500000.0,1.614,2.687,-249900000.0,1388100000.0,1388100000.0,7624300000.0,1211600000.0,3.177,0.558,763300000.0,76000000.0,687300000.0,763300000.0,0.0,257200000.0,0.0,0.011,0.112,1864600000.0,2121800000.0,0.154,2121800000.0,1864600000.0,1859800000.0,0.578,0.56,0.578,5644200000.0,5358925000.0,5644200000.0,21156476813.0,11.0,9.971,1320800000.0,0.629,1.0,6115400000.0,0.445,541500000.0,4800000.0,5628100000.0,5599075000.0,1811100000.0,436600000.0,436600000.0,0.0,3149400000.0,1999200000.0,1150200000.0,21579876813.0,560100000.0,-47200000.0,-329400000.0,-90900000.0,-236700000.0,-657000000.0,-360400000.0,-35300000.0,1570700000.0,6800000.0,1211600000.0,1211600000.0,1211600000.0,0.0,0.0,0.088,4221700000.0,1893700000.0,775000000.0,0.194,3.823,17.811,17.777,1605800000.0,0.0,10.275,1.571,1.571,2262100000.0,4396500000.0,13739700000.0,13739700000.0,0.0,0.142,0.226,0.333,0.136,68000000.0,4221700000.0,1.0,2100231320.0,2100231320,,6.542,8252100000.0,405400000.0,648200000.0,557600000.0,3.929,4351900000.0
17,NKE,MRY,2004-12-31,2004-05-31,2004-05-31,2021-10-05,-86300000.0,7908700000.0,7477025000.0,5528600000.0,2380100000.0,1.639,2.264,-203200000.0,828000000.0,828000000.0,7001400000.0,945600000.0,2.723,0.654,835000000.0,152600000.0,682400000.0,835000000.0,0.0,255200000.0,0.0,0.01,0.085,1475000000.0,1730200000.0,0.141,1730200000.0,1475000000.0,1450000000.0,0.449,0.439,0.449,4781700000.0,4482325000.0,4781700000.0,18734102733.0,13.0,10.828,1315300000.0,0.623,1.0,5251700000.0,0.429,501700000.0,25000000.0,5383500000.0,5045100000.0,1650200000.0,400800000.0,400800000.0,0.0,3127000000.0,2030500000.0,1096500000.0,18783102733.0,194000000.0,-289100000.0,-166200000.0,-53100000.0,-179200000.0,-398500000.0,-950600000.0,-400800000.0,1518500000.0,24600000.0,945600000.0,945600000.0,945600000.0,0.0,0.0,0.077,3776700000.0,1475000000.0,780400000.0,0.189,3.928,19.864,19.808,1611800000.0,0.0,8.894,1.533,1.533,2120200000.0,3982900000.0,12253100000.0,12253100000.0,0.0,0.126,0.211,0.292,0.12,47200000.0,3702000000.0,1.0,2111944088.0,2111944088,,5.802,7407000000.0,431600000.0,504400000.0,532000000.0,3.507,3498100000.0
18,NKE,MRY,2003-12-31,2003-05-31,2003-05-31,2021-10-05,-239700000.0,6821100000.0,6460350000.0,4787100000.0,2034000000.0,1.656,1.89,-171100000.0,634000000.0,634000000.0,6313600000.0,474000000.0,2.369,0.709,832700000.0,281100000.0,551600000.0,832700000.0,0.0,239300000.0,0.0,0.009,0.065,885700000.0,1125000000.0,0.105,1125000000.0,885700000.0,856900000.0,0.224,0.221,0.224,3990700000.0,3817975000.0,3990700000.0,15302318582.0,17.0,13.602,750900000.0,0.356,1.0,4383400000.0,0.41,183800000.0,28800000.0,4815400000.0,4884300000.0,1514900000.0,0.0,0.0,0.0,2830400000.0,2020600000.0,809800000.0,14780518582.0,58500000.0,0.0,-152100000.0,-316600000.0,-137800000.0,-606500000.0,-215600000.0,0.0,922000000.0,-41400000.0,474000000.0,474000000.0,474000000.0,0.0,0.0,0.044,3231600000.0,1151800000.0,572700000.0,0.29,3.704,31.183,31.244,1620800000.0,0.0,6.999,1.382,1.382,2083900000.0,3639200000.0,10697000000.0,10697000000.0,0.0,0.073,0.124,0.181,0.083,12500000.0,3154100000.0,1.0,2111879776.0,2111879776,,5.065,6637300000.0,451200000.0,382900000.0,388500000.0,3.143,2766500000.0
19,NKE,MRY,2002-12-31,2002-05-31,2002-05-31,2021-10-05,-192400000.0,6440000000.0,6288950000.0,4154700000.0,2285300000.0,1.573,1.788,-267200000.0,575500000.0,575500000.0,6004700000.0,663300000.0,2.266,0.678,1106400000.0,480500000.0,625900000.0,1106400000.0,0.0,223500000.0,0.0,0.007,0.045,1046300000.0,1269800000.0,0.128,1269800000.0,1046300000.0,1012300000.0,0.31,0.305,0.31,3839000000.0,3789950000.0,3839000000.0,15226796999.0,15.0,11.991,815000000.0,0.38,1.0,3888300000.0,0.393,438700000.0,34000000.0,4699000000.0,4879325000.0,1373800000.0,0.0,0.0,0.0,2601000000.0,1833200000.0,767800000.0,14428396999.0,271500000.0,0.0,-167400000.0,-183500000.0,-128900000.0,-479800000.0,-302800000.0,0.0,1082200000.0,-28100000.0,663300000.0,663300000.0,663300000.0,0.0,0.0,0.067,2837000000.0,1051300000.0,504400000.0,0.145,3.758,21.752,21.673,1614500000.0,0.0,6.719,1.458,1.458,1804100000.0,3495000000.0,9893000000.0,9893000000.0,0.0,0.105,0.175,0.214,0.106,13900000.0,2835800000.0,1.0,2147482344.0,2147482344,,4.607,6001300000.0,372900000.0,349000000.0,224600000.0,2.795,2321500000.0
20,NKE,MRY,2001-12-31,2001-05-31,2001-05-31,2021-10-05,-152100000.0,5819600000.0,5938600000.0,3625300000.0,2194300000.0,1.598,1.611,-304900000.0,304000000.0,304000000.0,5784900000.0,589700000.0,2.029,0.665,1296600000.0,860700000.0,435900000.0,1296600000.0,0.0,197400000.0,0.0,0.012,0.06,980100000.0,1177500000.0,0.124,1177500000.0,980100000.0,921400000.0,0.273,0.27,0.273,3494500000.0,3401075000.0,3494500000.0,12292629128.0,13.0,10.44,351600000.0,0.162,1.0,3703900000.0,0.39,397300000.0,58700000.0,4628200000.0,4636450000.0,1424100000.0,0.0,0.0,0.0,2325100000.0,1786700000.0,538400000.0,11146229128.0,49700000.0,0.0,-101000000.0,-119200000.0,-129700000.0,-349900000.0,-342300000.0,0.0,656500000.0,85400000.0,589700000.0,589700000.0,589700000.0,0.0,0.0,0.062,2689700000.0,1014200000.0,432000000.0,0.22,3.19,18.902,18.819,1618800000.0,0.0,5.138,1.175,1.175,1621400000.0,3194300000.0,9488800000.0,9488800000.0,0.0,0.099,0.173,0.211,0.103,32400000.0,2689700000.0,1.0,2169582312.0,2169582312,,4.374,5422300000.0,291500000.0,331700000.0,124100000.0,2.499,1838600000.0
21,NKE,MRY,2000-12-31,2000-05-31,2000-05-31,2021-10-05,-111100000.0,5856900000.0,5724575000.0,3596400000.0,2260500000.0,1.571,1.434,-394600000.0,254300000.0,254300000.0,5403800000.0,579100000.0,1.681,0.868,1444600000.0,974300000.0,470300000.0,1444600000.0,0.0,188000000.0,0.0,0.011,0.06,964200000.0,1152200000.0,0.128,1152200000.0,964200000.0,919200000.0,0.263,0.259,0.263,3136000000.0,3226275000.0,3136000000.0,12778003922.0,13.0,11.09,305000000.0,0.139,1.0,3591300000.0,0.399,410900000.0,45000000.0,4496300000.0,4360175000.0,1446000000.0,0.0,0.0,0.0,2720900000.0,2140000000.0,580900000.0,11621703922.0,56200000.0,0.0,-622400000.0,503400000.0,-133100000.0,-252100000.0,-440000000.0,0.0,699600000.0,48700000.0,579100000.0,579100000.0,579100000.0,0.0,0.0,0.064,2606400000.0,984900000.0,543800000.0,0.228,3.706,20.069,20.2,1583400000.0,0.0,5.312,1.292,1.292,1569400000.0,2887000000.0,8995100000.0,8995100000.0,0.0,0.101,0.179,0.221,0.107,14900000.0,2606400000.0,1.0,2187614856.0,2187614856,,4.112,5446000000.0,377700000.0,340100000.0,110300000.0,2.489,1456400000.0
22,NKE,MRY,1999-12-31,1999-05-31,1999-05-31,2021-10-05,-68900000.0,5247700000.0,5273600000.0,3264900000.0,1982800000.0,1.664,1.482,-356900000.0,198100000.0,198100000.0,5493500000.0,451400000.0,2.256,0.574,806200000.0,420100000.0,386100000.0,806200000.0,0.0,198200000.0,0.0,0.008,0.06,790200000.0,988400000.0,0.113,988400000.0,790200000.0,746100000.0,0.199,0.196,0.199,3334600000.0,3294325000.0,3334600000.0,17956648420.0,23.0,18.167,584500000.0,0.26,1.0,3283400000.0,0.374,426600000.0,44100000.0,3982300000.0,3942900000.0,1170600000.0,0.0,0.0,0.0,1913100000.0,1446900000.0,466200000.0,17138948420.0,89500000.0,0.0,-245400000.0,-62500000.0,-136200000.0,-444100000.0,-416500000.0,0.0,941400000.0,8700000.0,451400000.0,451400000.0,451400000.0,0.0,0.0,0.051,2471700000.0,811700000.0,473600000.0,0.302,5.14,37.968,38.279,1265800000.0,0.0,7.617,1.953,1.953,1540100000.0,3066500000.0,8776900000.0,8776900000.0,0.0,0.086,0.137,0.2,0.09,33400000.0,2426600000.0,1.0,2249944000.0,2249944000,,3.901,4821100000.0,426900000.0,294700000.0,79800000.0,2.143,1818000000.0
23,NKE,MRY,1998-12-31,1998-05-31,1998-05-31,2021-10-05,-47200000.0,5397400000.0,5511013750.0,3532600000.0,1864800000.0,1.733,1.417,-489100000.0,108600000.0,108600000.0,6065500000.0,399600000.0,2.073,0.655,861200000.0,481800000.0,379400000.0,861200000.0,0.0,184500000.0,0.0,0.01,0.055,713000000.0,897500000.0,0.094,897500000.0,713000000.0,653000000.0,0.172,0.169,0.172,3261600000.0,3369488250.0,3261600000.0,14102110374.0,20.0,15.713,28400000.0,0.012,1.0,3487600000.0,0.365,435800000.0,60000000.0,4010400000.0,3985955750.0,1396600000.0,0.0,0.0,0.0,2135800000.0,1703800000.0,432000000.0,13235454374.0,-336800000.0,0.0,-170100000.0,26000000.0,-127300000.0,-271400000.0,-595000000.0,0.0,517500000.0,12100000.0,399600000.0,399600000.0,399600000.0,0.0,0.0,0.042,2753700000.0,733900000.0,584600000.0,0.32,4.058,33.122,33.43,1153100000.0,0.0,5.75,1.385,1.385,1674400000.0,3043400000.0,9553100000.0,9553100000.0,0.0,0.073,0.119,0.179,0.075,0.0,2623800000.0,1.0,2301818152.0,2301818152,,4.15,4961600000.0,432700000.0,253400000.0,81200000.0,2.156,1828800000.0
24,NKE,MRY,1997-12-31,1997-05-31,1997-05-31,2021-10-05,-31300000.0,5361200000.0,4656414000.0,3830900000.0,1530300000.0,1.973,1.328,-441600000.0,445400000.0,445400000.0,5503000000.0,795800000.0,2.052,0.699,851400000.0,555400000.0,296000000.0,851400000.0,0.0,138000000.0,0.0,0.006,0.044,1347500000.0,1485500000.0,0.162,1485500000.0,1347500000.0,1295200000.0,0.345,0.335,0.345,3155900000.0,2793650000.0,3155900000.0,17120556838.0,13.0,11.525,-118500000.0,-0.05,1.0,3683500000.0,0.401,464200000.0,52300000.0,3436100000.0,2822844500.0,1338600000.0,0.0,0.0,0.0,2205300000.0,1866900000.0,338400000.0,16601948838.0,183300000.0,0.0,26300000.0,388200000.0,-100900000.0,313600000.0,-496200000.0,0.0,323100000.0,-200000.0,795800000.0,795800000.0,795800000.0,0.0,0.0,0.087,2303700000.0,1379800000.0,687100000.0,0.128,5.261,20.862,20.833,922400000.0,0.0,7.188,1.807,1.859,1754100000.0,2973700000.0,9186500000.0,9186500000.0,0.0,0.171,0.285,0.477,0.147,0.0,2303700000.0,1.0,2309836360.0,2376000000,2376000000.0,3.866,4897000000.0,279400000.0,499400000.0,96000000.0,2.061,1964000000.0
25,NKE,MRY,1996-12-31,1996-05-31,1996-05-31,2021-10-05,-16501000.0,3951628000.0,,2726940000.0,1224688000.0,,1.035,-203600000.0,262117000.0,262117000.0,3906700000.0,553200000.0,1.859,0.625,461949000.0,452365000.0,9584000.0,461949000.0,0.0,97200000.0,0.0,0.005,0.034,938600000.0,1035800000.0,0.16,1035800000.0,938600000.0,899100000.0,0.241,0.235,0.241,2431400000.0,,2431400000.0,,,,136100000.0,0.058,1.0,2563900000.0,0.396,474812000.0,39500000.0,2209589000.0,,931151000.0,0.0,0.0,0.0,1520228000.0,1467059000.0,53169000.0,,46000000.0,0.0,2500000.0,22600000.0,-78900000.0,-53800000.0,-239700000.0,0.0,339700000.0,-200000.0,553200000.0,553200000.0,553200000.0,0.0,0.0,0.085,1588600000.0,975300000.0,455034000.0,0.141,,,25.772,643459000.0,0.0,6.211,,2.255,1346125000.0,2290213000.0,6470600000.0,6470600000.0,0.0,,,,0.145,0.0,1588600000.0,1.0,,2348864000,2348864000.0,2.755,3476816000.0,199537000.0,345900000.0,122538000.0,1.48,1259881000.0
26,NKE,MRY,1995-12-31,1995-05-31,1995-05-31,2021-10-05,,,,,,,,-145114000.0,,,2865280000.0,399664000.0,,,,,,,,71113000.0,,0.011,0.028,674072000.0,745185000.0,0.157,745185000.0,674072000.0,649864000.0,0.17,0.17,0.17,,,,,,,109799000.0,0.047,1.0,1895554000.0,0.398,,24208000.0,,,,,,,,,,,-302745000.0,-430020000.0,-136765000.0,227041000.0,-65418000.0,24858000.0,-581394000.0,0.0,254913000.0,-1122000.0,399664000.0,399664000.0,399664000.0,0.0,0.0,0.084,1209760000.0,685794000.0,,0.165,,,14.5,,0.0,2.465,,1.218,,,4760834000.0,4760834000.0,0.0,,,,0.142,0.0,1209760000.0,1.0,,2352096000,2352096000.0,2.024,,,250200000.0,,,
0,NKE,MRQ,2021-09-30,2021-08-31,2021-08-31,2021-10-05,-67000000.0,37917000000.0,,26390000000.0,11527000000.0,,9.067,-184000000.0,10720000000.0,10720000000.0,6552000000.0,1874000000.0,3.191,1.644,12790000000.0,477000000.0,12313000000.0,12790000000.0,0.0,168000000.0,0.0,0.007,0.275,2163000000.0,2331000000.0,0.19,2331000000.0,2163000000.0,2106000000.0,1.18,1.16,1.18,14343000000.0,,14343000000.0,263509933642.0,36.0,32.718,927000000.0,0.586,1.0,5696000000.0,0.465,509000000.0,57000000.0,31209000000.0,,6699000000.0,2975000000.0,2975000000.0,0.0,23574000000.0,8269000000.0,15305000000.0,260585933642.0,831000000.0,0.0,-279000000.0,13000000.0,-435000000.0,-743000000.0,501000000.0,583000000.0,1111000000.0,-38000000.0,1874000000.0,1874000000.0,1874000000.0,0.0,0.0,0.153,3572000000.0,2124000000.0,2135000000.0,0.233,18.168,42.838,42.679,7947000000.0,0.0,164.74,5.641,5.642,4341000000.0,3886000000.0,12248000000.0,12248000000.0,0.0,,,,,136000000.0,3572000000.0,1.0,1581801224.0,1581900000,1619600000.0,7.743,37408000000.0,3071000000.0,232000000.0,3353000000.0,23.648,18121000000.0
1,NKE,MRQ,2021-06-30,2021-05-31,2021-05-31,2021-10-05,-380000000.0,37740000000.0,,26291000000.0,11449000000.0,,8.084,-174000000.0,9889000000.0,9889000000.0,6689000000.0,1509000000.0,2.718,1.956,12813000000.0,469000000.0,12344000000.0,12813000000.0,0.0,221000000.0,0.0,0.008,0.275,1917000000.0,2138000000.0,0.173,2138000000.0,1917000000.0,1854000000.0,0.96,0.94,0.96,12767000000.0,,12767000000.0,219936306918.0,32.0,28.489,1838000000.0,1.164,1.0,5655000000.0,0.458,511000000.0,63000000.0,30479000000.0,,6854000000.0,3587000000.0,3587000000.0,0.0,24973000000.0,9674000000.0,15299000000.0,215602306918.0,1373000000.0,0.0,-405000000.0,-2000000.0,-435000000.0,-847000000.0,187000000.0,374000000.0,2012000000.0,21000000.0,1509000000.0,1509000000.0,1509000000.0,0.0,0.0,0.122,3742000000.0,1913000000.0,2836000000.0,0.286,16.887,37.647,37.489,8017000000.0,0.0,136.46,4.841,4.82,4463000000.0,3179000000.0,12344000000.0,12344000000.0,0.0,,,,,144000000.0,3742000000.0,1.0,1579967074.0,1579300000,1615700000.0,7.816,37229000000.0,2921000000.0,345000000.0,3261000000.0,23.573,16617000000.0
2,NKE,MRQ,2021-03-31,2021-02-28,2021-02-28,2021-10-05,-446000000.0,36185000000.0,,24700000000.0,11485000000.0,,7.561,-177000000.0,8516000000.0,8516000000.0,5638000000.0,1449000000.0,2.777,2.033,12850000000.0,474000000.0,12376000000.0,12850000000.0,0.0,112000000.0,0.0,0.008,0.55,1700000000.0,1812000000.0,0.175,1812000000.0,1700000000.0,1636000000.0,0.92,0.9,0.92,11931000000.0,,11931000000.0,216649323683.0,51.0,42.892,1113000000.0,0.705,1.0,4719000000.0,0.456,513000000.0,64000000.0,31112000000.0,,6693000000.0,4012000000.0,4012000000.0,0.0,24254000000.0,8894000000.0,15360000000.0,212479323683.0,-119000000.0,0.0,188000000.0,-37000000.0,-434000000.0,-320000000.0,-1110000000.0,-861000000.0,1290000000.0,21000000.0,1449000000.0,1449000000.0,1449000000.0,0.0,0.0,0.14,3041000000.0,1678000000.0,2257000000.0,0.598,17.809,61.983,61.543,8107000000.0,0.0,134.78,5.518,5.523,3669000000.0,2729000000.0,10357000000.0,10357000000.0,0.0,,,,,142000000.0,3041000000.0,1.0,1576490011.0,1578000000,1616900000.0,6.563,35672000000.0,2865000000.0,187000000.0,3240000000.0,22.606,15806000000.0
3,NKE,MRQ,2020-12-31,2020-11-30,2020-11-30,2021-10-05,-429000000.0,34836000000.0,,23607000000.0,11229000000.0,,6.764,-168000000.0,8635000000.0,8635000000.0,6396000000.0,1251000000.0,2.661,2.274,12805000000.0,499000000.0,12306000000.0,12805000000.0,0.0,247000000.0,0.0,0.005,0.0,1526000000.0,1773000000.0,0.158,1773000000.0,1526000000.0,1456000000.0,0.8,0.78,0.8,10640000000.0,,10640000000.0,216273633995.0,63.0,46.351,2305000000.0,1.465,1.0,4847000000.0,0.431,493000000.0,70000000.0,29642000000.0,,6090000000.0,3177000000.0,3177000000.0,0.0,24196000000.0,8871000000.0,15325000000.0,211455633995.0,487000000.0,0.0,479000000.0,-97000000.0,-385000000.0,-44000000.0,-1988000000.0,-2074000000.0,2473000000.0,46000000.0,1251000000.0,1251000000.0,1251000000.0,0.0,0.0,0.111,3267000000.0,1580000000.0,2154000000.0,0.0,19.874,74.825,74.42,8045000000.0,0.0,134.7,5.528,5.539,3713000000.0,1730000000.0,11243000000.0,11243000000.0,0.0,,,,,189000000.0,3267000000.0,1.0,1569826533.0,1573000000,1609500000.0,7.147,34343000000.0,2691000000.0,205000000.0,3207000000.0,21.833,14736000000.0
4,NKE,MRQ,2020-09-30,2020-08-31,2020-08-31,2021-10-05,-401000000.0,33258000000.0,,21937000000.0,11321000000.0,,5.906,-176000000.0,8148000000.0,8148000000.0,5853000000.0,1518000000.0,2.545,2.606,12966000000.0,597000000.0,12369000000.0,12966000000.0,0.0,217000000.0,0.0,0.009,0.245,1780000000.0,1997000000.0,0.189,1997000000.0,1780000000.0,1715000000.0,0.97,0.95,0.97,9224000000.0,,9224000000.0,179202929748.0,56.0,41.281,706000000.0,0.452,1.0,4741000000.0,0.448,495000000.0,65000000.0,28962000000.0,,6705000000.0,1332000000.0,1332000000.0,0.0,24034000000.0,8619000000.0,15415000000.0,174535929748.0,-200000000.0,0.0,302000000.0,-113000000.0,-384000000.0,-248000000.0,-889000000.0,-715000000.0,882000000.0,55000000.0,1518000000.0,1518000000.0,1518000000.0,0.0,0.0,0.143,2975000000.0,1766000000.0,1983000000.0,0.253,18.922,64.883,65.052,8127000000.0,0.0,111.89,4.675,4.68,3813000000.0,927000000.0,10594000000.0,10594000000.0,0.0,,,,,136000000.0,2975000000.0,1.0,1559888549.0,1561800000,1593300000.0,6.783,32763000000.0,2699000000.0,197000000.0,3343000000.0,20.978,13318000000.0
5,NKE,MRQ,2020-06-30,2020-05-31,2020-05-31,2021-10-05,-56000000.0,31342000000.0,,20556000000.0,10786000000.0,,5.177,-289000000.0,8348000000.0,8348000000.0,3960000000.0,-790000000.0,2.481,2.891,13015000000.0,696000000.0,12319000000.0,13015000000.0,0.0,223000000.0,0.0,0.01,0.245,-754000000.0,-531000000.0,-0.084,-531000000.0,-754000000.0,-804000000.0,-0.5,-0.49,-0.5,8055000000.0,,8055000000.0,157088324078.0,53.0,38.361,-290000000.0,-0.186,1.0,2353000000.0,0.373,497000000.0,50000000.0,27228000000.0,,7367000000.0,439000000.0,439000000.0,0.0,23287000000.0,8284000000.0,15003000000.0,153295324078.0,5485000000.0,0.0,5000000.0,6182000000.0,-381000000.0,5801000000.0,-270000000.0,18000000.0,-1000000.0,-45000000.0,-790000000.0,-790000000.0,-790000000.0,0.0,0.0,-0.125,3191000000.0,-838000000.0,2248000000.0,-0.49,19.031,60.376,60.479,7963000000.0,0.0,98.58,4.098,4.108,2749000000.0,-191000000.0,6313000000.0,6313000000.0,0.0,,,,,126000000.0,3191000000.0,1.0,1555034734.0,1555800000,1582600000.0,4.058,30845000000.0,2326000000.0,-14000000.0,2840000000.0,19.826,12272000000.0
6,NKE,MRQ,2020-03-31,2020-02-29,2020-02-29,2021-10-05,-57000000.0,26220000000.0,,15744000000.0,10476000000.0,,5.812,-275000000.0,2863000000.0,2863000000.0,5631000000.0,847000000.0,1.901,1.899,6656000000.0,435000000.0,6221000000.0,6656000000.0,0.0,534000000.0,0.0,0.01,0.245,893000000.0,1427000000.0,0.141,1427000000.0,893000000.0,881000000.0,0.54,0.53,0.54,9045000000.0,,9045000000.0,143049978004.0,29.0,23.586,905000000.0,0.582,1.0,4473000000.0,0.443,498000000.0,12000000.0,21235000000.0,,5807000000.0,319000000.0,319000000.0,0.0,17175000000.0,8280000000.0,8895000000.0,139197978004.0,-207000000.0,0.0,-749000000.0,-293000000.0,-382000000.0,-1442000000.0,30000000.0,166000000.0,1180000000.0,25000000.0,847000000.0,847000000.0,847000000.0,0.0,0.0,0.084,3283000000.0,1190000000.0,2221000000.0,0.454,15.389,32.237,32.502,7690000000.0,0.0,89.38,3.373,3.37,4473000000.0,1128000000.0,10104000000.0,10104000000.0,0.0,,,,,113000000.0,3283000000.0,1.0,1557372768.0,1556300000,1591600000.0,6.492,25722000000.0,2288000000.0,34000000.0,2942000000.0,16.528,7464000000.0
7,NKE,MRQ,2019-12-31,2019-11-30,2019-11-30,2021-10-05,52000000.0,26602000000.0,,16369000000.0,10233000000.0,,5.992,-238000000.0,3070000000.0,3070000000.0,5782000000.0,1115000000.0,1.981,1.845,6922000000.0,737000000.0,6185000000.0,6922000000.0,0.0,187000000.0,0.0,0.01,0.245,1261000000.0,1448000000.0,0.14,1448000000.0,1261000000.0,1249000000.0,0.71,0.7,0.71,9351000000.0,,9351000000.0,149317782612.0,28.0,24.366,674000000.0,0.432,1.0,4544000000.0,0.44,501000000.0,12000000.0,21689000000.0,,6199000000.0,432000000.0,432000000.0,0.0,17251000000.0,8264000000.0,8987000000.0,145942782612.0,-376000000.0,0.0,-550000000.0,49000000.0,-344000000.0,-858000000.0,-440000000.0,-202000000.0,912000000.0,10000000.0,1115000000.0,1115000000.0,1115000000.0,0.0,0.0,0.108,3324000000.0,1220000000.0,2627000000.0,0.345,15.607,31.921,32.127,7550000000.0,0.0,93.49,3.579,3.578,4792000000.0,1577000000.0,10326000000.0,10326000000.0,0.0,,,,,110000000.0,3324000000.0,1.0,1561052333.0,1560600000,1594400000.0,6.617,26101000000.0,2182000000.0,134000000.0,3030000000.0,16.725,8105000000.0
8,NKE,MRQ,2019-09-30,2019-08-31,2019-08-31,2021-10-05,180000000.0,26249000000.0,,16228000000.0,10021000000.0,,5.888,-284000000.0,3446000000.0,3446000000.0,5789000000.0,1367000000.0,2.011,1.853,6821000000.0,683000000.0,6138000000.0,6821000000.0,0.0,175000000.0,0.0,0.01,0.22,1576000000.0,1751000000.0,0.164,1751000000.0,1576000000.0,1561000000.0,0.87,0.86,0.87,9200000000.0,,9200000000.0,131415067518.0,26.0,22.418,110000000.0,0.07,1.0,4871000000.0,0.457,503000000.0,15000000.0,21051000000.0,,5835000000.0,198000000.0,198000000.0,0.0,17049000000.0,8070000000.0,8979000000.0,132402067518.0,-1020000000.0,0.0,-888000000.0,239000000.0,-345000000.0,-1010000000.0,-348000000.0,45000000.0,394000000.0,-56000000.0,1367000000.0,1367000000.0,1367000000.0,0.0,0.0,0.128,3328000000.0,1543000000.0,2716000000.0,0.253,14.392,30.763,30.839,7447000000.0,0.0,84.5,3.324,3.315,4656000000.0,1721000000.0,10660000000.0,10660000000.0,0.0,,,,,80000000.0,3328000000.0,1.0,1566888373.0,1562400000,1597500000.0,6.823,25746000000.0,2071000000.0,194000000.0,3057000000.0,16.478,8158000000.0
9,NKE,MRQ,2019-06-30,2019-05-31,2019-05-31,2021-10-05,231000000.0,23717000000.0,,16525000000.0,7192000000.0,,5.756,-273000000.0,4466000000.0,4466000000.0,5551000000.0,989000000.0,2.101,1.624,3479000000.0,15000000.0,3464000000.0,3479000000.0,0.0,184000000.0,0.0,0.014,0.44,1255000000.0,1439000000.0,0.141,1439000000.0,1255000000.0,1243000000.0,0.63,0.62,0.63,9040000000.0,,9040000000.0,121036763450.0,25.0,21.73,1737000000.0,1.106,1.0,4633000000.0,0.455,437000000.0,12000000.0,14427000000.0,,5622000000.0,197000000.0,197000000.0,0.0,14677000000.0,7866000000.0,6811000000.0,121244763450.0,771000000.0,0.0,-668000000.0,-11000000.0,-346000000.0,-1026000000.0,-143000000.0,130000000.0,2010000000.0,-70000000.0,989000000.0,989000000.0,989000000.0,0.0,0.0,0.097,3406000000.0,1227000000.0,2612000000.0,0.698,13.412,30.093,30.251,4744000000.0,0.0,77.14,3.1,3.115,4272000000.0,1643000000.0,10184000000.0,10184000000.0,0.0,,,,,99000000.0,3406000000.0,1.0,1571749591.0,1570400000,1609100000.0,6.485,23280000000.0,2011000000.0,254000000.0,3576000000.0,14.824,8659000000.0
10,NKE,MRQ,2019-03-31,2019-02-28,2019-02-28,2021-10-05,197000000.0,22921000000.0,,15796000000.0,7125000000.0,,5.697,-216000000.0,3695000000.0,3695000000.0,5272000000.0,1101000000.0,2.169,1.558,3487000000.0,22000000.0,3465000000.0,3487000000.0,0.0,187000000.0,0.0,0.01,0.0,1303000000.0,1490000000.0,0.155,1490000000.0,1303000000.0,1291000000.0,0.7,0.68,0.7,8961000000.0,,8961000000.0,134979663533.0,28.0,24.186,852000000.0,0.542,1.0,4339000000.0,0.451,437000000.0,12000000.0,14995000000.0,,5415000000.0,351000000.0,351000000.0,0.0,13960000000.0,7281000000.0,6679000000.0,134921663533.0,272000000.0,0.0,-621000000.0,7000000.0,-348000000.0,-977000000.0,124000000.0,339000000.0,1068000000.0,57000000.0,1101000000.0,1101000000.0,1101000000.0,0.0,0.0,0.115,3091000000.0,1248000000.0,2307000000.0,0.0,15.057,32.301,32.597,4688000000.0,0.0,85.73,3.484,3.482,4549000000.0,1851000000.0,9611000000.0,9611000000.0,0.0,,,,,93000000.0,3091000000.0,1.0,1573797545.0,1572800000,1609600000.0,6.111,22484000000.0,2000000000.0,190000000.0,3428000000.0,14.296,8515000000.0
11,NKE,MRQ,2018-12-31,2018-11-30,2018-11-30,2021-10-05,209000000.0,22677000000.0,,15566000000.0,7111000000.0,,5.52,-287000000.0,3423000000.0,3423000000.0,5269000000.0,847000000.0,2.139,1.598,3481000000.0,15000000.0,3466000000.0,3481000000.0,0.0,171000000.0,0.0,0.014,0.22,1011000000.0,1182000000.0,0.126,1182000000.0,1011000000.0,997000000.0,0.54,0.52,0.54,8729000000.0,,8729000000.0,119502699402.0,25.0,21.935,1237000000.0,0.782,1.0,4105000000.0,0.438,438000000.0,14000000.0,15019000000.0,,5388000000.0,618000000.0,618000000.0,0.0,13948000000.0,7278000000.0,6670000000.0,119298699402.0,141000000.0,0.0,-1124000000.0,-6000000.0,-318000000.0,-1458000000.0,88000000.0,375000000.0,1524000000.0,-13000000.0,847000000.0,847000000.0,847000000.0,0.0,0.0,0.09,3142000000.0,963000000.0,2574000000.0,0.407,13.667,55.359,55.235,4588000000.0,0.0,75.12,3.132,3.118,4346000000.0,1810000000.0,9374000000.0,9374000000.0,0.0,,,,,92000000.0,3142000000.0,1.0,1588108352.0,1581400000,1620700000.0,5.928,22239000000.0,2085000000.0,150000000.0,3415000000.0,14.063,8288000000.0
12,NKE,MRQ,2018-09-30,2018-08-31,2018-08-31,2021-10-05,-30000000.0,22483000000.0,,15501000000.0,6982000000.0,,5.641,-343000000.0,3282000000.0,3282000000.0,5551000000.0,1092000000.0,2.311,1.5,3486000000.0,19000000.0,3467000000.0,3486000000.0,0.0,178000000.0,0.0,0.01,0.4,1281000000.0,1459000000.0,0.147,1459000000.0,1281000000.0,1270000000.0,0.69,0.67,0.69,8992000000.0,,8992000000.0,131126583024.0,29.0,24.533,958000000.0,0.601,1.0,4397000000.0,0.442,438000000.0,11000000.0,15541000000.0,,5227000000.0,987000000.0,987000000.0,0.0,13491000000.0,6708000000.0,6783000000.0,131565583024.0,-967000000.0,0.0,-1173000000.0,-321000000.0,-320000000.0,-1832000000.0,-333000000.0,6000000.0,1301000000.0,-103000000.0,1092000000.0,1092000000.0,1092000000.0,0.0,0.0,0.11,3063000000.0,1334000000.0,2333000000.0,0.58,14.631,63.405,63.721,4487000000.0,0.0,82.2,3.53,3.515,4330000000.0,2494000000.0,9948000000.0,9948000000.0,0.0,,,,,41000000.0,3063000000.0,1.0,1600554538.0,1594000000,1634400000.0,6.241,22045000000.0,2057000000.0,178000000.0,3498000000.0,13.83,8793000000.0
13,NKE,MRQ,2018-06-30,2018-05-31,2018-05-31,2021-10-05,-92000000.0,22536000000.0,,15134000000.0,7402000000.0,,6.111,-300000000.0,4249000000.0,4249000000.0,5411000000.0,1137000000.0,2.506,1.297,3810000000.0,342000000.0,3468000000.0,3810000000.0,0.0,223000000.0,0.0,0.011,0.2,1227000000.0,1450000000.0,0.148,1450000000.0,1227000000.0,1215000000.0,0.7,0.69,0.7,9812000000.0,,9812000000.0,115548324346.0,26.0,22.424,1970000000.0,1.227,1.0,4378000000.0,0.447,439000000.0,12000000.0,15618000000.0,,5261000000.0,996000000.0,996000000.0,0.0,12724000000.0,6040000000.0,6684000000.0,115724324346.0,587000000.0,0.0,-1381000000.0,347000000.0,-323000000.0,-1387000000.0,-250000000.0,72000000.0,2270000000.0,-46000000.0,1137000000.0,1137000000.0,1137000000.0,0.0,0.0,0.116,3120000000.0,1258000000.0,2279000000.0,0.286,11.794,59.868,60.336,4454000000.0,0.0,71.8,3.18,3.203,3498000000.0,3517000000.0,9789000000.0,9789000000.0,0.0,,,,,60000000.0,3120000000.0,1.0,1611759392.0,1605500000,1639300000.0,6.097,22097000000.0,2509000000.0,78000000.0,3366000000.0,13.763,9094000000.0
14,NKE,MRQ,2018-03-31,2018-02-28,2018-02-28,2021-10-05,-624000000.0,22552000000.0,,15355000000.0,7197000000.0,,6.025,-231000000.0,3662000000.0,3662000000.0,5046000000.0,-921000000.0,2.655,1.305,3486000000.0,17000000.0,3469000000.0,3486000000.0,0.0,185000000.0,0.0,0.011,0.2,1172000000.0,1357000000.0,0.151,1357000000.0,1172000000.0,1159000000.0,-0.57,-0.57,-0.57,9782000000.0,,9782000000.0,109460830630.0,25.0,21.573,556000000.0,0.342,1.0,3938000000.0,0.438,421000000.0,13000000.0,16172000000.0,,5366000000.0,1089000000.0,1089000000.0,0.0,12770000000.0,5783000000.0,6987000000.0,109053830630.0,-642000000.0,0.0,-684000000.0,-1224000000.0,-325000000.0,-2234000000.0,752000000.0,983000000.0,787000000.0,53000000.0,-921000000.0,-921000000.0,-921000000.0,0.0,0.0,-0.103,2767000000.0,1171000000.0,1961000000.0,-0.351,11.148,60.451,61.495,4298000000.0,0.0,67.03,3.091,3.084,3792000000.0,1078000000.0,8984000000.0,8984000000.0,0.0,,,,,55000000.0,2767000000.0,1.0,1626940633.0,1623500000,1623500000.0,5.534,22131000000.0,2478000000.0,2080000000.0,3596000000.0,13.632,9572000000.0
15,NKE,MRQ,2017-12-31,2017-11-30,2017-11-30,2021-10-05,-587000000.0,24055000000.0,,16582000000.0,7473000000.0,,7.227,-227000000.0,4304000000.0,4304000000.0,4876000000.0,767000000.0,2.457,1.046,4711000000.0,1239000000.0,3472000000.0,4711000000.0,0.0,187000000.0,0.0,0.012,0.0,892000000.0,1079000000.0,0.126,1079000000.0,892000000.0,879000000.0,0.47,0.46,0.47,11758000000.0,,11758000000.0,98977344870.0,22.0,18.91,1096000000.0,0.674,1.0,3678000000.0,0.43,421000000.0,13000000.0,17291000000.0,,5326000000.0,2085000000.0,2085000000.0,0.0,12297000000.0,6750000000.0,5547000000.0,98576344870.0,891000000.0,0.0,-810000000.0,888000000.0,-295000000.0,-216000000.0,-214000000.0,13000000.0,1323000000.0,-2000000.0,767000000.0,767000000.0,767000000.0,0.0,0.0,0.09,2768000000.0,910000000.0,2141000000.0,0.0,8.384,25.498,25.711,4117000000.0,0.0,60.42,2.838,2.83,3613000000.0,3301000000.0,8554000000.0,8554000000.0,0.0,,,,,53000000.0,2768000000.0,1.0,1631518452.0,1627000000,1660900000.0,5.258,23634000000.0,2935000000.0,112000000.0,2167000000.0,14.526,9832000000.0
16,NKE,MRQ,2017-09-30,2017-08-31,2017-08-31,2021-10-05,-586000000.0,23647000000.0,,16192000000.0,7455000000.0,,7.299,-270000000.0,3413000000.0,3413000000.0,5108000000.0,950000000.0,2.674,0.972,3814000000.0,342000000.0,3472000000.0,3814000000.0,0.0,179000000.0,0.0,0.017,0.36,1088000000.0,1267000000.0,0.14,1267000000.0,1088000000.0,1072000000.0,0.58,0.57,0.58,11993000000.0,,11993000000.0,86771131383.0,18.0,15.901,305000000.0,0.186,1.0,3962000000.0,0.437,422000000.0,16000000.0,17570000000.0,,5211000000.0,2106000000.0,2106000000.0,0.0,11654000000.0,6056000000.0,5598000000.0,86777131383.0,-395000000.0,0.0,-646000000.0,2000000.0,-300000000.0,-998000000.0,-12000000.0,258000000.0,575000000.0,40000000.0,950000000.0,950000000.0,950000000.0,0.0,0.0,0.105,2856000000.0,1106000000.0,2116000000.0,0.621,7.236,22.019,22.096,4086000000.0,0.0,52.81,2.526,2.526,3871000000.0,3759000000.0,9070000000.0,9070000000.0,0.0,,,,,50000000.0,2856000000.0,1.0,1643195065.0,1643195065,,5.52,23225000000.0,2947000000.0,122000000.0,2223000000.0,14.134,10136000000.0
17,NKE,MRQ,2017-06-30,2017-05-31,2017-05-31,2021-10-05,-213000000.0,23259000000.0,,16061000000.0,7198000000.0,,7.484,-329000000.0,3808000000.0,3808000000.0,4854000000.0,1008000000.0,2.934,0.875,3802000000.0,331000000.0,3471000000.0,3802000000.0,0.0,185000000.0,0.0,0.013,0.18,1186000000.0,1371000000.0,0.158,1371000000.0,1186000000.0,1168000000.0,0.61,0.6,0.61,12407000000.0,,12407000000.0,86954119590.0,18.0,15.387,633000000.0,0.382,1.0,3823000000.0,0.441,422000000.0,18000000.0,17357000000.0,,5055000000.0,2371000000.0,2371000000.0,0.0,10852000000.0,5474000000.0,5378000000.0,87474119590.0,-213000000.0,0.0,-644000000.0,299000000.0,-299000000.0,-665000000.0,-520000000.0,-191000000.0,962000000.0,10000000.0,1008000000.0,1008000000.0,1008000000.0,0.0,0.0,0.116,2665000000.0,1158000000.0,2048000000.0,0.295,7.05,20.631,20.699,3989000000.0,0.0,52.99,2.547,2.557,3677000000.0,6907000000.0,8677000000.0,8677000000.0,0.0,,,,,53000000.0,2665000000.0,1.0,1650766552.0,1657800000,,5.234,22837000000.0,2787000000.0,160000000.0,1991000000.0,13.775,10587000000.0
18,NKE,MRQ,2017-03-31,2017-02-28,2017-02-28,2021-10-05,229000000.0,23152000000.0,,16205000000.0,6947000000.0,,7.689,-263000000.0,4021000000.0,4021000000.0,4682000000.0,1141000000.0,3.074,0.82,3501000000.0,29000000.0,3472000000.0,3501000000.0,0.0,175000000.0,0.0,0.012,0.18,1342000000.0,1517000000.0,0.18,1517000000.0,1342000000.0,1323000000.0,0.69,0.68,0.69,12722000000.0,,12722000000.0,93767912751.0,19.0,16.968,851000000.0,0.514,1.0,3750000000.0,0.445,422000000.0,19000000.0,16939000000.0,,4932000000.0,2139000000.0,2139000000.0,0.0,10430000000.0,5271000000.0,5159000000.0,94569912751.0,-318000000.0,0.0,-374000000.0,-45000000.0,-298000000.0,-717000000.0,-724000000.0,-480000000.0,1114000000.0,9000000.0,1141000000.0,1141000000.0,1141000000.0,0.0,0.0,0.135,2496000000.0,1254000000.0,1938000000.0,0.261,7.434,23.19,23.331,3793000000.0,0.0,57.16,2.788,2.788,3752000000.0,4095000000.0,8432000000.0,8432000000.0,0.0,,,,,51000000.0,2496000000.0,1.0,1654477130.0,1654477130,,5.096,22730000000.0,2732000000.0,182000000.0,1763000000.0,13.738,10934000000.0
19,NKE,MRQ,2016-12-31,2016-11-30,2016-11-30,2021-10-05,399000000.0,22652000000.0,,16011000000.0,6641000000.0,,7.399,-223000000.0,4339000000.0,4339000000.0,4564000000.0,842000000.0,3.064,0.838,3537000000.0,64000000.0,3473000000.0,3537000000.0,0.0,173000000.0,0.0,0.013,0.16,1129000000.0,1302000000.0,0.159,1302000000.0,1129000000.0,1114000000.0,0.51,0.5,0.51,12323000000.0,,12323000000.0,82788290694.0,18.0,15.573,759000000.0,0.456,1.0,3616000000.0,0.442,422000000.0,15000000.0,16203000000.0,,5033000000.0,1604000000.0,1604000000.0,0.0,10329000000.0,5225000000.0,5104000000.0,83388290694.0,1680000000.0,0.0,-774000000.0,1477000000.0,-267000000.0,436000000.0,312000000.0,546000000.0,982000000.0,-50000000.0,842000000.0,842000000.0,842000000.0,0.0,0.0,0.103,2505000000.0,1111000000.0,2033000000.0,0.314,6.767,21.453,21.582,3566000000.0,0.0,50.07,2.488,2.488,3478000000.0,3725000000.0,8180000000.0,8180000000.0,0.0,,,,,54000000.0,2505000000.0,1.0,1665434206.0,1665434206,,4.912,22230000000.0,2653000000.0,272000000.0,1683000000.0,13.348,10786000000.0
20,NKE,MRQ,2016-09-30,2016-08-31,2016-08-31,2021-10-05,85000000.0,21156000000.0,,14589000000.0,6567000000.0,,7.251,-277000000.0,2659000000.0,2659000000.0,4938000000.0,1249000000.0,2.72,0.739,2059000000.0,66000000.0,1993000000.0,2059000000.0,0.0,173000000.0,0.0,0.011,0.16,1288000000.0,1461000000.0,0.161,1461000000.0,1288000000.0,1281000000.0,0.75,0.73,0.75,12165000000.0,,12165000000.0,95614938121.0,21.0,18.57,511000000.0,0.305,1.0,4123000000.0,0.455,423000000.0,7000000.0,14770000000.0,,4896000000.0,2128000000.0,2128000000.0,0.0,8991000000.0,5363000000.0,3628000000.0,96697938121.0,-479000000.0,0.0,-942000000.0,17000000.0,-269000000.0,-1202000000.0,-76000000.0,243000000.0,788000000.0,11000000.0,1249000000.0,1249000000.0,1249000000.0,0.0,0.0,0.138,2897000000.0,1226000000.0,2088000000.0,0.213,7.949,25.248,25.392,3572000000.0,0.0,57.64,2.928,2.928,3526000000.0,4078000000.0,9061000000.0,9061000000.0,0.0,,,,,57000000.0,2897000000.0,1.0,1677618635.0,1677618635,,5.401,20733000000.0,2572000000.0,32000000.0,1697000000.0,12.359,9226000000.0
21,NKE,MRQ,2016-06-30,2016-05-31,2016-05-31,2021-10-05,318000000.0,21379000000.0,,15025000000.0,6354000000.0,,7.276,-241000000.0,3138000000.0,3138000000.0,4458000000.0,846000000.0,2.804,0.744,2038000000.0,45000000.0,1993000000.0,2038000000.0,0.0,168000000.0,0.0,0.008,0.16,1078000000.0,1246000000.0,0.151,1246000000.0,1078000000.0,1073000000.0,0.5,0.49,0.5,12258000000.0,,12258000000.0,92041336084.0,20.0,17.396,1246000000.0,0.74,1.0,3786000000.0,0.459,412000000.0,5000000.0,14509000000.0,,4838000000.0,2319000000.0,2319000000.0,0.0,9121000000.0,5358000000.0,3763000000.0,93030336084.0,94000000.0,0.0,-403000000.0,-3000000.0,-270000000.0,-929000000.0,-490000000.0,-258000000.0,1487000000.0,26000000.0,846000000.0,846000000.0,846000000.0,0.0,0.0,0.103,2766000000.0,1020000000.0,2191000000.0,0.32,7.589,24.742,24.986,3520000000.0,0.0,55.22,2.873,2.873,3241000000.0,4151000000.0,8244000000.0,8244000000.0,0.0,,,,,60000000.0,2766000000.0,1.0,1684721769.0,1684721769,,4.893,20967000000.0,2422000000.0,227000000.0,1855000000.0,12.445,9667000000.0
22,NKE,MRQ,2016-03-31,2016-02-29,2016-02-29,2021-10-05,645000000.0,20987000000.0,,15256000000.0,5731000000.0,,7.222,-286000000.0,3044000000.0,3044000000.0,4343000000.0,950000000.0,3.063,0.706,2055000000.0,7000000.0,2048000000.0,2055000000.0,0.0,167000000.0,0.0,0.007,0.16,1140000000.0,1307000000.0,0.163,1307000000.0,1140000000.0,1135000000.0,0.56,0.55,0.56,12300000000.0,,12300000000.0,103216911804.0,22.0,19.645,590000000.0,0.346,1.0,3689000000.0,0.459,412000000.0,5000000.0,14606000000.0,,4590000000.0,2062000000.0,2062000000.0,0.0,8687000000.0,4980000000.0,3707000000.0,104896911804.0,-807000000.0,0.0,-1416000000.0,-104000000.0,-273000000.0,-1763000000.0,153000000.0,442000000.0,876000000.0,-73000000.0,950000000.0,950000000.0,950000000.0,0.0,0.0,0.118,2566000000.0,1123000000.0,1714000000.0,0.286,8.528,27.758,27.743,3329000000.0,0.0,61.59,3.287,3.287,3368000000.0,4113000000.0,8032000000.0,8032000000.0,0.0,,,,,60000000.0,2566000000.0,1.0,1703148430.0,1703148430,,4.716,20575000000.0,2400000000.0,185000000.0,1694000000.0,12.081,10276000000.0
23,NKE,MRQ,2015-12-31,2015-11-30,2015-11-30,2021-10-05,1107000000.0,22583000000.0,,16755000000.0,5828000000.0,,7.865,-288000000.0,3851000000.0,3851000000.0,4185000000.0,785000000.0,3.04,0.685,2171000000.0,104000000.0,2067000000.0,2171000000.0,0.0,160000000.0,0.0,0.008,0.14,975000000.0,1135000000.0,0.148,1135000000.0,975000000.0,970000000.0,0.46,0.45,0.46,13405000000.0,,13405000000.0,110690190573.0,24.0,21.489,257000000.0,0.151,1.0,3501000000.0,0.456,412000000.0,5000000.0,14980000000.0,,4600000000.0,2265000000.0,2265000000.0,0.0,9178000000.0,5511000000.0,3667000000.0,112728190573.0,605000000.0,0.0,-452000000.0,957000000.0,-239000000.0,392000000.0,-312000000.0,-24000000.0,545000000.0,-20000000.0,785000000.0,785000000.0,785000000.0,0.0,0.0,0.102,2560000000.0,941000000.0,1915000000.0,0.304,8.409,31.14,31.198,3235000000.0,0.0,66.14,3.597,3.597,3437000000.0,4887000000.0,7686000000.0,7686000000.0,0.0,,,,,62000000.0,2560000000.0,1.0,1704387520.0,1704387520,,4.51,22171000000.0,2586000000.0,185000000.0,1641000000.0,13.008,11244000000.0
24,NKE,MRQ,2015-09-30,2015-08-31,2015-08-31,2021-10-05,833000000.0,20766000000.0,,15238000000.0,5528000000.0,,7.537,-318000000.0,3246000000.0,3246000000.0,4419000000.0,1179000000.0,2.888,0.611,1208000000.0,129000000.0,1079000000.0,1208000000.0,0.0,154000000.0,0.0,0.008,0.0,1449000000.0,1603000000.0,0.191,1603000000.0,1449000000.0,1445000000.0,0.69,0.67,0.69,12894000000.0,,12894000000.0,92993540071.0,21.0,18.389,173000000.0,0.101,1.0,3995000000.0,0.475,412000000.0,4000000.0,13040000000.0,,4414000000.0,2162000000.0,2162000000.0,0.0,7872000000.0,5276000000.0,2596000000.0,95585540071.0,-606000000.0,0.0,-460000000.0,-49000000.0,-240000000.0,-674000000.0,-385000000.0,-67000000.0,491000000.0,-38000000.0,1179000000.0,1179000000.0,1179000000.0,0.0,0.0,0.14,2577000000.0,1418000000.0,1933000000.0,0.0,7.413,27.388,27.39,3112000000.0,0.0,55.875,3.08,3.08,3288000000.0,5029000000.0,8414000000.0,8414000000.0,0.0,,,,,54000000.0,2577000000.0,1.0,1710703178.0,1710703178,,4.918,20354000000.0,2381000000.0,266000000.0,1592000000.0,11.898,9962000000.0
25,NKE,MRQ,2015-06-30,2015-05-31,2015-05-31,2021-10-05,1246000000.0,21597000000.0,,15587000000.0,6010000000.0,,7.39,-240000000.0,3852000000.0,3852000000.0,4186000000.0,865000000.0,2.462,0.7,1260000000.0,181000000.0,1079000000.0,1260000000.0,0.0,153000000.0,0.0,0.011,0.14,1056000000.0,1209000000.0,0.155,1209000000.0,1056000000.0,1052000000.0,0.51,0.49,0.51,12707000000.0,,12707000000.0,85646533917.0,20.0,17.699,1102000000.0,0.641,1.0,3593000000.0,0.462,412000000.0,4000000.0,12261000000.0,,4337000000.0,2072000000.0,2072000000.0,0.0,8890000000.0,6332000000.0,2558000000.0,87410533917.0,837000000.0,0.0,-537000000.0,15000000.0,-241000000.0,-695000000.0,207000000.0,447000000.0,1342000000.0,-17000000.0,865000000.0,865000000.0,865000000.0,0.0,0.0,0.111,2595000000.0,998000000.0,2131000000.0,0.275,6.879,26.707,26.755,3011000000.0,0.0,50.835,2.856,2.856,3358000000.0,4685000000.0,7779000000.0,7779000000.0,0.0,,,,,51000000.0,2595000000.0,1.0,1719495110.0,1719495110,,4.524,21185000000.0,2587000000.0,187000000.0,1550000000.0,12.32,9255000000.0
26,NKE,MRQ,2015-03-31,2015-02-28,2015-02-28,2021-10-05,1111000000.0,20541000000.0,,15207000000.0,5334000000.0,,7.158,-235000000.0,3015000000.0,3015000000.0,4034000000.0,791000000.0,2.722,0.661,1251000000.0,169000000.0,1082000000.0,1251000000.0,0.0,152000000.0,0.0,0.011,0.28,1052000000.0,1204000000.0,0.161,1204000000.0,1052000000.0,1046000000.0,0.46,0.45,0.46,12368000000.0,,12368000000.0,82919709257.0,20.0,17.68,1556000000.0,0.901,1.0,3426000000.0,0.459,412000000.0,6000000.0,12779000000.0,,4246000000.0,2346000000.0,2346000000.0,0.0,8173000000.0,5586000000.0,2587000000.0,83905709257.0,742000000.0,0.0,-553000000.0,-30000000.0,-242000000.0,-791000000.0,-216000000.0,19000000.0,1791000000.0,-42000000.0,791000000.0,791000000.0,791000000.0,0.0,0.0,0.106,2379000000.0,1047000000.0,1821000000.0,0.609,6.784,27.014,27.128,2862000000.0,0.0,48.56,2.774,2.774,3294000000.0,4737000000.0,7460000000.0,7460000000.0,0.0,,,,,48000000.0,2379000000.0,1.0,1727877044.0,1727877044,,4.317,20129000000.0,2388000000.0,255000000.0,1538000000.0,11.65,9621000000.0
27,NKE,MRQ,2014-12-31,2014-11-30,2014-11-30,2021-10-05,525000000.0,19167000000.0,,14033000000.0,5134000000.0,,6.79,-225000000.0,2273000000.0,2273000000.0,4053000000.0,655000000.0,2.842,0.638,1287000000.0,203000000.0,1084000000.0,1287000000.0,0.0,154000000.0,0.0,0.01,0.0,887000000.0,1041000000.0,0.141,1041000000.0,887000000.0,878000000.0,0.38,0.37,0.38,11700000000.0,,11700000000.0,84583175788.0,22.0,18.767,639000000.0,0.371,1.0,3327000000.0,0.451,412000000.0,9000000.0,12832000000.0,,4150000000.0,2440000000.0,2440000000.0,0.0,7467000000.0,4937000000.0,2530000000.0,85539175788.0,-30000000.0,0.0,-238000000.0,-49000000.0,-207000000.0,-422000000.0,-446000000.0,-221000000.0,864000000.0,-26000000.0,655000000.0,655000000.0,655000000.0,0.0,0.0,0.089,2438000000.0,889000000.0,2074000000.0,0.0,7.311,28.542,28.948,2927000000.0,0.0,49.645,2.874,2.874,3457000000.0,4797000000.0,7380000000.0,7380000000.0,0.0,,,,,49000000.0,2438000000.0,1.0,1723016936.0,1723016936,,4.283,18755000000.0,2129000000.0,223000000.0,1484000000.0,10.885,9096000000.0
28,NKE,MRQ,2014-09-30,2014-08-31,2014-08-31,2021-10-05,224000000.0,18521000000.0,,13540000000.0,4981000000.0,,6.395,-260000000.0,2303000000.0,2303000000.0,4261000000.0,962000000.0,2.813,0.668,1347000000.0,152000000.0,1195000000.0,1347000000.0,0.0,147000000.0,0.0,0.012,0.12,1238000000.0,1385000000.0,0.174,1385000000.0,1238000000.0,1229000000.0,0.555,0.545,0.555,11105000000.0,,11105000000.0,67357768311.0,18.0,15.621,423000000.0,0.244,1.0,3721000000.0,0.466,413000000.0,9000000.0,12339000000.0,,4030000000.0,2276000000.0,2276000000.0,0.0,7416000000.0,4813000000.0,2603000000.0,68204768311.0,83000000.0,0.0,-692000000.0,-25000000.0,-209000000.0,-882000000.0,280000000.0,540000000.0,683000000.0,2000000.0,962000000.0,962000000.0,962000000.0,0.0,0.0,0.121,2480000000.0,1241000000.0,1970000000.0,0.216,6.142,23.715,24.021,2895000000.0,0.0,39.275,2.367,2.367,3587000000.0,4808000000.0,7982000000.0,7982000000.0,0.0,,,,,43000000.0,2480000000.0,1.0,1736594992.0,1736594992,,4.596,18108000000.0,2021000000.0,267000000.0,1658000000.0,10.427,8727000000.0
29,NKE,MRQ,2014-06-30,2014-05-31,2014-05-31,2021-10-05,85000000.0,18594000000.0,,13696000000.0,4898000000.0,,6.163,-208000000.0,2220000000.0,2220000000.0,4040000000.0,698000000.0,2.724,0.718,1373000000.0,174000000.0,1199000000.0,1373000000.0,0.0,140000000.0,0.0,0.012,0.12,920000000.0,1060000000.0,0.143,1060000000.0,920000000.0,912000000.0,0.395,0.395,0.395,10824000000.0,,10824000000.0,67000656877.0,19.0,16.362,1120000000.0,0.638,1.0,3385000000.0,0.456,413000000.0,8000000.0,12307000000.0,,3947000000.0,2922000000.0,2922000000.0,0.0,7770000000.0,5027000000.0,2743000000.0,67537656877.0,356000000.0,0.0,-837000000.0,28000000.0,-212000000.0,-997000000.0,24000000.0,233000000.0,1328000000.0,1000000.0,698000000.0,698000000.0,698000000.0,0.0,0.0,0.094,2448000000.0,937000000.0,1930000000.0,0.304,6.24,25.079,25.299,2834000000.0,0.0,38.455,2.429,2.429,3434000000.0,4871000000.0,7425000000.0,7425000000.0,0.0,,,,,46000000.0,2448000000.0,1.0,1756277646.0,1756277646,,4.228,18181000000.0,2006000000.0,214000000.0,1976000000.0,10.352,8669000000.0
30,NKE,MRQ,2014-03-31,2014-02-28,2014-02-28,2021-10-05,33000000.0,17803000000.0,,13410000000.0,4393000000.0,,6.286,-221000000.0,1864000000.0,1864000000.0,3869000000.0,682000000.0,3.392,0.599,1327000000.0,126000000.0,1201000000.0,1327000000.0,0.0,132000000.0,0.0,0.011,0.24,889000000.0,1021000000.0,0.146,1021000000.0,889000000.0,880000000.0,0.385,0.375,0.385,11133000000.0,,11133000000.0,68635430243.0,20.0,17.108,516000000.0,0.291,1.0,3103000000.0,0.445,517000000.0,9000000.0,12795000000.0,,3825000000.0,3165000000.0,3165000000.0,0.0,6670000000.0,3954000000.0,2716000000.0,69333430243.0,-222000000.0,0.0,-713000000.0,-32000000.0,-212000000.0,-920000000.0,-42000000.0,179000000.0,737000000.0,3000000.0,682000000.0,682000000.0,682000000.0,0.0,0.0,0.098,2169000000.0,934000000.0,1480000000.0,0.623,6.228,26.164,25.757,2736000000.0,0.0,39.15,2.561,2.561,3355000000.0,5374000000.0,6972000000.0,6972000000.0,0.0,,,,,43000000.0,2169000000.0,1.0,1770968844.0,1770968844,,3.937,17286000000.0,1459000000.0,198000000.0,1560000000.0,9.761,9456000000.0
31,NKE,MRQ,2013-12-31,2013-11-30,2013-11-30,2021-10-05,90000000.0,17820000000.0,,13607000000.0,4213000000.0,,6.376,-204000000.0,2086000000.0,2086000000.0,3605000000.0,534000000.0,3.533,0.571,1388000000.0,187000000.0,1201000000.0,1388000000.0,0.0,124000000.0,0.0,0.011,0.0,722000000.0,846000000.0,0.132,846000000.0,722000000.0,714000000.0,0.3,0.295,0.3,11344000000.0,,11344000000.0,68838391959.0,19.0,16.54,126000000.0,0.071,1.0,2826000000.0,0.439,516000000.0,8000000.0,12755000000.0,,3695000000.0,3101000000.0,3101000000.0,0.0,6476000000.0,3851000000.0,2625000000.0,70399391959.0,-575000000.0,0.0,-263000000.0,1000000.0,-187000000.0,-405000000.0,-495000000.0,-291000000.0,330000000.0,-5000000.0,534000000.0,534000000.0,534000000.0,0.0,0.0,0.083,2091000000.0,735000000.0,1612000000.0,0.0,6.206,24.841,26.292,2645000000.0,0.0,39.57,2.678,2.678,3208000000.0,5685000000.0,6431000000.0,6431000000.0,0.0,,,,,46000000.0,2091000000.0,1.0,1779110234.0,1779110234,,3.615,17304000000.0,1367000000.0,180000000.0,1471000000.0,9.726,9756000000.0
32,NKE,MRQ,2013-09-30,2013-08-31,2013-08-31,2021-10-05,177000000.0,17674000000.0,,13618000000.0,4056000000.0,,6.336,-244000000.0,2936000000.0,2936000000.0,3839000000.0,779000000.0,3.525,0.567,1375000000.0,168000000.0,1207000000.0,1375000000.0,0.0,122000000.0,0.0,0.013,0.105,1046000000.0,1168000000.0,0.168,1168000000.0,1046000000.0,1038000000.0,0.44,0.43,0.44,11282000000.0,,11282000000.0,53982941914.0,15.0,13.506,374000000.0,0.21,1.0,3132000000.0,0.449,514000000.0,8000000.0,11736000000.0,,3472000000.0,2642000000.0,2642000000.0,0.0,6392000000.0,3863000000.0,2529000000.0,55931941914.0,-676000000.0,0.0,-432000000.0,1000000.0,-188000000.0,-592000000.0,-694000000.0,-449000000.0,618000000.0,-8000000.0,779000000.0,779000000.0,779000000.0,0.0,0.0,0.112,2058000000.0,1074000000.0,1559000000.0,0.239,4.958,20.839,21.01,2557000000.0,0.0,31.41,2.167,2.167,3207000000.0,5762000000.0,6971000000.0,6971000000.0,0.0,,,,,42000000.0,2058000000.0,1.0,1780704932.0,1780704932,,3.915,17160000000.0,1293000000.0,259000000.0,1533000000.0,9.637,9755000000.0
33,NKE,MRQ,2013-06-30,2013-05-31,2013-05-31,2021-10-05,274000000.0,17545000000.0,,13630000000.0,3915000000.0,,6.2,-160000000.0,3337000000.0,3337000000.0,3757000000.0,655000000.0,3.44,0.583,1365000000.0,155000000.0,1210000000.0,1365000000.0,0.0,116000000.0,0.0,0.013,0.105,861000000.0,977000000.0,0.146,977000000.0,861000000.0,858000000.0,0.395,0.385,0.395,11081000000.0,,11081000000.0,52864274571.0,16.0,14.241,1180000000.0,0.66,1.0,2940000000.0,0.439,420000000.0,3000000.0,11191000000.0,,3484000000.0,2628000000.0,2628000000.0,0.0,6464000000.0,3962000000.0,2502000000.0,55100274571.0,843000000.0,0.0,-113000000.0,1001000000.0,-188000000.0,738000000.0,-1226000000.0,-1082000000.0,1340000000.0,-9000000.0,655000000.0,655000000.0,655000000.0,28000000.0,0.0,0.098,2038000000.0,902000000.0,1669000000.0,0.266,4.973,22.29,22.341,2452000000.0,0.0,30.83,2.177,2.177,3117000000.0,5620000000.0,6697000000.0,6697000000.0,0.0,,,,,46000000.0,2038000000.0,1.0,1787229146.0,1787229146,,3.747,17125000000.0,1351000000.0,203000000.0,1376000000.0,9.582,9668000000.0
34,NKE,MRQ,2013-03-31,2013-02-28,2013-02-28,2021-10-05,231000000.0,15615000000.0,,11789000000.0,3826000000.0,,5.954,-174000000.0,2557000000.0,2557000000.0,3451000000.0,866000000.0,3.368,0.464,321000000.0,160000000.0,161000000.0,321000000.0,0.0,111000000.0,0.0,0.018,0.21,1060000000.0,1171000000.0,0.189,1171000000.0,1060000000.0,1062000000.0,0.37,0.365,0.37,10667000000.0,,10667000000.0,46817462994.0,15.0,13.195,273000000.0,0.152,1.0,2736000000.0,0.442,507000000.0,-2000000.0,9372000000.0,,3329000000.0,1485000000.0,1485000000.0,0.0,4948000000.0,3500000000.0,1448000000.0,48780462994.0,266000000.0,561000000.0,-185000000.0,1000000.0,-188000000.0,-352000000.0,126000000.0,-255000000.0,447000000.0,45000000.0,866000000.0,866000000.0,866000000.0,-204000000.0,0.0,0.14,1863000000.0,873000000.0,1241000000.0,0.568,4.573,20.722,21.273,2260000000.0,0.0,27.23,1.963,1.963,3232000000.0,5456000000.0,6187000000.0,6187000000.0,0.0,,,,,45000000.0,1863000000.0,1.0,1791423540.0,1791423540,,3.454,15108000000.0,1334000000.0,196000000.0,1425000000.0,8.434,8289000000.0
35,NKE,MRQ,2012-12-31,2012-11-30,2012-11-30,2021-10-05,138000000.0,15171000000.0,,11435000000.0,3736000000.0,,5.557,-143000000.0,2291000000.0,2291000000.0,3425000000.0,384000000.0,3.01,0.515,328000000.0,158000000.0,170000000.0,328000000.0,0.0,107000000.0,0.0,0.011,0.0,574000000.0,681000000.0,0.114,681000000.0,574000000.0,575000000.0,0.29,0.285,0.29,10014000000.0,,10014000000.0,42118849707.0,15.0,12.964,567000000.0,0.315,1.0,2530000000.0,0.425,505000000.0,-1000000.0,8904000000.0,,3318000000.0,1234000000.0,1234000000.0,0.0,5157000000.0,3799000000.0,1358000000.0,43919849707.0,126000000.0,225000000.0,-336000000.0,-32000000.0,-162000000.0,-524000000.0,-61000000.0,-136000000.0,710000000.0,1000000.0,384000000.0,384000000.0,384000000.0,137000000.0,0.0,0.064,1836000000.0,694000000.0,1519000000.0,0.0,4.386,21.445,19.975,2258000000.0,0.0,24.37,1.806,1.806,3188000000.0,5029000000.0,5955000000.0,5955000000.0,0.0,,,,,46000000.0,1836000000.0,1.0,1802209672.0,1802209672,,3.304,14666000000.0,1300000000.0,191000000.0,1233000000.0,8.138,7636000000.0
36,NKE,MRQ,2012-09-30,2012-08-31,2012-08-31,2021-10-05,111000000.0,15114000000.0,,11136000000.0,3978000000.0,,5.51,-107000000.0,2165000000.0,2165000000.0,3646000000.0,567000000.0,2.949,0.504,364000000.0,138000000.0,226000000.0,364000000.0,0.0,104000000.0,0.0,0.015,0.09,779000000.0,883000000.0,0.136,883000000.0,779000000.0,782000000.0,0.325,0.315,0.325,10047000000.0,,10047000000.0,42451524619.0,15.0,12.927,428000000.0,0.235,1.0,2828000000.0,0.437,738000000.0,-3000000.0,8799000000.0,,3411000000.0,1102000000.0,1102000000.0,0.0,5067000000.0,3776000000.0,1291000000.0,44383524619.0,-152000000.0,0.0,-727000000.0,-23000000.0,-165000000.0,-907000000.0,221000000.0,333000000.0,535000000.0,-1000000.0,567000000.0,567000000.0,567000000.0,18000000.0,0.0,0.088,2059000000.0,769000000.0,1551000000.0,0.277,4.418,20.808,20.454,2291000000.0,0.0,24.34,1.856,1.856,3431000000.0,5215000000.0,6474000000.0,6474000000.0,0.0,,,,,37000000.0,2059000000.0,1.0,1823480880.0,1823480880,,3.55,14376000000.0,1231000000.0,215000000.0,1178000000.0,7.884,7360000000.0
37,NKE,MRQ,2012-06-30,2012-05-31,2012-05-31,2021-10-05,149000000.0,15465000000.0,,11845000000.0,3620000000.0,,5.662,-183000000.0,2317000000.0,2317000000.0,3567000000.0,537000000.0,3.051,0.49,385000000.0,157000000.0,228000000.0,385000000.0,0.0,101000000.0,0.0,0.016,0.18,712000000.0,813000000.0,0.13,813000000.0,712000000.0,711000000.0,0.295,0.29,0.295,10381000000.0,,10381000000.0,47934251214.0,16.0,14.343,716000000.0,0.391,1.0,2669000000.0,0.428,501000000.0,1000000.0,9150000000.0,,3222000000.0,1440000000.0,1440000000.0,0.0,5084000000.0,3882000000.0,1202000000.0,49586251214.0,311000000.0,0.0,-133000000.0,38000000.0,-165000000.0,-230000000.0,-412000000.0,-245000000.0,899000000.0,54000000.0,537000000.0,537000000.0,537000000.0,10000000.0,0.0,0.086,1910000000.0,759000000.0,1549000000.0,0.61,4.777,22.427,22.078,2209000000.0,0.0,27.045,2.125,2.125,3132000000.0,5588000000.0,6236000000.0,6236000000.0,0.0,,,,,35000000.0,1910000000.0,1.0,1833472036.0,1833472036,,3.401,14964000000.0,1172000000.0,174000000.0,1039000000.0,8.162,7963000000.0
38,NKE,MRQ,2012-03-31,2012-02-29,2012-02-29,2021-10-05,243000000.0,14794000000.0,,10932000000.0,3862000000.0,,5.544,-120000000.0,2021000000.0,2021000000.0,3171000000.0,560000000.0,3.206,0.454,369000000.0,140000000.0,229000000.0,369000000.0,0.0,94000000.0,0.0,0.012,0.09,778000000.0,872000000.0,0.154,872000000.0,778000000.0,778000000.0,0.31,0.305,0.31,10176000000.0,,10176000000.0,48067964561.0,16.0,14.272,208000000.0,0.113,1.0,2485000000.0,0.439,736000000.0,0.0,8996000000.0,,3356000000.0,1176000000.0,1176000000.0,0.0,4618000000.0,3410000000.0,1208000000.0,49525964561.0,92000000.0,0.0,-172000000.0,-105000000.0,-165000000.0,-416000000.0,166000000.0,279000000.0,328000000.0,14000000.0,560000000.0,560000000.0,560000000.0,9000000.0,0.0,0.099,1708000000.0,777000000.0,1298000000.0,0.29,4.867,21.837,21.55,2205000000.0,0.0,26.98,2.22,2.22,3296000000.0,5447000000.0,5656000000.0,5656000000.0,0.0,,,,,34000000.0,1708000000.0,1.0,1835654728.0,1835654728,,3.081,14058000000.0,1232000000.0,218000000.0,1038000000.0,7.658,7522000000.0
39,NKE,MRQ,2011-12-31,2011-11-30,2011-11-30,2021-10-05,215000000.0,14565000000.0,,10725000000.0,3840000000.0,,5.307,-145000000.0,1929000000.0,1929000000.0,3170000000.0,469000000.0,3.01,0.48,471000000.0,237000000.0,234000000.0,471000000.0,0.0,92000000.0,0.0,0.013,0.077,624000000.0,716000000.0,0.129,716000000.0,624000000.0,621000000.0,0.26,0.255,0.26,9843000000.0,,9843000000.0,43505649218.0,15.0,13.22,365000000.0,0.197,1.0,2376000000.0,0.428,733000000.0,3000000.0,8811000000.0,,3164000000.0,1436000000.0,1436000000.0,0.0,4722000000.0,3563000000.0,1159000000.0,44595649218.0,321000000.0,0.0,-562000000.0,-33000000.0,-144000000.0,-710000000.0,515000000.0,665000000.0,510000000.0,6000000.0,469000000.0,469000000.0,469000000.0,11000000.0,0.0,0.085,1731000000.0,645000000.0,1411000000.0,0.296,4.531,19.989,19.758,2177000000.0,0.0,24.045,2.053,2.053,3103000000.0,5290000000.0,5546000000.0,5546000000.0,0.0,,,,,36000000.0,1731000000.0,1.0,1854674536.0,1854674536,,2.99,13832000000.0,1228000000.0,152000000.0,1006000000.0,7.458,7162000000.0
40,NKE,MRQ,2011-09-30,2011-08-31,2011-08-31,2021-10-05,105000000.0,14803000000.0,,11039000000.0,3764000000.0,,5.212,-113000000.0,1608000000.0,1608000000.0,3388000000.0,645000000.0,2.936,0.495,518000000.0,280000000.0,238000000.0,518000000.0,0.0,86000000.0,0.0,0.014,0.077,852000000.0,938000000.0,0.154,938000000.0,852000000.0,852000000.0,0.347,0.34,0.347,9899000000.0,,9899000000.0,39852044628.0,14.0,12.195,-26000000.0,-0.014,1.0,2693000000.0,0.443,740000000.0,0.0,9213000000.0,,3107000000.0,2092000000.0,2092000000.0,0.0,4904000000.0,3760000000.0,1144000000.0,41144044628.0,-347000000.0,0.0,-479000000.0,-150000000.0,-145000000.0,-744000000.0,317000000.0,462000000.0,87000000.0,-7000000.0,645000000.0,645000000.0,645000000.0,0.0,0.0,0.106,1823000000.0,870000000.0,1421000000.0,0.222,4.156,18.542,18.097,2166000000.0,0.0,21.663,1.957,1.957,3279000000.0,5653000000.0,6081000000.0,6081000000.0,0.0,,,,,25000000.0,1823000000.0,1.0,1899321160.0,1899321160,,3.202,14063000000.0,1173000000.0,207000000.0,997000000.0,7.404,7279000000.0
41,NKE,MRQ,2011-06-30,2011-05-31,2011-05-31,2021-10-05,95000000.0,14998000000.0,,11297000000.0,3701000000.0,,5.19,-129000000.0,1955000000.0,1955000000.0,2773000000.0,594000000.0,2.854,0.524,663000000.0,387000000.0,276000000.0,663000000.0,0.0,86000000.0,0.0,0.014,0.077,756000000.0,842000000.0,0.168,842000000.0,756000000.0,752000000.0,0.335,0.33,0.335,9843000000.0,,9843000000.0,38521273349.0,14.0,12.183,713000000.0,0.376,1.0,2248000000.0,0.448,692000000.0,4000000.0,9056000000.0,,2715000000.0,2583000000.0,2583000000.0,0.0,5155000000.0,3958000000.0,1197000000.0,40040273349.0,-177000000.0,0.0,-541000000.0,44000000.0,-147000000.0,-634000000.0,-419000000.0,-270000000.0,842000000.0,34000000.0,594000000.0,594000000.0,594000000.0,39000000.0,0.0,0.118,1440000000.0,808000000.0,1469000000.0,0.23,4.068,18.772,18.52,2115000000.0,0.0,21.113,1.99,1.99,3138000000.0,5801000000.0,5021000000.0,5021000000.0,0.0,,,,,27000000.0,1440000000.0,1.0,1896519756.0,1896519756,,2.647,14306000000.0,1206000000.0,158000000.0,1038000000.0,7.543,7339000000.0
42,NKE,MRQ,2011-03-31,2011-02-28,2011-02-28,2021-10-05,106000000.0,14478000000.0,,10785000000.0,3693000000.0,,5.174,-111000000.0,2132000000.0,2132000000.0,2752000000.0,523000000.0,3.227,0.462,613000000.0,337000000.0,276000000.0,613000000.0,0.0,88000000.0,0.0,0.013,0.077,707000000.0,795000000.0,0.157,795000000.0,707000000.0,707000000.0,0.275,0.27,0.275,9902000000.0,,9902000000.0,41430388216.0,15.0,13.412,212000000.0,0.111,1.0,2327000000.0,0.458,666000000.0,0.0,8951000000.0,,2536000000.0,2333000000.0,2333000000.0,0.0,4576000000.0,3342000000.0,1234000000.0,42600388216.0,364000000.0,0.0,-416000000.0,8000000.0,-148000000.0,-542000000.0,569000000.0,686000000.0,323000000.0,14000000.0,523000000.0,523000000.0,523000000.0,0.0,0.0,0.103,1637000000.0,690000000.0,1147000000.0,0.28,4.302,20.67,20.647,2057000000.0,0.0,22.258,2.112,2.112,2985000000.0,5954000000.0,5079000000.0,5079000000.0,0.0,,,,,28000000.0,1637000000.0,1.0,1913979028.0,1913979028,,2.654,13812000000.0,1256000000.0,184000000.0,1071000000.0,7.216,7443000000.0
43,NKE,MRQ,2010-12-31,2010-11-30,2010-11-30,2021-10-05,151000000.0,14464000000.0,,10916000000.0,3548000000.0,,5.205,-102000000.0,1768000000.0,1768000000.0,2649000000.0,457000000.0,3.361,0.454,598000000.0,260000000.0,338000000.0,598000000.0,0.0,83000000.0,0.0,0.013,0.068,610000000.0,693000000.0,0.143,693000000.0,610000000.0,609000000.0,0.24,0.235,0.24,9949000000.0,,9949000000.0,39732168330.0,15.0,13.078,333000000.0,0.174,1.0,2193000000.0,0.453,661000000.0,1000000.0,9385000000.0,,2348000000.0,3021000000.0,3021000000.0,0.0,4515000000.0,3248000000.0,1267000000.0,41159168330.0,-242000000.0,0.0,-116000000.0,15000000.0,-129000000.0,-196000000.0,-487000000.0,-384000000.0,435000000.0,6000000.0,457000000.0,457000000.0,457000000.0,0.0,0.0,0.094,1611000000.0,582000000.0,1225000000.0,0.283,4.137,20.226,20.352,2003000000.0,0.0,21.532,2.076,2.076,2792000000.0,6043000000.0,4842000000.0,4842000000.0,0.0,,,,,29000000.0,1611000000.0,1.0,1911490460.0,1911490460,,2.533,13803000000.0,1151000000.0,152000000.0,1007000000.0,7.221,7668000000.0
44,NKE,MRQ,2010-09-30,2010-08-31,2010-08-31,2021-10-05,138000000.0,14051000000.0,,10531000000.0,3520000000.0,,5.0,-89000000.0,2010000000.0,2010000000.0,2741000000.0,559000000.0,3.352,0.455,583000000.0,241000000.0,342000000.0,583000000.0,0.0,78000000.0,0.0,0.015,0.068,754000000.0,832000000.0,0.161,832000000.0,754000000.0,755000000.0,0.292,0.285,0.292,9660000000.0,,9660000000.0,31324061710.0,12.0,10.735,123000000.0,0.064,1.0,2434000000.0,0.47,662000000.0,-1000000.0,8820000000.0,,2210000000.0,2678000000.0,2678000000.0,0.0,4391000000.0,3142000000.0,1249000000.0,33811361710.0,-1069000000.0,0.0,-441000000.0,-34000000.0,-131000000.0,-600000000.0,-684000000.0,-592000000.0,212000000.0,3000000.0,559000000.0,559000000.0,559000000.0,0.0,0.0,0.108,1673000000.0,761000000.0,1101000000.0,0.233,3.5,17.313,17.327,1975000000.0,0.0,17.5,1.744,1.744,2791000000.0,6011000000.0,5175000000.0,5175000000.0,0.0,,,,,21000000.0,1673000000.0,1.0,1932077812.0,1932077812,,2.678,13389000000.0,1142000000.0,196000000.0,1011000000.0,6.93,7389000000.0
45,NKE,MRQ,2010-06-30,2010-05-31,2010-05-31,2021-10-05,215000000.0,14419000000.0,,10959000000.0,3460000000.0,,5.021,-95000000.0,3079000000.0,3079000000.0,2671000000.0,522000000.0,3.258,0.478,592000000.0,146000000.0,446000000.0,592000000.0,0.0,84000000.0,0.0,0.014,0.068,685000000.0,769000000.0,0.151,769000000.0,685000000.0,683000000.0,0.27,0.262,0.27,9754000000.0,,9754000000.0,33498005230.0,13.0,11.766,1180000000.0,0.607,1.0,2406000000.0,0.474,655000000.0,2000000.0,7913000000.0,,2041000000.0,2067000000.0,2067000000.0,0.0,4665000000.0,3364000000.0,1301000000.0,35155005230.0,854000000.0,0.0,-74000000.0,31000000.0,-130000000.0,-152000000.0,-304000000.0,-205000000.0,1275000000.0,35000000.0,522000000.0,522000000.0,522000000.0,0.0,0.0,0.103,1738000000.0,668000000.0,1255000000.0,0.252,3.604,18.435,18.408,1932000000.0,0.0,18.095,1.849,1.849,2650000000.0,6095000000.0,5077000000.0,5077000000.0,0.0,,,,,21000000.0,1738000000.0,1.0,1942802168.0,1942802168,,2.613,13764000000.0,1122000000.0,161000000.0,914000000.0,7.085,7595000000.0
46,NKE,MRQ,2010-03-31,2010-02-28,2010-02-28,2021-10-05,234400000.0,13576300000.0,,10088000000.0,3488300000.0,,4.836,-66000000.0,2225200000.0,2225200000.0,2515000000.0,497000000.0,3.544,0.44,568200000.0,116300000.0,451900000.0,568200000.0,0.0,81000000.0,0.0,0.015,0.068,663000000.0,744000000.0,0.157,744000000.0,663000000.0,662000000.0,0.255,0.253,0.255,9428900000.0,,9428900000.0,31486881158.0,14.0,11.858,446000000.0,0.229,1.0,2218000000.0,0.469,658700000.0,1000000.0,8413900000.0,,2150300000.0,1813700000.0,1813700000.0,0.0,4147400000.0,2846700000.0,1300700000.0,32951781158.0,190000000.0,0.0,-289000000.0,6000000.0,-132000000.0,-403000000.0,101000000.0,171000000.0,512000000.0,-20000000.0,497000000.0,497000000.0,497000000.0,0.0,0.0,0.105,1563000000.0,655000000.0,994700000.0,0.267,3.495,19.084,18.989,1962600000.0,0.0,16.9,1.767,1.767,2833800000.0,5919100000.0,4733000000.0,4733000000.0,0.0,,,,,23000000.0,1563000000.0,1.0,1949809536.0,1949809536,,2.427,12917600000.0,1088700000.0,165000000.0,936500000.0,6.625,7241300000.0
47,NKE,MRQ,2009-12-31,2009-11-30,2009-11-30,2021-10-05,156000000.0,13358400000.0,,9765600000.0,3592800000.0,,4.735,-84000000.0,2035200000.0,2035200000.0,2445000000.0,375000000.0,3.49,0.448,570300000.0,110700000.0,459600000.0,570300000.0,0.0,80000000.0,0.0,0.015,0.062,493000000.0,573000000.0,0.13,573000000.0,493000000.0,491000000.0,0.193,0.19,0.193,9224100000.0,,9224100000.0,29886402849.0,16.0,13.359,584000000.0,0.3,1.0,1960000000.0,0.445,668700000.0,2000000.0,8426500000.0,,2176300000.0,1974800000.0,1974800000.0,0.0,4134300000.0,2798300000.0,1336000000.0,31602002849.0,-226000000.0,0.0,-46000000.0,2000000.0,-122000000.0,-148000000.0,-733000000.0,-646000000.0,668000000.0,-13000000.0,375000000.0,375000000.0,375000000.0,0.0,0.0,0.085,1479000000.0,481000000.0,1008700000.0,0.321,3.426,21.447,21.345,2023900000.0,0.0,16.223,1.721,1.721,2716500000.0,5879200000.0,4405000000.0,4405000000.0,0.0,,,,,24000000.0,1479000000.0,1.0,1948035312.0,1948035312,,2.261,12689700000.0,1120200000.0,116000000.0,957300000.0,6.514,6967300000.0
48,NKE,MRQ,2009-09-30,2009-08-31,2009-08-31,2021-10-05,244300000.0,13190600000.0,,9606900000.0,3583700000.0,,4.677,-80000000.0,2260600000.0,2260600000.0,2583000000.0,513000000.0,3.368,0.451,545000000.0,101800000.0,443200000.0,545000000.0,0.0,79000000.0,0.0,0.018,0.062,682000000.0,761000000.0,0.159,761000000.0,682000000.0,681000000.0,0.265,0.26,0.265,9090700000.0,,9090700000.0,25436698648.0,13.0,11.253,629000000.0,0.324,1.0,2216000000.0,0.462,666100000.0,1000000.0,7956100000.0,,2288400000.0,1369200000.0,1369200000.0,0.0,4099900000.0,2852800000.0,1247100000.0,26915698648.0,-30000000.0,0.0,32000000.0,-276000000.0,-121000000.0,-358000000.0,-332000000.0,-252000000.0,709000000.0,-49000000.0,513000000.0,513000000.0,513000000.0,0.0,0.0,0.107,1546000000.0,670000000.0,961900000.0,0.234,2.961,18.07,17.984,1980800000.0,0.0,13.848,1.452,1.452,2835300000.0,5827700000.0,4799000000.0,4799000000.0,0.0,,,,,91000000.0,1546000000.0,1.0,1943722596.0,1943722596,,2.469,12524500000.0,1150900000.0,168000000.0,949300000.0,6.444,6754100000.0
49,NKE,MRQ,2009-06-30,2009-05-31,2009-05-31,2021-10-05,367500000.0,13249600000.0,,9734000000.0,3515600000.0,,4.487,-102300000.0,2291100000.0,2291100000.0,2669500000.0,341700000.0,2.97,0.524,812100000.0,374900000.0,437200000.0,812100000.0,0.0,88400000.0,0.0,0.017,0.062,488900000.0,577300000.0,0.122,577300000.0,488900000.0,486800000.0,0.177,0.175,0.177,8693100000.0,,8693100000.0,26540888258.0,14.0,11.631,971300000.0,0.501,1.0,2043400000.0,0.434,660900000.0,2100000.0,7832700000.0,,2357000000.0,1164000000.0,1164000000.0,0.0,4556500000.0,3277000000.0,1279500000.0,27632088258.0,398800000.0,0.0,38200000.0,3300000.0,-121400000.0,-76900000.0,-596300000.0,-489400000.0,1073600000.0,-1600000.0,341700000.0,341700000.0,341700000.0,0.0,0.0,0.073,1589400000.0,454000000.0,1031900000.0,0.35,3.179,18.582,18.595,1957700000.0,0.0,14.262,1.441,1.441,2883900000.0,5451400000.0,4712900000.0,4712900000.0,0.0,,,,,44000000.0,1394700000.0,1.0,1937394444.0,1937394444,,2.433,12588700000.0,1169400000.0,145100000.0,928300000.0,6.498,6457000000.0
50,NKE,MRQ,2009-03-31,2009-02-28,2009-02-28,2021-10-05,191300000.0,12255700000.0,,8998600000.0,3257100000.0,,4.24,-109800000.0,1892100000.0,1892100000.0,2492300000.0,243800000.0,3.148,0.493,800900000.0,363100000.0,437800000.0,800900000.0,0.0,87400000.0,0.0,0.023,0.062,238400000.0,325800000.0,0.073,325800000.0,238400000.0,235400000.0,0.125,0.125,0.125,8210800000.0,,8210800000.0,19175977023.0,9.0,7.918,-85700000.0,-0.044,1.0,1948500000.0,0.439,647900000.0,3000000.0,7658400000.0,,2466600000.0,712100000.0,712100000.0,0.0,4044900000.0,2858200000.0,1186700000.0,20103577023.0,170600000.0,0.0,9400000.0,16200000.0,-121000000.0,-94800000.0,208400000.0,334300000.0,24100000.0,32900000.0,243800000.0,243800000.0,243800000.0,0.0,0.0,0.055,1753400000.0,195100000.0,952000000.0,0.496,2.448,12.29,12.36,1893900000.0,0.0,10.383,1.028,1.028,2892400000.0,5231500000.0,4440800000.0,4440800000.0,0.0,,,,,23700000.0,1352100000.0,1.0,1936294440.0,1936294440,,2.293,11607800000.0,779800000.0,-8400000.0,861000000.0,5.995,6140400000.0
51,NKE,MRQ,2008-12-31,2008-11-30,2008-11-30,2021-10-05,252800000.0,12634700000.0,,8923400000.0,3711300000.0,,4.182,-117300000.0,1721500000.0,1721500000.0,2540100000.0,391000000.0,2.888,0.557,793900000.0,348400000.0,445500000.0,793900000.0,0.0,80700000.0,0.0,0.017,0.058,515600000.0,596300000.0,0.13,596300000.0,515600000.0,520600000.0,0.203,0.2,0.203,8116200000.0,,8116200000.0,24871363353.0,10.0,8.815,163400000.0,0.084,1.0,2050000000.0,0.447,1027000000.0,-5000000.0,7590500000.0,,2419100000.0,1008000000.0,1008000000.0,0.0,4518500000.0,3089600000.0,1428900000.0,25838063353.0,95900000.0,0.0,-136600000.0,107100000.0,-111600000.0,-128400000.0,18000000.0,146400000.0,280700000.0,-74400000.0,391000000.0,391000000.0,391000000.0,0.0,0.0,0.085,1546800000.0,503200000.0,1124100000.0,0.286,3.184,13.923,14.013,1900900000.0,0.0,13.312,1.315,1.315,2737200000.0,5108700000.0,4590100000.0,4590100000.0,0.0,,,,,25100000.0,1546800000.0,1.0,1940887388.0,1940887388,,2.365,11607700000.0,873100000.0,129600000.0,1100500000.0,5.981,5833800000.0
52,NKE,MRQ,2008-09-30,2008-08-31,2008-08-31,2021-10-05,361000000.0,12594800000.0,,8944600000.0,3650200000.0,,4.095,-93600000.0,1625600000.0,1625600000.0,2870100000.0,510500000.0,2.701,0.568,658900000.0,251600000.0,407300000.0,658900000.0,0.0,78500000.0,0.0,0.014,0.058,704100000.0,782600000.0,0.144,782600000.0,704100000.0,714200000.0,0.263,0.258,0.263,8032600000.0,,8032600000.0,28215094412.0,11.0,10.09,264000000.0,0.135,1.0,2562100000.0,0.472,1137500000.0,-10100000.0,7179000000.0,,2453900000.0,966100000.0,966100000.0,0.0,4562200000.0,3311600000.0,1250600000.0,29723894412.0,-508300000.0,0.0,-373000000.0,43400000.0,-113000000.0,-433900000.0,-428100000.0,-319300000.0,357600000.0,-3900000.0,510500000.0,510500000.0,510500000.0,0.0,0.0,0.094,1856400000.0,705700000.0,1205900000.0,0.221,3.7,16.294,16.346,1874800000.0,0.0,15.152,1.532,1.532,3035400000.0,5045900000.0,5432200000.0,5432200000.0,0.0,,,,,78200000.0,1856400000.0,1.0,1961649524.0,1961649524,,2.769,11457300000.0,813700000.0,203700000.0,1057300000.0,5.841,5633000000.0
53,NKE,MRQ,2008-06-30,2008-05-31,2008-05-31,2021-10-05,251400000.0,12442700000.0,,8839300000.0,3603400000.0,,3.971,-155800000.0,2133900000.0,2133900000.0,2756600000.0,490500000.0,2.661,0.59,625100000.0,184000000.0,441100000.0,625100000.0,0.0,79600000.0,0.0,0.012,0.058,637600000.0,717200000.0,0.141,717200000.0,637600000.0,648300000.0,0.25,0.245,0.25,7825300000.0,,7825300000.0,32102791656.0,13.0,11.762,476700000.0,0.242,1.0,2331400000.0,0.458,1191900000.0,-10700000.0,6420500000.0,,2438400000.0,642200000.0,642200000.0,0.0,4617400000.0,3321500000.0,1295900000.0,33686591656.0,-108500000.0,-273100000.0,-199500000.0,-32600000.0,-113400000.0,-319500000.0,-462400000.0,-21800000.0,632500000.0,40900000.0,490500000.0,490500000.0,490500000.0,0.0,0.0,0.096,1686300000.0,645100000.0,1287600000.0,0.232,4.305,17.886,17.992,1891100000.0,0.0,17.093,1.808,1.808,2795300000.0,5073300000.0,5088000000.0,5088000000.0,0.0,,,,,25400000.0,1686300000.0,1.0,1970840524.0,1970840524,,2.582,11250800000.0,747600000.0,157800000.0,942500000.0,5.709,5517800000.0
54,NKE,MRQ,2008-03-31,2008-02-29,2008-02-29,2021-10-05,277000000.0,11788200000.0,,8904700000.0,2883500000.0,,3.828,-90000000.0,2242400000.0,2242400000.0,2496500000.0,463800000.0,3.026,0.548,658600000.0,211900000.0,446700000.0,658600000.0,0.0,75300000.0,0.0,0.013,0.058,650000000.0,725300000.0,0.16,725300000.0,650000000.0,668700000.0,0.235,0.23,0.235,7613200000.0,,7613200000.0,28026189648.0,12.0,10.314,263900000.0,0.133,1.0,2047900000.0,0.451,515200000.0,-18700000.0,6746000000.0,,2390900000.0,684200000.0,684200000.0,0.0,4175000000.0,2943200000.0,1231800000.0,29934789648.0,-228100000.0,-52000000.0,-310000000.0,81600000.0,-114400000.0,-335000000.0,-221800000.0,-80100000.0,353900000.0,-25200000.0,463800000.0,463800000.0,463800000.0,0.0,0.0,0.102,1403200000.0,644700000.0,1004700000.0,0.247,3.932,16.351,16.412,1820000000.0,0.0,15.05,1.67,1.67,2775500000.0,4982700000.0,4544400000.0,4544400000.0,0.0,,,,,25300000.0,1403200000.0,1.0,1989022568.0,1989022568,,2.285,11273000000.0,793300000.0,204900000.0,881200000.0,5.668,5961500000.0
55,NKE,MRQ,2007-12-31,2007-11-30,2007-11-30,2021-10-05,229000000.0,11454600000.0,,8687400000.0,2767200000.0,,3.756,-109900000.0,2470500000.0,2470500000.0,2418400000.0,359400000.0,3.115,0.529,561900000.0,125600000.0,436300000.0,561900000.0,0.0,78700000.0,0.0,0.011,0.046,492500000.0,571200000.0,0.132,571200000.0,492500000.0,515600000.0,0.18,0.177,0.18,7492200000.0,,7492200000.0,31335347110.0,14.0,12.25,520500000.0,0.261,1.0,1921100000.0,0.443,540500000.0,-23100000.0,6216600000.0,,2223700000.0,601000000.0,601000000.0,0.0,3962400000.0,2788900000.0,1173500000.0,32742347110.0,496600000.0,0.0,-173600000.0,-32400000.0,-92300000.0,-284000000.0,105700000.0,224800000.0,630400000.0,44500000.0,359400000.0,359400000.0,359400000.0,0.0,0.0,0.083,1429500000.0,491600000.0,1053500000.0,0.256,4.37,19.061,19.196,1788100000.0,0.0,16.413,1.892,1.892,2617100000.0,4972700000.0,4339500000.0,4339500000.0,0.0,,,,,26500000.0,1429500000.0,1.0,1994964028.0,1994964028,,2.175,10914100000.0,692500000.0,156200000.0,845300000.0,5.471,5898500000.0
56,NKE,MRQ,2007-09-30,2007-08-31,2007-08-31,2021-10-05,204200000.0,11013500000.0,,8341500000.0,2672000000.0,,3.662,-91600000.0,1973900000.0,1973900000.0,2568100000.0,569700000.0,3.189,0.497,566900000.0,146000000.0,420900000.0,566900000.0,0.0,70000000.0,0.0,0.013,0.046,645700000.0,715700000.0,0.154,715700000.0,645700000.0,670300000.0,0.285,0.28,0.285,7354600000.0,,7354600000.0,26973304045.0,12.0,10.839,227900000.0,0.113,1.0,2087000000.0,0.448,540300000.0,-24600000.0,6450800000.0,,2154900000.0,817400000.0,817400000.0,0.0,3658900000.0,2615400000.0,1043500000.0,28288804045.0,117200000.0,0.0,-221600000.0,11900000.0,-92800000.0,-287600000.0,88700000.0,181500000.0,319500000.0,-3400000.0,569700000.0,569700000.0,569700000.0,0.0,0.0,0.122,1434700000.0,652300000.0,971500000.0,0.161,3.846,16.799,16.828,1717600000.0,0.0,14.085,1.685,1.685,2774100000.0,5017600000.0,4655100000.0,4655100000.0,0.0,,,,,63800000.0,1434700000.0,1.0,2008434792.0,2008434792,,2.318,10473200000.0,634400000.0,100600000.0,806300000.0,5.215,5726100000.0
57,NKE,MRQ,2007-06-30,2007-05-31,2007-05-31,2021-10-05,177400000.0,10688300000.0,,8076500000.0,2611800000.0,,3.474,-95900000.0,1856700000.0,1856700000.0,2464200000.0,437900000.0,3.126,0.521,541200000.0,131300000.0,409900000.0,541200000.0,0.0,70500000.0,0.0,0.012,0.046,634600000.0,705100000.0,0.161,705100000.0,634600000.0,658800000.0,0.218,0.215,0.218,7025400000.0,,7025400000.0,27354588521.0,13.0,11.386,868000000.0,0.429,1.0,1919000000.0,0.438,540700000.0,-24200000.0,6248100000.0,,2121900000.0,990300000.0,990300000.0,0.0,3662900000.0,2584000000.0,1078900000.0,28687788521.0,-22500000.0,0.0,-232900000.0,2100000.0,-93500000.0,-316800000.0,-685100000.0,-594100000.0,963900000.0,15500000.0,437900000.0,437900000.0,437900000.0,0.0,0.0,0.1,1272000000.0,647000000.0,1040300000.0,0.211,4.083,19.234,19.172,1678300000.0,0.0,14.188,1.757,1.757,2494700000.0,4885200000.0,4383200000.0,4383200000.0,0.0,,,,,28600000.0,1272000000.0,1.0,2022046768.0,2022046768,,2.168,10147600000.0,612500000.0,220900000.0,777700000.0,5.018,5492500000.0
58,NKE,MRQ,2007-03-31,2007-02-28,2007-02-28,2021-10-05,146100000.0,10218600000.0,,7640100000.0,2578500000.0,,3.397,-34600000.0,1879200000.0,1879200000.0,2191700000.0,350800000.0,3.304,0.492,546000000.0,126600000.0,419400000.0,546000000.0,0.0,63800000.0,0.0,0.012,0.046,502200000.0,566000000.0,0.144,566000000.0,502200000.0,518000000.0,0.172,0.17,0.172,6848000000.0,,6848000000.0,25696406450.0,13.0,11.331,338600000.0,0.168,1.0,1735200000.0,0.442,536900000.0,-15800000.0,6035800000.0,,2167800000.0,390500000.0,390500000.0,0.0,3370600000.0,2312700000.0,1057900000.0,26326006450.0,776300000.0,0.0,9500000.0,76000000.0,-93200000.0,9000000.0,388100000.0,421500000.0,373200000.0,6000000.0,350800000.0,350800000.0,350800000.0,0.0,0.0,0.089,1243300000.0,491900000.0,800900000.0,0.267,3.844,18.989,19.064,1654600000.0,0.0,13.059,1.651,1.651,2532000000.0,4818200000.0,3926900000.0,3926900000.0,0.0,,,,,27400000.0,1243300000.0,1.0,2015966800.0,2015966800,,1.948,9681700000.0,571400000.0,167200000.0,712900000.0,4.803,5327400000.0
59,NKE,MRQ,2006-12-31,2006-11-30,2006-11-30,2021-10-05,142700000.0,9822200000.0,,7209600000.0,2612600000.0,,3.26,-82500000.0,1102900000.0,1102900000.0,2164600000.0,325600000.0,3.155,0.502,473300000.0,89800000.0,383500000.0,473300000.0,0.0,68500000.0,0.0,0.013,0.039,433200000.0,501700000.0,0.131,501700000.0,433200000.0,447300000.0,0.163,0.16,0.163,6538100000.0,,6538100000.0,24248886901.0,12.0,10.681,227300000.0,0.113,1.0,1657100000.0,0.434,537500000.0,-14100000.0,6369900000.0,,2167200000.0,804400000.0,804400000.0,0.0,3284100000.0,2285200000.0,998900000.0,24807386901.0,72200000.0,0.0,3900000.0,-4500000.0,-77700000.0,-51800000.0,-194200000.0,-106800000.0,309800000.0,8400000.0,325600000.0,325600000.0,325600000.0,0.0,0.0,0.085,1223700000.0,433400000.0,880300000.0,0.239,3.794,18.222,18.461,1673000000.0,0.0,12.369,1.587,1.587,2387600000.0,4651200000.0,3821700000.0,3821700000.0,0.0,,,,,29200000.0,1223700000.0,1.0,2005650280.0,2005650280,,1.905,9284700000.0,588300000.0,121700000.0,686100000.0,4.629,4924400000.0
60,NKE,MRQ,2006-09-30,2006-08-31,2006-08-31,2021-10-05,137000000.0,9570500000.0,,6999100000.0,2571400000.0,,3.045,-72200000.0,1030700000.0,1030700000.0,2344900000.0,377200000.0,2.905,0.538,472200000.0,91800000.0,380400000.0,472200000.0,0.0,66900000.0,0.0,0.015,0.039,562700000.0,629600000.0,0.15,629600000.0,562700000.0,575800000.0,0.188,0.185,0.188,6220900000.0,,6220900000.0,20381158713.0,10.0,8.885,159600000.0,0.078,1.0,1849200000.0,0.441,538300000.0,-13100000.0,6064000000.0,,2134300000.0,693900000.0,693900000.0,0.0,3349600000.0,2409700000.0,939900000.0,20625958713.0,76500000.0,0.0,-442800000.0,-234900000.0,-79300000.0,-751900000.0,584100000.0,661800000.0,231800000.0,12500000.0,377200000.0,377200000.0,377200000.0,0.0,0.0,0.09,1289700000.0,559500000.0,867700000.0,0.207,3.316,15.428,15.483,1648700000.0,0.0,10.095,1.349,1.349,2569100000.0,4543100000.0,4194100000.0,4194100000.0,0.0,,,,,62500000.0,1289700000.0,1.0,2043185608.0,2043185608,,2.053,9032200000.0,573200000.0,198600000.0,711700000.0,4.421,4589400000.0
61,NKE,MRQ,2006-06-30,2006-05-31,2006-05-31,2021-10-05,121700000.0,9869600000.0,,7346000000.0,2523600000.0,,3.038,-101200000.0,954200000.0,954200000.0,2252000000.0,332800000.0,2.812,0.57,709400000.0,298700000.0,410700000.0,709400000.0,0.0,75600000.0,0.0,0.014,0.039,494900000.0,570500000.0,0.142,570500000.0,494900000.0,511200000.0,0.162,0.16,0.162,6285200000.0,,6285200000.0,20042773593.0,10.0,8.397,613600000.0,0.297,1.0,1753400000.0,0.438,536300000.0,-16300000.0,6476100000.0,,2076700000.0,1348800000.0,1348800000.0,0.0,3584400000.0,2612400000.0,972000000.0,20769573593.0,-517900000.0,0.0,-213400000.0,-36400000.0,-80100000.0,-329900000.0,-920700000.0,-809100000.0,714800000.0,17900000.0,332800000.0,332800000.0,332800000.0,0.0,0.0,0.083,1236500000.0,516900000.0,952200000.0,0.241,3.305,14.921,14.939,1657700000.0,0.0,10.039,1.389,1.389,2382900000.0,4713400000.0,4005400000.0,4005400000.0,0.0,,,,,16800000.0,1232100000.0,1.0,2068940216.0,2068940216,,1.936,9333300000.0,532900000.0,178400000.0,646500000.0,4.511,4733600000.0
62,NKE,MRQ,2006-03-31,2006-02-28,2006-02-28,2021-10-05,127700000.0,9518200000.0,,7044700000.0,2473500000.0,,3.019,-66800000.0,1472100000.0,1472100000.0,2038700000.0,325800000.0,3.057,0.52,745300000.0,334000000.0,411300000.0,745300000.0,0.0,70200000.0,0.0,0.012,0.039,498200000.0,568400000.0,0.157,568400000.0,498200000.0,506600000.0,0.158,0.155,0.158,6261600000.0,,6261600000.0,22106770358.0,10.0,9.139,148100000.0,0.071,1.0,1574100000.0,0.436,541500000.0,-8400000.0,5945700000.0,,2034200000.0,535000000.0,535000000.0,0.0,3256600000.0,2304200000.0,952400000.0,22499270358.0,337600000.0,0.0,-85600000.0,-2800000.0,-80400000.0,-168800000.0,296200000.0,378600000.0,214900000.0,-4700000.0,325800000.0,325800000.0,325800000.0,0.0,0.0,0.09,1086600000.0,487500000.0,785800000.0,0.247,3.593,15.972,16.023,1598400000.0,0.0,10.848,1.534,1.534,2351600000.0,4718800000.0,3612800000.0,3612800000.0,0.0,,,,,12200000.0,1086600000.0,1.0,2074143384.0,2074143384,,1.742,8976700000.0,448600000.0,180800000.0,596300000.0,4.328,4740500000.0
63,NKE,MRQ,2005-12-31,2005-11-30,2005-11-30,2021-10-05,126800000.0,9144100000.0,,6696500000.0,2447600000.0,,2.919,-106000000.0,1134500000.0,1134500000.0,1963300000.0,301100000.0,3.099,0.504,742000000.0,333700000.0,408300000.0,742000000.0,0.0,67300000.0,0.0,0.012,0.031,458100000.0,525400000.0,0.151,525400000.0,458100000.0,463800000.0,0.145,0.142,0.145,6081500000.0,,6081500000.0,21372507802.0,10.0,9.154,370500000.0,0.178,1.0,1511400000.0,0.435,539300000.0,-5700000.0,6051200000.0,,1892700000.0,920000000.0,920000000.0,0.0,3062600000.0,2161100000.0,901500000.0,22212707802.0,-454400000.0,0.0,-161300000.0,12400000.0,-65100000.0,-214000000.0,-721400000.0,-613400000.0,476500000.0,4500000.0,301100000.0,301100000.0,301100000.0,0.0,0.0,0.087,1054700000.0,456700000.0,797100000.0,0.214,3.653,16.377,16.404,1585800000.0,0.0,10.662,1.546,1.546,2166200000.0,4599200000.0,3474700000.0,3474700000.0,0.0,,,,,21100000.0,1054700000.0,1.0,2083255128.0,2083255128,,1.668,8604800000.0,409400000.0,162700000.0,564000000.0,4.13,4535400000.0
64,NKE,MRQ,2005-09-30,2005-08-31,2005-08-31,2021-10-05,105800000.0,9115700000.0,,6666300000.0,2449400000.0,,2.849,-58100000.0,1588900000.0,1588900000.0,2113900000.0,432300000.0,2.985,0.529,748700000.0,320300000.0,428400000.0,748700000.0,0.0,68900000.0,0.0,0.012,0.031,653600000.0,722500000.0,0.187,722500000.0,653600000.0,660000000.0,0.207,0.201,0.207,5963800000.0,,5963800000.0,20022270899.0,10.0,8.799,203600000.0,0.097,1.0,1748100000.0,0.453,540100000.0,-6400000.0,5501900000.0,,1850600000.0,304200000.0,304200000.0,0.0,3151900000.0,2233500000.0,918400000.0,20647070899.0,200800000.0,0.0,-75500000.0,2600000.0,-65300000.0,-138200000.0,69300000.0,134000000.0,261700000.0,8000000.0,432300000.0,432300000.0,432300000.0,0.0,0.0,0.112,1104400000.0,643700000.0,768500000.0,0.15,3.462,15.676,15.682,1581200000.0,0.0,9.864,1.471,1.471,2390600000.0,4614700000.0,3862000000.0,3862000000.0,0.0,,,,,15900000.0,1104400000.0,1.0,2093227312.0,2093227312,,1.845,8575600000.0,434400000.0,227700000.0,637800000.0,4.097,4432800000.0
65,NKE,MRQ,2005-06-30,2005-05-31,2005-05-31,2021-10-05,73400000.0,8793600000.0,,6351100000.0,2442500000.0,,2.687,-75700000.0,1388100000.0,1388100000.0,2038700000.0,349500000.0,3.177,0.558,763300000.0,76000000.0,687300000.0,763300000.0,0.0,68300000.0,0.0,0.011,0.031,534300000.0,602600000.0,0.162,602600000.0,534300000.0,537900000.0,0.168,0.163,0.168,5644200000.0,,5644200000.0,21156476813.0,11.0,9.971,413900000.0,0.197,1.0,1682700000.0,0.452,541500000.0,-3600000.0,5628100000.0,,1811100000.0,436600000.0,436600000.0,0.0,3149400000.0,1999200000.0,1150200000.0,21579876813.0,165600000.0,0.0,-143600000.0,-23500000.0,-65500000.0,-232600000.0,-97400000.0,-17400000.0,489600000.0,6000000.0,349500000.0,349500000.0,349500000.0,0.0,0.0,0.094,1139200000.0,543500000.0,775000000.0,0.185,3.823,17.811,17.777,1605800000.0,0.0,10.275,1.571,1.571,2262100000.0,4396500000.0,3721400000.0,3721400000.0,0.0,,,,,7700000.0,1139200000.0,1.0,2100231320.0,2100231320,,1.772,8252100000.0,405400000.0,188400000.0,557600000.0,3.929,4351900000.0
66,NKE,MRQ,2005-03-31,2005-02-28,2005-02-28,2021-10-05,18600000.0,8652100000.0,,6198700000.0,2453400000.0,,2.569,-55700000.0,1222500000.0,1222500000.0,1849400000.0,273400000.0,3.0,0.594,799100000.0,107700000.0,691400000.0,799100000.0,0.0,71100000.0,0.0,0.01,0.031,413300000.0,484400000.0,0.146,484400000.0,413300000.0,413400000.0,0.13,0.126,0.13,5427100000.0,,5427100000.0,22628407674.0,13.0,11.014,269900000.0,0.128,1.0,1458800000.0,0.441,538600000.0,-100000.0,5624100000.0,,1727000000.0,418300000.0,418300000.0,0.0,3225000000.0,2066000000.0,1159000000.0,22960307674.0,40700000.0,0.0,-156100000.0,-44200000.0,-66000000.0,-266300000.0,-6100000.0,58300000.0,325600000.0,-12500000.0,273400000.0,273400000.0,273400000.0,0.0,0.0,0.083,1035700000.0,423100000.0,684200000.0,0.238,4.231,19.673,19.619,1625500000.0,0.0,10.869,1.7,1.7,2304900000.0,4262700000.0,3308200000.0,3308200000.0,0.0,,,,,23600000.0,1035700000.0,1.0,2112506744.0,2112506744,,1.566,8113500000.0,459800000.0,140000000.0,650000000.0,3.841,4132700000.0
67,NKE,MRQ,2004-12-31,2004-11-30,2004-11-30,2021-10-05,-2600000.0,8558300000.0,,6050700000.0,2507600000.0,,2.544,-66100000.0,1181800000.0,1181800000.0,1760200000.0,261900000.0,3.021,0.602,849900000.0,150900000.0,699000000.0,849900000.0,0.0,59400000.0,0.0,0.009,0.025,406700000.0,466100000.0,0.148,466100000.0,406700000.0,403000000.0,0.124,0.121,0.124,5342300000.0,,5342300000.0,22085538547.0,13.0,11.321,321000000.0,0.153,1.0,1388100000.0,0.441,543200000.0,3700000.0,5680000000.0,,1692400000.0,476200000.0,476200000.0,0.0,3216000000.0,2003200000.0,1212800000.0,22221338547.0,249700000.0,0.0,50500000.0,29500000.0,-52600000.0,27400000.0,-184500000.0,-110800000.0,387100000.0,19700000.0,261900000.0,261900000.0,261900000.0,0.0,0.0,0.083,973200000.0,414900000.0,650700000.0,0.202,4.16,20.312,20.39,1623500000.0,0.0,10.582,1.696,1.696,2125800000.0,4252000000.0,3148300000.0,3148300000.0,0.0,,,,,23300000.0,973200000.0,1.0,2099819376.0,2099819376,,1.499,8015100000.0,525100000.0,141100000.0,694300000.0,3.817,4047500000.0
68,NKE,MRQ,2004-09-30,2004-08-31,2004-08-31,2021-10-05,-43100000.0,8052900000.0,,5621100000.0,2431800000.0,,2.384,-52400000.0,932100000.0,932100000.0,1976000000.0,326800000.0,2.946,0.603,796300000.0,103900000.0,692400000.0,796300000.0,0.0,58400000.0,0.0,0.01,0.025,510300000.0,568700000.0,0.16,568700000.0,510300000.0,505500000.0,0.155,0.151,0.155,5022100000.0,,5022100000.0,19841015966.0,13.0,10.844,316000000.0,0.15,1.0,1585800000.0,0.445,545100000.0,4800000.0,5464100000.0,,1645800000.0,365400000.0,365400000.0,0.0,3030800000.0,1907900000.0,1122900000.0,19834015966.0,104100000.0,-47200000.0,-80200000.0,-52700000.0,-52600000.0,-185500000.0,-72400000.0,34600000.0,368400000.0,-6400000.0,326800000.0,326800000.0,326800000.0,0.0,0.0,0.092,1073600000.0,512200000.0,688800000.0,0.161,3.949,19.614,19.612,1578800000.0,0.0,9.414,1.551,1.551,2175700000.0,4104000000.0,3561800000.0,3561800000.0,0.0,,,,,13400000.0,1073600000.0,1.0,2106919768.0,2106919768,,1.691,7507800000.0,445800000.0,178700000.0,630500000.0,3.563,3713200000.0
69,NKE,MRQ,2004-06-30,2004-05-31,2004-05-31,2021-10-05,-86300000.0,7908700000.0,,5528600000.0,2380100000.0,,2.264,-63000000.0,828000000.0,828000000.0,1958400000.0,305000000.0,2.723,0.654,835000000.0,152600000.0,682400000.0,835000000.0,0.0,64000000.0,0.0,0.01,0.025,471400000.0,535400000.0,0.154,535400000.0,471400000.0,467500000.0,0.145,0.141,0.145,4781700000.0,,4781700000.0,18734102733.0,13.0,10.828,480100000.0,0.227,1.0,1528700000.0,0.438,501700000.0,3900000.0,5383500000.0,,1650200000.0,400800000.0,400800000.0,0.0,3127000000.0,2030500000.0,1096500000.0,18783102733.0,-86700000.0,0.0,-114600000.0,-900000.0,-52900000.0,-168400000.0,-483300000.0,-400800000.0,543100000.0,21900000.0,305000000.0,305000000.0,305000000.0,0.0,0.0,0.087,1112600000.0,416100000.0,780400000.0,0.172,3.928,19.864,19.808,1611800000.0,0.0,8.894,1.533,1.533,2120200000.0,3982900000.0,3487100000.0,3487100000.0,0.0,,,,,16300000.0,1037900000.0,1.0,2111944088.0,2111944088,,1.651,7407000000.0,431600000.0,162500000.0,532000000.0,3.507,3498100000.0
70,NKE,MRQ,2004-03-31,2004-02-29,2004-02-29,2021-10-05,-139800000.0,7604300000.0,,5199600000.0,2404700000.0,,2.168,-55400000.0,914700000.0,914700000.0,1682100000.0,200300000.0,2.674,0.666,865700000.0,171400000.0,694300000.0,865700000.0,0.0,68000000.0,0.0,0.009,0.025,312700000.0,380700000.0,0.131,380700000.0,312700000.0,307200000.0,0.095,0.092,0.095,4563200000.0,,4563200000.0,19302987878.0,14.0,11.792,147000000.0,0.07,1.0,1221900000.0,0.421,500700000.0,5500000.0,5110000000.0,,1667600000.0,0.0,0.0,0.0,3041100000.0,1944600000.0,1096500000.0,19273787878.0,-54200000.0,-200000.0,28600000.0,-146000000.0,-52600000.0,-170000000.0,-83600000.0,0.0,202400000.0,-3000000.0,200300000.0,200300000.0,200300000.0,0.0,0.0,0.069,892000000.0,329900000.0,567000000.0,0.263,4.224,21.734,21.801,1611400000.0,0.0,9.156,1.64,1.64,2033900000.0,3898400000.0,2904000000.0,2904000000.0,0.0,,,,,11500000.0,892000000.0,1.0,2104987072.0,2104987072,,1.38,7103600000.0,511100000.0,106900000.0,559800000.0,3.375,3255000000.0
71,NKE,MRQ,2003-12-31,2003-11-30,2003-11-30,2021-10-05,-159600000.0,7376500000.0,,5020800000.0,2355700000.0,,2.08,-44400000.0,968900000.0,968900000.0,1637500000.0,179100000.0,2.515,0.689,998100000.0,348500000.0,649600000.0,998100000.0,0.0,62000000.0,0.0,0.008,0.018,282800000.0,344800000.0,0.122,344800000.0,282800000.0,274700000.0,0.085,0.083,0.085,4367300000.0,,4367300000.0,17625385148.0,14.0,11.652,378600000.0,0.18,1.0,1199600000.0,0.423,500800000.0,8100000.0,4908900000.0,,1592000000.0,0.0,0.0,0.0,3009200000.0,1996000000.0,1013200000.0,17647685148.0,-28900000.0,-288900000.0,-4200000.0,-69900000.0,-36800000.0,-110900000.0,-341400000.0,0.0,423000000.0,400000.0,179100000.0,179100000.0,179100000.0,0.0,0.0,0.063,902500000.0,297100000.0,533100000.0,0.212,4.041,21.755,21.891,1606000000.0,0.0,8.406,1.569,1.569,2010400000.0,3803700000.0,2837100000.0,2837100000.0,0.0,,,,,16500000.0,902500000.0,1.0,2099352880.0,2099352880,,1.351,6875700000.0,461600000.0,95600000.0,485000000.0,3.275,3024800000.0
72,NKE,MRQ,2003-09-30,2003-08-31,2003-08-31,2021-10-05,-165900000.0,7018600000.0,,5048200000.0,1970400000.0,,1.999,-40400000.0,997800000.0,997800000.0,1723400000.0,261200000.0,2.481,0.664,975500000.0,443200000.0,532300000.0,975500000.0,0.0,61200000.0,0.0,0.01,0.018,408100000.0,469300000.0,0.155,469300000.0,408100000.0,400600000.0,0.124,0.122,0.124,4217100000.0,,4217100000.0,15226211582.0,12.0,10.41,309600000.0,0.147,1.0,1301500000.0,0.43,183600000.0,7500000.0,4778000000.0,,1480500000.0,0.0,0.0,0.0,2801500000.0,2034700000.0,766800000.0,15027511582.0,363800000.0,0.0,-76000000.0,163700000.0,-36900000.0,50800000.0,-42300000.0,0.0,350000000.0,5300000.0,261200000.0,261200000.0,261200000.0,0.0,0.0,0.086,869600000.0,431900000.0,520100000.0,0.145,3.563,19.165,19.25,1563900000.0,0.0,7.122,1.375,1.375,2085500000.0,3775900000.0,3024900000.0,3024900000.0,0.0,,,,,2900000.0,869600000.0,1.0,2109864736.0,2109864736,,1.434,6835000000.0,398000000.0,139400000.0,426400000.0,3.24,3013500000.0
73,NKE,MRQ,2003-06-30,2003-05-31,2003-05-31,2021-10-05,-239700000.0,6821100000.0,,4787100000.0,2034000000.0,,1.89,-42100000.0,634000000.0,634000000.0,1744900000.0,246200000.0,2.369,0.709,832700000.0,281100000.0,551600000.0,832700000.0,0.0,62800000.0,0.0,0.009,0.018,379300000.0,442100000.0,0.148,442100000.0,379300000.0,371900000.0,0.116,0.115,0.116,3990700000.0,,3990700000.0,15302318582.0,17.0,13.602,449400000.0,0.213,1.0,1240200000.0,0.415,183800000.0,7400000.0,4815400000.0,,1514900000.0,0.0,0.0,0.0,2830400000.0,2020600000.0,809800000.0,14780518582.0,190800000.0,0.0,-41800000.0,-144400000.0,-37000000.0,-223200000.0,-47400000.0,0.0,491500000.0,-30100000.0,246200000.0,246200000.0,246200000.0,0.0,0.0,0.082,907000000.0,333200000.0,572700000.0,0.155,3.704,31.183,31.244,1620800000.0,0.0,6.999,1.382,1.382,2083900000.0,3639200000.0,2985100000.0,2985100000.0,0.0,,,,,9900000.0,829500000.0,1.0,2111879776.0,2111879776,,1.413,6637300000.0,451200000.0,125700000.0,388500000.0,3.143,2766500000.0
74,NKE,MRQ,2003-03-31,2003-02-28,2003-02-28,2021-10-05,-224400000.0,6401000000.0,,4347000000.0,2054000000.0,,1.813,-49600000.0,443200000.0,443200000.0,1424900000.0,124700000.0,2.343,0.669,965000000.0,422200000.0,542800000.0,965000000.0,0.0,62100000.0,0.0,0.011,0.018,194400000.0,256500000.0,0.107,256500000.0,194400000.0,187400000.0,0.059,0.059,0.059,3835200000.0,,3835200000.0,12704274687.0,16.0,12.053,-19100000.0,-0.009,1.0,976000000.0,0.407,183900000.0,7000000.0,4883700000.0,,1519200000.0,0.0,0.0,0.0,2565800000.0,1855200000.0,710600000.0,12262774687.0,-112600000.0,0.0,-24300000.0,-45900000.0,-37000000.0,-107200000.0,-60600000.0,0.0,30500000.0,24700000.0,124700000.0,124700000.0,124700000.0,0.0,0.0,0.052,758100000.0,217900000.0,467500000.0,0.305,3.197,28.113,28.137,1615100000.0,0.0,5.796,1.18,1.18,1949400000.0,3505100000.0,2400900000.0,2400900000.0,0.0,,,,,400000.0,758100000.0,1.0,2115639368.0,2115639368,,1.135,6217100000.0,445800000.0,62700000.0,222800000.0,2.939,2491800000.0
75,NKE,MRQ,2002-12-31,2002-11-30,2002-11-30,2021-10-05,-219800000.0,6263400000.0,,4212300000.0,2051100000.0,,1.778,-40500000.0,555800000.0,555800000.0,1504600000.0,152000000.0,2.638,0.66,997300000.0,267200000.0,730100000.0,997300000.0,0.0,58000000.0,0.0,0.011,0.015,236700000.0,294700000.0,0.117,294700000.0,236700000.0,229600000.0,0.071,0.071,0.071,3773500000.0,,3773500000.0,12408547087.0,15.0,11.755,185400000.0,0.087,1.0,1010100000.0,0.402,183900000.0,7100000.0,4924300000.0,,1386900000.0,0.0,0.0,0.0,2489900000.0,1596700000.0,893200000.0,11879247087.0,125800000.0,0.0,-37800000.0,42800000.0,-31900000.0,-26900000.0,-57500000.0,0.0,225900000.0,-15700000.0,152000000.0,152000000.0,152000000.0,0.0,0.0,0.06,761900000.0,248200000.0,469500000.0,0.211,3.148,27.134,27.172,1601900000.0,0.0,5.598,1.159,1.159,1890700000.0,3443300000.0,2514700000.0,2514700000.0,0.0,,,,,1100000.0,761900000.0,1.0,2122241552.0,2122241552,,1.185,6079500000.0,429400000.0,77600000.0,212500000.0,2.865,2615600000.0
76,NKE,MRQ,2002-09-30,2002-08-31,2002-08-31,2021-10-05,-241300000.0,6355900000.0,,4304300000.0,2051600000.0,,1.72,-38900000.0,430000000.0,430000000.0,1639200000.0,-48900000.0,2.409,0.731,959300000.0,223000000.0,736300000.0,959300000.0,0.0,56400000.0,0.0,0.008,0.015,75200000.0,131600000.0,0.047,131600000.0,75200000.0,68000000.0,-0.022,-0.022,-0.022,3672500000.0,,3672500000.0,12053852146.0,15.0,11.755,135200000.0,0.063,1.0,1157100000.0,0.414,184800000.0,7200000.0,4913800000.0,,1424800000.0,0.0,0.0,0.0,2683400000.0,1786600000.0,896800000.0,11522952146.0,-145500000.0,0.0,-48200000.0,-169100000.0,-31900000.0,-249200000.0,-50100000.0,0.0,174100000.0,-20300000.0,-48900000.0,-48900000.0,-48900000.0,0.0,0.0,-0.017,804800000.0,352300000.0,486600000.0,-0.682,3.138,27.759,27.679,1625800000.0,0.0,5.397,1.144,1.144,2028000000.0,3370900000.0,2796300000.0,2796300000.0,0.0,,,,,1100000.0,804800000.0,1.0,2134868392.0,2134868392,,1.31,6171100000.0,412600000.0,116900000.0,319700000.0,2.891,2517700000.0
77,NKE,MRQ,2002-06-30,2002-05-31,2002-05-31,2021-10-05,-192400000.0,6440000000.0,,4154700000.0,2285300000.0,,1.788,-105800000.0,575500000.0,575500000.0,1601700000.0,208400000.0,2.266,0.678,1106400000.0,480500000.0,625900000.0,1106400000.0,0.0,59500000.0,0.0,0.007,0.015,311700000.0,371200000.0,0.138,371200000.0,311700000.0,315100000.0,0.099,0.096,0.099,3839000000.0,,3839000000.0,15226796999.0,15.0,11.991,472300000.0,0.22,1.0,1080500000.0,0.403,438700000.0,-3400000.0,4699000000.0,,1373800000.0,0.0,0.0,0.0,2601000000.0,1833200000.0,767800000.0,14428396999.0,225900000.0,0.0,-143100000.0,-55100000.0,-32300000.0,-230500000.0,-103800000.0,0.0,578100000.0,-17900000.0,208400000.0,208400000.0,208400000.0,0.0,0.0,0.078,768800000.0,311700000.0,504400000.0,0.152,3.758,21.752,21.673,1614500000.0,0.0,6.719,1.458,1.458,1804100000.0,3495000000.0,2682200000.0,2682200000.0,0.0,,,,,2600000.0,779400000.0,1.0,2147482344.0,2147482344,,1.249,6001300000.0,372900000.0,106700000.0,224600000.0,2.795,2321500000.0
78,NKE,MRQ,2002-03-31,2002-02-28,2002-02-28,2021-10-05,-130300000.0,6245000000.0,,3950700000.0,2294300000.0,,1.804,-47800000.0,349600000.0,349600000.0,1376800000.0,126300000.0,2.418,0.615,1148000000.0,532800000.0,615200000.0,1148000000.0,0.0,57000000.0,0.0,0.006,0.015,201100000.0,258100000.0,0.114,258100000.0,201100000.0,189000000.0,0.059,0.058,0.059,3867900000.0,,3867900000.0,16539233845.0,17.0,13.578,9000000.0,0.004,1.0,883500000.0,0.391,387200000.0,12100000.0,5022100000.0,,1432600000.0,0.0,0.0,0.0,2377100000.0,1634100000.0,743000000.0,15776033845.0,-110200000.0,0.0,9500000.0,-62600000.0,-32200000.0,-85300000.0,-92800000.0,0.0,56800000.0,11100000.0,126300000.0,126300000.0,126300000.0,0.0,0.0,0.056,682400000.0,201100000.0,372900000.0,0.254,4.079,25.548,25.726,1587100000.0,0.0,7.357,1.627,1.627,1814300000.0,3497100000.0,2260300000.0,2260300000.0,0.0,,,,,4100000.0,682500000.0,1.0,2144211192.0,2144211192,,1.054,5857800000.0,413800000.0,62700000.0,185000000.0,2.732,2316600000.0
79,NKE,MRQ,2001-12-31,2001-11-30,2001-11-30,2021-10-05,-110000000.0,6192700000.0,,3898900000.0,2293800000.0,,1.755,-57500000.0,459800000.0,459800000.0,1441400000.0,129300000.0,2.325,0.642,1223000000.0,599000000.0,624000000.0,1223000000.0,0.0,53300000.0,0.0,0.007,0.0,211200000.0,264500000.0,0.113,264500000.0,211200000.0,198900000.0,0.06,0.06,0.06,3771700000.0,,3771700000.0,15113063345.0,16.0,12.87,154400000.0,0.072,1.0,895400000.0,0.383,391000000.0,12300000.0,4887600000.0,,1435800000.0,0.0,0.0,0.0,2421000000.0,1677300000.0,743700000.0,14234363345.0,94900000.0,0.0,-33200000.0,-8500000.0,-32200000.0,-73900000.0,-54400000.0,0.0,211900000.0,11300000.0,129300000.0,129300000.0,129300000.0,0.0,0.0,0.055,684200000.0,211200000.0,379200000.0,0.0,3.774,24.183,24.263,1627000000.0,0.0,6.624,1.482,1.482,1659900000.0,3414900000.0,2336800000.0,2336800000.0,0.0,,,,,5100000.0,677700000.0,1.0,2148988616.0,2148988616,,1.087,5801700000.0,376700000.0,69600000.0,193000000.0,2.7,2221600000.0
80,NKE,MRQ,2001-09-30,2001-08-31,2001-08-31,2021-10-05,-120100000.0,6278100000.0,,3981000000.0,2297100000.0,,1.709,-56100000.0,364900000.0,364900000.0,1584800000.0,199200000.0,2.147,0.705,1243600000.0,605600000.0,638000000.0,1243600000.0,0.0,53700000.0,0.0,0.01,0.015,322200000.0,375900000.0,0.144,375900000.0,322200000.0,309200000.0,0.092,0.091,0.092,3681200000.0,,3681200000.0,14454619700.0,15.0,12.45,179300000.0,0.083,1.0,1028900000.0,0.394,394200000.0,13000000.0,4908600000.0,,1486800000.0,0.0,0.0,0.0,2596900000.0,1854000000.0,742900000.0,13462019700.0,60900000.0,0.0,-600000.0,-57300000.0,-32200000.0,-90100000.0,-51800000.0,0.0,235400000.0,-32600000.0,199200000.0,199200000.0,199200000.0,0.0,0.0,0.076,701700000.0,327200000.0,445000000.0,0.163,3.657,23.263,23.321,1638600000.0,0.0,6.25,1.422,1.422,1784100000.0,3341800000.0,2613700000.0,2613700000.0,0.0,,,,,2100000.0,696200000.0,1.0,2153923152.0,2153923152,,1.213,5883900000.0,389600000.0,110000000.0,214700000.0,2.732,2127000000.0
81,NKE,MRQ,2001-06-30,2001-05-31,2001-05-31,2021-10-05,-152100000.0,5819600000.0,,3625300000.0,2194300000.0,,1.611,-85100000.0,304000000.0,304000000.0,1546800000.0,162700000.0,2.029,0.665,1296600000.0,860700000.0,435900000.0,1296600000.0,0.0,52800000.0,0.0,0.012,0.015,266800000.0,319600000.0,0.129,319600000.0,266800000.0,254200000.0,0.075,0.075,0.075,3494500000.0,,3494500000.0,12292629128.0,13.0,10.44,213900000.0,0.099,1.0,936500000.0,0.377,397300000.0,12600000.0,4628200000.0,,1424100000.0,0.0,0.0,0.0,2325100000.0,1786700000.0,538400000.0,11146229128.0,118100000.0,0.0,-86400000.0,-24000000.0,-32500000.0,-142900000.0,-96400000.0,0.0,299000000.0,58400000.0,162700000.0,162700000.0,162700000.0,0.0,0.0,0.066,635600000.0,300900000.0,432000000.0,0.2,3.19,18.902,18.819,1618800000.0,0.0,5.138,1.175,1.175,1621400000.0,3194300000.0,2483300000.0,2483300000.0,0.0,,,,,2900000.0,655300000.0,1.0,2169582312.0,2169582312,,1.145,5422300000.0,291500000.0,91500000.0,124100000.0,2.499,1838600000.0
82,NKE,MRQ,2001-03-31,2001-02-28,2001-02-28,2021-10-05,-123400000.0,5966200000.0,,3660800000.0,2305400000.0,,1.602,-74500000.0,185900000.0,185900000.0,1341500000.0,97400000.0,1.882,0.726,1332300000.0,879400000.0,452900000.0,1332300000.0,0.0,52100000.0,0.0,0.012,0.015,162200000.0,214300000.0,0.099,214300000.0,162200000.0,148200000.0,0.045,0.044,0.045,3455700000.0,,3455700000.0,11595011935.0,13.0,10.393,-23000000.0,-0.011,1.0,828600000.0,0.382,400600000.0,14000000.0,4767000000.0,,1505400000.0,0.0,0.0,0.0,2510500000.0,1945000000.0,565500000.0,10530011935.0,-139600000.0,0.0,9500000.0,-44900000.0,-32400000.0,-67800000.0,-100400000.0,0.0,51500000.0,-22900000.0,97400000.0,97400000.0,97400000.0,0.0,0.0,0.045,666400000.0,162200000.0,482600000.0,0.333,3.047,19.042,19.067,1621600000.0,0.0,4.881,1.135,1.135,1669700000.0,3159900000.0,2170100000.0,2170100000.0,0.0,,,,,29500000.0,660200000.0,1.0,2157236760.0,2157236760,,1.006,5565600000.0,395900000.0,50800000.0,209200000.0,2.58,1715800000.0
83,NKE,MRQ,2000-12-31,2000-11-30,2000-11-30,2021-10-05,-142900000.0,5777500000.0,,3504700000.0,2272800000.0,,1.551,-76400000.0,325500000.0,325500000.0,1327300000.0,119400000.0,1.897,0.724,1390500000.0,924300000.0,466200000.0,1390500000.0,0.0,46500000.0,0.0,0.011,0.015,204700000.0,251200000.0,0.114,251200000.0,204700000.0,188000000.0,0.055,0.055,0.055,3351400000.0,,3351400000.0,12606154805.0,13.0,10.578,53700000.0,0.025,1.0,871400000.0,0.396,404200000.0,16700000.0,4591100000.0,,1373600000.0,0.0,0.0,0.0,2426100000.0,1847200000.0,578900000.0,11514254805.0,-81600000.0,0.0,-26800000.0,-107600000.0,-32400000.0,-166800000.0,-82100000.0,0.0,130100000.0,37200000.0,119400000.0,119400000.0,119400000.0,0.0,0.0,0.054,666700000.0,204700000.0,335500000.0,0.273,3.436,19.162,19.168,1609800000.0,0.0,5.329,1.242,1.242,1509100000.0,3113800000.0,2198700000.0,2198700000.0,0.0,,,,,0.0,673100000.0,1.0,2160779696.0,2160779696,,1.018,5373300000.0,372000000.0,68600000.0,180200000.0,2.487,1657500000.0
84,NKE,MRQ,2000-09-30,2000-08-31,2000-08-31,2021-10-05,-127600000.0,6191100000.0,,3936000000.0,2255100000.0,,1.53,-68900000.0,407100000.0,407100000.0,1569200000.0,210200000.0,1.699,0.875,1499000000.0,1031900000.0,467100000.0,1499000000.0,0.0,46000000.0,0.0,0.012,0.015,346400000.0,392400000.0,0.149,392400000.0,346400000.0,331000000.0,0.098,0.096,0.098,3302700000.0,,3302700000.0,11867302523.0,12.0,10.159,107000000.0,0.05,1.0,1067500000.0,0.405,407100000.0,15400000.0,4559500000.0,,1469200000.0,0.0,0.0,0.0,2888400000.0,2316400000.0,572000000.0,10677002523.0,152800000.0,0.0,2700000.0,57300000.0,-32400000.0,27600000.0,-63400000.0,0.0,175900000.0,12700000.0,210200000.0,210200000.0,210200000.0,0.0,0.0,0.08,721100000.0,346400000.0,589600000.0,0.153,3.233,18.127,18.256,1587900000.0,0.0,4.947,1.169,1.169,1703700000.0,3058900000.0,2636700000.0,2636700000.0,0.0,,,,,0.0,701100000.0,1.0,2158060136.0,2158060136,,1.222,5784000000.0,373300000.0,120800000.0,209200000.0,2.68,1619600000.0
85,NKE,MRQ,2000-06-30,2000-05-31,2000-05-31,2021-10-05,-111100000.0,5856900000.0,,3596400000.0,2260500000.0,,1.434,-81300000.0,254300000.0,254300000.0,1344800000.0,126000000.0,1.681,0.868,1444600000.0,974300000.0,470300000.0,1444600000.0,0.0,49700000.0,0.0,0.011,0.015,208100000.0,257800000.0,0.113,257800000.0,208100000.0,193700000.0,0.059,0.057,0.059,3136000000.0,,3136000000.0,12778003922.0,13.0,11.09,180600000.0,0.083,1.0,927900000.0,0.408,410900000.0,14400000.0,4496300000.0,,1446000000.0,0.0,0.0,0.0,2720900000.0,2140000000.0,580900000.0,11621703922.0,94900000.0,0.0,-168200000.0,121400000.0,-32600000.0,-79400000.0,-91200000.0,0.0,261900000.0,3600000.0,126000000.0,126000000.0,126000000.0,0.0,0.0,0.055,699100000.0,228800000.0,543800000.0,0.254,3.706,20.069,20.2,1583400000.0,0.0,5.312,1.292,1.292,1569400000.0,2887000000.0,2272700000.0,2272700000.0,0.0,,,,,14900000.0,722600000.0,1.0,2187614856.0,2187614856,,1.039,5446000000.0,377700000.0,67700000.0,110300000.0,2.489,1456400000.0
86,NKE,MRQ,2000-03-31,2000-02-29,2000-02-29,2021-10-05,-78600000.0,5777700000.0,,3483300000.0,2294400000.0,,1.451,-74800000.0,159400000.0,159400000.0,1286400000.0,145300000.0,1.725,0.803,1315700000.0,852800000.0,462900000.0,1315700000.0,0.0,47300000.0,0.0,0.017,0.015,243000000.0,290300000.0,0.134,290300000.0,243000000.0,229100000.0,0.066,0.065,0.066,3203800000.0,,3203800000.0,8688087205.0,9.0,7.85,-203200000.0,-0.092,1.0,875200000.0,0.405,413600000.0,13900000.0,4501000000.0,,1388900000.0,0.0,0.0,0.0,2573900000.0,2019400000.0,554500000.0,7849587205.0,-93600000.0,0.0,-110300000.0,233500000.0,-33000000.0,90200000.0,-100000000.0,0.0,-128400000.0,44600000.0,145300000.0,145300000.0,145300000.0,0.0,0.0,0.067,632200000.0,243000000.0,474900000.0,0.227,2.45,14.34,14.51,1553200000.0,0.0,3.555,0.882,0.882,1637100000.0,2928700000.0,2161600000.0,2161600000.0,0.0,,,,,0.0,632400000.0,1.0,2208041408.0,2208041408,,0.979,5364100000.0,439500000.0,83800000.0,143800000.0,2.429,1463900000.0
87,NKE,MRQ,1999-12-31,1999-11-30,1999-11-30,2021-10-05,-84400000.0,5559400000.0,,3285600000.0,2273800000.0,,1.434,-68900000.0,253000000.0,253000000.0,1238000000.0,107500000.0,1.839,0.731,1091500000.0,619100000.0,472400000.0,1091500000.0,0.0,47500000.0,0.0,0.01,0.015,180100000.0,227600000.0,0.111,227600000.0,180100000.0,173400000.0,0.049,0.048,0.049,3212300000.0,,3212300000.0,13657487748.0,15.0,12.629,173800000.0,0.078,1.0,821700000.0,0.399,417300000.0,6700000.0,4193800000.0,,1251700000.0,0.0,0.0,0.0,2347100000.0,1786800000.0,560300000.0,12881887748.0,26800000.0,0.0,-218900000.0,79200000.0,-33600000.0,-173300000.0,-70200000.0,0.0,242700000.0,27600000.0,107500000.0,107500000.0,107500000.0,0.0,0.0,0.052,641600000.0,180100000.0,491400000.0,0.306,4.01,24.476,24.573,1549000000.0,0.0,5.75,1.444,1.444,1510000000.0,2941100000.0,2059700000.0,2059700000.0,0.0,,,,,0.0,624800000.0,1.0,2240328304.0,2240328304,,0.919,5142100000.0,417100000.0,65900000.0,187600000.0,2.295,1498800000.0
88,NKE,MRQ,1999-09-30,1999-08-31,1999-08-31,2021-10-05,-80400000.0,5704300000.0,,3457300000.0,2247000000.0,,1.485,-169600000.0,226200000.0,226200000.0,1534700000.0,200200000.0,1.912,0.701,1001800000.0,539600000.0,462200000.0,1001800000.0,0.0,43500000.0,0.0,0.01,0.015,332900000.0,376400000.0,0.15,376400000.0,332900000.0,322900000.0,0.089,0.087,0.089,3353000000.0,,3353000000.0,13802014731.0,16.0,13.498,153800000.0,0.068,1.0,966400000.0,0.386,422500000.0,10000000.0,4249600000.0,,1229400000.0,0.0,0.0,0.0,2351300000.0,1807800000.0,543500000.0,13193914731.0,28100000.0,0.0,-125000000.0,69300000.0,-33900000.0,-89600000.0,-178600000.0,0.0,323400000.0,-27100000.0,200200000.0,200200000.0,200200000.0,0.0,0.0,0.08,633500000.0,332900000.0,488000000.0,0.169,3.935,27.053,27.18,1525400000.0,0.0,5.844,1.504,1.504,1701200000.0,3094600000.0,2501100000.0,2501100000.0,0.0,,,,,0.0,626500000.0,1.0,2257782200.0,2257782200,,1.108,5281800000.0,416600000.0,122700000.0,182400000.0,2.339,1649500000.0
89,NKE,MRQ,1999-06-30,1999-05-31,1999-05-31,2021-10-05,-68900000.0,5247700000.0,,3264900000.0,1982800000.0,,1.482,-108400000.0,198100000.0,198100000.0,1336400000.0,94400000.0,2.256,0.574,806200000.0,420100000.0,386100000.0,806200000.0,0.0,47000000.0,0.0,0.008,0.015,165400000.0,212400000.0,0.097,212400000.0,165400000.0,156000000.0,0.041,0.041,0.041,3334600000.0,,3334600000.0,17956648420.0,23.0,18.167,218900000.0,0.097,1.0,845900000.0,0.388,426600000.0,9400000.0,3982300000.0,,1170600000.0,0.0,0.0,0.0,1913100000.0,1446900000.0,466200000.0,17138948420.0,70200000.0,0.0,-1000000.0,-136900000.0,-33900000.0,-171800000.0,-114600000.0,0.0,327300000.0,29300000.0,94400000.0,94400000.0,94400000.0,0.0,0.0,0.043,659000000.0,186900000.0,473600000.0,0.366,5.14,37.968,38.279,1265800000.0,0.0,7.617,1.953,1.953,1540100000.0,3066500000.0,2182300000.0,2182300000.0,0.0,,,,,33400000.0,672300000.0,1.0,2249944000.0,2249944000,,0.97,4821100000.0,426900000.0,61600000.0,79800000.0,2.143,1818000000.0
90,NKE,MRQ,1999-03-31,1999-02-28,1999-02-28,2021-10-05,-66800000.0,5292200000.0,,3342200000.0,1950000000.0,,1.441,-86600000.0,127900000.0,127900000.0,1364900000.0,124200000.0,2.101,0.624,945600000.0,556900000.0,388700000.0,945600000.0,0.0,49200000.0,0.0,0.009,0.015,215800000.0,265000000.0,0.122,265000000.0,215800000.0,205400000.0,0.055,0.055,0.055,3258100000.0,,3258100000.0,15668281320.0,30.0,21.472,-143600000.0,-0.064,1.0,811900000.0,0.373,431400000.0,10400000.0,4087500000.0,,1147400000.0,0.0,0.0,0.0,2034100000.0,1591000000.0,443100000.0,15100881320.0,-126700000.0,0.0,-59700000.0,123900000.0,-33700000.0,30500000.0,-106900000.0,0.0,-57000000.0,6700000.0,124200000.0,124200000.0,124200000.0,0.0,0.0,0.057,596100000.0,215800000.0,329800000.0,0.273,4.635,52.216,52.598,1244300000.0,0.0,6.68,1.696,1.696,1737700000.0,3042600000.0,2176800000.0,2176800000.0,0.0,,,,,0.0,569800000.0,1.0,2260610976.0,2260610976,,0.963,4860800000.0,452400000.0,81200000.0,88200000.0,2.15,1751200000.0
91,NKE,MRQ,1998-12-31,1998-11-30,1998-11-30,2021-10-05,-55900000.0,5249900000.0,,3299500000.0,1950400000.0,,1.413,-79900000.0,254600000.0,254600000.0,1229600000.0,68900000.0,2.098,0.623,822000000.0,432900000.0,389100000.0,822000000.0,0.0,44800000.0,0.0,0.012,0.015,123900000.0,168700000.0,0.088,168700000.0,123900000.0,113800000.0,0.03,0.03,0.03,3235500000.0,,3235500000.0,12010189080.0,27.0,18.609,222300000.0,0.097,1.0,683400000.0,0.357,435500000.0,10100000.0,3809100000.0,,1197700000.0,0.0,0.0,0.0,2014400000.0,1572700000.0,441700000.0,11452689080.0,86800000.0,0.0,-147800000.0,82800000.0,-34200000.0,-99200000.0,-97000000.0,0.0,302200000.0,-19200000.0,68900000.0,68900000.0,68900000.0,0.0,0.0,0.036,559500000.0,123900000.0,429900000.0,0.5,3.54,48.1,48.077,1230800000.0,0.0,5.0,1.28,1.28,1511200000.0,3016300000.0,1913000000.0,1913000000.0,0.0,,,,,0.0,531900000.0,1.0,2290537816.0,2290537816,,0.835,4814400000.0,459100000.0,44900000.0,83700000.0,2.102,1726800000.0
92,NKE,MRQ,1998-09-30,1998-08-31,1998-08-31,2021-10-05,-52300000.0,5304600000.0,,3409100000.0,1895500000.0,,1.458,-82000000.0,167800000.0,167800000.0,1562600000.0,163800000.0,2.224,0.584,725300000.0,349600000.0,375700000.0,725300000.0,0.0,57200000.0,0.0,0.013,0.015,285000000.0,342200000.0,0.137,342200000.0,285000000.0,270800000.0,0.071,0.07,0.071,3349100000.0,,3349100000.0,10716578416.0,19.0,13.965,286900000.0,0.125,1.0,942200000.0,0.376,436500000.0,14200000.0,3892700000.0,,1160100000.0,0.0,0.0,0.0,1955500000.0,1532900000.0,422600000.0,9963978416.0,59200000.0,0.0,-36900000.0,-132300000.0,-34400000.0,-203600000.0,-98000000.0,0.0,368900000.0,-8100000.0,163800000.0,163800000.0,163800000.0,0.0,0.0,0.065,657200000.0,285000000.0,432500000.0,0.211,2.975,32.111,32.12,1177200000.0,0.0,4.336,1.072,1.072,1755000000.0,3130800000.0,2504800000.0,2504800000.0,0.0,,,,,0.0,652600000.0,1.0,2297833016.0,2297833016,,1.09,4868100000.0,440000000.0,107000000.0,158900000.0,2.119,1876200000.0
93,NKE,MRQ,1998-06-30,1998-05-31,1998-05-31,2021-10-05,-47200000.0,5397400000.0,,3532600000.0,1864800000.0,,1.417,-147600000.0,108600000.0,108600000.0,1561600000.0,-67700000.0,2.073,0.655,861200000.0,481800000.0,379400000.0,861200000.0,0.0,51500000.0,0.0,0.01,0.015,-97700000.0,-46200000.0,-0.02,-46200000.0,-97700000.0,-110500000.0,-0.029,-0.029,-0.029,3261600000.0,,3261600000.0,14102110374.0,20.0,15.713,209100000.0,0.091,1.0,746100000.0,0.323,435800000.0,12800000.0,4010400000.0,,1396600000.0,0.0,0.0,0.0,2135800000.0,1703800000.0,432000000.0,13235454374.0,-41700000.0,0.0,-42500000.0,-150200000.0,-34500000.0,-227200000.0,-176200000.0,0.0,356700000.0,5000000.0,-67700000.0,-67700000.0,-67700000.0,0.0,0.0,-0.029,822900000.0,-76800000.0,584600000.0,-0.517,4.058,33.122,33.43,1153100000.0,0.0,5.75,1.385,1.385,1674400000.0,3043400000.0,2307700000.0,2307700000.0,0.0,,,,,0.0,720500000.0,1.0,2301818152.0,2301818152,,1.003,4961600000.0,432700000.0,-42800000.0,81200000.0,2.156,1828800000.0
94,NKE,MRQ,1998-03-31,1998-02-28,1998-02-28,2021-10-05,-61966000.0,5638103000.0,,3893032000.0,1745071000.0,,1.451,-104900000.0,150280000.0,150280000.0,1428800000.0,73100000.0,2.12,0.671,1016936000.0,631625000.0,385311000.0,1016936000.0,0.0,44900000.0,0.0,0.01,0.015,135800000.0,180700000.0,0.081,180700000.0,135800000.0,122600000.0,0.031,0.031,0.031,3374577000.0,,3374577000.0,13244073573.0,12.0,10.589,-233200000.0,-0.1,1.0,795200000.0,0.358,449718000.0,13200000.0,4218293000.0,,1566099000.0,0.0,0.0,0.0,2263526000.0,1836748000.0,426778000.0,12753860573.0,10600000.0,0.0,-112200000.0,387500000.0,-34800000.0,240500000.0,-120700000.0,0.0,-128300000.0,19100000.0,73100000.0,73100000.0,73100000.0,0.0,0.0,0.033,659400000.0,135800000.0,471575000.0,0.484,3.779,20.471,20.39,1091519000.0,0.0,5.485,1.326,1.326,1809830000.0,3183400000.0,2224000000.0,2224000000.0,0.0,,,,,0.0,651400000.0,1.0,2325225264.0,2325225264,,0.956,5188385000.0,341842000.0,49500000.0,100536000.0,2.231,2056284000.0
95,NKE,MRQ,1997-12-31,1997-11-30,1997-11-30,2021-10-05,-58160000.0,5383140000.0,,3675999000.0,1707141000.0,,1.456,-131800000.0,139686000.0,139686000.0,1409500000.0,141100000.0,2.458,0.558,629899000.0,243664000.0,386235000.0,629899000.0,0.0,44300000.0,0.0,0.008,0.013,246400000.0,290700000.0,0.129,290700000.0,246400000.0,229300000.0,0.061,0.06,0.061,3456237000.0,,3456237000.0,14562729256.0,11.0,9.647,19900000.0,0.008,1.0,845800000.0,0.375,454753000.0,17100000.0,3923083000.0,,1448550000.0,0.0,0.0,0.0,1926903000.0,1495517000.0,431386000.0,14141157256.0,-263400000.0,0.0,-29600000.0,-188300000.0,-29100000.0,-247000000.0,-152100000.0,0.0,151700000.0,-16000000.0,141100000.0,141100000.0,141100000.0,0.0,0.0,0.063,599400000.0,246400000.0,495461000.0,0.213,4.091,17.967,17.901,1051206000.0,0.0,6.086,1.44,1.471,1759450000.0,3264676000.0,2255300000.0,2255300000.0,0.0,,,,,0.0,593100000.0,1.0,2323459808.0,2373768000,2373768000.0,0.95,4928387000.0,341212000.0,88200000.0,112306000.0,2.076,2180482000.0
96,NKE,MRQ,1997-09-30,1997-08-31,1997-08-31,2021-10-05,-39953000.0,5625412000.0,,4002767000.0,1622645000.0,,1.423,-104800000.0,403087000.0,403087000.0,1665500000.0,253100000.0,2.229,0.662,824659000.0,431485000.0,393174000.0,824659000.0,0.0,43800000.0,0.0,0.007,0.013,428500000.0,472300000.0,0.171,472300000.0,428500000.0,411600000.0,0.109,0.106,0.109,3385539000.0,,3385539000.0,15880068214.0,11.0,10.251,32600000.0,0.014,1.0,1100600000.0,0.398,459336000.0,16900000.0,3792047000.0,,1293593000.0,0.0,0.0,0.0,2239873000.0,1795601000.0,444272000.0,15474100214.0,-42300000.0,0.0,14200000.0,-23000000.0,-28900000.0,-37700000.0,-146000000.0,0.0,137400000.0,4000000.0,253100000.0,253100000.0,253100000.0,0.0,0.0,0.092,672100000.0,428500000.0,534694000.0,0.119,4.571,18.806,18.849,972274000.0,0.0,6.673,1.6,1.642,1992390000.0,3197738000.0,2766100000.0,2766100000.0,0.0,,,,,0.0,658900000.0,1.0,2319085832.0,2379952000,2379952000.0,1.162,5166076000.0,320420000.0,158500000.0,217950000.0,2.171,2207166000.0
97,NKE,MRQ,1997-06-30,1997-05-31,1997-05-31,2021-10-05,-31300000.0,5361200000.0,,3830900000.0,1530300000.0,,1.327,-147238000.0,445400000.0,445400000.0,1427826000.0,155732000.0,2.052,0.699,851400000.0,555400000.0,296000000.0,851400000.0,0.0,43223000.0,0.0,0.006,0.013,263845000.0,307068000.0,0.129,307068000.0,263845000.0,250232000.0,0.067,0.065,0.067,3155900000.0,,3155900000.0,17120556838.0,13.0,11.525,119059000.0,0.05,1.0,946066000.0,0.399,464200000.0,13613000.0,3436100000.0,,1338600000.0,0.0,0.0,0.0,2205300000.0,1866900000.0,338400000.0,16601948838.0,144616000.0,0.0,8167000.0,31943000.0,-28909000.0,11201000.0,-135353000.0,0.0,266297000.0,2475000.0,155732000.0,155732000.0,155732000.0,0.0,0.0,0.066,649921000.0,296145000.0,687100000.0,0.194,5.261,20.862,20.833,922400000.0,0.0,7.188,1.807,1.859,1754100000.0,2973700000.0,2373892000.0,2373892000.0,0.0,,,,,0.0,666131000.0,1.0,2309836360.0,2378040000,2378040000.0,0.998,4897000000.0,279400000.0,94500000.0,96000000.0,2.059,1964000000.0
98,NKE,MRQ,1997-03-31,1997-02-28,1997-02-28,2021-10-05,-26376000.0,4944501000.0,,3500500000.0,1444001000.0,,1.267,-126136000.0,300801000.0,300801000.0,1435427000.0,237133000.0,2.183,0.64,819409000.0,530034000.0,289375000.0,819409000.0,0.0,36578000.0,0.0,0.005,0.013,402926000.0,439504000.0,0.181,439504000.0,402926000.0,387133000.0,0.102,0.1,0.102,3014499000.0,,3014499000.0,20994853263.0,16.0,14.537,-194349000.0,-0.082,1.0,988221000.0,0.408,467497000.0,15793000.0,3391771000.0,,1089143000.0,0.0,0.0,0.0,1930002000.0,1603841000.0,326161000.0,20727686263.0,33267000.0,0.0,4891000.0,294201000.0,-28838000.0,270254000.0,-157493000.0,0.0,-68213000.0,-11281000.0,237133000.0,237133000.0,237133000.0,0.0,0.0,0.098,585295000.0,402926000.0,511802000.0,0.127,6.876,26.592,26.662,828792000.0,0.0,8.985,2.398,2.473,1850310000.0,2846854000.0,2423648000.0,2423648000.0,0.0,,,,,0.0,577579000.0,1.0,2306921120.0,2378944000,2378944000.0,1.019,4477004000.0,257372000.0,150000000.0,91632000.0,1.882,1896659000.0
99,NKE,MRQ,1996-12-31,1996-11-30,1996-11-30,2021-10-05,-1716000.0,4421155000.0,,3070956000.0,1350199000.0,,1.187,-101491000.0,267534000.0,267534000.0,1277628000.0,176872000.0,2.095,0.568,534701000.0,435731000.0,98970000.0,534701000.0,0.0,31187000.0,0.0,0.005,0.009,299100000.0,330287000.0,0.157,330287000.0,299100000.0,288872000.0,0.075,0.075,0.075,2819709000.0,,2819709000.0,,,,2112000.0,0.001,1.0,829406000.0,0.394,471394000.0,10228000.0,2751386000.0,,981080000.0,0.0,0.0,0.0,1601446000.0,1465542000.0,135904000.0,16112402198.0,-130564000.0,0.0,3861000.0,-113472000.0,-21606000.0,-131217000.0,-110757000.0,0.0,103603000.0,7807000.0,176872000.0,176872000.0,176872000.0,0.0,0.0,0.084,530306000.0,299100000.0,465686000.0,0.12,5.714,23.827,24.001,757757000.0,0.0,6.984,2.065,2.127,1572426000.0,2638596000.0,2107034000.0,2107034000.0,0.0,,,,,0.0,530453000.0,1.0,2306921120.0,2376176000,2376176000.0,0.887,3949761000.0,104820000.0,112000000.0,44576000.0,1.662,1605414000.0
100,NKE,MRQ,1996-09-30,1996-08-31,1996-08-31,2021-10-05,,,,,,,,-66735000.0,,,1362119000.0,226063000.0,,,,,,,,27012000.0,,0.005,0.009,381629000.0,408641000.0,0.179,408641000.0,381629000.0,368963000.0,0.095,0.095,0.095,,,,,,,-45322000.0,-0.019,1.0,919807000.0,0.403,,12666000.0,,,,,,,,,,,135981000.0,0.0,9381000.0,175528000.0,-21547000.0,163362000.0,-92597000.0,0.0,21413000.0,799000.0,226063000.0,226063000.0,226063000.0,0.0,0.0,0.099,538178000.0,381629000.0,,0.095,,,26.484,,0.0,6.859,,2.306,,,2281926000.0,2281926000.0,0.0,,,,,0.0,529537000.0,1.0,,2370944000,2370944000.0,0.962,,,142900000.0,,,
101,NKE,MRQ,1996-06-30,1996-05-31,1996-05-31,2021-10-05,-16501000.0,3951628000.0,,2726940000.0,1224688000.0,,1.029,-62368000.0,262117000.0,262117000.0,1111876000.0,139416000.0,1.859,0.625,461949000.0,452365000.0,9584000.0,461949000.0,0.0,31853000.0,0.0,0.005,0.009,233952000.0,265805000.0,0.145,265805000.0,233952000.0,226316000.0,0.065,0.059,0.065,2431400000.0,,2431400000.0,,,,167593000.0,0.071,1.0,719907000.0,0.393,474812000.0,7636000.0,2209589000.0,,931151000.0,0.0,0.0,0.0,1520228000.0,1467059000.0,53169000.0,,-3975000.0,0.0,5491000.0,-127877000.0,-21605000.0,-143991000.0,-95003000.0,0.0,229961000.0,5058000.0,139416000.0,139416000.0,139416000.0,0.0,0.0,0.076,449255000.0,270652000.0,455034000.0,0.138,,,25.772,643459000.0,0.0,6.211,,2.255,1346125000.0,2290213000.0,1831783000.0,1831783000.0,0.0,,,,,0.0,478308000.0,1.0,,2363840000,2363840000.0,0.775,3476816000.0,199537000.0,86900000.0,122538000.0,1.471,1259881000.0
102,NKE,MRQ,1996-03-31,1996-02-28,1996-02-28,2021-10-05,,,,,,,,-48654000.0,,,953316000.0,133874000.0,,,,,,,,23718000.0,,0.008,0.009,229760000.0,253478000.0,0.16,253478000.0,229760000.0,217674000.0,0.056,0.056,0.056,,,,,,,-31625000.0,-0.013,1.0,628723000.0,0.397,,12086000.0,,,,,,,,,,,71050000.0,0.0,3056000.0,117898000.0,-21495000.0,99459000.0,-49349000.0,0.0,17029000.0,3911000.0,133874000.0,133874000.0,133874000.0,0.0,0.0,0.085,398963000.0,229760000.0,,0.161,,,,,0.0,4.039,,,,,1582039000.0,1582039000.0,0.0,,,,,0.0,387534000.0,1.0,,2353696000,2353696000.0,0.672,,,83800000.0,,,
103,NKE,MRQ,1995-12-31,1995-11-30,1995-11-30,2021-10-05,,,,,,,,,,,828129000.0,97812000.0,,,,,,,,,,0.009,0.008,167539000.0,,,,167539000.0,159012000.0,0.043,0.043,0.043,,,,,,,,,1.0,528629000.0,0.39,,8527000.0,,,,,,,,,,,,,,,,,,,,,97812000.0,97812000.0,97812000.0,0.0,0.0,0.072,361090000.0,167539000.0,,0.186,,,,,0.0,3.625,,,,,1356758000.0,1356758000.0,0.0,,,,,,353715000.0,1.0,,2351904000,2351904000.0,0.577,,,61200000.0,,,
0,NKE,MRT,2021-09-30,2021-08-31,2021-08-31,2021-10-05,-67000000.0,37917000000.0,36669500000.0,26390000000.0,11527000000.0,1.26,9.067,-703000000.0,10720000000.0,10720000000.0,25275000000.0,6083000000.0,3.191,1.644,12790000000.0,477000000.0,12313000000.0,12790000000.0,0.0,748000000.0,0.0,0.007,1.1,7306000000.0,8054000000.0,0.174,8054000000.0,7306000000.0,7052000000.0,3.86,3.78,3.86,14343000000.0,12420250000.0,14343000000.0,263509933642.0,36.0,32.718,6183000000.0,3.909,1.0,20917000000.0,0.453,509000000.0,254000000.0,31209000000.0,30610500000.0,6699000000.0,2975000000.0,2975000000.0,0.0,23574000000.0,8269000000.0,15305000000.0,260585933642.0,2572000000.0,0.0,-17000000.0,-123000000.0,-1689000000.0,-1954000000.0,-2410000000.0,-1978000000.0,6886000000.0,50000000.0,6083000000.0,6083000000.0,6083000000.0,0.0,0.0,0.132,13622000000.0,7295000000.0,2135000000.0,0.285,18.168,42.838,42.679,7947000000.0,0.0,164.74,5.641,5.642,4341000000.0,3886000000.0,46192000000.0,46192000000.0,0.0,0.166,0.49,0.239,0.158,611000000.0,13622000000.0,1.0,1581801224.0,1581900000,1619600000.0,29.2,37408000000.0,3071000000.0,969000000.0,3353000000.0,23.648,18121000000.0
1,NKE,MRT,2021-06-30,2021-05-31,2021-05-31,2021-10-05,-380000000.0,37740000000.0,35504750000.0,26291000000.0,11449000000.0,1.254,8.116,-695000000.0,9889000000.0,9889000000.0,24576000000.0,5727000000.0,2.718,1.956,12813000000.0,469000000.0,12344000000.0,12813000000.0,0.0,797000000.0,0.0,0.008,1.07,6923000000.0,7720000000.0,0.173,7720000000.0,6923000000.0,6661000000.0,3.64,3.56,3.64,12767000000.0,11140500000.0,12767000000.0,219936306918.0,32.0,28.489,5962000000.0,3.79,1.0,19962000000.0,0.448,511000000.0,262000000.0,30479000000.0,30048750000.0,6854000000.0,3587000000.0,3587000000.0,0.0,24973000000.0,9674000000.0,15299000000.0,215602306918.0,1541000000.0,0.0,564000000.0,-249000000.0,-1638000000.0,-1459000000.0,-3800000000.0,-3276000000.0,6657000000.0,143000000.0,5727000000.0,5727000000.0,5727000000.0,0.0,0.0,0.129,13025000000.0,6937000000.0,2836000000.0,0.294,16.887,37.647,37.489,8017000000.0,0.0,136.46,4.841,4.82,4463000000.0,3179000000.0,44538000000.0,44538000000.0,0.0,0.161,0.514,0.23,0.155,611000000.0,13025000000.0,1.0,1579967074.0,1573000000,1609400000.0,28.314,37229000000.0,2921000000.0,934000000.0,3261000000.0,23.668,16617000000.0
2,NKE,MRT,2021-03-31,2021-02-28,2021-02-28,2021-10-05,-446000000.0,36185000000.0,33905250000.0,24700000000.0,11485000000.0,1.136,7.561,-810000000.0,8516000000.0,8516000000.0,21847000000.0,3428000000.0,2.777,2.033,12850000000.0,474000000.0,12376000000.0,12850000000.0,0.0,799000000.0,0.0,0.008,1.04,4252000000.0,5051000000.0,0.131,5051000000.0,4252000000.0,4003000000.0,2.19,2.14,2.19,11931000000.0,9962500000.0,11931000000.0,216649323683.0,51.0,42.892,3834000000.0,2.43,1.0,16660000000.0,0.433,513000000.0,249000000.0,31112000000.0,29236000000.0,6693000000.0,4012000000.0,4012000000.0,0.0,24254000000.0,8894000000.0,15360000000.0,212479323683.0,5653000000.0,0.0,974000000.0,5935000000.0,-1584000000.0,5189000000.0,-4257000000.0,-3632000000.0,4644000000.0,77000000.0,3428000000.0,3428000000.0,3428000000.0,0.0,0.0,0.089,12474000000.0,4186000000.0,2257000000.0,0.475,17.809,61.983,61.543,8107000000.0,0.0,134.78,5.518,5.523,3669000000.0,2729000000.0,38507000000.0,38507000000.0,0.0,0.101,0.344,0.145,0.11,593000000.0,12474000000.0,1.0,1576490011.0,1578000000,1616900000.0,24.402,35672000000.0,2865000000.0,575000000.0,3240000000.0,22.606,15806000000.0
3,NKE,MRT,2020-12-31,2020-11-30,2020-11-30,2021-10-05,-429000000.0,34836000000.0,31414000000.0,23607000000.0,11229000000.0,1.218,6.764,-908000000.0,8635000000.0,8635000000.0,21840000000.0,2826000000.0,2.661,2.274,12805000000.0,499000000.0,12306000000.0,12805000000.0,0.0,1221000000.0,0.0,0.005,0.735,3445000000.0,4666000000.0,0.122,4666000000.0,3445000000.0,3248000000.0,1.81,1.77,1.81,10640000000.0,9241000000.0,10640000000.0,216273633995.0,63.0,46.351,3626000000.0,2.305,1.0,16414000000.0,0.429,493000000.0,197000000.0,29642000000.0,26766750000.0,6090000000.0,3177000000.0,3177000000.0,0.0,24196000000.0,8871000000.0,15325000000.0,211455633995.0,5565000000.0,0.0,37000000.0,5679000000.0,-1532000000.0,4067000000.0,-3117000000.0,-2605000000.0,4534000000.0,81000000.0,2826000000.0,2826000000.0,2826000000.0,0.0,0.0,0.074,12716000000.0,3698000000.0,2154000000.0,0.406,19.874,74.825,74.42,8045000000.0,0.0,134.7,5.528,5.539,3713000000.0,1730000000.0,38254000000.0,38254000000.0,0.0,0.09,0.306,0.129,0.09,564000000.0,12716000000.0,1.0,1569826533.0,1573000000,1609500000.0,24.319,34343000000.0,2691000000.0,422000000.0,3207000000.0,21.833,14736000000.0
4,NKE,MRT,2020-09-30,2020-08-31,2020-08-31,2021-10-05,-401000000.0,33258000000.0,29355500000.0,21937000000.0,11321000000.0,1.272,5.906,-978000000.0,8148000000.0,8148000000.0,21226000000.0,2690000000.0,2.545,2.606,12966000000.0,597000000.0,12369000000.0,12966000000.0,0.0,1161000000.0,0.0,0.009,0.98,3180000000.0,4341000000.0,0.116,4341000000.0,3180000000.0,3041000000.0,1.72,1.69,1.72,9224000000.0,8918750000.0,9224000000.0,179202929748.0,56.0,41.281,1995000000.0,1.277,1.0,16111000000.0,0.432,495000000.0,139000000.0,28962000000.0,24778500000.0,6705000000.0,1332000000.0,1332000000.0,0.0,24034000000.0,8619000000.0,15415000000.0,174535929748.0,4702000000.0,0.0,-992000000.0,5825000000.0,-1491000000.0,3253000000.0,-1569000000.0,-733000000.0,2973000000.0,45000000.0,2690000000.0,2690000000.0,2690000000.0,0.0,0.0,0.072,12773000000.0,3338000000.0,1983000000.0,0.57,18.922,64.883,65.052,8127000000.0,0.0,111.89,4.675,4.68,3813000000.0,927000000.0,37337000000.0,37337000000.0,0.0,0.092,0.302,0.128,0.085,485000000.0,12773000000.0,1.0,1559888549.0,1561800000,1593300000.0,23.906,32763000000.0,2699000000.0,351000000.0,3343000000.0,20.978,13318000000.0
5,NKE,MRT,2020-06-30,2020-05-31,2020-05-31,2021-10-05,-56000000.0,31342000000.0,27603250000.0,20556000000.0,10786000000.0,1.355,5.167,-1086000000.0,8348000000.0,8348000000.0,21162000000.0,2539000000.0,2.481,2.891,13015000000.0,696000000.0,12319000000.0,13015000000.0,0.0,1119000000.0,0.0,0.01,0.955,2976000000.0,4095000000.0,0.109,4095000000.0,2976000000.0,2887000000.0,1.63,1.6,1.63,8055000000.0,8912750000.0,8055000000.0,157088324078.0,53.0,38.361,1399000000.0,0.897,1.0,16241000000.0,0.434,497000000.0,89000000.0,27228000000.0,22800750000.0,7367000000.0,439000000.0,439000000.0,0.0,23287000000.0,8284000000.0,15003000000.0,153295324078.0,3882000000.0,0.0,-2182000000.0,6177000000.0,-1452000000.0,2491000000.0,-1028000000.0,27000000.0,2485000000.0,-66000000.0,2539000000.0,2539000000.0,2539000000.0,0.0,0.0,0.068,13126000000.0,3115000000.0,2248000000.0,0.586,19.031,60.376,60.479,7963000000.0,0.0,98.58,4.098,4.108,2749000000.0,-191000000.0,37403000000.0,37403000000.0,0.0,0.092,0.285,0.131,0.08,429000000.0,13126000000.0,1.0,1555034734.0,1558800000,1591600000.0,23.995,30845000000.0,2326000000.0,348000000.0,2840000000.0,19.788,12272000000.0
6,NKE,MRT,2020-03-31,2020-02-29,2020-02-29,2021-10-05,-57000000.0,26220000000.0,25697000000.0,15744000000.0,10476000000.0,1.606,5.812,-1070000000.0,2863000000.0,2863000000.0,22753000000.0,4318000000.0,1.901,1.899,6656000000.0,435000000.0,6221000000.0,6656000000.0,0.0,1080000000.0,0.0,0.01,0.93,4985000000.0,6065000000.0,0.147,6065000000.0,4985000000.0,4934000000.0,2.75,2.71,2.75,9045000000.0,9159000000.0,9045000000.0,143049978004.0,29.0,23.586,3426000000.0,2.201,1.0,18521000000.0,0.449,498000000.0,51000000.0,21235000000.0,19600500000.0,5807000000.0,319000000.0,319000000.0,0.0,17175000000.0,8280000000.0,8895000000.0,139197978004.0,-832000000.0,0.0,-2855000000.0,-16000000.0,-1417000000.0,-4336000000.0,-901000000.0,139000000.0,4496000000.0,-91000000.0,4318000000.0,4318000000.0,4318000000.0,0.0,0.0,0.105,13341000000.0,5180000000.0,2221000000.0,0.338,15.389,32.237,32.502,7690000000.0,0.0,89.38,3.373,3.37,4473000000.0,1128000000.0,41274000000.0,41274000000.0,0.0,0.168,0.471,0.254,0.121,402000000.0,13341000000.0,1.0,1557372768.0,1556300000,1591600000.0,26.521,25722000000.0,2288000000.0,616000000.0,2942000000.0,16.528,7464000000.0
7,NKE,MRT,2019-12-31,2019-11-30,2019-11-30,2021-10-05,52000000.0,26602000000.0,24872250000.0,16369000000.0,10233000000.0,1.64,5.992,-1011000000.0,3070000000.0,3070000000.0,22394000000.0,4572000000.0,1.981,1.845,6922000000.0,737000000.0,6185000000.0,6922000000.0,0.0,733000000.0,0.0,0.01,0.905,5395000000.0,6128000000.0,0.15,6128000000.0,5395000000.0,5344000000.0,2.91,2.86,2.91,9351000000.0,9138000000.0,9351000000.0,149317782612.0,28.0,24.366,3373000000.0,2.161,1.0,18387000000.0,0.451,501000000.0,51000000.0,21689000000.0,18040500000.0,6199000000.0,432000000.0,432000000.0,0.0,17251000000.0,8264000000.0,8987000000.0,145942782612.0,-353000000.0,0.0,-2727000000.0,284000000.0,-1383000000.0,-3871000000.0,-807000000.0,312000000.0,4384000000.0,-59000000.0,4572000000.0,4572000000.0,4572000000.0,0.0,0.0,0.112,13149000000.0,5238000000.0,2627000000.0,0.311,15.607,31.921,32.127,7550000000.0,0.0,93.49,3.579,3.578,4792000000.0,1577000000.0,40781000000.0,40781000000.0,0.0,0.184,0.5,0.299,0.132,382000000.0,13149000000.0,1.0,1561052333.0,1560600000,1594400000.0,26.132,26101000000.0,2182000000.0,772000000.0,3030000000.0,16.725,8105000000.0
8,NKE,MRT,2019-09-30,2019-08-31,2019-08-31,2021-10-05,180000000.0,26249000000.0,23891000000.0,16228000000.0,10021000000.0,1.667,5.888,-1060000000.0,3446000000.0,3446000000.0,21881000000.0,4304000000.0,2.011,1.853,6821000000.0,683000000.0,6138000000.0,6821000000.0,0.0,717000000.0,0.0,0.01,0.88,5145000000.0,5862000000.0,0.147,5862000000.0,5145000000.0,5092000000.0,2.74,2.68,2.74,9200000000.0,8982500000.0,9200000000.0,131415067518.0,26.0,22.418,3936000000.0,2.519,1.0,17948000000.0,0.451,503000000.0,53000000.0,21051000000.0,16373000000.0,5835000000.0,198000000.0,198000000.0,0.0,17049000000.0,8070000000.0,8979000000.0,132402067518.0,164000000.0,0.0,-3301000000.0,229000000.0,-1357000000.0,-4471000000.0,-279000000.0,889000000.0,4996000000.0,-82000000.0,4304000000.0,4304000000.0,4304000000.0,0.0,0.0,0.108,12967000000.0,4981000000.0,2716000000.0,0.321,14.392,30.763,30.839,7447000000.0,0.0,84.5,3.324,3.315,4656000000.0,1721000000.0,39829000000.0,39829000000.0,0.0,0.18,0.479,0.314,0.129,364000000.0,12967000000.0,1.0,1566888373.0,1562400000,1597500000.0,25.492,25746000000.0,2071000000.0,788000000.0,3057000000.0,16.478,8158000000.0
9,NKE,MRT,2019-06-30,2019-05-31,2019-05-31,2021-10-05,231000000.0,23717000000.0,22949500000.0,16525000000.0,7192000000.0,1.704,5.723,-1119000000.0,4466000000.0,4466000000.0,21643000000.0,4029000000.0,2.101,1.624,3479000000.0,15000000.0,3464000000.0,3479000000.0,0.0,720000000.0,0.0,0.014,1.06,4850000000.0,5570000000.0,0.142,5570000000.0,4850000000.0,4801000000.0,2.55,2.49,2.55,9040000000.0,8930500000.0,9040000000.0,121036763450.0,25.0,21.73,4784000000.0,3.028,1.0,17474000000.0,0.447,437000000.0,49000000.0,14427000000.0,14995500000.0,5622000000.0,197000000.0,197000000.0,0.0,14677000000.0,7866000000.0,6811000000.0,121244763450.0,217000000.0,0.0,-3586000000.0,-331000000.0,-1332000000.0,-5293000000.0,-264000000.0,850000000.0,5903000000.0,-129000000.0,4029000000.0,4029000000.0,4029000000.0,0.0,0.0,0.103,12702000000.0,4772000000.0,2612000000.0,0.416,13.412,30.093,30.251,4744000000.0,0.0,77.14,3.1,3.115,4272000000.0,1643000000.0,39117000000.0,39117000000.0,0.0,0.176,0.451,0.323,0.124,325000000.0,12702000000.0,1.0,1571749591.0,1579700000,1618400000.0,24.762,23280000000.0,2011000000.0,772000000.0,3576000000.0,14.737,8659000000.0
10,NKE,MRT,2019-03-31,2019-02-28,2019-02-28,2021-10-05,197000000.0,22921000000.0,22654250000.0,15796000000.0,7125000000.0,1.709,5.697,-1146000000.0,3695000000.0,3695000000.0,21503000000.0,4177000000.0,2.169,1.558,3487000000.0,22000000.0,3465000000.0,3487000000.0,0.0,759000000.0,0.0,0.01,0.82,4822000000.0,5581000000.0,0.144,5581000000.0,4822000000.0,4773000000.0,2.63,2.56,2.63,8961000000.0,9123500000.0,8961000000.0,134979663533.0,28.0,24.186,5017000000.0,3.19,1.0,17219000000.0,0.445,437000000.0,49000000.0,14995000000.0,15293250000.0,5415000000.0,351000000.0,351000000.0,0.0,13960000000.0,7281000000.0,6679000000.0,134921663533.0,33000000.0,0.0,-4299000000.0,27000000.0,-1309000000.0,-5654000000.0,-371000000.0,792000000.0,6163000000.0,-105000000.0,4177000000.0,4177000000.0,4177000000.0,0.0,0.0,0.108,12416000000.0,4803000000.0,2307000000.0,0.312,15.057,32.301,32.597,4688000000.0,0.0,85.73,3.484,3.482,4549000000.0,1851000000.0,38722000000.0,38722000000.0,0.0,0.184,0.458,0.315,0.125,286000000.0,12416000000.0,1.0,1573797545.0,1572800000,1609600000.0,24.62,22484000000.0,2000000000.0,596000000.0,3428000000.0,14.296,8515000000.0
11,NKE,MRT,2018-12-31,2018-11-30,2018-11-30,2021-10-05,209000000.0,22677000000.0,22562000000.0,15566000000.0,7111000000.0,1.688,5.52,-1161000000.0,3423000000.0,3423000000.0,21277000000.0,2155000000.0,2.139,1.598,3481000000.0,15000000.0,3466000000.0,3481000000.0,0.0,757000000.0,0.0,0.014,1.02,4691000000.0,5448000000.0,0.143,5448000000.0,4691000000.0,4641000000.0,1.36,1.31,1.36,8729000000.0,9328750000.0,8729000000.0,119502699402.0,25.0,21.935,4721000000.0,2.985,1.0,16818000000.0,0.441,438000000.0,50000000.0,15019000000.0,15587500000.0,5388000000.0,618000000.0,618000000.0,0.0,13948000000.0,7278000000.0,6670000000.0,119298699402.0,-881000000.0,0.0,-4362000000.0,-1204000000.0,-1286000000.0,-6911000000.0,257000000.0,1436000000.0,5882000000.0,-109000000.0,2155000000.0,2155000000.0,2155000000.0,0.0,0.0,0.057,12092000000.0,4726000000.0,2574000000.0,0.75,13.667,55.359,55.235,4588000000.0,0.0,75.12,3.132,3.118,4346000000.0,1810000000.0,38095000000.0,38095000000.0,0.0,0.096,0.231,0.301,0.123,248000000.0,12092000000.0,1.0,1588108352.0,1581400000,1620700000.0,24.089,22239000000.0,2085000000.0,2486000000.0,3415000000.0,14.063,8288000000.0
12,NKE,MRT,2018-09-30,2018-08-31,2018-08-31,2021-10-05,-30000000.0,22483000000.0,22906500000.0,15501000000.0,6982000000.0,1.627,5.641,-1101000000.0,3282000000.0,3282000000.0,20884000000.0,2075000000.0,2.311,1.5,3486000000.0,19000000.0,3467000000.0,3486000000.0,0.0,773000000.0,0.0,0.01,0.8,4572000000.0,5345000000.0,0.143,5345000000.0,4572000000.0,4523000000.0,1.29,1.25,1.29,8992000000.0,10086000000.0,8992000000.0,131126583024.0,29.0,24.533,4580000000.0,2.873,1.0,16391000000.0,0.44,438000000.0,49000000.0,15541000000.0,16155500000.0,5227000000.0,987000000.0,987000000.0,0.0,13491000000.0,6708000000.0,6783000000.0,131565583024.0,-131000000.0,0.0,-4048000000.0,-310000000.0,-1263000000.0,-5669000000.0,-45000000.0,1074000000.0,5681000000.0,-98000000.0,2075000000.0,2075000000.0,2075000000.0,0.0,0.0,0.056,11718000000.0,4673000000.0,2333000000.0,0.62,14.631,63.405,63.721,4487000000.0,0.0,82.2,3.53,3.515,4330000000.0,2494000000.0,37275000000.0,37275000000.0,0.0,0.091,0.206,0.283,0.123,209000000.0,11718000000.0,1.0,1600554538.0,1594000000,1634400000.0,23.385,22045000000.0,2057000000.0,2448000000.0,3498000000.0,13.83,8793000000.0
13,NKE,MRT,2018-06-30,2018-05-31,2018-05-31,2021-10-05,-92000000.0,22536000000.0,23197500000.0,15134000000.0,7402000000.0,1.569,6.043,-1028000000.0,4249000000.0,4249000000.0,20441000000.0,1933000000.0,2.506,1.297,3810000000.0,342000000.0,3468000000.0,3810000000.0,0.0,774000000.0,0.0,0.011,0.76,4379000000.0,5153000000.0,0.142,5153000000.0,4379000000.0,4325000000.0,1.19,1.17,1.19,9812000000.0,10836250000.0,9812000000.0,115548324346.0,26.0,22.424,3927000000.0,2.418,1.0,15956000000.0,0.438,439000000.0,54000000.0,15618000000.0,16662750000.0,5261000000.0,996000000.0,996000000.0,0.0,12724000000.0,6040000000.0,6684000000.0,115724324346.0,441000000.0,0.0,-3521000000.0,13000000.0,-1243000000.0,-4835000000.0,276000000.0,1326000000.0,4955000000.0,45000000.0,1933000000.0,1933000000.0,1933000000.0,0.0,0.0,0.053,11511000000.0,4445000000.0,2279000000.0,0.639,11.794,59.868,60.336,4454000000.0,0.0,71.8,3.18,3.203,3498000000.0,3517000000.0,36397000000.0,36397000000.0,0.0,0.083,0.178,0.263,0.12,218000000.0,11511000000.0,1.0,1611759392.0,1623800000,1659100000.0,22.415,22097000000.0,2509000000.0,2392000000.0,3366000000.0,13.608,9094000000.0
14,NKE,MRT,2018-03-31,2018-02-28,2018-02-28,2021-10-05,-624000000.0,22552000000.0,23378250000.0,15355000000.0,7197000000.0,1.509,6.025,-1057000000.0,3662000000.0,3662000000.0,19884000000.0,1804000000.0,2.655,1.305,3486000000.0,17000000.0,3469000000.0,3486000000.0,0.0,736000000.0,0.0,0.011,0.74,4338000000.0,5074000000.0,0.144,5074000000.0,4338000000.0,4278000000.0,1.09,1.06,1.09,9782000000.0,11485000000.0,9782000000.0,109460830630.0,25.0,21.573,2590000000.0,1.595,1.0,15401000000.0,0.436,421000000.0,60000000.0,16172000000.0,17097500000.0,5366000000.0,1089000000.0,1089000000.0,0.0,12770000000.0,5783000000.0,6987000000.0,109053830630.0,-359000000.0,0.0,-2784000000.0,-35000000.0,-1219000000.0,-4113000000.0,6000000.0,1063000000.0,3647000000.0,101000000.0,1804000000.0,1804000000.0,1804000000.0,0.0,0.0,0.051,11056000000.0,4345000000.0,1961000000.0,0.679,11.148,60.451,61.495,4298000000.0,0.0,67.03,3.091,3.084,3792000000.0,1078000000.0,35285000000.0,35285000000.0,0.0,0.077,0.157,0.254,0.123,211000000.0,11056000000.0,1.0,1626940633.0,1623500000,,21.734,22131000000.0,2478000000.0,2474000000.0,3596000000.0,13.632,9572000000.0
15,NKE,MRT,2017-12-31,2017-11-30,2017-11-30,2021-10-05,-587000000.0,24055000000.0,23528250000.0,16582000000.0,7473000000.0,1.476,7.227,-1089000000.0,4304000000.0,4304000000.0,19520000000.0,3866000000.0,2.457,1.046,4711000000.0,1239000000.0,3472000000.0,4711000000.0,0.0,726000000.0,0.0,0.012,0.72,4508000000.0,5234000000.0,0.151,5234000000.0,4508000000.0,4442000000.0,2.35,2.31,2.35,11758000000.0,12220000000.0,11758000000.0,98977344870.0,22.0,18.91,2885000000.0,1.773,1.0,15213000000.0,0.438,421000000.0,66000000.0,17291000000.0,17289250000.0,5326000000.0,2085000000.0,2085000000.0,0.0,12297000000.0,6750000000.0,5547000000.0,98576344870.0,-35000000.0,0.0,-2474000000.0,1144000000.0,-1192000000.0,-2596000000.0,-1470000000.0,-400000000.0,3974000000.0,57000000.0,3866000000.0,3866000000.0,3866000000.0,0.0,0.0,0.111,10785000000.0,4428000000.0,2141000000.0,0.306,8.384,25.498,25.711,4117000000.0,0.0,60.42,2.838,2.83,3613000000.0,3301000000.0,34733000000.0,34733000000.0,0.0,0.164,0.316,0.261,0.13,207000000.0,10785000000.0,1.0,1631518452.0,1627000000,,21.348,23634000000.0,2935000000.0,576000000.0,2167000000.0,14.526,9832000000.0
16,NKE,MRT,2017-09-30,2017-08-31,2017-08-31,2021-10-05,-586000000.0,23647000000.0,23177500000.0,16192000000.0,7455000000.0,1.482,7.299,-1085000000.0,3413000000.0,3413000000.0,19208000000.0,3941000000.0,2.674,0.972,3814000000.0,342000000.0,3472000000.0,3814000000.0,0.0,712000000.0,0.0,0.017,0.88,4745000000.0,5457000000.0,0.159,5457000000.0,4745000000.0,4677000000.0,2.39,2.35,2.39,11993000000.0,12361250000.0,11993000000.0,86771131383.0,18.0,15.901,2548000000.0,1.551,1.0,15151000000.0,0.441,422000000.0,68000000.0,17570000000.0,17017250000.0,5211000000.0,2106000000.0,2106000000.0,0.0,11654000000.0,6056000000.0,5598000000.0,86777131383.0,754000000.0,0.0,-2438000000.0,1733000000.0,-1164000000.0,-1944000000.0,-944000000.0,133000000.0,3633000000.0,9000000.0,3941000000.0,3941000000.0,3941000000.0,0.0,0.0,0.115,10522000000.0,4629000000.0,2116000000.0,0.368,7.236,22.019,22.096,4086000000.0,0.0,52.81,2.526,2.526,3871000000.0,3759000000.0,34359000000.0,34359000000.0,0.0,0.17,0.319,0.279,0.138,208000000.0,10522000000.0,1.0,1643195065.0,1643195065,,20.91,23225000000.0,2947000000.0,736000000.0,2223000000.0,14.134,10136000000.0
17,NKE,MRT,2017-06-30,2017-05-31,2017-05-31,2021-10-05,-213000000.0,23259000000.0,22554750000.0,16061000000.0,7198000000.0,1.523,7.484,-1092000000.0,3808000000.0,3808000000.0,19038000000.0,4240000000.0,2.934,0.875,3802000000.0,331000000.0,3471000000.0,3802000000.0,0.0,706000000.0,0.0,0.013,0.68,4945000000.0,5651000000.0,0.165,5651000000.0,4945000000.0,4886000000.0,2.56,2.51,2.56,12407000000.0,12404250000.0,12407000000.0,86954119590.0,18.0,15.387,2754000000.0,1.661,1.0,15312000000.0,0.446,422000000.0,59000000.0,17357000000.0,16317250000.0,5055000000.0,2371000000.0,2371000000.0,0.0,10852000000.0,5474000000.0,5378000000.0,87474119590.0,670000000.0,0.0,-2734000000.0,1748000000.0,-1133000000.0,-2148000000.0,-1008000000.0,118000000.0,3846000000.0,-20000000.0,4240000000.0,4240000000.0,4240000000.0,0.0,0.0,0.123,10563000000.0,4749000000.0,2048000000.0,0.266,7.05,20.631,20.699,3989000000.0,0.0,52.99,2.547,2.557,3677000000.0,6907000000.0,34350000000.0,34350000000.0,0.0,0.188,0.342,0.303,0.144,215000000.0,10563000000.0,1.0,1650766552.0,1657800000,1692000000.0,20.72,22837000000.0,2787000000.0,646000000.0,1991000000.0,13.775,10587000000.0
18,NKE,MRT,2017-03-31,2017-02-28,2017-02-28,2021-10-05,229000000.0,23152000000.0,22084750000.0,16205000000.0,6947000000.0,1.536,7.689,-1004000000.0,4021000000.0,4021000000.0,18642000000.0,4078000000.0,3.074,0.82,3501000000.0,29000000.0,3472000000.0,3501000000.0,0.0,689000000.0,0.0,0.012,0.66,4837000000.0,5526000000.0,0.163,5526000000.0,4837000000.0,4791000000.0,2.45,2.4,2.45,12722000000.0,12367000000.0,12722000000.0,93767912751.0,19.0,16.968,3367000000.0,2.035,1.0,15275000000.0,0.45,422000000.0,46000000.0,16939000000.0,15605250000.0,4932000000.0,2139000000.0,2139000000.0,0.0,10430000000.0,5271000000.0,5159000000.0,94569912751.0,977000000.0,0.0,-2493000000.0,1446000000.0,-1104000000.0,-2412000000.0,-978000000.0,51000000.0,4371000000.0,-4000000.0,4078000000.0,4078000000.0,4078000000.0,0.0,0.0,0.12,10664000000.0,4611000000.0,1938000000.0,0.269,7.434,23.19,23.331,3793000000.0,0.0,57.16,2.788,2.788,3752000000.0,4095000000.0,33917000000.0,33917000000.0,0.0,0.185,0.33,0.31,0.143,222000000.0,10664000000.0,1.0,1654477130.0,1654477130,,20.5,22730000000.0,2732000000.0,713000000.0,1763000000.0,13.738,10934000000.0
19,NKE,MRT,2016-12-31,2016-11-30,2016-11-30,2021-10-05,399000000.0,22652000000.0,21543500000.0,16011000000.0,6641000000.0,1.556,7.399,-1027000000.0,4339000000.0,4339000000.0,18303000000.0,3887000000.0,3.064,0.838,3537000000.0,64000000.0,3473000000.0,3537000000.0,0.0,681000000.0,0.0,0.013,0.64,4635000000.0,5316000000.0,0.159,5316000000.0,4635000000.0,4603000000.0,2.32,2.27,2.32,12323000000.0,12261500000.0,12323000000.0,82788290694.0,18.0,15.573,3106000000.0,1.865,1.0,15214000000.0,0.454,422000000.0,32000000.0,16203000000.0,15022000000.0,5033000000.0,1604000000.0,1604000000.0,0.0,10329000000.0,5225000000.0,5104000000.0,83388290694.0,488000000.0,0.0,-3535000000.0,1387000000.0,-1079000000.0,-3458000000.0,-101000000.0,973000000.0,4133000000.0,-86000000.0,3887000000.0,3887000000.0,3887000000.0,0.0,0.0,0.116,10734000000.0,4480000000.0,2033000000.0,0.276,6.767,21.453,21.582,3566000000.0,0.0,50.07,2.488,2.488,3478000000.0,3725000000.0,33517000000.0,33517000000.0,0.0,0.18,0.317,0.309,0.138,231000000.0,10734000000.0,1.0,1665434206.0,1665434206,,20.125,22230000000.0,2653000000.0,716000000.0,1683000000.0,13.348,10786000000.0
20,NKE,MRT,2016-09-30,2016-08-31,2016-08-31,2021-10-05,85000000.0,21156000000.0,21526250000.0,14589000000.0,6567000000.0,1.534,7.251,-1092000000.0,2659000000.0,2659000000.0,17924000000.0,3830000000.0,2.72,0.739,2059000000.0,66000000.0,1993000000.0,2059000000.0,0.0,668000000.0,0.0,0.011,0.62,4481000000.0,5149000000.0,0.156,5149000000.0,4481000000.0,4459000000.0,2.27,2.22,2.27,12165000000.0,12532000000.0,12165000000.0,95614938121.0,21.0,18.57,2604000000.0,1.552,1.0,15099000000.0,0.457,423000000.0,22000000.0,14770000000.0,14716250000.0,4896000000.0,2128000000.0,2128000000.0,0.0,8991000000.0,5363000000.0,3628000000.0,96697938121.0,-587000000.0,0.0,-3213000000.0,867000000.0,-1051000000.0,-3502000000.0,-725000000.0,403000000.0,3696000000.0,-56000000.0,3830000000.0,3830000000.0,3830000000.0,0.0,0.0,0.116,10789000000.0,4310000000.0,2088000000.0,0.273,7.949,25.248,25.392,3572000000.0,0.0,57.64,2.928,2.928,3526000000.0,4078000000.0,33023000000.0,33023000000.0,0.0,0.178,0.306,0.304,0.136,239000000.0,10789000000.0,1.0,1677618635.0,1677618635,,19.684,20733000000.0,2572000000.0,629000000.0,1697000000.0,12.359,9226000000.0
21,NKE,MRT,2016-06-30,2016-05-31,2016-05-31,2021-10-05,318000000.0,21379000000.0,21428750000.0,15025000000.0,6354000000.0,1.511,7.276,-1133000000.0,3138000000.0,3138000000.0,17405000000.0,3760000000.0,2.804,0.744,2038000000.0,45000000.0,1993000000.0,2038000000.0,0.0,649000000.0,0.0,0.008,0.46,4642000000.0,5291000000.0,0.163,5291000000.0,4642000000.0,4623000000.0,2.21,2.16,2.21,12258000000.0,12714250000.0,12258000000.0,92041336084.0,20.0,17.396,2266000000.0,1.345,1.0,14971000000.0,0.462,412000000.0,19000000.0,14509000000.0,14283750000.0,4838000000.0,2319000000.0,2319000000.0,0.0,9121000000.0,5358000000.0,3763000000.0,93030336084.0,-714000000.0,0.0,-2731000000.0,801000000.0,-1022000000.0,-2974000000.0,-1034000000.0,93000000.0,3399000000.0,-105000000.0,3760000000.0,3760000000.0,3760000000.0,0.0,0.0,0.116,10469000000.0,4502000000.0,2191000000.0,0.208,7.589,24.742,24.986,3520000000.0,0.0,55.22,2.873,2.873,3241000000.0,4151000000.0,32376000000.0,32376000000.0,0.0,0.175,0.296,0.325,0.143,236000000.0,10469000000.0,1.0,1684721769.0,1684721769,,19.217,20967000000.0,2422000000.0,863000000.0,1855000000.0,12.445,9667000000.0
22,NKE,MRT,2016-03-31,2016-02-29,2016-02-29,2021-10-05,645000000.0,20987000000.0,21483250000.0,15256000000.0,5731000000.0,1.485,7.222,-1132000000.0,3044000000.0,3044000000.0,17133000000.0,3779000000.0,3.063,0.706,2055000000.0,7000000.0,2048000000.0,2055000000.0,0.0,634000000.0,0.0,0.007,0.44,4620000000.0,5254000000.0,0.165,5254000000.0,4620000000.0,4602000000.0,2.22,2.16,2.22,12300000000.0,12826500000.0,12300000000.0,103216911804.0,22.0,19.645,2122000000.0,1.246,1.0,14778000000.0,0.463,412000000.0,18000000.0,14606000000.0,13721750000.0,4590000000.0,2062000000.0,2062000000.0,0.0,8687000000.0,4980000000.0,3707000000.0,104896911804.0,29000000.0,0.0,-2865000000.0,819000000.0,-993000000.0,-2740000000.0,-337000000.0,798000000.0,3254000000.0,-148000000.0,3779000000.0,3779000000.0,3779000000.0,0.0,0.0,0.118,10298000000.0,4480000000.0,1714000000.0,0.198,8.528,27.758,27.743,3329000000.0,0.0,61.59,3.287,3.287,3368000000.0,4113000000.0,31911000000.0,31911000000.0,0.0,0.176,0.295,0.337,0.145,227000000.0,10298000000.0,1.0,1703148430.0,1703148430,,18.736,20575000000.0,2400000000.0,823000000.0,1694000000.0,12.081,10276000000.0
23,NKE,MRT,2015-12-31,2015-11-30,2015-11-30,2021-10-05,1107000000.0,22583000000.0,21371750000.0,16755000000.0,5828000000.0,1.466,7.865,-1081000000.0,3851000000.0,3851000000.0,16824000000.0,3620000000.0,3.04,0.685,2171000000.0,104000000.0,2067000000.0,2171000000.0,0.0,619000000.0,0.0,0.008,0.56,4532000000.0,5151000000.0,0.164,5151000000.0,4532000000.0,4513000000.0,2.12,2.06,2.12,13405000000.0,12843500000.0,13405000000.0,110690190573.0,24.0,21.489,3088000000.0,1.812,1.0,14515000000.0,0.463,412000000.0,19000000.0,14980000000.0,13265000000.0,4600000000.0,2265000000.0,2265000000.0,0.0,9178000000.0,5511000000.0,3667000000.0,112728190573.0,1578000000.0,0.0,-2002000000.0,893000000.0,-962000000.0,-1768000000.0,-706000000.0,375000000.0,4169000000.0,-117000000.0,3620000000.0,3620000000.0,3620000000.0,0.0,0.0,0.116,10111000000.0,4404000000.0,1915000000.0,0.264,8.409,31.14,31.198,3235000000.0,0.0,66.14,3.597,3.597,3437000000.0,4887000000.0,31339000000.0,31339000000.0,0.0,0.169,0.282,0.342,0.145,215000000.0,10111000000.0,1.0,1704387520.0,1704387520,,18.387,22171000000.0,2586000000.0,893000000.0,1641000000.0,13.008,11244000000.0
24,NKE,MRT,2015-09-30,2015-08-31,2015-08-31,2021-10-05,833000000.0,20766000000.0,20517750000.0,15238000000.0,5528000000.0,1.512,7.537,-1018000000.0,3246000000.0,3246000000.0,16692000000.0,3490000000.0,2.888,0.611,1208000000.0,129000000.0,1079000000.0,1208000000.0,0.0,613000000.0,0.0,0.008,0.42,4444000000.0,5057000000.0,0.163,5057000000.0,4444000000.0,4421000000.0,2.04,1.98,2.04,12894000000.0,12417250000.0,12894000000.0,92993540071.0,21.0,18.389,3470000000.0,2.028,1.0,14341000000.0,0.462,412000000.0,23000000.0,13040000000.0,12728000000.0,4414000000.0,2162000000.0,2162000000.0,0.0,7872000000.0,5276000000.0,2596000000.0,95585540071.0,943000000.0,0.0,-1788000000.0,-113000000.0,-930000000.0,-2582000000.0,-840000000.0,178000000.0,4488000000.0,-123000000.0,3490000000.0,3490000000.0,3490000000.0,0.0,0.0,0.112,9989000000.0,4352000000.0,1933000000.0,0.206,7.413,27.388,27.39,3112000000.0,0.0,55.875,3.08,3.08,3288000000.0,5029000000.0,31033000000.0,31033000000.0,0.0,0.17,0.281,0.349,0.143,202000000.0,9989000000.0,1.0,1710703178.0,1710703178,,18.14,20354000000.0,2381000000.0,931000000.0,1592000000.0,11.898,9962000000.0
25,NKE,MRT,2015-06-30,2015-05-31,2015-05-31,2021-10-05,1246000000.0,21597000000.0,19956500000.0,15587000000.0,6010000000.0,1.533,7.39,-960000000.0,3852000000.0,3852000000.0,16534000000.0,3273000000.0,2.462,0.7,1260000000.0,181000000.0,1079000000.0,1260000000.0,0.0,606000000.0,0.0,0.011,0.54,4233000000.0,4839000000.0,0.158,4839000000.0,4233000000.0,4205000000.0,1.9,1.85,1.9,12707000000.0,11970000000.0,12707000000.0,85646533917.0,20.0,17.699,3720000000.0,2.163,1.0,14067000000.0,0.46,412000000.0,28000000.0,12261000000.0,12552750000.0,4337000000.0,2072000000.0,2072000000.0,0.0,8890000000.0,6332000000.0,2558000000.0,87410533917.0,1632000000.0,0.0,-2020000000.0,-89000000.0,-899000000.0,-2790000000.0,-175000000.0,785000000.0,4680000000.0,-83000000.0,3273000000.0,3273000000.0,3273000000.0,0.0,0.0,0.107,9892000000.0,4175000000.0,2131000000.0,0.284,6.879,26.707,26.755,3011000000.0,0.0,50.835,2.856,2.856,3358000000.0,4685000000.0,30601000000.0,30601000000.0,0.0,0.164,0.273,0.337,0.138,191000000.0,9892000000.0,1.0,1719495110.0,1719495110,,17.797,21185000000.0,2587000000.0,932000000.0,1550000000.0,12.32,9255000000.0
26,NKE,MRT,2015-03-31,2015-02-28,2015-02-28,2021-10-05,1111000000.0,20541000000.0,19205750000.0,15207000000.0,5334000000.0,1.575,7.158,-928000000.0,3015000000.0,3015000000.0,16388000000.0,3106000000.0,2.722,0.661,1251000000.0,169000000.0,1082000000.0,1251000000.0,0.0,593000000.0,0.0,0.011,0.52,4097000000.0,4690000000.0,0.155,4690000000.0,4097000000.0,4065000000.0,1.79,1.76,1.79,12368000000.0,11499250000.0,12368000000.0,82919709257.0,20.0,17.68,3738000000.0,2.163,1.0,13859000000.0,0.458,412000000.0,32000000.0,12779000000.0,12564250000.0,4246000000.0,2346000000.0,2346000000.0,0.0,8173000000.0,5586000000.0,2587000000.0,83905709257.0,1151000000.0,0.0,-2320000000.0,-76000000.0,-870000000.0,-3092000000.0,-358000000.0,571000000.0,4666000000.0,-65000000.0,3106000000.0,3106000000.0,3106000000.0,0.0,0.0,0.103,9745000000.0,4114000000.0,1821000000.0,0.291,6.784,27.014,27.128,2862000000.0,0.0,48.56,2.774,2.774,3294000000.0,4737000000.0,30247000000.0,30247000000.0,0.0,0.162,0.27,0.326,0.135,186000000.0,9745000000.0,1.0,1727877044.0,1727877044,,17.505,20129000000.0,2388000000.0,959000000.0,1538000000.0,11.65,9621000000.0
27,NKE,MRT,2014-12-31,2014-11-30,2014-11-30,2021-10-05,525000000.0,19167000000.0,18521250000.0,14033000000.0,5134000000.0,1.607,6.79,-914000000.0,2273000000.0,2273000000.0,16223000000.0,2997000000.0,2.842,0.638,1287000000.0,203000000.0,1084000000.0,1287000000.0,0.0,573000000.0,0.0,0.01,0.48,3934000000.0,4507000000.0,0.151,4507000000.0,3934000000.0,3899000000.0,1.715,1.685,1.715,11700000000.0,11190500000.0,11700000000.0,84583175788.0,22.0,18.767,2698000000.0,1.566,1.0,13536000000.0,0.455,412000000.0,35000000.0,12832000000.0,12568250000.0,4150000000.0,2440000000.0,2440000000.0,0.0,7467000000.0,4937000000.0,2530000000.0,85539175788.0,187000000.0,0.0,-2480000000.0,-78000000.0,-840000000.0,-3221000000.0,-184000000.0,731000000.0,3612000000.0,-20000000.0,2997000000.0,2997000000.0,2997000000.0,0.0,0.0,0.101,9535000000.0,4001000000.0,2074000000.0,0.28,7.311,28.542,28.948,2927000000.0,0.0,49.645,2.874,2.874,3457000000.0,4797000000.0,29759000000.0,29759000000.0,0.0,0.162,0.268,0.313,0.132,181000000.0,9535000000.0,1.0,1723016936.0,1723016936,,17.271,18755000000.0,2129000000.0,902000000.0,1484000000.0,10.885,9096000000.0
28,NKE,MRT,2014-09-30,2014-08-31,2014-08-31,2021-10-05,224000000.0,18521000000.0,18184500000.0,13540000000.0,4981000000.0,1.584,6.395,-893000000.0,2303000000.0,2303000000.0,15775000000.0,2876000000.0,2.813,0.668,1347000000.0,152000000.0,1195000000.0,1347000000.0,0.0,543000000.0,0.0,0.012,0.48,3769000000.0,4312000000.0,0.15,4312000000.0,3769000000.0,3735000000.0,1.635,1.61,1.635,11105000000.0,11101500000.0,11105000000.0,67357768311.0,18.0,15.621,2185000000.0,1.258,1.0,13035000000.0,0.452,413000000.0,34000000.0,12339000000.0,12549000000.0,4030000000.0,2276000000.0,2276000000.0,0.0,7416000000.0,4813000000.0,2603000000.0,68204768311.0,-358000000.0,0.0,-2505000000.0,-28000000.0,-820000000.0,-3204000000.0,-233000000.0,661000000.0,3078000000.0,1000000.0,2876000000.0,2876000000.0,2876000000.0,0.0,0.0,0.1,9188000000.0,3847000000.0,1970000000.0,0.294,6.142,23.715,24.021,2895000000.0,0.0,39.275,2.367,2.367,3587000000.0,4808000000.0,28810000000.0,28810000000.0,0.0,0.158,0.259,0.3,0.131,178000000.0,9188000000.0,1.0,1736594992.0,1736594992,,16.59,18108000000.0,2021000000.0,859000000.0,1658000000.0,10.427,8727000000.0
29,NKE,MRT,2014-06-30,2014-05-31,2014-05-31,2021-10-05,85000000.0,18594000000.0,17972750000.0,13696000000.0,4898000000.0,1.547,6.163,-877000000.0,2220000000.0,2220000000.0,15353000000.0,2693000000.0,2.724,0.718,1373000000.0,174000000.0,1199000000.0,1373000000.0,0.0,518000000.0,0.0,0.012,0.465,3577000000.0,4095000000.0,0.147,4095000000.0,3577000000.0,3544000000.0,1.52,1.49,1.52,10824000000.0,11145750000.0,10824000000.0,67000656877.0,19.0,16.362,2136000000.0,1.216,1.0,12446000000.0,0.448,413000000.0,33000000.0,12307000000.0,12398250000.0,3947000000.0,2922000000.0,2922000000.0,0.0,7770000000.0,5027000000.0,2743000000.0,67537656877.0,-1117000000.0,0.0,-2245000000.0,-2000000.0,-799000000.0,-2914000000.0,-1207000000.0,-328000000.0,3013000000.0,-9000000.0,2693000000.0,2693000000.0,2693000000.0,0.0,0.0,0.097,8766000000.0,3680000000.0,1930000000.0,0.306,6.24,25.079,25.299,2834000000.0,0.0,38.455,2.429,2.429,3434000000.0,4871000000.0,27799000000.0,27799000000.0,0.0,0.15,0.242,0.289,0.129,177000000.0,8766000000.0,1.0,1756277646.0,1756277646,,15.828,18181000000.0,2006000000.0,851000000.0,1976000000.0,10.352,8669000000.0
30,NKE,MRT,2014-03-31,2014-02-28,2014-02-28,2021-10-05,33000000.0,17803000000.0,17710500000.0,13410000000.0,4393000000.0,1.529,6.286,-829000000.0,1864000000.0,1864000000.0,15070000000.0,2650000000.0,3.392,0.599,1327000000.0,126000000.0,1201000000.0,1327000000.0,0.0,494000000.0,0.0,0.011,0.45,3518000000.0,4012000000.0,0.148,4012000000.0,3518000000.0,3490000000.0,1.52,1.485,1.52,11133000000.0,11210000000.0,11133000000.0,68635430243.0,20.0,17.108,2196000000.0,1.24,1.0,12001000000.0,0.443,517000000.0,28000000.0,12795000000.0,12119250000.0,3825000000.0,3165000000.0,3165000000.0,0.0,6670000000.0,3954000000.0,2716000000.0,69333430243.0,-630000000.0,0.0,-1521000000.0,971000000.0,-775000000.0,-1179000000.0,-2457000000.0,-1643000000.0,3025000000.0,-19000000.0,2650000000.0,2650000000.0,2650000000.0,28000000.0,0.0,0.098,8356000000.0,3645000000.0,1480000000.0,0.296,6.228,26.164,25.757,2736000000.0,0.0,39.15,2.561,2.561,3355000000.0,5374000000.0,27071000000.0,27071000000.0,0.0,0.15,0.236,0.29,0.13,177000000.0,8356000000.0,1.0,1770968844.0,1770968844,,15.286,17286000000.0,1459000000.0,840000000.0,1560000000.0,9.761,9456000000.0
31,NKE,MRT,2013-12-31,2013-11-30,2013-11-30,2021-10-05,90000000.0,17820000000.0,17163500000.0,13607000000.0,4213000000.0,1.532,6.376,-782000000.0,2086000000.0,2086000000.0,14652000000.0,2834000000.0,3.533,0.571,1388000000.0,187000000.0,1201000000.0,1388000000.0,0.0,473000000.0,0.0,0.011,0.42,3689000000.0,4162000000.0,0.158,4162000000.0,3689000000.0,3672000000.0,1.505,1.475,1.505,11344000000.0,11093500000.0,11344000000.0,68838391959.0,19.0,16.54,1953000000.0,1.098,1.0,11634000000.0,0.443,516000000.0,17000000.0,12755000000.0,11263500000.0,3695000000.0,3101000000.0,3101000000.0,0.0,6476000000.0,3851000000.0,2625000000.0,70399391959.0,-142000000.0,561000000.0,-993000000.0,1004000000.0,-751000000.0,-611000000.0,-2289000000.0,-2077000000.0,2735000000.0,23000000.0,2834000000.0,2834000000.0,2834000000.0,-176000000.0,0.0,0.108,8050000000.0,3584000000.0,1612000000.0,0.279,6.206,24.841,26.292,2645000000.0,0.0,39.57,2.678,2.678,3208000000.0,5685000000.0,26286000000.0,26286000000.0,0.0,0.165,0.255,0.328,0.14,179000000.0,8050000000.0,1.0,1779110234.0,1779110234,,14.775,17304000000.0,1367000000.0,838000000.0,1471000000.0,9.726,9756000000.0
32,NKE,MRT,2013-09-30,2013-08-31,2013-08-31,2021-10-05,177000000.0,17674000000.0,16501250000.0,13618000000.0,4056000000.0,1.564,6.336,-721000000.0,2936000000.0,2936000000.0,14472000000.0,2684000000.0,3.525,0.567,1375000000.0,168000000.0,1207000000.0,1375000000.0,0.0,456000000.0,0.0,0.013,0.42,3541000000.0,3997000000.0,0.155,3997000000.0,3541000000.0,3533000000.0,1.495,1.465,1.495,11282000000.0,10761000000.0,11282000000.0,53982941914.0,15.0,13.506,2394000000.0,1.344,1.0,11338000000.0,0.439,514000000.0,8000000.0,11736000000.0,10300750000.0,3472000000.0,2642000000.0,2642000000.0,0.0,6392000000.0,3863000000.0,2529000000.0,55931941914.0,559000000.0,786000000.0,-1066000000.0,971000000.0,-726000000.0,-730000000.0,-1855000000.0,-1922000000.0,3115000000.0,29000000.0,2684000000.0,2684000000.0,2684000000.0,-39000000.0,0.0,0.104,7795000000.0,3543000000.0,1559000000.0,0.281,4.958,20.839,21.01,2557000000.0,0.0,31.41,2.167,2.167,3207000000.0,5762000000.0,25810000000.0,25810000000.0,0.0,0.163,0.249,0.344,0.137,179000000.0,7795000000.0,1.0,1780704932.0,1780704932,,14.494,17160000000.0,1293000000.0,849000000.0,1533000000.0,9.637,9755000000.0
33,NKE,MRT,2013-06-30,2013-05-31,2013-05-31,2021-10-05,274000000.0,17545000000.0,15861250000.0,13630000000.0,3915000000.0,1.596,6.2,-584000000.0,3337000000.0,3337000000.0,14279000000.0,2472000000.0,3.44,0.583,1365000000.0,155000000.0,1210000000.0,1365000000.0,0.0,438000000.0,0.0,0.013,0.405,3274000000.0,3712000000.0,0.147,3712000000.0,3274000000.0,3277000000.0,1.38,1.35,1.38,11081000000.0,10452250000.0,11081000000.0,52864274571.0,16.0,14.241,2448000000.0,1.37,1.0,11034000000.0,0.436,420000000.0,-3000000.0,11191000000.0,9566500000.0,3484000000.0,2628000000.0,2628000000.0,0.0,6464000000.0,3962000000.0,2502000000.0,55100274571.0,1083000000.0,786000000.0,-1361000000.0,947000000.0,-703000000.0,-1045000000.0,-940000000.0,-1140000000.0,3032000000.0,36000000.0,2472000000.0,2472000000.0,2472000000.0,-21000000.0,0.0,0.098,7796000000.0,3238000000.0,1669000000.0,0.293,4.973,22.29,22.341,2452000000.0,0.0,30.83,2.177,2.177,3117000000.0,5620000000.0,25313000000.0,25313000000.0,0.0,0.156,0.237,0.342,0.129,174000000.0,7796000000.0,1.0,1787229146.0,1787229146,,14.163,17125000000.0,1351000000.0,805000000.0,1376000000.0,9.582,9668000000.0
34,NKE,MRT,2013-03-31,2013-02-28,2013-02-28,2021-10-05,231000000.0,15615000000.0,15341250000.0,11789000000.0,3826000000.0,1.62,5.954,-607000000.0,2557000000.0,2557000000.0,14089000000.0,2354000000.0,3.368,0.464,321000000.0,160000000.0,161000000.0,321000000.0,0.0,423000000.0,0.0,0.018,0.48,3125000000.0,3548000000.0,0.143,3548000000.0,3125000000.0,3130000000.0,1.28,1.255,1.28,10667000000.0,10277250000.0,10667000000.0,46817462994.0,15.0,13.195,1984000000.0,1.107,1.0,10763000000.0,0.433,507000000.0,-5000000.0,9372000000.0,9056250000.0,3329000000.0,1485000000.0,1485000000.0,0.0,4948000000.0,3500000000.0,1448000000.0,48780462994.0,551000000.0,786000000.0,-1381000000.0,-16000000.0,-680000000.0,-2013000000.0,-126000000.0,-303000000.0,2591000000.0,99000000.0,2354000000.0,2354000000.0,2354000000.0,-39000000.0,0.0,0.095,7668000000.0,3095000000.0,1241000000.0,0.375,4.573,20.722,21.273,2260000000.0,0.0,27.23,1.963,1.963,3232000000.0,5456000000.0,24852000000.0,24852000000.0,0.0,0.153,0.229,0.345,0.126,163000000.0,7668000000.0,1.0,1791423540.0,1791423540,,13.873,15108000000.0,1334000000.0,776000000.0,1425000000.0,8.434,8289000000.0
35,NKE,MRT,2012-12-31,2012-11-30,2012-11-30,2021-10-05,138000000.0,15171000000.0,15136000000.0,11435000000.0,3736000000.0,1.607,5.557,-553000000.0,2291000000.0,2291000000.0,13809000000.0,2048000000.0,3.01,0.515,328000000.0,158000000.0,170000000.0,328000000.0,0.0,406000000.0,0.0,0.011,0.27,2843000000.0,3249000000.0,0.134,3249000000.0,2843000000.0,2846000000.0,1.22,1.195,1.22,10014000000.0,10154500000.0,10014000000.0,42118849707.0,15.0,12.964,1919000000.0,1.065,1.0,10512000000.0,0.432,505000000.0,-3000000.0,8904000000.0,8962250000.0,3318000000.0,1234000000.0,1234000000.0,0.0,5157000000.0,3799000000.0,1358000000.0,43919849707.0,377000000.0,225000000.0,-1368000000.0,-122000000.0,-657000000.0,-2077000000.0,-86000000.0,231000000.0,2472000000.0,68000000.0,2048000000.0,2048000000.0,2048000000.0,174000000.0,0.0,0.084,7513000000.0,2999000000.0,1519000000.0,0.221,4.386,21.445,19.975,2258000000.0,0.0,24.37,1.806,1.806,3188000000.0,5029000000.0,24321000000.0,24321000000.0,0.0,0.135,0.202,0.317,0.117,152000000.0,7513000000.0,1.0,1802209672.0,1802209672,,13.495,14666000000.0,1300000000.0,798000000.0,1233000000.0,8.138,7636000000.0
36,NKE,MRT,2012-09-30,2012-08-31,2012-08-31,2021-10-05,111000000.0,15114000000.0,14984500000.0,11136000000.0,3978000000.0,1.596,5.51,-555000000.0,2165000000.0,2165000000.0,13554000000.0,2133000000.0,2.949,0.504,364000000.0,138000000.0,226000000.0,364000000.0,0.0,391000000.0,0.0,0.015,0.36,2893000000.0,3284000000.0,0.137,3284000000.0,2893000000.0,2892000000.0,1.19,1.165,1.19,10047000000.0,10111750000.0,10047000000.0,42451524619.0,15.0,12.927,1717000000.0,0.942,1.0,10358000000.0,0.433,738000000.0,1000000.0,8799000000.0,8939000000.0,3411000000.0,1102000000.0,1102000000.0,0.0,5067000000.0,3776000000.0,1291000000.0,44383524619.0,572000000.0,0.0,-1594000000.0,-123000000.0,-639000000.0,-2263000000.0,490000000.0,1032000000.0,2272000000.0,73000000.0,2133000000.0,2133000000.0,2133000000.0,48000000.0,0.0,0.089,7408000000.0,2950000000.0,1551000000.0,0.303,4.418,20.808,20.454,2291000000.0,0.0,24.34,1.856,1.856,3431000000.0,5215000000.0,23912000000.0,23912000000.0,0.0,0.142,0.211,0.324,0.121,142000000.0,7408000000.0,1.0,1823480880.0,1823480880,,13.113,14376000000.0,1231000000.0,759000000.0,1178000000.0,7.884,7360000000.0
37,NKE,MRT,2012-06-30,2012-05-31,2012-05-31,2021-10-05,149000000.0,15465000000.0,14906750000.0,11845000000.0,3620000000.0,1.565,5.662,-561000000.0,2317000000.0,2317000000.0,13183000000.0,2211000000.0,3.051,0.49,385000000.0,157000000.0,228000000.0,385000000.0,0.0,373000000.0,0.0,0.016,0.425,2969000000.0,3342000000.0,0.143,3342000000.0,2969000000.0,2965000000.0,1.225,1.2,1.225,10381000000.0,10074750000.0,10381000000.0,47934251214.0,16.0,14.343,1263000000.0,0.689,1.0,10148000000.0,0.435,501000000.0,4000000.0,9150000000.0,9042500000.0,3222000000.0,1440000000.0,1440000000.0,0.0,5084000000.0,3882000000.0,1202000000.0,49586251214.0,377000000.0,0.0,-1346000000.0,-250000000.0,-619000000.0,-2100000000.0,586000000.0,1161000000.0,1824000000.0,67000000.0,2211000000.0,2211000000.0,2211000000.0,46000000.0,0.0,0.095,7079000000.0,3069000000.0,1549000000.0,0.347,4.777,22.427,22.078,2209000000.0,0.0,27.045,2.125,2.125,3132000000.0,5588000000.0,23331000000.0,23331000000.0,0.0,0.148,0.219,0.328,0.127,130000000.0,7079000000.0,1.0,1833472036.0,1833472036,,12.725,14964000000.0,1172000000.0,754000000.0,1039000000.0,8.162,7963000000.0
38,NKE,MRT,2012-03-31,2012-02-29,2012-02-29,2021-10-05,243000000.0,14794000000.0,14790000000.0,10932000000.0,3862000000.0,1.508,5.544,-507000000.0,2021000000.0,2021000000.0,12502000000.0,2268000000.0,3.206,0.454,369000000.0,140000000.0,229000000.0,369000000.0,0.0,358000000.0,0.0,0.012,0.323,3010000000.0,3368000000.0,0.151,3368000000.0,3010000000.0,3003000000.0,1.252,1.23,1.252,10176000000.0,9940250000.0,10176000000.0,48067964561.0,16.0,14.272,1260000000.0,0.686,1.0,9802000000.0,0.439,736000000.0,7000000.0,8996000000.0,9019000000.0,3356000000.0,1176000000.0,1176000000.0,0.0,4618000000.0,3410000000.0,1208000000.0,49525964561.0,-111000000.0,0.0,-1754000000.0,-244000000.0,-601000000.0,-2504000000.0,579000000.0,1136000000.0,1767000000.0,47000000.0,2268000000.0,2268000000.0,2268000000.0,59000000.0,0.0,0.102,6702000000.0,3100000000.0,1298000000.0,0.258,4.867,21.837,21.55,2205000000.0,0.0,26.98,2.22,2.22,3296000000.0,5447000000.0,22304000000.0,22304000000.0,0.0,0.153,0.228,0.334,0.135,122000000.0,6702000000.0,1.0,1835654728.0,1835654728,,12.15,14058000000.0,1232000000.0,735000000.0,1038000000.0,7.658,7522000000.0
39,NKE,MRT,2011-12-31,2011-11-30,2011-11-30,2021-10-05,215000000.0,14565000000.0,14711000000.0,10725000000.0,3840000000.0,1.477,5.307,-498000000.0,1929000000.0,1929000000.0,12083000000.0,2231000000.0,3.01,0.48,471000000.0,237000000.0,234000000.0,471000000.0,0.0,352000000.0,0.0,0.013,0.31,2939000000.0,3291000000.0,0.151,3291000000.0,2939000000.0,2932000000.0,1.217,1.195,1.217,9843000000.0,9871750000.0,9843000000.0,43505649218.0,15.0,13.22,1264000000.0,0.682,1.0,9644000000.0,0.444,733000000.0,7000000.0,8811000000.0,9007750000.0,3164000000.0,1436000000.0,1436000000.0,0.0,4722000000.0,3563000000.0,1159000000.0,44595649218.0,161000000.0,0.0,-1998000000.0,-131000000.0,-584000000.0,-2630000000.0,982000000.0,1543000000.0,1762000000.0,47000000.0,2231000000.0,2231000000.0,2231000000.0,50000000.0,0.0,0.103,6631000000.0,3013000000.0,1411000000.0,0.255,4.531,19.989,19.758,2177000000.0,0.0,24.045,2.053,2.053,3103000000.0,5290000000.0,21727000000.0,21727000000.0,0.0,0.152,0.226,0.326,0.135,116000000.0,6631000000.0,1.0,1854674536.0,1854674536,,11.715,13832000000.0,1228000000.0,701000000.0,1006000000.0,7.458,7162000000.0
40,NKE,MRT,2011-09-30,2011-08-31,2011-08-31,2021-10-05,105000000.0,14803000000.0,14685750000.0,11039000000.0,3764000000.0,1.432,5.212,-455000000.0,1608000000.0,1608000000.0,11562000000.0,2219000000.0,2.936,0.495,518000000.0,280000000.0,238000000.0,518000000.0,0.0,343000000.0,0.0,0.014,0.3,2925000000.0,3268000000.0,0.155,3268000000.0,2925000000.0,2920000000.0,1.197,1.175,1.197,9899000000.0,9898250000.0,9899000000.0,39852044628.0,14.0,12.195,1232000000.0,0.649,1.0,9461000000.0,0.45,740000000.0,5000000.0,9213000000.0,9151250000.0,3107000000.0,2092000000.0,2092000000.0,0.0,4904000000.0,3760000000.0,1144000000.0,41144044628.0,-402000000.0,0.0,-1552000000.0,-83000000.0,-569000000.0,-2116000000.0,-20000000.0,494000000.0,1687000000.0,47000000.0,2219000000.0,2219000000.0,2219000000.0,39000000.0,0.0,0.106,6511000000.0,2950000000.0,1421000000.0,0.251,4.156,18.542,18.097,2166000000.0,0.0,21.663,1.957,1.957,3279000000.0,5653000000.0,21023000000.0,21023000000.0,0.0,0.151,0.224,0.32,0.139,109000000.0,6511000000.0,1.0,1899321160.0,1899321160,,11.069,14063000000.0,1173000000.0,701000000.0,997000000.0,7.404,7279000000.0
41,NKE,MRT,2011-06-30,2011-05-31,2011-05-31,2021-10-05,95000000.0,14998000000.0,14497750000.0,11297000000.0,3701000000.0,1.388,5.19,-431000000.0,1955000000.0,1955000000.0,10915000000.0,2133000000.0,2.854,0.524,663000000.0,387000000.0,276000000.0,663000000.0,0.0,335000000.0,0.0,0.014,0.29,2827000000.0,3162000000.0,0.157,3162000000.0,2827000000.0,2823000000.0,1.14,1.12,1.14,9843000000.0,9838500000.0,9843000000.0,38521273349.0,14.0,12.183,1381000000.0,0.728,1.0,9202000000.0,0.457,692000000.0,4000000.0,9056000000.0,9053000000.0,2715000000.0,2583000000.0,2583000000.0,0.0,5155000000.0,3958000000.0,1197000000.0,40040273349.0,-1124000000.0,0.0,-1514000000.0,33000000.0,-555000000.0,-1972000000.0,-1021000000.0,-560000000.0,1812000000.0,57000000.0,2133000000.0,2133000000.0,2133000000.0,39000000.0,0.0,0.106,6361000000.0,2841000000.0,1469000000.0,0.254,4.068,18.772,18.52,2115000000.0,0.0,21.113,1.99,1.99,3138000000.0,5801000000.0,20117000000.0,20117000000.0,0.0,0.147,0.217,0.312,0.141,105000000.0,6361000000.0,1.0,1896519756.0,1896519756,,10.607,14306000000.0,1206000000.0,690000000.0,1038000000.0,7.543,7339000000.0
42,NKE,MRT,2011-03-31,2011-02-28,2011-02-28,2021-10-05,106000000.0,14478000000.0,14353000000.0,10785000000.0,3693000000.0,1.405,5.174,-397000000.0,2132000000.0,2132000000.0,10813000000.0,2061000000.0,3.227,0.462,613000000.0,337000000.0,276000000.0,613000000.0,0.0,333000000.0,0.0,0.013,0.28,2756000000.0,3089000000.0,0.153,3089000000.0,2756000000.0,2754000000.0,1.078,1.052,1.078,9902000000.0,9816250000.0,9902000000.0,41430388216.0,15.0,13.412,1848000000.0,0.966,1.0,9360000000.0,0.464,666000000.0,2000000.0,8951000000.0,8767250000.0,2536000000.0,2333000000.0,2333000000.0,0.0,4576000000.0,3342000000.0,1234000000.0,42600388216.0,-93000000.0,0.0,-1047000000.0,20000000.0,-538000000.0,-1490000000.0,-906000000.0,-495000000.0,2245000000.0,58000000.0,2061000000.0,2061000000.0,2061000000.0,0.0,0.0,0.102,6659000000.0,2701000000.0,1147000000.0,0.26,4.302,20.67,20.647,2057000000.0,0.0,22.258,2.112,2.112,2985000000.0,5954000000.0,20173000000.0,20173000000.0,0.0,0.144,0.21,0.314,0.137,99000000.0,6659000000.0,1.0,1913979028.0,1913979028,,10.54,13812000000.0,1256000000.0,693000000.0,1071000000.0,7.216,7443000000.0
43,NKE,MRT,2010-12-31,2010-11-30,2010-11-30,2021-10-05,151000000.0,14464000000.0,14127575000.0,10916000000.0,3548000000.0,1.403,5.205,-352000000.0,1768000000.0,1768000000.0,10576000000.0,2035000000.0,3.361,0.454,598000000.0,260000000.0,338000000.0,598000000.0,0.0,326000000.0,0.0,0.013,0.27,2712000000.0,3038000000.0,0.153,3038000000.0,2712000000.0,2709000000.0,1.058,1.035,1.058,9949000000.0,9697975000.0,9949000000.0,39732168330.0,15.0,13.078,2082000000.0,1.089,1.0,9251000000.0,0.467,661000000.0,3000000.0,9385000000.0,8632975000.0,2348000000.0,3021000000.0,3021000000.0,0.0,4515000000.0,3248000000.0,1267000000.0,41159168330.0,-267000000.0,0.0,-920000000.0,18000000.0,-522000000.0,-1351000000.0,-1374000000.0,-1010000000.0,2434000000.0,24000000.0,2035000000.0,2035000000.0,2035000000.0,0.0,0.0,0.103,6585000000.0,2666000000.0,1225000000.0,0.255,4.137,20.226,20.352,2003000000.0,0.0,21.532,2.076,2.076,2792000000.0,6043000000.0,19827000000.0,19827000000.0,0.0,0.144,0.21,0.314,0.137,94000000.0,6585000000.0,1.0,1911490460.0,1911490460,,10.373,13803000000.0,1151000000.0,674000000.0,1007000000.0,7.221,7668000000.0
44,NKE,MRT,2010-09-30,2010-08-31,2010-08-31,2021-10-05,138000000.0,14051000000.0,13851175000.0,10531000000.0,3520000000.0,1.4,5.0,-334000000.0,2010000000.0,2010000000.0,10372000000.0,1953000000.0,3.352,0.455,583000000.0,241000000.0,342000000.0,583000000.0,0.0,323000000.0,0.0,0.015,0.265,2595000000.0,2918000000.0,0.15,2918000000.0,2595000000.0,2591000000.0,1.01,0.99,1.01,9660000000.0,9516750000.0,9660000000.0,31324061710.0,12.0,10.735,2333000000.0,1.208,1.0,9018000000.0,0.465,662000000.0,4000000.0,8820000000.0,8393350000.0,2210000000.0,2678000000.0,2678000000.0,0.0,4391000000.0,3142000000.0,1249000000.0,33811361710.0,-251000000.0,0.0,-850000000.0,5000000.0,-515000000.0,-1303000000.0,-1620000000.0,-1272000000.0,2667000000.0,5000000.0,1953000000.0,1953000000.0,1953000000.0,0.0,0.0,0.101,6453000000.0,2565000000.0,1101000000.0,0.262,3.5,17.313,17.327,1975000000.0,0.0,17.5,1.744,1.744,2791000000.0,6011000000.0,19390000000.0,19390000000.0,0.0,0.141,0.205,0.309,0.134,89000000.0,6453000000.0,1.0,1932077812.0,1932077812,,10.036,13389000000.0,1142000000.0,638000000.0,1011000000.0,6.93,7389000000.0
45,NKE,MRT,2010-06-30,2010-05-31,2010-05-31,2021-10-05,215000000.0,14419000000.0,13636075000.0,10959000000.0,3460000000.0,1.394,5.021,-325000000.0,3079000000.0,3079000000.0,10214000000.0,1907000000.0,3.258,0.478,592000000.0,146000000.0,446000000.0,592000000.0,0.0,324000000.0,0.0,0.014,0.26,2523000000.0,2847000000.0,0.15,2847000000.0,2523000000.0,2517000000.0,0.983,0.965,0.983,9754000000.0,9374425000.0,9754000000.0,33498005230.0,13.0,11.766,2839000000.0,1.461,1.0,8800000000.0,0.463,655000000.0,6000000.0,7913000000.0,8177375000.0,2041000000.0,2067000000.0,2067000000.0,0.0,4665000000.0,3364000000.0,1301000000.0,35155005230.0,788000000.0,0.0,-377000000.0,-237000000.0,-505000000.0,-1061000000.0,-1268000000.0,-932000000.0,3164000000.0,-47000000.0,1907000000.0,1907000000.0,1907000000.0,0.0,0.0,0.1,6326000000.0,2474000000.0,1255000000.0,0.264,3.604,18.435,18.408,1932000000.0,0.0,18.095,1.849,1.849,2650000000.0,6095000000.0,19014000000.0,19014000000.0,0.0,0.14,0.203,0.309,0.133,159000000.0,6326000000.0,1.0,1942802168.0,1942802168,,9.787,13764000000.0,1122000000.0,610000000.0,914000000.0,7.085,7595000000.0
46,NKE,MRT,2010-03-31,2010-02-28,2010-02-28,2021-10-05,234400000.0,13576300000.0,13343725000.0,10088000000.0,3488300000.0,1.398,4.836,-332300000.0,2225200000.0,2225200000.0,10212500000.0,1726700000.0,3.544,0.44,568200000.0,116300000.0,451900000.0,568200000.0,0.0,328400000.0,0.0,0.015,0.255,2326900000.0,2655300000.0,0.142,2655300000.0,2326900000.0,2320800000.0,0.89,0.877,0.89,9428900000.0,9109200000.0,9428900000.0,31486881158.0,14.0,11.858,2630300000.0,1.349,1.0,8437400000.0,0.452,658700000.0,6100000.0,8413900000.0,8157300000.0,2150300000.0,1813700000.0,1813700000.0,0.0,4147400000.0,2846700000.0,1300700000.0,32951781158.0,332800000.0,0.0,-264800000.0,-264700000.0,-496400000.0,-985900000.0,-1560300000.0,-1216400000.0,2962600000.0,-83600000.0,1726700000.0,1726700000.0,1726700000.0,0.0,0.0,0.093,6177400000.0,2260000000.0,994700000.0,0.287,3.495,19.084,18.989,1962600000.0,0.0,16.9,1.767,1.767,2833800000.0,5919100000.0,18649900000.0,18649900000.0,0.0,0.129,0.19,0.285,0.125,182000000.0,5982700000.0,1.0,1949809536.0,1949809536,,9.565,12917600000.0,1088700000.0,594100000.0,936500000.0,6.625,7241300000.0
47,NKE,MRT,2009-12-31,2009-11-30,2009-11-30,2021-10-05,156000000.0,13358400000.0,13013575000.0,9765600000.0,3592800000.0,1.411,4.735,-376100000.0,2035200000.0,2035200000.0,10189800000.0,1473500000.0,3.49,0.448,570300000.0,110700000.0,459600000.0,570300000.0,0.0,334800000.0,0.0,0.015,0.25,1902300000.0,2237100000.0,0.122,2237100000.0,1902300000.0,1894200000.0,0.76,0.75,0.76,9224100000.0,8804675000.0,9224100000.0,29886402849.0,16.0,13.359,2098600000.0,1.077,1.0,8167900000.0,0.445,668700000.0,8100000.0,8426500000.0,7968425000.0,2176300000.0,1974800000.0,1974800000.0,0.0,4134300000.0,2798300000.0,1336000000.0,31602002849.0,313400000.0,0.0,33600000.0,-254500000.0,-485400000.0,-677700000.0,-1452900000.0,-1053100000.0,2474700000.0,-30700000.0,1473500000.0,1473500000.0,1473500000.0,0.0,0.0,0.08,6367800000.0,1800100000.0,1008700000.0,0.329,3.426,21.447,21.345,2023900000.0,0.0,16.223,1.721,1.721,2716500000.0,5879200000.0,18357700000.0,18357700000.0,0.0,0.113,0.167,0.239,0.104,182700000.0,5771800000.0,1.0,1948035312.0,1948035312,,9.424,12689700000.0,1120200000.0,420700000.0,957300000.0,6.514,6967300000.0
48,NKE,MRT,2009-09-30,2009-08-31,2009-08-31,2021-10-05,244300000.0,13190600000.0,12832650000.0,9606900000.0,3583700000.0,1.445,4.677,-409400000.0,2260600000.0,2260600000.0,10284900000.0,1489500000.0,3.368,0.451,545000000.0,101800000.0,443200000.0,545000000.0,0.0,335500000.0,0.0,0.018,0.245,1924900000.0,2260400000.0,0.122,2260400000.0,1924900000.0,1923800000.0,0.77,0.76,0.77,9090700000.0,8527700000.0,9090700000.0,25436698648.0,13.0,11.253,1678000000.0,0.863,1.0,8257900000.0,0.445,666100000.0,1100000.0,7956100000.0,7759425000.0,2288400000.0,1369200000.0,1369200000.0,0.0,4099900000.0,2852800000.0,1247100000.0,26915698648.0,635300000.0,0.0,-57000000.0,-149400000.0,-475000000.0,-658100000.0,-701900000.0,-260700000.0,2087400000.0,-92100000.0,1489500000.0,1489500000.0,1489500000.0,0.0,0.0,0.08,6435600000.0,1822300000.0,961900000.0,0.318,2.961,18.07,17.984,1980800000.0,0.0,13.848,1.452,1.452,2835300000.0,5827700000.0,18542800000.0,18542800000.0,0.0,0.116,0.175,0.248,0.104,183800000.0,5839600000.0,1.0,1943722596.0,1943722596,,9.54,12524500000.0,1150900000.0,434300000.0,949300000.0,6.444,6754100000.0
49,NKE,MRT,2009-06-30,2009-05-31,2009-05-31,2021-10-05,367500000.0,13249600000.0,12683700000.0,9734000000.0,3515600000.0,1.512,4.487,-423000000.0,2291100000.0,2291100000.0,10572000000.0,1487000000.0,2.97,0.524,812100000.0,374900000.0,437200000.0,812100000.0,0.0,335000000.0,0.0,0.017,0.24,1947000000.0,2282000000.0,0.119,2282000000.0,1947000000.0,1957000000.0,0.767,0.757,0.767,8693100000.0,8263175000.0,8693100000.0,26540888258.0,14.0,11.631,1313000000.0,0.678,1.0,8604000000.0,0.449,660900000.0,-10000000.0,7832700000.0,7565150000.0,2357000000.0,1164000000.0,1164000000.0,0.0,4556500000.0,3277000000.0,1279500000.0,27632088258.0,157000000.0,0.0,-462000000.0,170000000.0,-467000000.0,-734000000.0,-798000000.0,-328000000.0,1736000000.0,-47000000.0,1487000000.0,1487000000.0,1487000000.0,0.0,0.0,0.078,6746000000.0,1858000000.0,1031900000.0,0.313,3.179,18.582,18.595,1957700000.0,0.0,14.262,1.441,1.441,2883900000.0,5451400000.0,19176000000.0,19176000000.0,0.0,0.117,0.18,0.257,0.102,171000000.0,6150000000.0,1.0,1937394444.0,1937394444,,9.898,12588700000.0,1169400000.0,470000000.0,928300000.0,6.498,6457000000.0
50,NKE,MRT,2009-03-31,2009-02-28,2009-02-28,2021-10-05,191300000.0,12255700000.0,12481975000.0,8998600000.0,3257100000.0,1.566,4.24,-476500000.0,1892100000.0,1892100000.0,10659100000.0,1635800000.0,3.148,0.493,800900000.0,363100000.0,437800000.0,800900000.0,0.0,326200000.0,0.0,0.023,0.235,2095700000.0,2421900000.0,0.124,2421900000.0,2095700000.0,2118500000.0,0.84,0.828,0.84,8210800000.0,8046225000.0,8210800000.0,19175977023.0,9.0,7.918,818400000.0,0.423,1.0,8892000000.0,0.455,647900000.0,-22800000.0,7658400000.0,7212100000.0,2466600000.0,712100000.0,712100000.0,0.0,4044900000.0,2858200000.0,1186700000.0,20103577023.0,-350300000.0,-273100000.0,-699700000.0,134100000.0,-459000000.0,-976600000.0,-664100000.0,139600000.0,1294900000.0,-4500000.0,1635800000.0,1635800000.0,1635800000.0,0.0,0.0,0.084,6842900000.0,2049100000.0,952000000.0,0.28,2.448,12.29,12.36,1893900000.0,0.0,10.383,1.028,1.028,2892400000.0,5231500000.0,19551100000.0,19551100000.0,0.0,0.131,0.203,0.291,0.107,152400000.0,6441600000.0,1.0,1936294440.0,1936294440,,10.097,11607800000.0,779800000.0,482700000.0,861000000.0,5.995,6140400000.0
51,NKE,MRT,2008-12-31,2008-11-30,2008-11-30,2021-10-05,252800000.0,12634700000.0,12365100000.0,8923400000.0,3711300000.0,1.59,4.182,-456700000.0,1721500000.0,1721500000.0,10663300000.0,1855800000.0,2.888,0.557,793900000.0,348400000.0,445500000.0,793900000.0,0.0,314100000.0,0.0,0.017,0.23,2507300000.0,2821400000.0,0.144,2821400000.0,2507300000.0,2551800000.0,0.95,0.933,0.95,8116200000.0,7896825000.0,8116200000.0,24871363353.0,10.0,8.815,1168000000.0,0.602,1.0,8991400000.0,0.457,1027000000.0,-44500000.0,7590500000.0,6984000000.0,2419100000.0,1008000000.0,1008000000.0,0.0,4518500000.0,3089600000.0,1428900000.0,25838063353.0,-749000000.0,-325100000.0,-1019100000.0,199500000.0,-452400000.0,-1216800000.0,-1094300000.0,-274800000.0,1624700000.0,-62600000.0,1855800000.0,1855800000.0,1855800000.0,0.0,0.0,0.094,6492700000.0,2498700000.0,1124100000.0,0.242,3.184,13.923,14.013,1900900000.0,0.0,13.312,1.315,1.315,2737200000.0,5108700000.0,19654700000.0,19654700000.0,0.0,0.15,0.235,0.359,0.128,154000000.0,6492700000.0,1.0,1940887388.0,1940887388,,10.127,11607700000.0,873100000.0,696000000.0,1100500000.0,5.981,5833800000.0
52,NKE,MRT,2008-09-30,2008-08-31,2008-08-31,2021-10-05,361000000.0,12594800000.0,12070075000.0,8944600000.0,3650200000.0,1.608,4.095,-449300000.0,1625600000.0,1625600000.0,10541600000.0,1824200000.0,2.701,0.568,658900000.0,251600000.0,407300000.0,658900000.0,0.0,312100000.0,0.0,0.014,0.219,2484200000.0,2796300000.0,0.144,2796300000.0,2484200000.0,2546800000.0,0.927,0.91,0.927,8032600000.0,7740825000.0,8032600000.0,28215094412.0,11.0,10.09,1525100000.0,0.777,1.0,8862500000.0,0.457,1137500000.0,-62600000.0,7179000000.0,6640525000.0,2453900000.0,966100000.0,966100000.0,0.0,4562200000.0,3311600000.0,1250600000.0,29723894412.0,-348300000.0,-325100000.0,-1056100000.0,60000000.0,-433100000.0,-1372400000.0,-1006600000.0,-196400000.0,1974400000.0,56300000.0,1824200000.0,1824200000.0,1824200000.0,0.0,0.0,0.094,6375400000.0,2487100000.0,1205900000.0,0.236,3.7,16.294,16.346,1874800000.0,0.0,15.152,1.532,1.532,3035400000.0,5045900000.0,19404100000.0,19404100000.0,0.0,0.151,0.236,0.374,0.128,155400000.0,6375400000.0,1.0,1961649524.0,1961649524,,9.892,11457300000.0,813700000.0,722600000.0,1057300000.0,5.841,5633000000.0
53,NKE,MRT,2008-06-30,2008-05-31,2008-05-31,2021-10-05,251400000.0,12442700000.0,11674750000.0,8839300000.0,3603400000.0,1.595,3.971,-447300000.0,2133900000.0,2133900000.0,10239600000.0,1883400000.0,2.661,0.59,625100000.0,184000000.0,441100000.0,625100000.0,0.0,303600000.0,0.0,0.012,0.208,2425800000.0,2729400000.0,0.147,2729400000.0,2425800000.0,2502900000.0,0.95,0.935,0.95,7825300000.0,7571325000.0,7825300000.0,32102791656.0,13.0,11.762,1489000000.0,0.756,1.0,8387400000.0,0.45,1191900000.0,-77100000.0,6420500000.0,6458475000.0,2438400000.0,642200000.0,642200000.0,0.0,4617400000.0,3321500000.0,1295900000.0,33686591656.0,277200000.0,-325100000.0,-904700000.0,28500000.0,-412900000.0,-1226100000.0,-489800000.0,304400000.0,1936300000.0,56800000.0,1883400000.0,1883400000.0,1883400000.0,0.0,0.0,0.101,5953700000.0,2433700000.0,1287600000.0,0.219,4.305,17.886,17.992,1891100000.0,0.0,17.093,1.808,1.808,2795300000.0,5073300000.0,18627000000.0,18627000000.0,0.0,0.161,0.249,0.376,0.13,141000000.0,5953700000.0,1.0,1970840524.0,1970840524,,9.451,11250800000.0,747600000.0,619500000.0,942500000.0,5.709,5517800000.0
54,NKE,MRT,2008-03-31,2008-02-29,2008-02-29,2021-10-05,277000000.0,11788200000.0,11236150000.0,8904700000.0,2883500000.0,1.595,3.828,-387400000.0,2242400000.0,2242400000.0,9947200000.0,1830800000.0,3.026,0.548,658600000.0,211900000.0,446700000.0,658600000.0,0.0,294500000.0,0.0,0.013,0.196,2422800000.0,2717300000.0,0.152,2717300000.0,2422800000.0,2513400000.0,0.917,0.903,0.917,7613200000.0,7371350000.0,7613200000.0,28026189648.0,12.0,10.314,1880300000.0,0.945,1.0,7975000000.0,0.445,515200000.0,-90600000.0,6746000000.0,6415375000.0,2390900000.0,684200000.0,684200000.0,0.0,4175000000.0,2943200000.0,1231800000.0,29934789648.0,363200000.0,-52000000.0,-938100000.0,63200000.0,-393000000.0,-1223400000.0,-712500000.0,-267900000.0,2267700000.0,31400000.0,1830800000.0,1830800000.0,1830800000.0,0.0,0.0,0.102,5539400000.0,2435600000.0,1004700000.0,0.214,3.932,16.351,16.412,1820000000.0,0.0,15.05,1.67,1.67,2775500000.0,4982700000.0,17922200000.0,17922200000.0,0.0,0.163,0.248,0.378,0.135,144200000.0,5539400000.0,1.0,1989022568.0,1989022568,,9.011,11273000000.0,793300000.0,682600000.0,881200000.0,5.668,5961500000.0
55,NKE,MRT,2007-12-31,2007-11-30,2007-11-30,2021-10-05,229000000.0,11454600000.0,10843750000.0,8687400000.0,2767200000.0,1.596,3.756,-332000000.0,2470500000.0,2470500000.0,9642400000.0,1717800000.0,3.115,0.529,561900000.0,125600000.0,436300000.0,561900000.0,0.0,283000000.0,0.0,0.011,0.185,2275000000.0,2558000000.0,0.148,2558000000.0,2275000000.0,2362700000.0,0.855,0.843,0.855,7492200000.0,7180050000.0,7492200000.0,31335347110.0,14.0,12.25,1955000000.0,0.98,1.0,7662300000.0,0.443,540500000.0,-87700000.0,6216600000.0,6237825000.0,2223700000.0,601000000.0,601000000.0,0.0,3962400000.0,2788900000.0,1173500000.0,32742347110.0,1367600000.0,0.0,-618600000.0,57600000.0,-371800000.0,-879400000.0,-102600000.0,233700000.0,2287000000.0,62600000.0,1717800000.0,1717800000.0,1717800000.0,0.0,0.0,0.099,5379500000.0,2282800000.0,1053500000.0,0.216,4.37,19.061,19.196,1788100000.0,0.0,16.413,1.892,1.892,2617100000.0,4972700000.0,17304700000.0,17304700000.0,0.0,0.158,0.239,0.365,0.131,146300000.0,5379500000.0,1.0,1994964028.0,1994964028,,8.674,10914100000.0,692500000.0,644900000.0,845300000.0,5.471,5898500000.0
56,NKE,MRT,2007-09-30,2007-08-31,2007-08-31,2021-10-05,204200000.0,11013500000.0,10435650000.0,8341500000.0,2672000000.0,1.609,3.662,-304600000.0,1973900000.0,1973900000.0,9388600000.0,1684000000.0,3.189,0.497,566900000.0,146000000.0,420900000.0,566900000.0,0.0,272800000.0,0.0,0.013,0.177,2215700000.0,2488500000.0,0.148,2488500000.0,2215700000.0,2294400000.0,0.837,0.825,0.837,7354600000.0,6941525000.0,7354600000.0,26973304045.0,12.0,10.839,1661800000.0,0.827,1.0,7398300000.0,0.441,540300000.0,-78700000.0,6450800000.0,6276150000.0,2154900000.0,817400000.0,817400000.0,0.0,3658900000.0,2615400000.0,1043500000.0,28288804045.0,943200000.0,0.0,-441100000.0,85500000.0,-357200000.0,-647200000.0,-402500000.0,-97900000.0,1966400000.0,26500000.0,1684000000.0,1684000000.0,1684000000.0,0.0,0.0,0.1,5173700000.0,2224600000.0,971500000.0,0.211,3.846,16.799,16.828,1717600000.0,0.0,14.085,1.685,1.685,2774100000.0,5017600000.0,16786900000.0,16786900000.0,0.0,0.161,0.243,0.353,0.132,149000000.0,5173700000.0,1.0,2008434792.0,2008434792,,8.358,10473200000.0,634400000.0,610400000.0,806300000.0,5.215,5726100000.0
57,NKE,MRT,2007-06-30,2007-05-31,2007-05-31,2021-10-05,177400000.0,10688300000.0,10074900000.0,8076500000.0,2611800000.0,1.62,3.474,-285200000.0,1856700000.0,1856700000.0,9165400000.0,1491500000.0,3.126,0.521,541200000.0,131300000.0,409900000.0,541200000.0,0.0,269700000.0,0.0,0.012,0.17,2132700000.0,2402400000.0,0.147,2402400000.0,2132700000.0,2199900000.0,0.74,0.733,0.74,7025400000.0,6658100000.0,7025400000.0,27354588521.0,13.0,11.386,1593500000.0,0.788,1.0,7160500000.0,0.439,540700000.0,-67200000.0,6248100000.0,6179450000.0,2121900000.0,990300000.0,990300000.0,0.0,3662900000.0,2584000000.0,1078900000.0,28687788521.0,902500000.0,0.0,-662300000.0,-161300000.0,-343700000.0,-1111500000.0,92900000.0,382400000.0,1878700000.0,42400000.0,1491500000.0,1491500000.0,1491500000.0,0.0,0.0,0.091,5028700000.0,2131800000.0,1040300000.0,0.23,4.083,19.234,19.172,1678300000.0,0.0,14.188,1.757,1.757,2494700000.0,4885200000.0,16325900000.0,16325900000.0,0.0,0.148,0.224,0.345,0.131,147700000.0,5028700000.0,1.0,2022046768.0,2022046768,,8.074,10147600000.0,612500000.0,708400000.0,777700000.0,5.018,5492500000.0
58,NKE,MRT,2007-03-31,2007-02-28,2007-02-28,2021-10-05,146100000.0,10218600000.0,9870225000.0,7640100000.0,2578500000.0,1.616,3.397,-290500000.0,1879200000.0,1879200000.0,8953200000.0,1386400000.0,3.304,0.492,546000000.0,126600000.0,419400000.0,546000000.0,0.0,274800000.0,0.0,0.012,0.163,1993000000.0,2267800000.0,0.142,2267800000.0,1993000000.0,2052300000.0,0.685,0.675,0.685,6848000000.0,6473050000.0,6848000000.0,25696406450.0,13.0,11.331,1339100000.0,0.664,1.0,6994900000.0,0.439,536900000.0,-59300000.0,6035800000.0,6236450000.0,2167800000.0,390500000.0,390500000.0,0.0,3370600000.0,2312700000.0,1057900000.0,26326006450.0,407100000.0,0.0,-642800000.0,-199800000.0,-330300000.0,-1124600000.0,-142700000.0,167400000.0,1629600000.0,44800000.0,1386400000.0,1386400000.0,1386400000.0,0.0,0.0,0.087,4993200000.0,2001700000.0,800900000.0,0.238,3.844,18.989,19.064,1654600000.0,0.0,13.059,1.651,1.651,2532000000.0,4818200000.0,15948100000.0,15948100000.0,0.0,0.14,0.214,0.32,0.125,135900000.0,4988800000.0,1.0,2015966800.0,2015966800,,7.911,9681700000.0,571400000.0,665900000.0,712900000.0,4.803,5327400000.0
59,NKE,MRT,2006-12-31,2006-11-30,2006-11-30,2021-10-05,142700000.0,9822200000.0,9695125000.0,7209600000.0,2612600000.0,1.613,3.26,-322700000.0,1102900000.0,1102900000.0,8800200000.0,1361400000.0,3.155,0.502,473300000.0,89800000.0,383500000.0,473300000.0,0.0,281200000.0,0.0,0.013,0.155,1989000000.0,2270200000.0,0.145,2270200000.0,1989000000.0,2040900000.0,0.67,0.66,0.67,6538100000.0,6326450000.0,6538100000.0,24248886901.0,12.0,10.681,1148600000.0,0.573,1.0,6833800000.0,0.437,537500000.0,-51900000.0,6369900000.0,6213925000.0,2167200000.0,804400000.0,804400000.0,0.0,3284100000.0,2285200000.0,998900000.0,24807386901.0,-31600000.0,0.0,-737900000.0,-278600000.0,-317500000.0,-1302400000.0,-234600000.0,124500000.0,1471300000.0,34100000.0,1361400000.0,1361400000.0,1361400000.0,0.0,0.0,0.087,4836500000.0,1997300000.0,880300000.0,0.231,3.794,18.222,18.461,1673000000.0,0.0,12.369,1.587,1.587,2387600000.0,4651200000.0,15634000000.0,15634000000.0,0.0,0.14,0.215,0.32,0.127,120700000.0,4832100000.0,1.0,2005650280.0,2005650280,,7.795,9284700000.0,588300000.0,679500000.0,686100000.0,4.629,4924400000.0
60,NKE,MRT,2006-09-30,2006-08-31,2006-08-31,2021-10-05,137000000.0,9570500000.0,9525600000.0,6999100000.0,2571400000.0,1.605,3.045,-346200000.0,1030700000.0,1030700000.0,8598900000.0,1336900000.0,2.905,0.538,472200000.0,91800000.0,380400000.0,472200000.0,0.0,280000000.0,0.0,0.015,0.147,2013900000.0,2293900000.0,0.15,2293900000.0,2013900000.0,2057400000.0,0.652,0.642,0.652,6220900000.0,6212300000.0,6220900000.0,20381158713.0,10.0,8.885,1291800000.0,0.632,1.0,6688100000.0,0.438,538300000.0,-43500000.0,6064000000.0,6134250000.0,2134300000.0,693900000.0,693900000.0,0.0,3349600000.0,2409700000.0,939900000.0,20625958713.0,-558200000.0,0.0,-903100000.0,-261700000.0,-304900000.0,-1464600000.0,-761800000.0,-382100000.0,1638000000.0,30200000.0,1336900000.0,1336900000.0,1336900000.0,0.0,0.0,0.087,4667500000.0,2020600000.0,867700000.0,0.225,3.316,15.428,15.483,1648700000.0,0.0,10.095,1.349,1.349,2569100000.0,4543100000.0,15287000000.0,15287000000.0,0.0,0.14,0.215,0.328,0.132,112600000.0,4663100000.0,1.0,2043185608.0,2043185608,,7.482,9032200000.0,573200000.0,720500000.0,711700000.0,4.421,4589400000.0
61,NKE,MRT,2006-06-30,2006-05-31,2006-05-31,2021-10-05,121700000.0,9869600000.0,9411900000.0,7346000000.0,2523600000.0,1.589,3.038,-332100000.0,954200000.0,954200000.0,8367900000.0,1392000000.0,2.812,0.57,709400000.0,298700000.0,410700000.0,709400000.0,0.0,282000000.0,0.0,0.014,0.14,2104800000.0,2386800000.0,0.16,2386800000.0,2104800000.0,2141600000.0,0.672,0.66,0.672,6285200000.0,6148025000.0,6285200000.0,20042773593.0,10.0,8.397,1335800000.0,0.646,1.0,6587000000.0,0.44,536300000.0,-36800000.0,6476100000.0,5993725000.0,2076700000.0,1348800000.0,1348800000.0,0.0,3584400000.0,2612400000.0,972000000.0,20769573593.0,-433900000.0,0.0,-535800000.0,-24200000.0,-290900000.0,-850900000.0,-1276600000.0,-909900000.0,1667900000.0,25700000.0,1392000000.0,1392000000.0,1392000000.0,0.0,0.0,0.093,4482200000.0,2104800000.0,952200000.0,0.208,3.305,14.921,14.939,1657700000.0,0.0,10.039,1.389,1.389,2382900000.0,4713400000.0,14954900000.0,14954900000.0,0.0,0.148,0.226,0.351,0.141,66000000.0,4477800000.0,1.0,2068940216.0,2068940216,,7.228,9333300000.0,532900000.0,749600000.0,646500000.0,4.511,4733600000.0
62,NKE,MRT,2006-03-31,2006-02-28,2006-02-28,2021-10-05,127700000.0,9518200000.0,9142900000.0,7044700000.0,2473500000.0,1.605,3.019,-306600000.0,1472100000.0,1472100000.0,8154600000.0,1408700000.0,3.057,0.52,745300000.0,334000000.0,411300000.0,745300000.0,0.0,274700000.0,0.0,0.012,0.133,2144200000.0,2418900000.0,0.165,2418900000.0,2144200000.0,2168300000.0,0.677,0.661,0.677,6261600000.0,5987775000.0,6261600000.0,22106770358.0,10.0,9.139,1136100000.0,0.548,1.0,6516300000.0,0.444,541500000.0,-24100000.0,5945700000.0,5781725000.0,2034200000.0,535000000.0,535000000.0,0.0,3256600000.0,2304200000.0,952400000.0,22499270358.0,249600000.0,0.0,-466000000.0,-11300000.0,-276300000.0,-753600000.0,-453300000.0,-118200000.0,1442700000.0,13800000.0,1408700000.0,1408700000.0,1408700000.0,0.0,0.0,0.096,4384900000.0,2131400000.0,785800000.0,0.196,3.593,15.972,16.023,1598400000.0,0.0,10.848,1.534,1.534,2351600000.0,4718800000.0,14670900000.0,14670900000.0,0.0,0.154,0.235,0.371,0.146,56900000.0,4384900000.0,1.0,2074143384.0,2074143384,,7.073,8976700000.0,448600000.0,759600000.0,596300000.0,4.328,4740500000.0
63,NKE,MRT,2005-12-31,2005-11-30,2005-11-30,2021-10-05,126800000.0,9144100000.0,8926375000.0,6696500000.0,2447600000.0,1.609,2.919,-295500000.0,1134500000.0,1134500000.0,7965300000.0,1356300000.0,3.099,0.504,742000000.0,333700000.0,408300000.0,742000000.0,0.0,275600000.0,0.0,0.012,0.125,2059300000.0,2334900000.0,0.163,2334900000.0,2059300000.0,2075100000.0,0.65,0.633,0.65,6081500000.0,5779150000.0,6081500000.0,21372507802.0,10.0,9.154,1257900000.0,0.604,1.0,6401000000.0,0.446,539300000.0,-15800000.0,6051200000.0,5701325000.0,1892700000.0,920000000.0,920000000.0,0.0,3062600000.0,2161100000.0,901500000.0,22212707802.0,-47300000.0,0.0,-536500000.0,-52700000.0,-261900000.0,-851100000.0,-755600000.0,-438500000.0,1553400000.0,6000000.0,1356300000.0,1356300000.0,1356300000.0,0.0,0.0,0.094,4334000000.0,2067000000.0,797100000.0,0.192,3.653,16.377,16.404,1585800000.0,0.0,10.662,1.546,1.546,2166200000.0,4599200000.0,14366300000.0,14366300000.0,0.0,0.152,0.235,0.361,0.143,68300000.0,4334000000.0,1.0,2083255128.0,2083255128,,6.896,8604800000.0,409400000.0,718800000.0,564000000.0,4.13,4535400000.0
64,NKE,MRT,2005-09-30,2005-08-31,2005-08-31,2021-10-05,105800000.0,9115700000.0,8779925000.0,6666300000.0,2449400000.0,1.599,2.849,-255600000.0,1588900000.0,1588900000.0,7762200000.0,1317100000.0,2.985,0.529,748700000.0,320300000.0,428400000.0,748700000.0,0.0,267700000.0,0.0,0.012,0.119,2007900000.0,2275600000.0,0.162,2275600000.0,2007900000.0,2014300000.0,0.629,0.611,0.629,5963800000.0,5594350000.0,5963800000.0,20022270899.0,10.0,8.799,1208400000.0,0.577,1.0,6277700000.0,0.447,540100000.0,-6400000.0,5501900000.0,5608525000.0,1850600000.0,304200000.0,304200000.0,0.0,3151900000.0,2233500000.0,918400000.0,20647070899.0,656800000.0,0.0,-324700000.0,-35600000.0,-249400000.0,-609700000.0,-218700000.0,64100000.0,1464000000.0,21200000.0,1317100000.0,1317100000.0,1317100000.0,0.0,0.0,0.094,4252500000.0,2025200000.0,768500000.0,0.189,3.462,15.676,15.682,1581200000.0,0.0,9.864,1.471,1.471,2390600000.0,4614700000.0,14039900000.0,14039900000.0,0.0,0.15,0.235,0.358,0.143,70500000.0,4252500000.0,1.0,2093227312.0,2093227312,,6.707,8575600000.0,434400000.0,697200000.0,637800000.0,4.097,4432800000.0
65,NKE,MRT,2005-06-30,2005-05-31,2005-05-31,2021-10-05,73400000.0,8793600000.0,8514225000.0,6351100000.0,2442500000.0,1.614,2.687,-249900000.0,1388100000.0,1388100000.0,7624300000.0,1211600000.0,3.177,0.558,763300000.0,76000000.0,687300000.0,763300000.0,0.0,257200000.0,0.0,0.011,0.112,1864600000.0,2121800000.0,0.154,2121800000.0,1864600000.0,1859800000.0,0.578,0.56,0.578,5644200000.0,5358925000.0,5644200000.0,21156476813.0,11.0,9.971,1320800000.0,0.629,1.0,6115400000.0,0.445,541500000.0,4800000.0,5628100000.0,5599075000.0,1811100000.0,436600000.0,436600000.0,0.0,3149400000.0,1999200000.0,1150200000.0,21579876813.0,560100000.0,-47200000.0,-329400000.0,-90900000.0,-236700000.0,-657000000.0,-360400000.0,-35300000.0,1570700000.0,6800000.0,1211600000.0,1211600000.0,1211600000.0,0.0,0.0,0.088,4221700000.0,1893700000.0,775000000.0,0.194,3.823,17.811,17.777,1605800000.0,0.0,10.275,1.571,1.571,2262100000.0,4396500000.0,13739700000.0,13739700000.0,0.0,0.142,0.226,0.333,0.136,68000000.0,4221700000.0,1.0,2100231320.0,2100231320,,6.542,8252100000.0,405400000.0,648200000.0,557600000.0,3.929,4351900000.0
66,NKE,MRT,2005-03-31,2005-02-28,2005-02-28,2021-10-05,18600000.0,8652100000.0,8293000000.0,6198700000.0,2453400000.0,1.629,2.569,-237200000.0,1222500000.0,1222500000.0,7544000000.0,1167100000.0,3.0,0.594,799100000.0,107700000.0,691400000.0,799100000.0,0.0,252900000.0,0.0,0.01,0.106,1801700000.0,2054600000.0,0.152,2054600000.0,1801700000.0,1789400000.0,0.554,0.54,0.554,5427100000.0,5143300000.0,5427100000.0,22628407674.0,13.0,11.014,1387000000.0,0.657,1.0,5961400000.0,0.441,538600000.0,12300000.0,5624100000.0,5537925000.0,1727000000.0,418300000.0,418300000.0,0.0,3225000000.0,2066000000.0,1159000000.0,22960307674.0,307800000.0,-47200000.0,-300400000.0,-68300000.0,-224100000.0,-592800000.0,-746300000.0,-418700000.0,1624200000.0,22700000.0,1167100000.0,1167100000.0,1167100000.0,0.0,0.0,0.086,4195100000.0,1766300000.0,684200000.0,0.191,4.231,19.673,19.619,1625500000.0,0.0,10.869,1.7,1.7,2304900000.0,4262700000.0,13505400000.0,13505400000.0,0.0,0.141,0.227,0.325,0.133,76600000.0,4120400000.0,1.0,2112506744.0,2112506744,,6.393,8113500000.0,459800000.0,622300000.0,650000000.0,3.841,4132700000.0
67,NKE,MRT,2004-12-31,2004-11-30,2004-11-30,2021-10-05,-2600000.0,8558300000.0,8031050000.0,6050700000.0,2507600000.0,1.631,2.544,-236900000.0,1181800000.0,1181800000.0,7376700000.0,1094000000.0,3.021,0.602,849900000.0,150900000.0,699000000.0,849900000.0,0.0,249800000.0,0.0,0.009,0.1,1701100000.0,1950900000.0,0.149,1950900000.0,1701100000.0,1683200000.0,0.519,0.506,0.519,5342300000.0,4927325000.0,5342300000.0,22085538547.0,13.0,11.321,1264100000.0,0.602,1.0,5724500000.0,0.437,543200000.0,17900000.0,5680000000.0,5409400000.0,1692400000.0,476200000.0,476200000.0,0.0,3216000000.0,2003200000.0,1212800000.0,22221338547.0,212900000.0,-47400000.0,-115700000.0,-170100000.0,-210700000.0,-496500000.0,-823800000.0,-477000000.0,1501000000.0,32200000.0,1094000000.0,1094000000.0,1094000000.0,0.0,0.0,0.084,4051400000.0,1673100000.0,650700000.0,0.193,4.16,20.312,20.39,1623500000.0,0.0,10.582,1.696,1.696,2125800000.0,4252000000.0,13101200000.0,13101200000.0,0.0,0.136,0.222,0.314,0.13,64500000.0,3976700000.0,1.0,2099819376.0,2099819376,,6.239,8015100000.0,525100000.0,589200000.0,694300000.0,3.817,4047500000.0
68,NKE,MRT,2004-09-30,2004-08-31,2004-08-31,2021-10-05,-43100000.0,8052900000.0,7735600000.0,5621100000.0,2431800000.0,1.653,2.384,-215200000.0,932100000.0,932100000.0,7254000000.0,1011200000.0,2.946,0.603,796300000.0,103900000.0,692400000.0,796300000.0,0.0,252400000.0,0.0,0.01,0.093,1577200000.0,1829600000.0,0.143,1829600000.0,1577200000.0,1554900000.0,0.48,0.468,0.48,5022100000.0,4683575000.0,5022100000.0,19841015966.0,13.0,10.844,1321700000.0,0.627,1.0,5536000000.0,0.433,545100000.0,22300000.0,5464100000.0,5216625000.0,1645800000.0,365400000.0,365400000.0,0.0,3030800000.0,1907900000.0,1122900000.0,19834015966.0,-65700000.0,-336300000.0,-170400000.0,-269500000.0,-194900000.0,-634800000.0,-980700000.0,-366200000.0,1536900000.0,12900000.0,1011200000.0,1011200000.0,1011200000.0,0.0,0.0,0.079,3980700000.0,1555300000.0,688800000.0,0.194,3.949,19.614,19.612,1578800000.0,0.0,9.414,1.551,1.551,2175700000.0,4104000000.0,12790000000.0,12790000000.0,0.0,0.131,0.216,0.302,0.123,57700000.0,3906000000.0,1.0,2106919768.0,2106919768,,6.07,7507800000.0,445800000.0,543700000.0,630500000.0,3.563,3713200000.0
69,NKE,MRT,2004-06-30,2004-05-31,2004-05-31,2021-10-05,-86300000.0,7908700000.0,7477025000.0,5528600000.0,2380100000.0,1.639,2.264,-203200000.0,828000000.0,828000000.0,7001400000.0,945600000.0,2.723,0.654,835000000.0,152600000.0,682400000.0,835000000.0,0.0,255200000.0,0.0,0.01,0.085,1475000000.0,1730200000.0,0.141,1730200000.0,1475000000.0,1450000000.0,0.449,0.439,0.449,4781700000.0,4482325000.0,4781700000.0,18734102733.0,13.0,10.828,1315300000.0,0.623,1.0,5251700000.0,0.429,501700000.0,25000000.0,5383500000.0,5045100000.0,1650200000.0,400800000.0,400800000.0,0.0,3127000000.0,2030500000.0,1096500000.0,18783102733.0,194000000.0,-289100000.0,-166200000.0,-53100000.0,-179200000.0,-398500000.0,-950600000.0,-400800000.0,1518500000.0,24600000.0,945600000.0,945600000.0,945600000.0,0.0,0.0,0.077,3776700000.0,1475000000.0,780400000.0,0.189,3.928,19.864,19.808,1611800000.0,0.0,8.894,1.533,1.533,2120200000.0,3982900000.0,12253100000.0,12253100000.0,0.0,0.126,0.211,0.292,0.12,47200000.0,3702000000.0,1.0,2111944088.0,2111944088,,5.802,7407000000.0,431600000.0,504400000.0,532000000.0,3.507,3498100000.0
70,NKE,MRT,2004-03-31,2004-02-29,2004-02-29,2021-10-05,-139800000.0,7604300000.0,7205125000.0,5199600000.0,2404700000.0,1.631,2.168,-182300000.0,914700000.0,914700000.0,6787900000.0,886800000.0,2.674,0.666,865700000.0,171400000.0,694300000.0,865700000.0,0.0,254000000.0,0.0,0.009,0.078,1382900000.0,1636900000.0,0.139,1636900000.0,1382900000.0,1354400000.0,0.42,0.412,0.42,4563200000.0,4284575000.0,4563200000.0,19302987878.0,14.0,11.792,1284600000.0,0.61,1.0,4963200000.0,0.422,500700000.0,28500000.0,5110000000.0,4903075000.0,1667600000.0,0.0,0.0,0.0,3041100000.0,1944600000.0,1096500000.0,19273787878.0,471500000.0,-289100000.0,-93400000.0,-196600000.0,-163300000.0,-453300000.0,-514700000.0,0.0,1466900000.0,-27400000.0,886800000.0,886800000.0,886800000.0,0.0,0.0,0.075,3571100000.0,1392100000.0,567000000.0,0.186,4.224,21.734,21.801,1611400000.0,0.0,9.156,1.64,1.64,2033900000.0,3898400000.0,11751100000.0,11751100000.0,0.0,0.123,0.207,0.282,0.118,40800000.0,3493600000.0,1.0,2104987072.0,2104987072,,5.583,7103600000.0,511100000.0,467600000.0,559800000.0,3.375,3255000000.0
71,NKE,MRT,2003-12-31,2003-11-30,2003-11-30,2021-10-05,-159600000.0,7376500000.0,6904300000.0,5020800000.0,2355700000.0,1.629,2.08,-176500000.0,968900000.0,968900000.0,6530700000.0,811200000.0,2.515,0.689,998100000.0,348500000.0,649600000.0,998100000.0,0.0,248100000.0,0.0,0.008,0.07,1264600000.0,1512700000.0,0.134,1512700000.0,1264600000.0,1234600000.0,0.384,0.379,0.384,4367300000.0,4102575000.0,4367300000.0,17625385148.0,14.0,11.652,1118500000.0,0.533,1.0,4717300000.0,0.419,500800000.0,30000000.0,4908900000.0,4846500000.0,1592000000.0,0.0,0.0,0.0,3009200000.0,1996000000.0,1013200000.0,17647685148.0,413100000.0,-288900000.0,-146300000.0,-96500000.0,-147700000.0,-390500000.0,-491700000.0,0.0,1295000000.0,300000.0,811200000.0,811200000.0,811200000.0,0.0,0.0,0.072,3437200000.0,1280100000.0,533100000.0,0.182,4.041,21.755,21.891,1606000000.0,0.0,8.406,1.569,1.569,2010400000.0,3803700000.0,11248000000.0,11248000000.0,0.0,0.117,0.198,0.261,0.112,29700000.0,3359700000.0,1.0,2099352880.0,2099352880,,5.358,6875700000.0,461600000.0,423400000.0,485000000.0,3.275,3024800000.0
72,NKE,MRT,2003-09-30,2003-08-31,2003-08-31,2021-10-05,-165900000.0,7018600000.0,6626025000.0,5048200000.0,1970400000.0,1.649,1.999,-172600000.0,997800000.0,997800000.0,6397800000.0,784100000.0,2.481,0.664,975500000.0,443200000.0,532300000.0,975500000.0,0.0,244100000.0,0.0,0.01,0.068,1218500000.0,1462600000.0,0.134,1462600000.0,1218500000.0,1189500000.0,0.37,0.367,0.37,4217100000.0,3954125000.0,4217100000.0,15226211582.0,12.0,10.41,925300000.0,0.439,1.0,4527800000.0,0.414,183600000.0,29000000.0,4778000000.0,4850350000.0,1480500000.0,0.0,0.0,0.0,2801500000.0,2034700000.0,766800000.0,15027511582.0,567800000.0,0.0,-179900000.0,16200000.0,-142800000.0,-306500000.0,-207800000.0,0.0,1097900000.0,-15800000.0,784100000.0,784100000.0,784100000.0,0.0,0.0,0.072,3296600000.0,1231200000.0,520100000.0,0.184,3.563,19.165,19.25,1563900000.0,0.0,7.122,1.375,1.375,2085500000.0,3775900000.0,10925600000.0,10925600000.0,0.0,0.118,0.198,0.251,0.112,14300000.0,3219100000.0,1.0,2109864736.0,2109864736,,5.178,6835000000.0,398000000.0,405400000.0,426400000.0,3.24,3013500000.0
73,NKE,MRT,2003-06-30,2003-05-31,2003-05-31,2021-10-05,-239700000.0,6821100000.0,6460350000.0,4787100000.0,2034000000.0,1.656,1.89,-171100000.0,634000000.0,634000000.0,6313600000.0,474000000.0,2.369,0.709,832700000.0,281100000.0,551600000.0,832700000.0,0.0,239300000.0,0.0,0.009,0.065,885700000.0,1125000000.0,0.105,1125000000.0,885700000.0,856900000.0,0.224,0.221,0.224,3990700000.0,3817975000.0,3990700000.0,15302318582.0,17.0,13.602,750900000.0,0.356,1.0,4383400000.0,0.41,183800000.0,28800000.0,4815400000.0,4884300000.0,1514900000.0,0.0,0.0,0.0,2830400000.0,2020600000.0,809800000.0,14780518582.0,58500000.0,0.0,-152100000.0,-316600000.0,-137800000.0,-606500000.0,-215600000.0,0.0,922000000.0,-41400000.0,474000000.0,474000000.0,474000000.0,0.0,0.0,0.044,3231600000.0,1151800000.0,572700000.0,0.29,3.704,31.183,31.244,1620800000.0,0.0,6.999,1.382,1.382,2083900000.0,3639200000.0,10697000000.0,10697000000.0,0.0,0.073,0.124,0.181,0.083,12500000.0,3154100000.0,1.0,2111879776.0,2111879776,,5.065,6637300000.0,451200000.0,382900000.0,388500000.0,3.143,2766500000.0
74,NKE,MRT,2003-03-31,2003-02-28,2003-02-28,2021-10-05,-224400000.0,6401000000.0,6365075000.0,4347000000.0,2054000000.0,1.633,1.813,-234800000.0,443200000.0,443200000.0,6170400000.0,436200000.0,2.343,0.669,965000000.0,422200000.0,542800000.0,965000000.0,0.0,236000000.0,0.0,0.011,0.062,818000000.0,1054000000.0,0.101,1054000000.0,818000000.0,800100000.0,0.206,0.204,0.206,3835200000.0,3780050000.0,3835200000.0,12704274687.0,16.0,12.053,773800000.0,0.366,1.0,4223700000.0,0.406,183900000.0,17900000.0,4883700000.0,4855200000.0,1519200000.0,0.0,0.0,0.0,2565800000.0,1855200000.0,710600000.0,12262774687.0,93600000.0,0.0,-253400000.0,-227300000.0,-133100000.0,-613800000.0,-272000000.0,0.0,1008600000.0,-29200000.0,436200000.0,436200000.0,436200000.0,0.0,0.0,0.042,3093600000.0,1130100000.0,467500000.0,0.301,3.197,28.113,28.137,1615100000.0,0.0,5.796,1.18,1.18,1949400000.0,3505100000.0,10394100000.0,10394100000.0,0.0,0.069,0.115,0.168,0.079,5200000.0,3104200000.0,1.0,2115639368.0,2115639368,,4.913,6217100000.0,445800000.0,363900000.0,222800000.0,2.939,2491800000.0
75,NKE,MRT,2002-12-31,2002-11-30,2002-11-30,2021-10-05,-219800000.0,6263400000.0,6326075000.0,4212300000.0,2051100000.0,1.621,1.778,-233000000.0,555800000.0,555800000.0,6122300000.0,437800000.0,2.638,0.66,997300000.0,267200000.0,730100000.0,997300000.0,0.0,230900000.0,0.0,0.011,0.06,824700000.0,1055600000.0,0.103,1055600000.0,824700000.0,801700000.0,0.206,0.202,0.206,3773500000.0,3788225000.0,3773500000.0,12408547087.0,15.0,11.755,801900000.0,0.378,1.0,4131200000.0,0.403,183900000.0,23000000.0,4924300000.0,4889800000.0,1386900000.0,0.0,0.0,0.0,2489900000.0,1596700000.0,893200000.0,11879247087.0,96000000.0,0.0,-219600000.0,-244000000.0,-128300000.0,-591900000.0,-304200000.0,0.0,1034900000.0,-42800000.0,437800000.0,437800000.0,437800000.0,0.0,0.0,0.043,3017900000.0,1113300000.0,469500000.0,0.291,3.148,27.134,27.172,1601900000.0,0.0,5.598,1.159,1.159,1890700000.0,3443300000.0,10253500000.0,10253500000.0,0.0,0.069,0.116,0.169,0.08,8900000.0,3028600000.0,1.0,2122241552.0,2122241552,,4.831,6079500000.0,429400000.0,363900000.0,212500000.0,2.865,2615600000.0
76,NKE,MRT,2002-09-30,2002-08-31,2002-08-31,2021-10-05,-241300000.0,6355900000.0,6308400000.0,4304300000.0,2051600000.0,1.597,1.72,-250000000.0,430000000.0,430000000.0,6059100000.0,415100000.0,2.409,0.731,959300000.0,223000000.0,736300000.0,959300000.0,0.0,226200000.0,0.0,0.008,0.045,799200000.0,1025400000.0,0.102,1025400000.0,799200000.0,771000000.0,0.195,0.191,0.195,3672500000.0,3787775000.0,3672500000.0,12053852146.0,15.0,11.755,770900000.0,0.361,1.0,4016500000.0,0.399,184800000.0,28200000.0,4913800000.0,4880625000.0,1424800000.0,0.0,0.0,0.0,2683400000.0,1786600000.0,896800000.0,11522952146.0,65100000.0,0.0,-215000000.0,-295300000.0,-128600000.0,-638900000.0,-301100000.0,0.0,1020900000.0,-15800000.0,415100000.0,415100000.0,415100000.0,0.0,0.0,0.041,2940200000.0,1076300000.0,486600000.0,0.231,3.138,27.759,27.679,1625800000.0,0.0,5.397,1.144,1.144,2028000000.0,3370900000.0,10075600000.0,10075600000.0,0.0,0.066,0.11,0.164,0.079,12900000.0,2944400000.0,1.0,2134868392.0,2134868392,,4.72,6171100000.0,412600000.0,355900000.0,319700000.0,2.891,2517700000.0
77,NKE,MRT,2002-06-30,2002-05-31,2002-05-31,2021-10-05,-192400000.0,6440000000.0,6288950000.0,4154700000.0,2285300000.0,1.573,1.788,-267200000.0,575500000.0,575500000.0,6004700000.0,663300000.0,2.266,0.678,1106400000.0,480500000.0,625900000.0,1106400000.0,0.0,223500000.0,0.0,0.007,0.045,1046300000.0,1269800000.0,0.128,1269800000.0,1046300000.0,1012300000.0,0.31,0.305,0.31,3839000000.0,3789950000.0,3839000000.0,15226796999.0,15.0,11.991,815000000.0,0.38,1.0,3888300000.0,0.393,438700000.0,34000000.0,4699000000.0,4879325000.0,1373800000.0,0.0,0.0,0.0,2601000000.0,1833200000.0,767800000.0,14428396999.0,271500000.0,0.0,-167400000.0,-183500000.0,-128900000.0,-479800000.0,-302800000.0,0.0,1082200000.0,-28100000.0,663300000.0,663300000.0,663300000.0,0.0,0.0,0.067,2837000000.0,1051300000.0,504400000.0,0.145,3.758,21.752,21.673,1614500000.0,0.0,6.719,1.458,1.458,1804100000.0,3495000000.0,9893000000.0,9893000000.0,0.0,0.105,0.175,0.214,0.106,13900000.0,2835800000.0,1.0,2147482344.0,2147482344,,4.607,6001300000.0,372900000.0,349000000.0,224600000.0,2.795,2321500000.0
78,NKE,MRT,2002-03-31,2002-02-28,2002-02-28,2021-10-05,-130300000.0,6245000000.0,6133850000.0,3950700000.0,2294300000.0,1.58,1.804,-246500000.0,349600000.0,349600000.0,5949800000.0,617500000.0,2.418,0.615,1148000000.0,532800000.0,615200000.0,1148000000.0,0.0,216800000.0,0.0,0.006,0.045,1001300000.0,1218100000.0,0.126,1218100000.0,1001300000.0,951300000.0,0.286,0.284,0.286,3867900000.0,3703825000.0,3867900000.0,16539233845.0,17.0,13.578,556600000.0,0.26,1.0,3744300000.0,0.386,387200000.0,50000000.0,5022100000.0,4861625000.0,1432600000.0,0.0,0.0,0.0,2377100000.0,1634100000.0,743000000.0,15776033845.0,163700000.0,0.0,-110700000.0,-152400000.0,-129100000.0,-392200000.0,-295400000.0,0.0,803100000.0,48200000.0,617500000.0,617500000.0,617500000.0,0.0,0.0,0.064,2703900000.0,1040400000.0,372900000.0,0.157,4.079,25.548,25.726,1587100000.0,0.0,7.357,1.627,1.627,1814300000.0,3497100000.0,9694100000.0,9694100000.0,0.0,0.101,0.167,0.206,0.103,14200000.0,2711700000.0,1.0,2144211192.0,2144211192,,4.521,5857800000.0,413800000.0,333800000.0,185000000.0,2.732,2316600000.0
79,NKE,MRT,2001-12-31,2001-11-30,2001-11-30,2021-10-05,-110000000.0,6192700000.0,6064150000.0,3898900000.0,2293800000.0,1.584,1.755,-273200000.0,459800000.0,459800000.0,5914500000.0,588600000.0,2.325,0.642,1223000000.0,599000000.0,624000000.0,1223000000.0,0.0,211900000.0,0.0,0.007,0.045,962400000.0,1174300000.0,0.122,1174300000.0,962400000.0,910500000.0,0.273,0.27,0.273,3771700000.0,3600775000.0,3771700000.0,15113063345.0,16.0,12.87,524600000.0,0.244,1.0,3689400000.0,0.384,391000000.0,51900000.0,4887600000.0,4797850000.0,1435800000.0,0.0,0.0,0.0,2421000000.0,1677300000.0,743700000.0,14234363345.0,134300000.0,0.0,-110700000.0,-134700000.0,-129300000.0,-374700000.0,-303000000.0,0.0,797800000.0,14200000.0,588600000.0,588600000.0,588600000.0,0.0,0.0,0.061,2687900000.0,1001500000.0,379200000.0,0.165,3.774,24.183,24.263,1627000000.0,0.0,6.624,1.482,1.482,1659900000.0,3414900000.0,9603900000.0,9603900000.0,0.0,0.097,0.163,0.201,0.1,39600000.0,2689400000.0,1.0,2148988616.0,2148988616,,4.469,5801700000.0,376700000.0,321900000.0,193000000.0,2.7,2221600000.0
80,NKE,MRT,2001-09-30,2001-08-31,2001-08-31,2021-10-05,-120100000.0,6278100000.0,5960350000.0,3981000000.0,2297100000.0,1.588,1.709,-292100000.0,364900000.0,364900000.0,5800400000.0,578700000.0,2.147,0.705,1243600000.0,605600000.0,638000000.0,1243600000.0,0.0,205100000.0,0.0,0.01,0.06,955900000.0,1161000000.0,0.123,1161000000.0,955900000.0,899600000.0,0.268,0.265,0.268,3681200000.0,3495700000.0,3681200000.0,14454619700.0,15.0,12.45,423900000.0,0.197,1.0,3665400000.0,0.387,394200000.0,56300000.0,4908600000.0,4723725000.0,1486800000.0,0.0,0.0,0.0,2596900000.0,1854000000.0,742900000.0,13462019700.0,-42200000.0,0.0,-104300000.0,-233800000.0,-129500000.0,-467600000.0,-330700000.0,0.0,716000000.0,40100000.0,578700000.0,578700000.0,578700000.0,0.0,0.0,0.061,2670400000.0,995000000.0,445000000.0,0.224,3.657,23.263,23.321,1638600000.0,0.0,6.25,1.422,1.422,1784100000.0,3341800000.0,9465800000.0,9465800000.0,0.0,0.097,0.166,0.202,0.101,34500000.0,2684800000.0,1.0,2153923152.0,2153923152,,4.395,5883900000.0,389600000.0,320900000.0,214700000.0,2.732,2127000000.0
81,NKE,MRT,2001-06-30,2001-05-31,2001-05-31,2021-10-05,-152100000.0,5819600000.0,5938600000.0,3625300000.0,2194300000.0,1.598,1.611,-304900000.0,304000000.0,304000000.0,5784900000.0,589700000.0,2.029,0.665,1296600000.0,860700000.0,435900000.0,1296600000.0,0.0,197400000.0,0.0,0.012,0.06,980100000.0,1177500000.0,0.124,1177500000.0,980100000.0,921400000.0,0.273,0.27,0.273,3494500000.0,3401075000.0,3494500000.0,12292629128.0,13.0,10.44,351600000.0,0.162,1.0,3703900000.0,0.39,397300000.0,58700000.0,4628200000.0,4636450000.0,1424100000.0,0.0,0.0,0.0,2325100000.0,1786700000.0,538400000.0,11146229128.0,49700000.0,0.0,-101000000.0,-119200000.0,-129700000.0,-349900000.0,-342300000.0,0.0,656500000.0,85400000.0,589700000.0,589700000.0,589700000.0,0.0,0.0,0.062,2689700000.0,1014200000.0,432000000.0,0.22,3.19,18.902,18.819,1618800000.0,0.0,5.138,1.175,1.175,1621400000.0,3194300000.0,9488800000.0,9488800000.0,0.0,0.099,0.173,0.211,0.103,32400000.0,2689700000.0,1.0,2169582312.0,2169582312,,4.374,5422300000.0,291500000.0,331700000.0,124100000.0,2.499,1838600000.0
82,NKE,MRT,2001-03-31,2001-02-28,2001-02-28,2021-10-05,-123400000.0,5966200000.0,5947925000.0,3660800000.0,2305400000.0,1.56,1.602,-301100000.0,185900000.0,185900000.0,5582800000.0,553000000.0,1.882,0.726,1332300000.0,879400000.0,452900000.0,1332300000.0,0.0,194300000.0,0.0,0.012,0.06,921400000.0,1115700000.0,0.12,1115700000.0,921400000.0,860900000.0,0.256,0.252,0.256,3455700000.0,3311450000.0,3455700000.0,11595011935.0,13.0,10.393,318300000.0,0.148,1.0,3695400000.0,0.398,400600000.0,60500000.0,4767000000.0,4603475000.0,1505400000.0,0.0,0.0,0.0,2510500000.0,1945000000.0,565500000.0,10530011935.0,26500000.0,0.0,-182800000.0,26200000.0,-129800000.0,-286400000.0,-337100000.0,0.0,619400000.0,30600000.0,553000000.0,553000000.0,553000000.0,0.0,0.0,0.06,2753300000.0,942100000.0,482600000.0,0.234,3.047,19.042,19.067,1621600000.0,0.0,4.881,1.135,1.135,1669700000.0,3159900000.0,9278200000.0,9278200000.0,0.0,0.093,0.167,0.2,0.099,44400000.0,2757000000.0,1.0,2157236760.0,2157236760,,4.301,5565600000.0,395900000.0,307900000.0,209200000.0,2.58,1715800000.0
83,NKE,MRT,2000-12-31,2000-11-30,2000-11-30,2021-10-05,-142900000.0,5777500000.0,5900800000.0,3504700000.0,2272800000.0,1.571,1.551,-301400000.0,325500000.0,325500000.0,5527700000.0,600900000.0,1.897,0.724,1390500000.0,924300000.0,466200000.0,1390500000.0,0.0,189500000.0,0.0,0.011,0.06,1002200000.0,1191700000.0,0.129,1191700000.0,1002200000.0,941800000.0,0.278,0.274,0.278,3351400000.0,3248475000.0,3351400000.0,12606154805.0,13.0,10.578,138100000.0,0.064,1.0,3742000000.0,0.404,404200000.0,60400000.0,4591100000.0,4536975000.0,1373600000.0,0.0,0.0,0.0,2426100000.0,1847200000.0,578900000.0,11514254805.0,72500000.0,0.0,-302600000.0,304600000.0,-130400000.0,-128400000.0,-336700000.0,0.0,439500000.0,98100000.0,600900000.0,600900000.0,600900000.0,0.0,0.0,0.065,2719100000.0,1022900000.0,335500000.0,0.216,3.436,19.162,19.168,1609800000.0,0.0,5.329,1.242,1.242,1509100000.0,3113800000.0,9269700000.0,9269700000.0,0.0,0.102,0.185,0.221,0.108,14900000.0,2729200000.0,1.0,2160779696.0,2160779696,,4.29,5373300000.0,372000000.0,340900000.0,180200000.0,2.487,1657500000.0
84,NKE,MRT,2000-09-30,2000-08-31,2000-08-31,2021-10-05,-127600000.0,6191100000.0,5846275000.0,3936000000.0,2255100000.0,1.562,1.53,-293900000.0,407100000.0,407100000.0,5438400000.0,589000000.0,1.699,0.875,1499000000.0,1031900000.0,467100000.0,1499000000.0,0.0,190500000.0,0.0,0.012,0.06,977600000.0,1168100000.0,0.128,1168100000.0,977600000.0,927200000.0,0.271,0.266,0.271,3302700000.0,3213700000.0,3302700000.0,11867302523.0,12.0,10.159,258200000.0,0.12,1.0,3692300000.0,0.404,407100000.0,50400000.0,4559500000.0,4437650000.0,1469200000.0,0.0,0.0,0.0,2888400000.0,2316400000.0,572000000.0,10677002523.0,180900000.0,0.0,-494700000.0,491400000.0,-131600000.0,-134900000.0,-324800000.0,0.0,552100000.0,88500000.0,589000000.0,589000000.0,589000000.0,0.0,0.0,0.065,2694000000.0,998300000.0,589600000.0,0.221,3.233,18.127,18.256,1587900000.0,0.0,4.947,1.169,1.169,1703700000.0,3058900000.0,9130700000.0,9130700000.0,0.0,0.101,0.183,0.22,0.107,14900000.0,2680900000.0,1.0,2158060136.0,2158060136,,4.231,5784000000.0,373300000.0,338200000.0,209200000.0,2.68,1619600000.0
85,NKE,MRT,2000-06-30,2000-05-31,2000-05-31,2021-10-05,-111100000.0,5856900000.0,5724575000.0,3596400000.0,2260500000.0,1.571,1.434,-394600000.0,254300000.0,254300000.0,5403800000.0,579100000.0,1.681,0.868,1444600000.0,974300000.0,470300000.0,1444600000.0,0.0,188000000.0,0.0,0.011,0.06,964200000.0,1152200000.0,0.128,1152200000.0,964200000.0,919200000.0,0.263,0.259,0.263,3136000000.0,3226275000.0,3136000000.0,12778003922.0,13.0,11.09,305000000.0,0.139,1.0,3591300000.0,0.399,410900000.0,45000000.0,4496300000.0,4360175000.0,1446000000.0,0.0,0.0,0.0,2720900000.0,2140000000.0,580900000.0,11621703922.0,56200000.0,0.0,-622400000.0,503400000.0,-133100000.0,-252100000.0,-440000000.0,0.0,699600000.0,48700000.0,579100000.0,579100000.0,579100000.0,0.0,0.0,0.064,2606400000.0,984900000.0,543800000.0,0.228,3.706,20.069,20.2,1583400000.0,0.0,5.312,1.292,1.292,1569400000.0,2887000000.0,8995100000.0,8995100000.0,0.0,0.101,0.179,0.221,0.107,14900000.0,2606400000.0,1.0,2187614856.0,2187614856,,4.112,5446000000.0,377700000.0,340100000.0,110300000.0,2.489,1456400000.0
86,NKE,MRT,2000-03-31,2000-02-29,2000-02-29,2021-10-05,-78600000.0,5777700000.0,5572275000.0,3483300000.0,2294400000.0,1.598,1.451,-421700000.0,159400000.0,159400000.0,5395500000.0,547400000.0,1.725,0.803,1315700000.0,852800000.0,462900000.0,1315700000.0,0.0,185300000.0,0.0,0.017,0.06,921400000.0,1106700000.0,0.124,1106700000.0,921400000.0,881400000.0,0.245,0.241,0.245,3203800000.0,3275925000.0,3203800000.0,8688087205.0,9.0,7.85,343300000.0,0.155,1.0,3509200000.0,0.394,413600000.0,40000000.0,4501000000.0,4231675000.0,1388900000.0,0.0,0.0,0.0,2573900000.0,2019400000.0,554500000.0,7849587205.0,31500000.0,0.0,-455200000.0,245100000.0,-134400000.0,-344500000.0,-463400000.0,0.0,765000000.0,74400000.0,547400000.0,547400000.0,547400000.0,0.0,0.0,0.061,2566300000.0,942900000.0,474900000.0,0.245,2.45,14.34,14.51,1553200000.0,0.0,3.555,0.882,0.882,1637100000.0,2928700000.0,8904700000.0,8904700000.0,0.0,0.098,0.167,0.218,0.103,33400000.0,2556000000.0,1.0,2208041408.0,2208041408,,4.033,5364100000.0,439500000.0,334000000.0,143800000.0,2.429,1463900000.0
87,NKE,MRT,1999-12-31,1999-11-30,1999-11-30,2021-10-05,-84400000.0,5559400000.0,5450900000.0,3285600000.0,2273800000.0,1.636,1.434,-433500000.0,253000000.0,253000000.0,5474000000.0,526300000.0,1.839,0.731,1091500000.0,619100000.0,472400000.0,1091500000.0,0.0,187200000.0,0.0,0.01,0.06,894200000.0,1081400000.0,0.121,1081400000.0,894200000.0,857700000.0,0.234,0.231,0.234,3212300000.0,3289500000.0,3212300000.0,13657487748.0,15.0,12.629,402900000.0,0.18,1.0,3445900000.0,0.386,417300000.0,36500000.0,4193800000.0,4128300000.0,1251700000.0,0.0,0.0,0.0,2347100000.0,1786800000.0,560300000.0,12881887748.0,-1600000.0,0.0,-404600000.0,135500000.0,-135100000.0,-404200000.0,-470300000.0,0.0,836400000.0,36500000.0,526300000.0,526300000.0,526300000.0,0.0,0.0,0.059,2530200000.0,915700000.0,491400000.0,0.256,4.01,24.476,24.573,1549000000.0,0.0,5.75,1.444,1.444,1510000000.0,2941100000.0,8919900000.0,8919900000.0,0.0,0.097,0.16,0.217,0.1,33400000.0,2493400000.0,1.0,2240328304.0,2240328304,,3.982,5142100000.0,417100000.0,331400000.0,187600000.0,2.295,1498800000.0
88,NKE,MRT,1999-09-30,1999-08-31,1999-08-31,2021-10-05,-80400000.0,5704300000.0,5373525000.0,3457300000.0,2247000000.0,1.633,1.485,-444500000.0,226200000.0,226200000.0,5465600000.0,487700000.0,1.912,0.701,1001800000.0,539600000.0,462200000.0,1001800000.0,0.0,184500000.0,0.0,0.01,0.06,838000000.0,1022500000.0,0.117,1022500000.0,838000000.0,798100000.0,0.215,0.214,0.215,3353000000.0,3295300000.0,3353000000.0,13802014731.0,16.0,13.498,451400000.0,0.2,1.0,3307600000.0,0.377,422500000.0,39900000.0,4249600000.0,4032125000.0,1229400000.0,0.0,0.0,0.0,2351300000.0,1807800000.0,543500000.0,13193914731.0,58400000.0,0.0,-333500000.0,139100000.0,-135700000.0,-330100000.0,-497100000.0,0.0,895900000.0,-10300000.0,487700000.0,487700000.0,487700000.0,0.0,0.0,0.056,2448100000.0,859500000.0,488000000.0,0.279,3.935,27.053,27.18,1525400000.0,0.0,5.844,1.504,1.504,1701200000.0,3094600000.0,8773200000.0,8773200000.0,0.0,0.091,0.148,0.208,0.096,33400000.0,2400500000.0,1.0,2257782200.0,2257782200,,3.886,5281800000.0,416600000.0,310400000.0,182400000.0,2.339,1649500000.0
89,NKE,MRT,1999-06-30,1999-05-31,1999-05-31,2021-10-05,-68900000.0,5247700000.0,5273600000.0,3264900000.0,1982800000.0,1.664,1.482,-356900000.0,198100000.0,198100000.0,5493500000.0,451400000.0,2.256,0.574,806200000.0,420100000.0,386100000.0,806200000.0,0.0,198200000.0,0.0,0.008,0.06,790200000.0,988400000.0,0.113,988400000.0,790200000.0,746100000.0,0.199,0.196,0.199,3334600000.0,3294325000.0,3334600000.0,17956648420.0,23.0,18.167,584500000.0,0.26,1.0,3283400000.0,0.374,426600000.0,44100000.0,3982300000.0,3942900000.0,1170600000.0,0.0,0.0,0.0,1913100000.0,1446900000.0,466200000.0,17138948420.0,89500000.0,0.0,-245400000.0,-62500000.0,-136200000.0,-444100000.0,-416500000.0,0.0,941400000.0,8700000.0,451400000.0,451400000.0,451400000.0,0.0,0.0,0.051,2471700000.0,811700000.0,473600000.0,0.302,5.14,37.968,38.279,1265800000.0,0.0,7.617,1.953,1.953,1540100000.0,3066500000.0,8776900000.0,8776900000.0,0.0,0.086,0.137,0.2,0.09,33400000.0,2426600000.0,1.0,2249944000.0,2249944000,,3.901,4821100000.0,426900000.0,294700000.0,79800000.0,2.143,1818000000.0
90,NKE,MRT,1999-03-31,1999-02-28,1999-02-28,2021-10-05,-66800000.0,5292200000.0,5311025000.0,3342200000.0,1950000000.0,1.676,1.441,-396100000.0,127900000.0,127900000.0,5718700000.0,289200000.0,2.101,0.624,945600000.0,556900000.0,388700000.0,945600000.0,0.0,202700000.0,0.0,0.009,0.06,527000000.0,729700000.0,0.082,729700000.0,527000000.0,479500000.0,0.127,0.126,0.127,3258100000.0,3276075000.0,3258100000.0,15668281320.0,30.0,21.472,574700000.0,0.254,1.0,3183600000.0,0.358,431400000.0,47500000.0,4087500000.0,3949925000.0,1147400000.0,0.0,0.0,0.0,2034100000.0,1591000000.0,443100000.0,15100881320.0,-22400000.0,0.0,-286900000.0,-75800000.0,-136800000.0,-499500000.0,-478100000.0,0.0,970800000.0,-15600000.0,289200000.0,289200000.0,289200000.0,0.0,0.0,0.032,2635700000.0,547900000.0,329800000.0,0.472,4.635,52.216,52.598,1244300000.0,0.0,6.68,1.696,1.696,1737700000.0,3042600000.0,8902300000.0,8902300000.0,0.0,0.054,0.088,0.133,0.059,0.0,2474800000.0,1.0,2260610976.0,2260610976,,3.938,4860800000.0,452400000.0,190300000.0,88200000.0,2.15,1751200000.0
91,NKE,MRT,1998-12-31,1998-11-30,1998-11-30,2021-10-05,-55900000.0,5249900000.0,5397500750.0,3299500000.0,1950400000.0,1.658,1.413,-414400000.0,254600000.0,254600000.0,5782600000.0,238100000.0,2.098,0.623,822000000.0,432900000.0,389100000.0,822000000.0,0.0,198400000.0,0.0,0.012,0.06,447000000.0,645400000.0,0.072,645400000.0,447000000.0,396700000.0,0.104,0.103,0.104,3235500000.0,3305194250.0,3235500000.0,12010189080.0,27.0,18.609,485100000.0,0.212,1.0,3166900000.0,0.354,435500000.0,50300000.0,3809100000.0,3982623250.0,1197700000.0,0.0,0.0,0.0,2014400000.0,1572700000.0,441700000.0,11452689080.0,114900000.0,0.0,-339400000.0,187800000.0,-137900000.0,-289500000.0,-491900000.0,0.0,899500000.0,-3200000.0,238100000.0,238100000.0,238100000.0,0.0,0.0,0.027,2699000000.0,467900000.0,429900000.0,0.577,3.54,48.1,48.077,1230800000.0,0.0,5.0,1.28,1.28,1511200000.0,3016300000.0,8949500000.0,8949500000.0,0.0,0.044,0.072,0.112,0.05,0.0,2556400000.0,1.0,2290537816.0,2290537816,,3.907,4814400000.0,459100000.0,158600000.0,83700000.0,2.102,1726800000.0
92,NKE,MRT,1998-09-30,1998-08-31,1998-08-31,2021-10-05,-52300000.0,5304600000.0,5430810750.0,3409100000.0,1895500000.0,1.711,1.458,-466300000.0,167800000.0,167800000.0,5962500000.0,310300000.0,2.224,0.584,725300000.0,349600000.0,375700000.0,725300000.0,0.0,197900000.0,0.0,0.013,0.057,569500000.0,767400000.0,0.083,767400000.0,569500000.0,512200000.0,0.135,0.133,0.135,3349100000.0,3360378500.0,3349100000.0,10716578416.0,19.0,13.965,282700000.0,0.123,1.0,3329300000.0,0.358,436500000.0,57300000.0,3892700000.0,4011119000.0,1160100000.0,0.0,0.0,0.0,1955500000.0,1532900000.0,422600000.0,9963978416.0,-235300000.0,0.0,-221200000.0,-83300000.0,-132800000.0,-437300000.0,-547000000.0,0.0,749000000.0,0.0,310300000.0,310300000.0,310300000.0,0.0,0.0,0.033,2738900000.0,590400000.0,432500000.0,0.422,2.975,32.111,32.12,1177200000.0,0.0,4.336,1.072,1.072,1755000000.0,3130800000.0,9291800000.0,9291800000.0,0.0,0.057,0.092,0.142,0.061,0.0,2617600000.0,1.0,2297833016.0,2297833016,,4.044,4868100000.0,440000000.0,201900000.0,158900000.0,2.119,1876200000.0
93,NKE,MRT,1998-06-30,1998-05-31,1998-05-31,2021-10-05,-47200000.0,5397400000.0,5511013750.0,3532600000.0,1864800000.0,1.733,1.417,-489100000.0,108600000.0,108600000.0,6065500000.0,399600000.0,2.073,0.655,861200000.0,481800000.0,379400000.0,861200000.0,0.0,184500000.0,0.0,0.01,0.055,713000000.0,897500000.0,0.094,897500000.0,713000000.0,653000000.0,0.172,0.169,0.172,3261600000.0,3369488250.0,3261600000.0,14102110374.0,20.0,15.713,28400000.0,0.012,1.0,3487600000.0,0.365,435800000.0,60000000.0,4010400000.0,3985955750.0,1396600000.0,0.0,0.0,0.0,2135800000.0,1703800000.0,432000000.0,13235454374.0,-336800000.0,0.0,-170100000.0,26000000.0,-127300000.0,-271400000.0,-595000000.0,0.0,517500000.0,12100000.0,399600000.0,399600000.0,399600000.0,0.0,0.0,0.042,2753700000.0,733900000.0,584600000.0,0.32,4.058,33.122,33.43,1153100000.0,0.0,5.75,1.385,1.385,1674400000.0,3043400000.0,9553100000.0,9553100000.0,0.0,0.073,0.119,0.179,0.075,0.0,2623800000.0,1.0,2301818152.0,2301818152,,4.15,4961600000.0,432700000.0,253400000.0,81200000.0,2.156,1828800000.0
94,NKE,MRT,1998-03-31,1998-02-28,1998-02-28,2021-10-05,-61966000.0,5638103000.0,5501963750.0,3893032000.0,1745071000.0,1.748,1.451,-488738000.0,150280000.0,150280000.0,5931626000.0,623032000.0,2.12,0.671,1016936000.0,631625000.0,385311000.0,1016936000.0,0.0,176223000.0,0.0,0.01,0.053,1074545000.0,1250768000.0,0.13,1250768000.0,1074545000.0,1013732000.0,0.269,0.263,0.269,3374577000.0,3343063250.0,3374577000.0,13244073573.0,12.0,10.589,-61641000.0,-0.027,1.0,3687666000.0,0.383,449718000.0,60813000.0,4218293000.0,3842380750.0,1566099000.0,0.0,0.0,0.0,2263526000.0,1836748000.0,426778000.0,12753860573.0,-150484000.0,0.0,-119433000.0,208143000.0,-121709000.0,-32999000.0,-554153000.0,0.0,427097000.0,9575000.0,623032000.0,623032000.0,623032000.0,0.0,0.0,0.065,2580821000.0,1106845000.0,471575000.0,0.197,3.779,20.471,20.39,1091519000.0,0.0,5.485,1.326,1.326,1809830000.0,3183400000.0,9619292000.0,9619292000.0,0.0,0.113,0.186,0.28,0.112,0.0,2569531000.0,1.0,2325225264.0,2325225264,,4.137,5188385000.0,341842000.0,390700000.0,100536000.0,2.231,2056284000.0
95,NKE,MRT,1997-12-31,1997-11-30,1997-11-30,2021-10-05,-58160000.0,5383140000.0,5328563250.0,3675999000.0,1707141000.0,1.843,1.456,-509974000.0,139686000.0,139686000.0,5938253000.0,787065000.0,2.458,0.558,629899000.0,243664000.0,386235000.0,629899000.0,0.0,167901000.0,0.0,0.008,0.05,1341671000.0,1509572000.0,0.154,1509572000.0,1341671000.0,1278265000.0,0.34,0.331,0.34,3456237000.0,3253043750.0,3456237000.0,14562729256.0,11.0,9.647,-22790000.0,-0.01,1.0,3880687000.0,0.395,454753000.0,63406000.0,3923083000.0,3635750250.0,1448550000.0,0.0,0.0,0.0,1926903000.0,1495517000.0,431386000.0,14141157256.0,-127817000.0,0.0,-2342000.0,114844000.0,-115747000.0,-3245000.0,-590946000.0,0.0,487184000.0,-20806000.0,787065000.0,787065000.0,787065000.0,0.0,0.0,0.08,2506716000.0,1373971000.0,495461000.0,0.147,4.091,17.967,17.901,1051206000.0,0.0,6.086,1.44,1.471,1759450000.0,3264676000.0,9818940000.0,9818940000.0,0.0,0.148,0.242,0.369,0.137,0.0,2495710000.0,1.0,2323459808.0,2373768000,2373768000.0,4.136,4928387000.0,341212000.0,491200000.0,112306000.0,2.076,2180482000.0
96,NKE,MRT,1997-09-30,1997-08-31,1997-08-31,2021-10-05,-39953000.0,5625412000.0,5088067000.0,4002767000.0,1622645000.0,1.901,1.423,-479665000.0,403087000.0,403087000.0,5806381000.0,822837000.0,2.229,0.662,824659000.0,431485000.0,393174000.0,824659000.0,0.0,154788000.0,0.0,0.007,0.047,1394371000.0,1549159000.0,0.16,1549159000.0,1394371000.0,1337837000.0,0.354,0.346,0.354,3385539000.0,3093911750.0,3385539000.0,15880068214.0,11.0,10.251,-40578000.0,-0.017,1.0,3864293000.0,0.4,459336000.0,56534000.0,3792047000.0,3342826000.0,1293593000.0,0.0,0.0,0.0,2239873000.0,1795601000.0,444272000.0,15474100214.0,5019000.0,0.0,31119000.0,189672000.0,-108253000.0,112538000.0,-549603000.0,0.0,439087000.0,3001000.0,822837000.0,822837000.0,822837000.0,0.0,0.0,0.085,2437622000.0,1426671000.0,534694000.0,0.133,4.571,18.806,18.849,972274000.0,0.0,6.673,1.6,1.642,1992390000.0,3197738000.0,9670674000.0,9670674000.0,0.0,0.162,0.266,0.417,0.144,0.0,2433063000.0,1.0,2319085832.0,2379952000,2379952000.0,4.063,5166076000.0,320420000.0,515000000.0,217950000.0,2.171,2207166000.0
97,NKE,MRT,1997-06-30,1997-05-31,1997-05-31,2021-10-05,-31300000.0,5361200000.0,4656414000.0,3830900000.0,1530300000.0,1.973,1.328,-441600000.0,445400000.0,445400000.0,5503000000.0,795800000.0,2.052,0.699,851400000.0,555400000.0,296000000.0,851400000.0,0.0,138000000.0,0.0,0.006,0.044,1347500000.0,1485500000.0,0.162,1485500000.0,1347500000.0,1295200000.0,0.345,0.335,0.345,3155900000.0,2793650000.0,3155900000.0,17120556838.0,13.0,11.525,-118500000.0,-0.05,1.0,3683500000.0,0.401,464200000.0,52300000.0,3436100000.0,2822844500.0,1338600000.0,0.0,0.0,0.0,2205300000.0,1866900000.0,338400000.0,16601948838.0,183300000.0,0.0,26300000.0,388200000.0,-100900000.0,313600000.0,-496200000.0,0.0,323100000.0,-200000.0,795800000.0,795800000.0,795800000.0,0.0,0.0,0.087,2303700000.0,1379800000.0,687100000.0,0.128,5.261,20.862,20.833,922400000.0,0.0,7.188,1.807,1.859,1754100000.0,2973700000.0,9186500000.0,9186500000.0,0.0,0.171,0.285,0.477,0.147,0.0,2303700000.0,1.0,2309836360.0,2376000000,2376000000.0,3.866,4897000000.0,279400000.0,499400000.0,96000000.0,2.061,1964000000.0
98,NKE,MRT,1997-03-31,1997-02-28,1997-02-28,2021-10-05,-26376000.0,4944501000.0,,3500500000.0,1444001000.0,,1.267,-356730000.0,300801000.0,300801000.0,5187050000.0,779484000.0,2.183,0.64,819409000.0,530034000.0,289375000.0,819409000.0,0.0,126630000.0,0.0,0.005,0.041,1317607000.0,1444237000.0,0.167,1444237000.0,1317607000.0,1271284000.0,0.337,0.329,0.337,3014499000.0,,3014499000.0,20994853263.0,16.0,14.537,-69966000.0,-0.029,1.0,3457341000.0,0.4,467497000.0,46323000.0,3391771000.0,,1089143000.0,0.0,0.0,0.0,1930002000.0,1603841000.0,326161000.0,20727686263.0,34709000.0,0.0,23624000.0,228380000.0,-93596000.0,158408000.0,-455850000.0,0.0,286764000.0,2383000.0,779484000.0,779484000.0,779484000.0,0.0,0.0,0.09,2103034000.0,1354307000.0,511802000.0,0.122,6.876,26.592,26.662,828792000.0,0.0,8.985,2.398,2.473,1850310000.0,2846854000.0,8644391000.0,8644391000.0,0.0,,,,0.152,0.0,2115877000.0,1.0,2306921120.0,2378944000,2378944000.0,3.634,4477004000.0,257372000.0,491800000.0,91632000.0,1.882,1896659000.0
99,NKE,MRT,1996-12-31,1996-11-30,1996-11-30,2021-10-05,-1716000.0,4421155000.0,,3070956000.0,1350199000.0,,1.187,-279248000.0,267534000.0,267534000.0,4704939000.0,676225000.0,2.095,0.568,534701000.0,435731000.0,98970000.0,534701000.0,0.0,113770000.0,0.0,0.005,0.037,1144441000.0,1258211000.0,0.161,1258211000.0,1144441000.0,1101825000.0,0.291,0.285,0.291,2819709000.0,,2819709000.0,,,,92758000.0,0.039,1.0,3097843000.0,0.397,471394000.0,42616000.0,2751386000.0,,981080000.0,0.0,0.0,0.0,1601446000.0,1465542000.0,135904000.0,16112402198.0,72492000.0,0.0,21789000.0,52077000.0,-86253000.0,-12387000.0,-347706000.0,0.0,372006000.0,17575000.0,676225000.0,676225000.0,676225000.0,0.0,0.0,0.087,1916702000.0,1181141000.0,465686000.0,0.127,5.714,23.827,24.001,757757000.0,0.0,6.984,2.065,2.127,1572426000.0,2638596000.0,7802782000.0,7802782000.0,0.0,,,,0.147,0.0,1925832000.0,1.0,2306921120.0,2376176000,2376176000.0,3.284,3949761000.0,104820000.0,425600000.0,44576000.0,1.662,1605414000.0
100,NKE,MRT,1996-09-30,1996-08-31,1996-08-31,2021-10-05,,,,,,,,,,,4255440000.0,597165000.0,,,,,,,,,,0.005,0.036,1012880000.0,,,,1012880000.0,971965000.0,0.259,0.253,0.259,,,,,,,,,1.0,2797066000.0,0.397,,40915000.0,,,,,,,,,,,,,,,,,,,,,597165000.0,597165000.0,597165000.0,0.0,0.0,0.085,1747486000.0,1049580000.0,,0.139,,,26.484,,0.0,6.859,,2.306,,,7052506000.0,7052506000.0,0.0,,,,0.144,,1749094000.0,1.0,,2370944000,2370944000.0,2.975,,,374800000.0,,,
101,NKE,MRT,1996-06-30,1996-05-31,1996-05-31,2021-10-05,-16501000.0,3951628000.0,,2726940000.0,1224688000.0,,1.035,-203600000.0,262117000.0,262117000.0,3906700000.0,553200000.0,1.859,0.625,461949000.0,452365000.0,9584000.0,461949000.0,0.0,97200000.0,0.0,0.005,0.034,938600000.0,1035800000.0,0.16,1035800000.0,938600000.0,899100000.0,0.241,0.235,0.241,2431400000.0,,2431400000.0,,,,136100000.0,0.058,1.0,2563900000.0,0.396,474812000.0,39500000.0,2209589000.0,,931151000.0,0.0,0.0,0.0,1520228000.0,1467059000.0,53169000.0,,46000000.0,0.0,2500000.0,22600000.0,-78900000.0,-53800000.0,-239700000.0,0.0,339700000.0,-200000.0,553200000.0,553200000.0,553200000.0,0.0,0.0,0.085,1588600000.0,975300000.0,455034000.0,0.141,,,25.772,643459000.0,0.0,6.211,,2.255,1346125000.0,2290213000.0,6470600000.0,6470600000.0,0.0,,,,0.145,0.0,1588600000.0,1.0,,2348864000,2348864000.0,2.755,3476816000.0,199537000.0,345900000.0,122538000.0,1.48,1259881000.0
102,NKE,MRT,1996-03-31,1996-02-28,1996-02-28,2021-10-05,,,,,,,,,,,,,,,,,,,,,,0.008,0.033,,,,,,,,,,,,,,,,,,1.0,,,,,,,,,,,,,,,,,,,,,,,,,,,,,,,,,,,,,,,,4.039,,,,,,,,,,,,,,1.0,,2353696000,,,,,,,,
103,NKE,MRT,1995-12-31,1995-11-30,1995-11-30,2021-10-05,,,,,,,,,,,,,,,,,,,,,,0.009,0.031,,,,,,,,,,,,,,,,,,1.0,,,,,,,,,,,,,,,,,,,,,,,,,,,,,,,,,,,,,,,,3.625,,,,,,,,,,,,,,1.0,,2351904000,,,,,,,,
104,NKE,MRT,1995-06-30,1995-05-31,1995-05-31,2021-10-05,,,,,,,,-145114000.0,,,2865280000.0,399664000.0,,,,,,,,71113000.0,,0.011,0.028,674072000.0,745185000.0,0.157,745185000.0,674072000.0,649864000.0,0.17,0.17,0.17,,,,,,,109799000.0,0.047,1.0,1895554000.0,0.398,,24208000.0,,,,,,,,,,,-302745000.0,-430020000.0,-136765000.0,227041000.0,-65418000.0,24858000.0,-581394000.0,0.0,254913000.0,-1122000.0,399664000.0,399664000.0,399664000.0,0.0,0.0,0.084,1209760000.0,685794000.0,,0.165,,,14.5,,0.0,2.465,,1.218,,,4760834000.0,4760834000.0,0.0,,,,0.142,0.0,1209760000.0,1.0,,2352096000,2352096000.0,2.024,,,250200000.0,,,
