None,ticker,dimension,calendardate,datekey,reportperiod,lastupdated,accoci,assets,assetsavg,assetsc,assetsnc,assetturnover,bvps,capex,cashneq,cashnequsd,cor,consolinc,currentratio,de,debt,debtc,debtnc,debtusd,deferredrev,depamor,deposits,divyield,dps,ebit,ebitda,ebitdamargin,ebitdausd,ebitusd,ebt,eps,epsdil,epsusd,equity,equityavg,equityusd,ev,evebit,evebitda,fcf,fcfps,fxusd,gp,grossmargin,intangibles,intexp,invcap,invcapavg,inventory,investments,investmentsc,investmentsnc,liabilities,liabilitiesc,liabilitiesnc,marketcap,ncf,ncfbus,ncfcommon,ncfdebt,ncfdiv,ncff,ncfi,ncfinv,ncfo,ncfx,netinc,netinccmn,netinccmnusd,netincdis,netincnci,netmargin,opex,opinc,payables,payoutratio,pb,pe,pe1,ppnenet,prefdivis,price,ps,ps1,receivables,retearn,revenue,revenueusd,rnd,roa,roe,roic,ros,sbcomp,sgna,sharefactor,sharesbas,shareswa,shareswadil,sps,tangibles,taxassets,taxexp,taxliabilities,tbvps,workingcapital
0,TEL,MRY,2020-12-31,2020-09-25,2020-09-25,2021-07-29,-445000000.0,19242000000.0,19356250000.0,5784000000.0,13458000000.0,0.629,28.262,-543000000.0,945000000.0,945000000.0,8437000000.0,-241000000.0,1.567,1.039,4146000000.0,694000000.0,3452000000.0,4146000000.0,0.0,711000000.0,0.0,0.02,1.88,590000000.0,1301000000.0,0.107,1301000000.0,590000000.0,542000000.0,-0.73,-0.73,-0.73,9383000000.0,9510500000.0,9383000000.0,35087769647.0,59.0,26.97,1449000000.0,4.364,1.0,3735000000.0,0.307,6817000000.0,48000000.0,11936000000.0,12111500000.0,1950000000.0,0.0,0.0,0.0,9747000000.0,3690000000.0,6057000000.0,31475769647.0,18000000.0,-339000000.0,-468000000.0,22000000.0,-625000000.0,-1105000000.0,-865000000.0,0.0,1992000000.0,-4000000.0,-241000000.0,-241000000.0,-241000000.0,-18000000.0,0.0,-0.02,3198000000.0,537000000.0,1276000000.0,-2.575,3.355,-130.605,-130.644,3650000000.0,0.0,95.37,2.586,2.601,2377000000.0,10348000000.0,12172000000.0,12172000000.0,613000000.0,-0.012,-0.025,0.049,0.048,74000000.0,1392000000.0,1.0,330038478.0,332000000.0,332000000.0,36.663,12425000000.0,2178000000.0,783000000.0,395000000.0,37.425,2094000000.0
1,TEL,MRY,2019-12-31,2019-09-27,2019-09-27,2021-07-29,-503000000.0,19694000000.0,19473000000.0,5554000000.0,14140000000.0,0.691,31.272,-706000000.0,927000000.0,927000000.0,9054000000.0,1844000000.0,1.569,0.863,3965000000.0,570000000.0,3395000000.0,3965000000.0,0.0,690000000.0,0.0,0.019,1.8,1897000000.0,2587000000.0,0.192,2587000000.0,1897000000.0,1829000000.0,5.46,5.42,5.46,10570000000.0,10355500000.0,10570000000.0,34634557769.0,18.0,13.388,1716000000.0,5.077,1.0,4394000000.0,0.327,7336000000.0,68000000.0,11856000000.0,11852250000.0,1836000000.0,0.0,0.0,0.0,9124000000.0,3540000000.0,5584000000.0,31144557769.0,79000000.0,14000000.0,-1006000000.0,4000000.0,-608000000.0,-1643000000.0,-692000000.0,0.0,2422000000.0,-8000000.0,1844000000.0,1844000000.0,1844000000.0,102000000.0,0.0,0.137,2416000000.0,1978000000.0,1357000000.0,0.33,2.947,16.89,16.98,3574000000.0,0.0,92.71,2.316,2.33,2320000000.0,12256000000.0,13448000000.0,13448000000.0,644000000.0,0.095,0.178,0.16,0.141,75000000.0,1490000000.0,1.0,335935258.0,338000000.0,340000000.0,39.787,12358000000.0,2776000000.0,-15000000.0,395000000.0,36.562,2014000000.0
2,TEL,MRY,2018-12-31,2018-09-28,2018-09-28,2021-07-29,-306000000.0,20386000000.0,19364250000.0,6199000000.0,14187000000.0,0.722,30.946,-912000000.0,848000000.0,848000000.0,9243000000.0,2565000000.0,1.406,0.882,4000000000.0,963000000.0,3037000000.0,4000000000.0,0.0,667000000.0,0.0,0.019,1.68,2328000000.0,2995000000.0,0.214,2995000000.0,2328000000.0,2221000000.0,7.33,7.27,7.33,10831000000.0,9858500000.0,10831000000.0,33877977008.0,15.0,11.312,1539000000.0,4.397,1.0,4745000000.0,0.339,7388000000.0,107000000.0,11740000000.0,11162000000.0,1857000000.0,0.0,0.0,0.0,9555000000.0,4410000000.0,5145000000.0,30639977008.0,-370000000.0,-153000000.0,-779000000.0,-319000000.0,-588000000.0,-1722000000.0,-1094000000.0,0.0,2451000000.0,-5000000.0,2565000000.0,2565000000.0,2565000000.0,19000000.0,0.0,0.183,2414000000.0,2331000000.0,1548000000.0,0.229,2.829,11.945,11.996,3497000000.0,0.0,87.93,2.19,2.2,2361000000.0,12114000000.0,13988000000.0,13988000000.0,680000000.0,0.132,0.26,0.209,0.166,95000000.0,1594000000.0,1.0,348458740.0,350000000.0,353000000.0,39.966,12998000000.0,2144000000.0,-344000000.0,519000000.0,37.137,1789000000.0
3,TEL,MRY,2017-12-31,2017-09-29,2017-09-29,2021-07-29,-160000000.0,19403000000.0,18398500000.0,5926000000.0,13477000000.0,0.662,27.468,-660000000.0,1218000000.0,1218000000.0,8002000000.0,1683000000.0,1.54,0.99,4344000000.0,710000000.0,3634000000.0,4344000000.0,0.0,611000000.0,0.0,0.019,1.54,1993000000.0,2604000000.0,0.214,2604000000.0,1993000000.0,1863000000.0,4.74,4.7,4.74,9751000000.0,9120500000.0,9751000000.0,32588083180.0,16.0,12.515,1661000000.0,4.679,1.0,4183000000.0,0.343,7492000000.0,130000000.0,11190000000.0,10555000000.0,1647000000.0,0.0,0.0,0.0,9652000000.0,3847000000.0,5805000000.0,29352083180.0,571000000.0,-250000000.0,-497000000.0,259000000.0,-546000000.0,-814000000.0,-932000000.0,0.0,2321000000.0,-4000000.0,1683000000.0,1683000000.0,1683000000.0,-143000000.0,0.0,0.138,2307000000.0,1876000000.0,1387000000.0,0.325,3.01,17.44,17.523,3159000000.0,0.0,83.06,2.409,2.42,2138000000.0,10175000000.0,12185000000.0,12185000000.0,611000000.0,0.091,0.185,0.189,0.164,95000000.0,1543000000.0,1.0,353384098.0,355000000.0,358000000.0,34.324,11911000000.0,2141000000.0,180000000.0,529000000.0,33.552,2079000000.0
4,TEL,MRY,2016-12-31,2016-09-30,2016-09-30,2021-07-29,-542000000.0,17608000000.0,18043000000.0,4775000000.0,12833000000.0,0.629,23.183,-595000000.0,647000000.0,647000000.0,7525000000.0,2009000000.0,1.557,1.075,4070000000.0,331000000.0,3739000000.0,4070000000.0,208000000.0,560000000.0,0.0,0.022,1.4,1310000000.0,1870000000.0,0.165,1870000000.0,1310000000.0,1183000000.0,5.49,5.44,5.49,8485000000.0,8183250000.0,8485000000.0,26232304815.0,20.0,14.028,1352000000.0,3.694,1.0,3827000000.0,0.337,7371000000.0,127000000.0,10594000000.0,10984250000.0,1596000000.0,0.0,0.0,0.0,9123000000.0,3066000000.0,6057000000.0,22890304815.0,-2682000000.0,-1003000000.0,-2697000000.0,181000000.0,-509000000.0,-3055000000.0,-1581000000.0,0.0,1947000000.0,7000000.0,2009000000.0,2009000000.0,2009000000.0,-162000000.0,0.0,0.177,2019000000.0,1808000000.0,1090000000.0,0.255,2.698,11.394,11.727,3052000000.0,0.0,64.38,2.016,2.076,2046000000.0,8682000000.0,11352000000.0,11352000000.0,603000000.0,0.111,0.246,0.119,0.115,87000000.0,1396000000.0,1.0,355549935.0,366000000.0,369000000.0,31.016,10237000000.0,2111000000.0,-826000000.0,454000000.0,27.97,1709000000.0
5,TEL,MRY,2015-12-31,2015-09-25,2015-09-25,2021-07-29,-373000000.0,20589000000.0,20356500000.0,7885000000.0,12704000000.0,0.601,23.667,-583000000.0,3329000000.0,3329000000.0,8146000000.0,2420000000.0,2.206,1.148,3884000000.0,498000000.0,3386000000.0,3884000000.0,185000000.0,616000000.0,0.0,0.021,1.24,2893000000.0,3509000000.0,0.287,3509000000.0,2893000000.0,2757000000.0,5.98,5.89,5.98,9585000000.0,9216750000.0,9585000000.0,26832302198.0,9.0,7.647,1347000000.0,3.326,1.0,4087000000.0,0.334,6379000000.0,136000000.0,11190000000.0,12427500000.0,1615000000.0,0.0,0.0,0.0,11004000000.0,3575000000.0,7429000000.0,23507302198.0,872000000.0,1232000000.0,-920000000.0,-184000000.0,-502000000.0,-1623000000.0,636000000.0,0.0,1930000000.0,-71000000.0,2420000000.0,2420000000.0,2420000000.0,-1182000000.0,0.0,0.198,2338000000.0,1749000000.0,1143000000.0,0.207,2.453,9.714,9.769,2920000000.0,0.0,58.42,1.922,1.934,3084000000.0,6673000000.0,12233000000.0,12233000000.0,627000000.0,0.119,0.263,0.233,0.236,89000000.0,1504000000.0,1.0,402384495.0,405000000.0,411000000.0,30.205,14210000000.0,2489000000.0,337000000.0,2283000000.0,35.086,4310000000.0
6,TEL,MRY,2014-12-31,2014-09-26,2014-09-26,2021-07-29,-17000000.0,20152000000.0,19023500000.0,8879000000.0,11273000000.0,0.629,21.968,-506000000.0,2457000000.0,2457000000.0,8001000000.0,1781000000.0,2.224,1.237,3858000000.0,577000000.0,3281000000.0,3858000000.0,176000000.0,551000000.0,0.0,0.137,8.08,2054000000.0,2605000000.0,0.218,2605000000.0,2054000000.0,1927000000.0,4.34,4.27,4.34,9007000000.0,8714500000.0,9007000000.0,25451740840.0,12.0,9.77,1577000000.0,3.846,1.0,3972000000.0,0.332,4813000000.0,127000000.0,12747000000.0,11310750000.0,1509000000.0,0.0,0.0,0.0,11139000000.0,3993000000.0,7146000000.0,24064740840.0,1054000000.0,-519000000.0,-422000000.0,939000000.0,-443000000.0,65000000.0,-1075000000.0,0.0,2083000000.0,-19000000.0,1781000000.0,1781000000.0,1781000000.0,-167000000.0,0.0,0.149,2167000000.0,1805000000.0,1230000000.0,1.862,2.672,13.512,13.548,2920000000.0,0.0,58.8,2.01,2.014,3094000000.0,4253000000.0,11973000000.0,11973000000.0,583000000.0,0.094,0.204,0.182,0.172,77000000.0,1534000000.0,1.0,409264300.0,410000000.0,417000000.0,29.202,15339000000.0,2371000000.0,146000000.0,2273000000.0,37.412,4886000000.0
7,TEL,MRY,2013-12-31,2013-09-27,2013-09-27,2021-07-29,303000000.0,18461000000.0,18206750000.0,6309000000.0,12152000000.0,0.626,20.048,-559000000.0,1403000000.0,1403000000.0,7739000000.0,1277000000.0,1.608,1.202,3014000000.0,711000000.0,2303000000.0,3014000000.0,68000000.0,536000000.0,0.0,0.018,0.92,1340000000.0,1876000000.0,0.165,1876000000.0,1340000000.0,1201000000.0,3.05,3.02,3.05,8380000000.0,8029500000.0,8380000000.0,23243365061.0,17.0,12.39,1487000000.0,3.557,1.0,3651000000.0,0.321,5570000000.0,139000000.0,10578000000.0,10735250000.0,1762000000.0,0.0,0.0,0.0,10075000000.0,3924000000.0,6151000000.0,21487365061.0,-186000000.0,8000000.0,-630000000.0,-664000000.0,-384000000.0,-1678000000.0,-545000000.0,0.0,2046000000.0,-9000000.0,1276000000.0,1276000000.0,1276000000.0,0.0,1000000.0,0.112,2266000000.0,1385000000.0,1383000000.0,0.302,2.564,16.84,17.036,3166000000.0,0.0,51.96,1.887,1.907,3325000000.0,2472000000.0,11390000000.0,11390000000.0,590000000.0,0.07,0.159,0.125,0.118,71000000.0,1440000000.0,1.0,413536664.0,418000000.0,423000000.0,27.249,12891000000.0,2480000000.0,-75000000.0,2300000000.0,30.84,2385000000.0
8,TEL,MRY,2012-12-31,2012-09-28,2012-09-28,2021-07-29,229000000.0,19306000000.0,18700000000.0,6503000000.0,12803000000.0,0.71,18.711,-510000000.0,1589000000.0,1589000000.0,9236000000.0,1115000000.0,1.624,1.421,3711000000.0,1015000000.0,2696000000.0,3711000000.0,121000000.0,609000000.0,0.0,0.023,0.78,1537000000.0,2146000000.0,0.162,2146000000.0,1537000000.0,1361000000.0,2.61,2.59,2.61,7971000000.0,7740000000.0,7971000000.0,17006803510.0,11.0,7.925,1437000000.0,3.373,1.0,4046000000.0,0.305,5660000000.0,176000000.0,11764000000.0,11559500000.0,1808000000.0,0.0,0.0,0.0,11329000000.0,4004000000.0,7325000000.0,14549803510.0,371000000.0,-990000000.0,-125000000.0,406000000.0,-332000000.0,-65000000.0,-1510000000.0,0.0,1947000000.0,-1000000.0,1112000000.0,1112000000.0,1112000000.0,0.0,3000000.0,0.084,2528000000.0,1518000000.0,1292000000.0,0.299,1.825,13.084,13.031,3213000000.0,0.0,34.01,1.095,1.091,3523000000.0,1196000000.0,13282000000.0,13282000000.0,688000000.0,0.059,0.144,0.133,0.116,68000000.0,1685000000.0,1.0,427809571.0,426000000.0,430000000.0,31.178,13646000000.0,2749000000.0,249000000.0,2759000000.0,32.033,2499000000.0
9,TEL,MRY,2011-12-31,2011-09-30,2011-09-30,2021-07-29,428000000.0,17723000000.0,17984250000.0,6981000000.0,10742000000.0,0.766,17.064,-509000000.0,1218000000.0,1218000000.0,9507000000.0,1250000000.0,2.047,1.37,2667000000.0,0.0,2667000000.0,2667000000.0,143000000.0,564000000.0,0.0,0.024,0.68,1753000000.0,2317000000.0,0.168,2317000000.0,1753000000.0,1592000000.0,2.84,2.81,2.84,7474000000.0,7428250000.0,7474000000.0,13638616127.0,8.0,5.886,1270000000.0,2.9,1.0,4271000000.0,0.31,3919000000.0,161000000.0,11843000000.0,11636750000.0,1878000000.0,0.0,0.0,0.0,10239000000.0,3410000000.0,6829000000.0,12195616127.0,-771000000.0,-731000000.0,-785000000.0,-416000000.0,-296000000.0,-1512000000.0,-1043000000.0,155000000.0,1779000000.0,5000000.0,1245000000.0,1245000000.0,1245000000.0,0.0,5000000.0,0.09,2584000000.0,1687000000.0,1454000000.0,0.239,1.632,9.796,9.908,3140000000.0,0.0,28.14,0.885,0.895,3407000000.0,84000000.0,13778000000.0,13778000000.0,701000000.0,0.069,0.168,0.151,0.127,71000000.0,1728000000.0,1.0,433390765.0,438000000.0,443000000.0,31.457,13804000000.0,2766000000.0,347000000.0,2455000000.0,31.516,3571000000.0
10,TEL,MRY,2010-12-31,2010-09-24,2010-09-24,2021-07-29,246000000.0,16992000000.0,16574000000.0,6731000000.0,10261000000.0,0.705,15.558,-364000000.0,1990000000.0,1990000000.0,8038000000.0,1109000000.0,1.945,1.41,2413000000.0,106000000.0,2307000000.0,2413000000.0,164000000.0,514000000.0,0.0,0.022,0.64,1734000000.0,2248000000.0,0.192,2248000000.0,1734000000.0,1579000000.0,2.43,2.41,2.43,7048000000.0,6906500000.0,7048000000.0,13678264866.0,8.0,6.085,1315000000.0,2.903,1.0,3643000000.0,0.312,3603000000.0,155000000.0,10352000000.0,10376750000.0,1583000000.0,0.0,0.0,0.0,9936000000.0,3460000000.0,6476000000.0,13078264866.0,469000000.0,-38000000.0,-476000000.0,0.0,-289000000.0,-779000000.0,-442000000.0,1000000.0,1679000000.0,11000000.0,1103000000.0,1103000000.0,1103000000.0,0.0,6000000.0,0.094,2191000000.0,1452000000.0,1386000000.0,0.263,1.856,11.857,12.041,2867000000.0,0.0,29.26,1.12,1.135,3386000000.0,-1161000000.0,11681000000.0,11681000000.0,563000000.0,0.067,0.16,0.167,0.148,61000000.0,1490000000.0,1.0,446967357.0,453000000.0,457000000.0,25.786,13389000000.0,2695000000.0,476000000.0,2437000000.0,29.556,3271000000.0
11,TEL,MRY,2009-12-31,2009-09-25,2009-09-25,2021-07-29,455000000.0,16018000000.0,17344000000.0,5579000000.0,10439000000.0,0.591,15.242,-315000000.0,1521000000.0,1521000000.0,7720000000.0,-3259000000.0,2.133,1.288,2417000000.0,101000000.0,2316000000.0,2417000000.0,203000000.0,515000000.0,0.0,0.028,0.64,-3667000000.0,-3152000000.0,-0.307,-3152000000.0,-3667000000.0,-3832000000.0,-7.11,-7.11,-7.11,6996000000.0,7911750000.0,6996000000.0,11668617963.0,-3.0,-3.702,1014000000.0,2.209,1.0,2536000000.0,0.247,3567000000.0,165000000.0,10732000000.0,11744000000.0,1435000000.0,0.0,0.0,0.0,9012000000.0,2615000000.0,6397000000.0,10347617963.0,435000000.0,709000000.0,-151000000.0,-803000000.0,-294000000.0,-1254000000.0,391000000.0,0.0,1329000000.0,-31000000.0,-3265000000.0,-3265000000.0,-3265000000.0,0.0,6000000.0,-0.318,6010000000.0,-3474000000.0,1068000000.0,-0.09,1.479,-3.169,-3.173,3111000000.0,0.0,22.56,1.009,1.01,3105000000.0,-2264000000.0,10256000000.0,10256000000.0,536000000.0,-0.188,-0.413,-0.312,-0.358,50000000.0,1408000000.0,1.0,458671009.0,459000000.0,459000000.0,22.344,12451000000.0,2558000000.0,-567000000.0,2318000000.0,27.126,2964000000.0
12,TEL,MRY,2008-12-31,2008-09-26,2008-09-26,2021-07-29,929000000.0,21600000000.0,22789250000.0,7635000000.0,13965000000.0,0.631,22.925,-568000000.0,1090000000.0,1090000000.0,10200000000.0,1692000000.0,2.254,0.95,3181000000.0,20000000.0,3161000000.0,3181000000.0,207000000.0,539000000.0,0.0,0.02,0.42,2431000000.0,2970000000.0,0.207,2970000000.0,2431000000.0,2241000000.0,3.49,3.47,3.49,11073000000.0,11415750000.0,11073000000.0,15398600180.0,6.0,5.185,421000000.0,0.872,1.0,4173000000.0,0.29,7203000000.0,190000000.0,13101000000.0,13380250000.0,2159000000.0,0.0,0.0,0.0,10517000000.0,3387000000.0,7130000000.0,12936600180.0,146000000.0,568000000.0,-1188000000.0,-221000000.0,-271000000.0,-1739000000.0,895000000.0,0.0,989000000.0,1000000.0,1687000000.0,1687000000.0,1687000000.0,0.0,5000000.0,0.117,2510000000.0,1663000000.0,1433000000.0,0.16,1.168,7.668,7.848,3342000000.0,0.0,27.39,0.9,0.92,3874000000.0,1141000000.0,14373000000.0,14373000000.0,593000000.0,0.074,0.148,0.182,0.169,55000000.0,1573000000.0,1.0,472311069.0,483000000.0,486000000.0,29.758,14397000000.0,2119000000.0,554000000.0,2580000000.0,29.807,4248000000.0
13,TEL,MRY,2007-12-31,2007-09-28,2007-09-28,2021-07-29,1052000000.0,23688000000.0,21389500000.0,9996000000.0,13692000000.0,0.588,22.891,-822000000.0,942000000.0,942000000.0,8855000000.0,-554000000.0,1.611,1.081,3378000000.0,5000000.0,3373000000.0,3378000000.0,181000000.0,496000000.0,0.0,0.004,0.14,143000000.0,639000000.0,0.051,639000000.0,143000000.0,-89000000.0,-1.11,-1.11,-1.11,11377000000.0,11268500000.0,11377000000.0,20576563508.0,144.0,32.201,703000000.0,1.414,1.0,3719000000.0,0.296,7703000000.0,232000000.0,12217000000.0,11820500000.0,2049000000.0,0.0,0.0,0.0,12296000000.0,6204000000.0,6092000000.0,17615563508.0,474000000.0,227000000.0,13000000.0,-522000000.0,0.0,431000000.0,-1528000000.0,0.0,1525000000.0,46000000.0,-554000000.0,-554000000.0,-554000000.0,340000000.0,0.0,-0.044,3064000000.0,655000000.0,1343000000.0,-0.126,1.548,-31.797,-31.919,3412000000.0,0.0,35.43,1.401,1.4,3438000000.0,186000000.0,12574000000.0,12574000000.0,532000000.0,-0.026,-0.049,0.012,0.011,0.0,1509000000.0,1.0,497193438.0,497000000.0,497000000.0,25.3,15985000000.0,1722000000.0,465000000.0,1513000000.0,32.163,3792000000.0
14,TEL,MRY,2006-12-31,2006-09-29,2006-09-29,2021-07-29,670000000.0,19091000000.0,18782000000.0,6550000000.0,12541000000.0,0.629,22.455,-513000000.0,469000000.0,469000000.0,8617000000.0,1193000000.0,2.08,0.709,3662000000.0,291000000.0,3371000000.0,3662000000.0,155000000.0,459000000.0,0.0,,0.0,1530000000.0,1989000000.0,0.168,1989000000.0,1530000000.0,1274000000.0,2.4,2.4,2.4,11160000000.0,10501000000.0,11160000000.0,,,,1150000000.0,2.314,1.0,3194000000.0,0.27,7711000000.0,256000000.0,11424000000.0,11234000000.0,1850000000.0,0.0,0.0,0.0,7915000000.0,3149000000.0,4766000000.0,,195000000.0,-27000000.0,0.0,-826000000.0,0.0,-828000000.0,-639000000.0,0.0,1663000000.0,-1000000.0,1193000000.0,1193000000.0,1193000000.0,246000000.0,0.0,0.101,1452000000.0,1742000000.0,1251000000.0,0.0,,,,3076000000.0,0.0,,,,2434000000.0,0.0,11811000000.0,11811000000.0,0.0,0.064,0.114,0.136,0.13,0.0,1445000000.0,1.0,497193438.0,497000000.0,497000000.0,23.765,11380000000.0,1869000000.0,81000000.0,570000000.0,22.897,3401000000.0
15,TEL,MRY,2005-12-31,2005-09-30,2005-09-30,2021-07-29,331000000.0,18473000000.0,,5342000000.0,13131000000.0,,19.803,-453000000.0,284000000.0,284000000.0,8334000000.0,1144000000.0,1.691,0.874,4511000000.0,695000000.0,3816000000.0,4511000000.0,156000000.0,490000000.0,0.0,,0.0,1813000000.0,2303000000.0,0.201,2303000000.0,1813000000.0,1520000000.0,2.3,2.3,2.3,9842000000.0,,9842000000.0,,,,1093000000.0,2.199,1.0,3099000000.0,0.271,8497000000.0,293000000.0,11044000000.0,,1643000000.0,0.0,0.0,0.0,8605000000.0,3159000000.0,5446000000.0,,-117000000.0,110000000.0,0.0,-1444000000.0,0.0,-1388000000.0,-282000000.0,0.0,1546000000.0,11000000.0,1144000000.0,1144000000.0,1144000000.0,-122000000.0,0.0,0.1,1393000000.0,1706000000.0,1006000000.0,0.0,,,,2980000000.0,0.0,,,,2363000000.0,,11433000000.0,11433000000.0,0.0,,,,0.159,0.0,1403000000.0,1.0,,497000000.0,497000000.0,23.004,9976000000.0,1760000000.0,376000000.0,321000000.0,20.072,2183000000.0
16,TEL,MRY,2004-12-31,2004-09-30,2004-09-30,2021-07-29,,,,,,,,-380000000.0,,,7971000000.0,762000000.0,,,,,,,,513000000.0,,,0.0,1511000000.0,2024000000.0,0.182,2024000000.0,1511000000.0,1167000000.0,,,,,,,,,,838000000.0,,1.0,3128000000.0,0.282,,344000000.0,,,,,,,,,,,138000000.0,-25000000.0,0.0,-1513000000.0,0.0,-703000000.0,-375000000.0,6000000.0,1218000000.0,6000000.0,762000000.0,762000000.0,762000000.0,29000000.0,0.0,0.069,1509000000.0,1619000000.0,,,,,,,0.0,,,,,,11099000000.0,11099000000.0,0.0,,,,0.136,0.0,1543000000.0,1.0,,,,,,,405000000.0,,,
0,TEL,MRQ,2021-06-30,2021-06-25,2021-06-25,2021-07-29,-216000000.0,21058000000.0,,7394000000.0,13664000000.0,,30.442,-143000000.0,1416000000.0,1416000000.0,2577000000.0,580000000.0,1.586,1.085,4134000000.0,505000000.0,3629000000.0,4134000000.0,0.0,210000000.0,0.0,0.014,0.5,718000000.0,928000000.0,0.241,928000000.0,718000000.0,704000000.0,1.76,1.74,1.76,10046000000.0,,10046000000.0,46957054959.0,22.0,16.076,539000000.0,1.633,1.0,1268000000.0,0.33,6917000000.0,14000000.0,12197000000.0,,2392000000.0,0.0,0.0,0.0,10896000000.0,4662000000.0,6234000000.0,44184054959.0,-332000000.0,-19000000.0,-248000000.0,-426000000.0,-165000000.0,-842000000.0,-174000000.0,0.0,682000000.0,2000000.0,580000000.0,580000000.0,580000000.0,1000000.0,0.0,0.151,554000000.0,714000000.0,1938000000.0,0.284,4.398,26.037,26.133,3723000000.0,0.0,133.8,3.076,3.074,2985000000.0,10892000000.0,3845000000.0,3845000000.0,168000000.0,,,,,24000000.0,366000000.0,1.0,330224626.0,330000000.0,333000000.0,11.652,14141000000.0,2224000000.0,124000000.0,448000000.0,42.852,2732000000.0
1,TEL,MRQ,2021-03-31,2021-03-26,2021-03-26,2021-07-29,-246000000.0,20967000000.0,,7422000000.0,13545000000.0,,29.211,-84000000.0,1748000000.0,1748000000.0,2528000000.0,506000000.0,1.473,1.157,4521000000.0,919000000.0,3602000000.0,4521000000.0,0.0,193000000.0,0.0,0.015,0.48,625000000.0,818000000.0,0.219,818000000.0,625000000.0,612000000.0,1.53,1.51,1.53,9669000000.0,,9669000000.0,45704928365.0,29.0,19.65,496000000.0,1.498,1.0,1210000000.0,0.324,6890000000.0,13000000.0,11811000000.0,,2134000000.0,0.0,0.0,0.0,11184000000.0,5039000000.0,6145000000.0,42601928365.0,650000000.0,0.0,-96000000.0,411000000.0,-159000000.0,151000000.0,-77000000.0,0.0,580000000.0,-4000000.0,506000000.0,506000000.0,506000000.0,-1000000.0,0.0,0.135,598000000.0,612000000.0,1793000000.0,0.314,4.406,39.593,39.738,3662000000.0,0.0,128.75,3.26,3.261,2921000000.0,10541000000.0,3738000000.0,3738000000.0,174000000.0,,,,,30000000.0,401000000.0,1.0,330888764.0,331000000.0,334000000.0,11.293,14077000000.0,2204000000.0,106000000.0,417000000.0,42.529,2383000000.0
2,TEL,MRQ,2020-12-31,2020-12-25,2020-12-25,2021-07-29,-305000000.0,20266000000.0,,6481000000.0,13785000000.0,,29.792,-142000000.0,1098000000.0,1098000000.0,2376000000.0,381000000.0,1.587,1.043,4201000000.0,685000000.0,3516000000.0,4201000000.0,0.0,187000000.0,0.0,0.016,0.48,456000000.0,643000000.0,0.183,643000000.0,456000000.0,441000000.0,1.15,1.14,1.15,9861000000.0,,9861000000.0,42830575217.0,76.0,33.331,498000000.0,1.505,1.0,1146000000.0,0.325,7000000000.0,15000000.0,12286000000.0,,2066000000.0,0.0,0.0,0.0,10287000000.0,4083000000.0,6204000000.0,39629575217.0,153000000.0,-107000000.0,-44000000.0,-30000000.0,-159000000.0,-252000000.0,-246000000.0,0.0,640000000.0,11000000.0,381000000.0,381000000.0,381000000.0,-6000000.0,0.0,0.108,698000000.0,448000000.0,1629000000.0,0.417,4.019,347.628,352.412,3768000000.0,0.0,119.82,3.164,3.166,2640000000.0,10672000000.0,3522000000.0,3522000000.0,162000000.0,,,,,19000000.0,361000000.0,1.0,330742574.0,331000000.0,333000000.0,10.64,13266000000.0,2198000000.0,60000000.0,410000000.0,40.079,2398000000.0
3,TEL,MRQ,2020-09-30,2020-09-25,2020-09-25,2021-07-29,-445000000.0,19242000000.0,,5784000000.0,13458000000.0,,28.52,-110000000.0,945000000.0,945000000.0,2292000000.0,230000000.0,1.567,1.039,4146000000.0,694000000.0,3452000000.0,4146000000.0,0.0,181000000.0,0.0,0.02,0.48,351000000.0,532000000.0,0.163,532000000.0,351000000.0,339000000.0,0.68,0.68,0.68,9383000000.0,,9383000000.0,35087769647.0,59.0,26.97,610000000.0,1.854,1.0,969000000.0,0.297,6817000000.0,12000000.0,11936000000.0,,1950000000.0,0.0,0.0,0.0,9747000000.0,3690000000.0,6057000000.0,31475769647.0,471000000.0,-11000000.0,26000000.0,0.0,-159000000.0,-135000000.0,-117000000.0,0.0,720000000.0,3000000.0,230000000.0,230000000.0,230000000.0,-2000000.0,0.0,0.071,622000000.0,347000000.0,1276000000.0,0.706,3.355,-130.605,-130.644,3650000000.0,0.0,95.37,2.586,2.601,2377000000.0,10348000000.0,3261000000.0,3261000000.0,148000000.0,,,,,20000000.0,352000000.0,1.0,330038478.0,329000000.0,329000000.0,9.912,12425000000.0,2178000000.0,109000000.0,395000000.0,37.766,2094000000.0
4,TEL,MRQ,2020-06-30,2020-06-26,2020-06-26,2021-07-29,-509000000.0,18840000000.0,,5319000000.0,13521000000.0,,27.382,-127000000.0,474000000.0,474000000.0,1841000000.0,-41000000.0,1.427,1.073,4086000000.0,691000000.0,3395000000.0,4086000000.0,0.0,176000000.0,0.0,0.024,0.48,157000000.0,333000000.0,0.131,333000000.0,157000000.0,144000000.0,-0.12,-0.12,-0.12,9036000000.0,,9036000000.0,29511430648.0,43.0,21.231,253000000.0,0.767,1.0,707000000.0,0.277,6755000000.0,13000000.0,11970000000.0,,2227000000.0,0.0,0.0,0.0,9696000000.0,3727000000.0,5969000000.0,25952430648.0,-322000000.0,31000000.0,-113000000.0,-352000000.0,-159000000.0,-625000000.0,-81000000.0,0.0,380000000.0,4000000.0,-41000000.0,-41000000.0,-41000000.0,-17000000.0,0.0,-0.016,573000000.0,134000000.0,1271000000.0,-4.0,2.872,-262.146,-271.31,3598000000.0,0.0,78.68,2.125,2.126,2146000000.0,10125000000.0,2548000000.0,2548000000.0,146000000.0,,,,,17000000.0,321000000.0,1.0,329847873.0,330000000.0,330000000.0,7.721,12085000000.0,2286000000.0,185000000.0,405000000.0,36.621,1592000000.0
5,TEL,MRQ,2020-03-31,2020-03-27,2020-03-27,2021-07-29,-571000000.0,19367000000.0,,5715000000.0,13652000000.0,,27.144,-130000000.0,796000000.0,796000000.0,2166000000.0,-456000000.0,1.444,1.125,4355000000.0,603000000.0,3752000000.0,4355000000.0,0.0,180000000.0,0.0,0.029,0.46,-403000000.0,-223000000.0,-0.07,-223000000.0,-403000000.0,-414000000.0,-1.37,-1.37,-1.37,9066000000.0,,9066000000.0,24208441101.0,23.0,13.786,351000000.0,1.051,1.0,1029000000.0,0.322,6782000000.0,11000000.0,12185000000.0,,2001000000.0,0.0,0.0,0.0,10196000000.0,3959000000.0,6237000000.0,20977441101.0,54000000.0,-244000000.0,-256000000.0,383000000.0,-153000000.0,-31000000.0,-378000000.0,0.0,481000000.0,-18000000.0,-456000000.0,-456000000.0,-456000000.0,4000000.0,0.0,-0.143,1444000000.0,-415000000.0,1390000000.0,-0.336,2.314,30.011,30.183,3558000000.0,0.0,62.78,1.607,1.607,2461000000.0,11122000000.0,3195000000.0,3195000000.0,158000000.0,,,,,15000000.0,352000000.0,1.0,334142101.0,334000000.0,334000000.0,9.566,12585000000.0,2382000000.0,42000000.0,354000000.0,37.68,1756000000.0
6,TEL,MRQ,2019-12-31,2019-12-27,2019-12-27,2021-07-29,-414000000.0,19976000000.0,,5566000000.0,14410000000.0,,31.513,-176000000.0,742000000.0,742000000.0,2138000000.0,26000000.0,1.635,0.892,3973000000.0,561000000.0,3412000000.0,3973000000.0,0.0,174000000.0,0.0,0.019,0.46,485000000.0,659000000.0,0.208,659000000.0,485000000.0,473000000.0,0.08,0.08,0.08,10557000000.0,,10557000000.0,34983672102.0,17.0,12.971,235000000.0,0.701,1.0,1030000000.0,0.325,7448000000.0,12000000.0,12355000000.0,,2003000000.0,0.0,0.0,0.0,9419000000.0,3404000000.0,6015000000.0,31945672102.0,-185000000.0,-115000000.0,-125000000.0,-9000000.0,-154000000.0,-314000000.0,-289000000.0,0.0,411000000.0,7000000.0,26000000.0,26000000.0,26000000.0,-3000000.0,0.0,0.008,559000000.0,471000000.0,1433000000.0,5.75,3.026,20.041,20.107,3659000000.0,0.0,95.51,2.408,2.411,2338000000.0,12206000000.0,3168000000.0,3168000000.0,161000000.0,,,,,22000000.0,367000000.0,1.0,334474632.0,335000000.0,337000000.0,9.457,12528000000.0,2360000000.0,447000000.0,389000000.0,37.397,2162000000.0
7,TEL,MRQ,2019-09-30,2019-09-27,2019-09-27,2021-07-29,-503000000.0,19694000000.0,,5554000000.0,14140000000.0,,31.552,-152000000.0,927000000.0,927000000.0,2248000000.0,372000000.0,1.569,0.863,3965000000.0,570000000.0,3395000000.0,3965000000.0,0.0,175000000.0,0.0,0.019,0.46,446000000.0,621000000.0,0.188,621000000.0,446000000.0,433000000.0,1.12,1.1,1.12,10570000000.0,,10570000000.0,34634557769.0,18.0,13.388,726000000.0,2.167,1.0,1052000000.0,0.319,7336000000.0,13000000.0,11856000000.0,,1836000000.0,0.0,0.0,0.0,9124000000.0,3540000000.0,5584000000.0,31144557769.0,381000000.0,0.0,-148000000.0,-31000000.0,-154000000.0,-334000000.0,-153000000.0,0.0,878000000.0,-10000000.0,372000000.0,372000000.0,372000000.0,4000000.0,0.0,0.113,608000000.0,444000000.0,1357000000.0,0.411,2.947,16.89,16.98,3574000000.0,0.0,92.71,2.316,2.33,2320000000.0,12256000000.0,3300000000.0,3300000000.0,159000000.0,,,,,19000000.0,372000000.0,1.0,335935258.0,335000000.0,337000000.0,9.851,12358000000.0,2776000000.0,61000000.0,395000000.0,36.89,2014000000.0
8,TEL,MRQ,2019-06-30,2019-06-28,2019-06-28,2021-07-29,-201000000.0,19748000000.0,,5422000000.0,14326000000.0,,31.519,-166000000.0,546000000.0,546000000.0,2279000000.0,757000000.0,1.468,0.859,4036000000.0,602000000.0,3434000000.0,4036000000.0,0.0,174000000.0,0.0,0.019,0.46,525000000.0,699000000.0,0.206,699000000.0,525000000.0,512000000.0,2.25,2.23,2.25,10622000000.0,,10622000000.0,35682036878.0,18.0,13.23,525000000.0,1.558,1.0,1110000000.0,0.328,7464000000.0,13000000.0,12080000000.0,,1961000000.0,0.0,0.0,0.0,9126000000.0,3694000000.0,5432000000.0,32265036878.0,-19000000.0,-291000000.0,-136000000.0,36000000.0,-155000000.0,-257000000.0,-454000000.0,0.0,691000000.0,1000000.0,757000000.0,757000000.0,757000000.0,1000000.0,0.0,0.223,590000000.0,520000000.0,1438000000.0,0.204,3.038,10.298,10.514,3636000000.0,0.0,95.78,2.363,2.363,2463000000.0,11893000000.0,3389000000.0,3389000000.0,158000000.0,,,,,18000000.0,356000000.0,1.0,336866119.0,337000000.0,339000000.0,10.056,12284000000.0,2845000000.0,-245000000.0,443000000.0,36.451,1728000000.0
9,TEL,MRQ,2019-03-31,2019-03-29,2019-03-29,2021-07-29,-160000000.0,19262000000.0,,5446000000.0,13816000000.0,,29.568,-178000000.0,565000000.0,565000000.0,2294000000.0,439000000.0,1.408,0.927,3982000000.0,612000000.0,3370000000.0,3982000000.0,0.0,173000000.0,0.0,0.022,0.44,545000000.0,718000000.0,0.21,718000000.0,545000000.0,530000000.0,1.3,1.29,1.3,9994000000.0,,9994000000.0,30824495546.0,15.0,11.324,378000000.0,1.118,1.0,1118000000.0,0.328,7222000000.0,15000000.0,11590000000.0,,1970000000.0,0.0,0.0,0.0,9268000000.0,3867000000.0,5401000000.0,27362495546.0,60000000.0,17000000.0,-210000000.0,27000000.0,-149000000.0,-333000000.0,-165000000.0,0.0,556000000.0,2000000.0,439000000.0,439000000.0,439000000.0,-10000000.0,0.0,0.129,588000000.0,530000000.0,1485000000.0,0.338,2.738,9.669,9.896,3596000000.0,0.0,80.75,1.976,1.971,2463000000.0,11710000000.0,3412000000.0,3412000000.0,166000000.0,,,,,15000000.0,373000000.0,1.0,338854434.0,338000000.0,340000000.0,10.095,12040000000.0,2607000000.0,91000000.0,529000000.0,35.621,1579000000.0
10,TEL,MRQ,2018-12-31,2018-12-28,2018-12-28,2021-07-29,-257000000.0,19188000000.0,,5378000000.0,13810000000.0,,29.93,-210000000.0,505000000.0,505000000.0,2233000000.0,276000000.0,1.549,0.875,3967000000.0,585000000.0,3382000000.0,3967000000.0,0.0,168000000.0,0.0,0.023,0.44,381000000.0,549000000.0,0.164,549000000.0,381000000.0,354000000.0,0.81,0.8,0.81,10236000000.0,,10236000000.0,28793791500.0,14.0,10.295,87000000.0,0.254,1.0,1114000000.0,0.333,7296000000.0,27000000.0,11883000000.0,,1986000000.0,0.0,0.0,0.0,8952000000.0,3471000000.0,5481000000.0,25641791500.0,-343000000.0,288000000.0,-512000000.0,-28000000.0,-150000000.0,-719000000.0,80000000.0,0.0,297000000.0,-1000000.0,276000000.0,276000000.0,276000000.0,107000000.0,0.0,0.082,630000000.0,484000000.0,1538000000.0,0.543,2.505,8.9,9.05,3550000000.0,0.0,74.75,1.832,1.826,2380000000.0,11886000000.0,3347000000.0,3347000000.0,161000000.0,,,,,23000000.0,389000000.0,1.0,343034000.0,342000000.0,344000000.0,9.787,11892000000.0,2580000000.0,78000000.0,542000000.0,34.772,1907000000.0
11,TEL,MRQ,2018-09-30,2018-09-28,2018-09-28,2021-07-29,-306000000.0,20386000000.0,,6199000000.0,14187000000.0,,31.213,-258000000.0,848000000.0,848000000.0,2327000000.0,1661000000.0,1.406,0.882,4000000000.0,963000000.0,3037000000.0,4000000000.0,0.0,171000000.0,0.0,0.019,0.44,560000000.0,731000000.0,0.208,731000000.0,560000000.0,533000000.0,4.75,4.72,4.75,10831000000.0,,10831000000.0,33877977008.0,15.0,11.312,666000000.0,1.919,1.0,1182000000.0,0.337,7388000000.0,27000000.0,11740000000.0,,1857000000.0,0.0,0.0,0.0,9555000000.0,4410000000.0,5145000000.0,30639977008.0,78000000.0,-153000000.0,-264000000.0,-1000000.0,-153000000.0,-420000000.0,-419000000.0,0.0,924000000.0,-7000000.0,1661000000.0,1661000000.0,1661000000.0,13000000.0,0.0,0.473,612000000.0,570000000.0,1548000000.0,0.093,2.829,11.945,11.996,3497000000.0,0.0,87.93,2.19,2.2,2361000000.0,12114000000.0,3509000000.0,3509000000.0,171000000.0,,,,,24000000.0,414000000.0,1.0,348458740.0,347000000.0,350000000.0,10.112,12998000000.0,2144000000.0,-1128000000.0,519000000.0,37.458,1789000000.0
12,TEL,MRQ,2018-06-30,2018-06-29,2018-06-29,2021-07-29,-299000000.0,19013000000.0,,5941000000.0,13072000000.0,,27.198,-222000000.0,770000000.0,770000000.0,2394000000.0,454000000.0,1.468,1.003,4008000000.0,714000000.0,3294000000.0,4008000000.0,124000000.0,167000000.0,0.0,0.018,0.44,557000000.0,724000000.0,0.202,724000000.0,557000000.0,531000000.0,1.3,1.29,1.3,9492000000.0,,9492000000.0,34984520051.0,16.0,12.101,578000000.0,1.656,1.0,1187000000.0,0.331,7314000000.0,26000000.0,10891000000.0,,1961000000.0,0.0,0.0,0.0,9521000000.0,4046000000.0,5475000000.0,31533520051.0,211000000.0,0.0,-228000000.0,46000000.0,-154000000.0,-338000000.0,-233000000.0,0.0,800000000.0,-18000000.0,454000000.0,454000000.0,454000000.0,-1000000.0,0.0,0.127,633000000.0,554000000.0,1583000000.0,0.338,3.322,23.568,23.638,3633000000.0,0.0,90.06,2.424,2.416,2591000000.0,10432000000.0,3581000000.0,3581000000.0,171000000.0,,,,,20000000.0,394000000.0,1.0,350139019.0,349000000.0,352000000.0,10.261,11699000000.0,1672000000.0,77000000.0,538000000.0,33.521,1895000000.0
13,TEL,MRQ,2018-03-31,2018-03-30,2018-03-30,2021-07-29,-49000000.0,19247000000.0,,5960000000.0,13287000000.0,,27.009,-195000000.0,559000000.0,559000000.0,2350000000.0,490000000.0,1.431,1.03,4010000000.0,675000000.0,3335000000.0,4010000000.0,147000000.0,167000000.0,0.0,0.016,0.4,626000000.0,793000000.0,0.223,793000000.0,626000000.0,598000000.0,1.4,1.38,1.4,9480000000.0,,9480000000.0,38386516163.0,17.0,13.412,182000000.0,0.519,1.0,1212000000.0,0.34,7516000000.0,28000000.0,11018000000.0,,2045000000.0,0.0,0.0,0.0,9767000000.0,4164000000.0,5603000000.0,35085516163.0,-145000000.0,0.0,-174000000.0,-16000000.0,-140000000.0,-330000000.0,-201000000.0,0.0,377000000.0,9000000.0,490000000.0,490000000.0,490000000.0,0.0,0.0,0.138,591000000.0,621000000.0,1613000000.0,0.286,3.701,26.6,26.711,3676000000.0,0.0,99.9,2.743,2.741,2643000000.0,9957000000.0,3562000000.0,3562000000.0,173000000.0,,,,,23000000.0,409000000.0,1.0,351206368.0,351000000.0,354000000.0,10.148,11731000000.0,1631000000.0,108000000.0,540000000.0,33.422,1796000000.0
14,TEL,MRQ,2017-12-31,2017-12-29,2017-12-29,2021-07-29,-84000000.0,18811000000.0,,5733000000.0,13078000000.0,,27.361,-237000000.0,704000000.0,704000000.0,2172000000.0,-40000000.0,1.577,0.953,4005000000.0,688000000.0,3317000000.0,4005000000.0,127000000.0,162000000.0,0.0,0.017,0.4,585000000.0,747000000.0,0.224,747000000.0,585000000.0,559000000.0,-0.11,-0.11,-0.11,9631000000.0,,9631000000.0,36545599868.0,18.0,13.55,113000000.0,0.321,1.0,1164000000.0,0.349,7478000000.0,26000000.0,10999000000.0,,1984000000.0,0.0,0.0,0.0,9180000000.0,3635000000.0,5545000000.0,33419599868.0,-514000000.0,0.0,-113000000.0,-348000000.0,-141000000.0,-634000000.0,-241000000.0,0.0,350000000.0,11000000.0,-40000000.0,-40000000.0,-40000000.0,7000000.0,0.0,-0.012,578000000.0,586000000.0,1556000000.0,-3.636,3.47,27.082,27.31,3527000000.0,0.0,95.04,2.683,2.685,2378000000.0,10047000000.0,3336000000.0,3336000000.0,165000000.0,,,,,28000000.0,377000000.0,1.0,351637204.0,352000000.0,352000000.0,9.477,11333000000.0,1615000000.0,599000000.0,541000000.0,32.196,2098000000.0
15,TEL,MRQ,2017-09-30,2017-09-29,2017-09-29,2021-07-29,-160000000.0,19403000000.0,,5926000000.0,13477000000.0,,27.468,-220000000.0,1218000000.0,1218000000.0,1662000000.0,434000000.0,1.54,0.99,4344000000.0,710000000.0,3634000000.0,4344000000.0,0.0,142000000.0,0.0,0.019,0.4,485000000.0,627000000.0,0.248,627000000.0,485000000.0,450000000.0,1.22,1.22,1.22,9751000000.0,,9751000000.0,32588083180.0,16.0,12.515,653000000.0,1.839,1.0,866000000.0,0.343,7492000000.0,35000000.0,11190000000.0,,1647000000.0,0.0,0.0,0.0,9652000000.0,3847000000.0,5805000000.0,29352083180.0,463000000.0,-173000000.0,-207000000.0,332000000.0,-141000000.0,-23000000.0,-394000000.0,0.0,873000000.0,7000000.0,434000000.0,434000000.0,434000000.0,-138000000.0,0.0,0.172,510000000.0,356000000.0,1387000000.0,0.328,3.01,17.44,17.523,3159000000.0,0.0,83.06,2.409,2.42,2138000000.0,10175000000.0,2528000000.0,2528000000.0,126000000.0,,,,,22000000.0,361000000.0,1.0,353384098.0,355000000.0,355000000.0,7.121,11911000000.0,2141000000.0,16000000.0,529000000.0,33.552,2079000000.0
16,TEL,MRQ,2017-06-30,2017-06-30,2017-06-30,2021-07-29,-506000000.0,18520000000.0,,5354000000.0,13166000000.0,,25.749,-159000000.0,755000000.0,755000000.0,2227000000.0,435000000.0,1.383,1.026,3991000000.0,878000000.0,3113000000.0,3991000000.0,62000000.0,157000000.0,0.0,0.019,0.4,538000000.0,695000000.0,0.206,695000000.0,538000000.0,506000000.0,1.23,1.22,1.23,9141000000.0,,9141000000.0,31112548515.0,16.0,12.083,364000000.0,1.025,1.0,1140000000.0,0.339,7306000000.0,32000000.0,10578000000.0,,1787000000.0,0.0,0.0,0.0,9379000000.0,3872000000.0,5507000000.0,27933548515.0,-18000000.0,-77000000.0,-156000000.0,0.0,-142000000.0,-299000000.0,-241000000.0,0.0,523000000.0,-1000000.0,435000000.0,435000000.0,435000000.0,-3000000.0,0.0,0.129,596000000.0,544000000.0,1309000000.0,0.325,3.056,16.568,16.564,3165000000.0,0.0,78.68,2.308,2.308,2271000000.0,9747000000.0,3367000000.0,3367000000.0,168000000.0,,,,,26000000.0,408000000.0,1.0,355027307.0,355000000.0,358000000.0,9.485,11214000000.0,2287000000.0,71000000.0,480000000.0,31.589,1482000000.0
17,TEL,MRQ,2017-03-31,2017-03-31,2017-03-31,2021-07-29,-584000000.0,18056000000.0,,5146000000.0,12910000000.0,,24.587,-151000000.0,773000000.0,773000000.0,2117000000.0,405000000.0,1.308,1.063,3952000000.0,879000000.0,3073000000.0,3952000000.0,129000000.0,152000000.0,0.0,0.02,0.37,476000000.0,628000000.0,0.195,628000000.0,476000000.0,444000000.0,1.14,1.13,1.14,8753000000.0,,8753000000.0,29850085993.0,23.0,15.886,370000000.0,1.039,1.0,1110000000.0,0.344,7150000000.0,32000000.0,10150000000.0,,1660000000.0,0.0,0.0,0.0,9303000000.0,3935000000.0,5368000000.0,26487085993.0,108000000.0,0.0,-66000000.0,-83000000.0,-131000000.0,-283000000.0,-143000000.0,0.0,521000000.0,13000000.0,405000000.0,405000000.0,405000000.0,1000000.0,0.0,0.126,629000000.0,481000000.0,1226000000.0,0.325,3.026,12.673,12.7,3046000000.0,0.0,74.55,2.234,2.238,2244000000.0,9661000000.0,3227000000.0,3227000000.0,161000000.0,,,,,23000000.0,407000000.0,1.0,355292904.0,356000000.0,359000000.0,9.065,10906000000.0,2280000000.0,39000000.0,473000000.0,30.635,1211000000.0
18,TEL,MRQ,2016-12-31,2016-12-30,2016-12-30,2021-07-29,-698000000.0,17615000000.0,,4809000000.0,12806000000.0,,24.823,-130000000.0,665000000.0,665000000.0,1996000000.0,409000000.0,1.369,0.993,4028000000.0,1052000000.0,2976000000.0,4028000000.0,149000000.0,160000000.0,0.0,0.021,0.37,494000000.0,654000000.0,0.214,654000000.0,494000000.0,463000000.0,1.15,1.14,1.15,8837000000.0,,8837000000.0,28041164495.0,21.0,14.477,274000000.0,0.77,1.0,1067000000.0,0.348,7163000000.0,31000000.0,10302000000.0,,1636000000.0,0.0,0.0,0.0,8778000000.0,3513000000.0,5265000000.0,24618164495.0,18000000.0,0.0,-68000000.0,10000000.0,-132000000.0,-209000000.0,-154000000.0,0.0,404000000.0,-23000000.0,409000000.0,409000000.0,409000000.0,-3000000.0,0.0,0.134,572000000.0,495000000.0,1123000000.0,0.322,2.786,11.922,12.007,2956000000.0,0.0,69.28,2.126,2.129,2034000000.0,9256000000.0,3063000000.0,3063000000.0,156000000.0,,,,,24000000.0,367000000.0,1.0,355343021.0,356000000.0,359000000.0,8.604,10452000000.0,2290000000.0,54000000.0,460000000.0,29.36,1296000000.0
19,TEL,MRQ,2016-09-30,2016-09-30,2016-09-30,2021-07-29,-542000000.0,17608000000.0,,4775000000.0,12833000000.0,,23.768,-178000000.0,647000000.0,647000000.0,1548000000.0,437000000.0,1.557,1.075,4070000000.0,331000000.0,3739000000.0,4070000000.0,208000000.0,122000000.0,0.0,0.022,0.37,476000000.0,598000000.0,0.244,598000000.0,476000000.0,442000000.0,1.23,1.23,1.23,8485000000.0,,8485000000.0,26232304815.0,20.0,14.028,506000000.0,1.417,1.0,898000000.0,0.367,7371000000.0,34000000.0,10594000000.0,,1596000000.0,0.0,0.0,0.0,9123000000.0,3066000000.0,6057000000.0,22890304815.0,-47000000.0,-335000000.0,-117000000.0,31000000.0,-132000000.0,-218000000.0,-524000000.0,0.0,684000000.0,11000000.0,437000000.0,437000000.0,437000000.0,-94000000.0,0.0,0.179,475000000.0,423000000.0,1090000000.0,0.301,2.698,11.394,11.727,3052000000.0,0.0,64.38,2.016,2.076,2046000000.0,8682000000.0,2446000000.0,2446000000.0,124000000.0,,,,,21000000.0,322000000.0,1.0,355549935.0,357000000.0,357000000.0,6.852,10237000000.0,2111000000.0,5000000.0,454000000.0,28.675,1709000000.0
20,TEL,MRQ,2016-06-30,2016-06-24,2016-06-24,2021-07-29,-375000000.0,17500000000.0,,4929000000.0,12571000000.0,,23.151,-148000000.0,694000000.0,694000000.0,2099000000.0,839000000.0,1.489,1.117,4036000000.0,302000000.0,3734000000.0,4036000000.0,160000000.0,148000000.0,0.0,0.024,0.37,-149000000.0,-1000000.0,0.0,-1000000.0,-149000000.0,-180000000.0,2.35,2.32,2.35,8265000000.0,,8265000000.0,23232560469.0,11.0,8.427,570000000.0,1.597,1.0,1022000000.0,0.327,7043000000.0,31000000.0,10488000000.0,,1610000000.0,0.0,0.0,0.0,9235000000.0,3311000000.0,5924000000.0,20498560469.0,-456000000.0,-923000000.0,-118000000.0,150000000.0,-132000000.0,-100000000.0,-1072000000.0,0.0,718000000.0,-2000000.0,839000000.0,839000000.0,839000000.0,-48000000.0,0.0,0.269,570000000.0,452000000.0,1157000000.0,0.157,2.48,7.848,8.307,2976000000.0,0.0,57.32,1.724,1.721,2169000000.0,8245000000.0,3121000000.0,3121000000.0,161000000.0,,,,,23000000.0,367000000.0,1.0,357616198.0,357000000.0,361000000.0,8.742,10457000000.0,2208000000.0,-1019000000.0,525000000.0,29.291,1618000000.0
21,TEL,MRQ,2016-03-31,2016-03-25,2016-03-25,2021-07-29,-449000000.0,17841000000.0,,5414000000.0,12427000000.0,,20.346,-131000000.0,1150000000.0,1150000000.0,1990000000.0,380000000.0,1.748,1.409,3884000000.0,152000000.0,3732000000.0,3884000000.0,110000000.0,144000000.0,0.0,0.022,0.33,542000000.0,686000000.0,0.232,686000000.0,542000000.0,510000000.0,1.04,1.03,1.04,7406000000.0,,7406000000.0,24182548691.0,9.0,7.223,24000000.0,0.066,1.0,962000000.0,0.326,6108000000.0,32000000.0,11370000000.0,,1635000000.0,0.0,0.0,0.0,10435000000.0,3097000000.0,7338000000.0,22535548691.0,-1073000000.0,255000000.0,-1247000000.0,0.0,-118000000.0,-1367000000.0,136000000.0,0.0,155000000.0,3000000.0,380000000.0,380000000.0,380000000.0,9000000.0,0.0,0.129,427000000.0,535000000.0,1116000000.0,0.317,3.043,10.824,11.48,2899000000.0,0.0,60.96,1.896,1.867,2774000000.0,7406000000.0,2952000000.0,2952000000.0,156000000.0,,,,,21000000.0,367000000.0,1.0,369677636.0,364000000.0,368000000.0,8.11,11733000000.0,2458000000.0,130000000.0,1843000000.0,32.234,2317000000.0
22,TEL,MRQ,2015-12-31,2015-12-25,2015-12-25,2021-07-29,-463000000.0,19223000000.0,,6505000000.0,12718000000.0,,22.278,-138000000.0,2223000000.0,2223000000.0,1888000000.0,353000000.0,1.992,1.241,3870000000.0,500000000.0,3370000000.0,3870000000.0,113000000.0,146000000.0,0.0,0.02,0.33,441000000.0,587000000.0,0.207,587000000.0,441000000.0,411000000.0,0.92,0.91,0.92,8577000000.0,,8577000000.0,25795911754.0,9.0,7.289,252000000.0,0.655,1.0,945000000.0,0.334,6119000000.0,30000000.0,11485000000.0,,1700000000.0,0.0,0.0,0.0,10646000000.0,3266000000.0,7380000000.0,25221911754.0,-1106000000.0,0.0,-1215000000.0,0.0,-127000000.0,-1370000000.0,-121000000.0,0.0,390000000.0,-5000000.0,353000000.0,353000000.0,353000000.0,-29000000.0,0.0,0.125,547000000.0,398000000.0,1108000000.0,0.359,2.941,10.961,11.375,2866000000.0,0.0,65.29,2.099,2.092,2850000000.0,7026000000.0,2833000000.0,2833000000.0,162000000.0,,,,,22000000.0,340000000.0,1.0,386305893.0,385000000.0,390000000.0,7.358,13104000000.0,2454000000.0,58000000.0,2265000000.0,34.036,3239000000.0
23,TEL,MRQ,2015-09-30,2015-09-25,2015-09-25,2021-07-29,-373000000.0,20589000000.0,,7885000000.0,12704000000.0,,24.023,-168000000.0,3329000000.0,3329000000.0,2016000000.0,1040000000.0,2.206,1.148,3884000000.0,498000000.0,3386000000.0,3884000000.0,185000000.0,161000000.0,0.0,0.021,0.33,1324000000.0,1485000000.0,0.498,1485000000.0,1324000000.0,1292000000.0,2.59,2.55,2.59,9585000000.0,,9585000000.0,26832302198.0,9.0,7.647,473000000.0,1.185,1.0,968000000.0,0.324,6379000000.0,32000000.0,11190000000.0,,1615000000.0,0.0,0.0,0.0,11004000000.0,3575000000.0,7429000000.0,23507302198.0,2628000000.0,2958000000.0,-506000000.0,-131000000.0,-132000000.0,-784000000.0,2801000000.0,0.0,641000000.0,-30000000.0,1040000000.0,1040000000.0,1040000000.0,-904000000.0,0.0,0.349,561000000.0,407000000.0,1143000000.0,0.127,2.453,9.714,9.769,2920000000.0,0.0,58.42,1.922,1.934,3084000000.0,6673000000.0,2984000000.0,2984000000.0,148000000.0,,,,,24000000.0,334000000.0,1.0,402384495.0,399000000.0,405000000.0,7.479,14210000000.0,2489000000.0,252000000.0,2283000000.0,35.614,4310000000.0
24,TEL,MRQ,2015-06-30,2015-06-26,2015-06-26,2021-07-29,-373000000.0,20441000000.0,,7736000000.0,12705000000.0,,22.485,-130000000.0,701000000.0,701000000.0,2070000000.0,309000000.0,1.914,1.238,4026000000.0,631000000.0,3395000000.0,4026000000.0,179000000.0,148000000.0,0.0,0.018,0.33,442000000.0,590000000.0,0.189,590000000.0,442000000.0,409000000.0,0.76,0.75,0.76,9129000000.0,,9129000000.0,30312814442.0,15.0,11.315,466000000.0,1.148,1.0,1048000000.0,0.336,6438000000.0,33000000.0,13287000000.0,,1717000000.0,0.0,0.0,0.0,11306000000.0,4041000000.0,7265000000.0,26883814442.0,4000000.0,3000000.0,-217000000.0,-105000000.0,-134000000.0,-456000000.0,-135000000.0,0.0,596000000.0,-1000000.0,309000000.0,309000000.0,309000000.0,42000000.0,0.0,0.099,579000000.0,469000000.0,1206000000.0,0.434,2.945,13.159,13.224,2925000000.0,0.0,66.12,2.182,2.179,3147000000.0,5633000000.0,3118000000.0,3118000000.0,159000000.0,,,,,21000000.0,393000000.0,1.0,406591265.0,406000000.0,412000000.0,7.68,14003000000.0,2673000000.0,100000000.0,2235000000.0,34.49,3695000000.0
25,TEL,MRQ,2015-03-31,2015-03-27,2015-03-27,2021-07-29,-416000000.0,20243000000.0,,7612000000.0,12631000000.0,,22.086,-155000000.0,697000000.0,697000000.0,2031000000.0,599000000.0,1.838,1.251,4126000000.0,736000000.0,3390000000.0,4126000000.0,96000000.0,147000000.0,0.0,0.116,0.29,730000000.0,877000000.0,0.285,877000000.0,730000000.0,693000000.0,1.47,1.45,1.47,8989000000.0,,8989000000.0,32009819958.0,15.0,11.598,243000000.0,0.597,1.0,1051000000.0,0.341,6462000000.0,37000000.0,13069000000.0,,1684000000.0,0.0,0.0,0.0,11248000000.0,4141000000.0,7107000000.0,28654819958.0,-171000000.0,-218000000.0,-58000000.0,5000000.0,-118000000.0,-174000000.0,-379000000.0,0.0,398000000.0,-16000000.0,599000000.0,599000000.0,599000000.0,-283000000.0,0.0,0.194,603000000.0,448000000.0,1233000000.0,0.197,3.188,13.409,13.488,2878000000.0,0.0,70.54,2.334,2.338,3042000000.0,5324000000.0,3082000000.0,3082000000.0,160000000.0,,,,,21000000.0,391000000.0,1.0,406220867.0,407000000.0,413000000.0,7.572,13781000000.0,2635000000.0,94000000.0,2207000000.0,33.86,3471000000.0
26,TEL,MRQ,2014-12-31,2014-12-26,2014-12-26,2021-07-29,-223000000.0,20153000000.0,,6045000000.0,14108000000.0,,22.516,-130000000.0,868000000.0,868000000.0,2029000000.0,472000000.0,1.56,1.198,4223000000.0,937000000.0,3286000000.0,4223000000.0,121000000.0,160000000.0,0.0,0.125,0.29,397000000.0,557000000.0,0.183,557000000.0,397000000.0,363000000.0,1.16,1.14,1.16,9164000000.0,,9164000000.0,27823264396.0,14.0,11.054,165000000.0,0.405,1.0,1020000000.0,0.335,7468000000.0,34000000.0,12164000000.0,,1942000000.0,0.0,0.0,0.0,10983000000.0,3876000000.0,7107000000.0,26332264396.0,-1589000000.0,-1511000000.0,-139000000.0,47000000.0,-118000000.0,-209000000.0,-1651000000.0,0.0,295000000.0,-24000000.0,472000000.0,472000000.0,472000000.0,-37000000.0,0.0,0.155,595000000.0,425000000.0,1382000000.0,0.25,2.873,13.859,13.955,3118000000.0,0.0,64.75,2.165,2.167,3305000000.0,4725000000.0,3049000000.0,3049000000.0,160000000.0,,,,,23000000.0,386000000.0,1.0,406675898.0,407000000.0,413000000.0,7.491,12685000000.0,2427000000.0,-109000000.0,2219000000.0,31.167,2169000000.0
27,TEL,MRQ,2014-09-30,2014-09-26,2014-09-26,2021-07-29,-17000000.0,20152000000.0,,8879000000.0,11273000000.0,,21.968,-86000000.0,2457000000.0,2457000000.0,2058000000.0,663000000.0,2.224,1.237,3858000000.0,577000000.0,3281000000.0,3858000000.0,176000000.0,143000000.0,0.0,0.137,0.29,512000000.0,655000000.0,0.213,655000000.0,512000000.0,478000000.0,1.61,1.59,1.61,9007000000.0,,9007000000.0,25451740840.0,12.0,9.77,663000000.0,1.617,1.0,1014000000.0,0.33,4813000000.0,34000000.0,12747000000.0,,1509000000.0,0.0,0.0,0.0,11139000000.0,3993000000.0,7146000000.0,24064740840.0,844000000.0,-501000000.0,-110000000.0,951000000.0,-119000000.0,715000000.0,-604000000.0,0.0,749000000.0,-16000000.0,663000000.0,663000000.0,663000000.0,-49000000.0,0.0,0.216,563000000.0,451000000.0,1230000000.0,0.18,2.672,13.512,13.548,2920000000.0,0.0,58.8,2.01,2.014,3094000000.0,4253000000.0,3072000000.0,3072000000.0,150000000.0,,,,,19000000.0,380000000.0,1.0,409264300.0,410000000.0,417000000.0,7.493,15339000000.0,2371000000.0,-185000000.0,2273000000.0,37.412,4886000000.0
28,TEL,MRQ,2014-06-30,2014-06-27,2014-06-27,2021-07-29,357000000.0,18871000000.0,,6873000000.0,11998000000.0,,21.619,-160000000.0,1613000000.0,1613000000.0,2057000000.0,403000000.0,1.781,1.134,3000000000.0,625000000.0,2375000000.0,3000000000.0,119000000.0,138000000.0,0.0,0.13,7.29,533000000.0,671000000.0,0.218,671000000.0,533000000.0,505000000.0,0.99,0.97,0.99,8842000000.0,,8842000000.0,26882467257.0,13.0,10.831,340000000.0,0.831,1.0,1018000000.0,0.331,5527000000.0,28000000.0,10871000000.0,,1810000000.0,0.0,0.0,0.0,10023000000.0,3860000000.0,6163000000.0,25316467257.0,184000000.0,0.0,-29000000.0,0.0,-119000000.0,-150000000.0,-173000000.0,0.0,500000000.0,7000000.0,403000000.0,403000000.0,403000000.0,-56000000.0,0.0,0.131,554000000.0,464000000.0,1433000000.0,7.364,2.863,16.822,16.923,3154000000.0,0.0,61.94,2.321,2.323,3527000000.0,3590000000.0,3075000000.0,3075000000.0,147000000.0,,,,,18000000.0,396000000.0,1.0,408725658.0,409000000.0,416000000.0,7.518,13344000000.0,2339000000.0,102000000.0,2333000000.0,32.626,3013000000.0
29,TEL,MRQ,2014-03-31,2014-03-28,2014-03-28,2021-07-29,318000000.0,18628000000.0,,6566000000.0,12062000000.0,,20.471,-139000000.0,1429000000.0,1429000000.0,1969000000.0,362000000.0,1.607,1.219,2995000000.0,625000000.0,2370000000.0,2995000000.0,58000000.0,121000000.0,0.0,0.017,0.25,513000000.0,634000000.0,0.214,634000000.0,513000000.0,482000000.0,0.88,0.87,0.88,8393000000.0,,8393000000.0,26013809973.0,14.0,10.741,310000000.0,0.756,1.0,995000000.0,0.336,5552000000.0,31000000.0,10555000000.0,,1850000000.0,0.0,0.0,0.0,10229000000.0,4087000000.0,6142000000.0,24412809973.0,32000000.0,-18000000.0,-130000000.0,-7000000.0,-102000000.0,-238000000.0,-175000000.0,0.0,449000000.0,-4000000.0,362000000.0,362000000.0,362000000.0,-22000000.0,0.0,0.122,524000000.0,471000000.0,1421000000.0,0.284,2.909,16.989,17.101,3181000000.0,0.0,59.51,2.164,2.163,3415000000.0,3187000000.0,2964000000.0,2964000000.0,145000000.0,,,,,18000000.0,379000000.0,1.0,410230381.0,410000000.0,417000000.0,7.229,13076000000.0,2351000000.0,120000000.0,2317000000.0,31.893,2479000000.0
30,TEL,MRQ,2013-12-31,2013-12-27,2013-12-27,2021-07-29,327000000.0,18443000000.0,,6358000000.0,12085000000.0,,20.964,-121000000.0,1397000000.0,1397000000.0,2209000000.0,353000000.0,1.865,1.14,2998000000.0,383000000.0,2615000000.0,2998000000.0,76000000.0,149000000.0,0.0,0.018,0.25,514000000.0,663000000.0,0.199,663000000.0,514000000.0,480000000.0,0.86,0.84,0.86,8616000000.0,,8616000000.0,23988702236.0,13.0,10.349,264000000.0,0.642,1.0,1117000000.0,0.336,5565000000.0,34000000.0,11070000000.0,,1836000000.0,0.0,0.0,0.0,9821000000.0,3409000000.0,6412000000.0,22377702236.0,-6000000.0,0.0,-153000000.0,-5000000.0,-103000000.0,-262000000.0,-123000000.0,0.0,385000000.0,-6000000.0,353000000.0,353000000.0,353000000.0,2000000.0,0.0,0.106,638000000.0,479000000.0,1361000000.0,0.291,2.597,16.552,16.727,3164000000.0,0.0,54.53,1.932,1.935,3280000000.0,2825000000.0,3326000000.0,3326000000.0,164000000.0,,,,,22000000.0,467000000.0,1.0,410374147.0,411000000.0,418000000.0,8.092,12878000000.0,2390000000.0,127000000.0,2300000000.0,31.333,2949000000.0
31,TEL,MRQ,2013-09-30,2013-09-27,2013-09-27,2021-07-29,303000000.0,18461000000.0,,6309000000.0,12152000000.0,,20.193,-166000000.0,1403000000.0,1403000000.0,1064000000.0,388000000.0,1.608,1.202,3014000000.0,711000000.0,2303000000.0,3014000000.0,68000000.0,79000000.0,0.0,0.018,0.25,435000000.0,514000000.0,0.333,514000000.0,435000000.0,404000000.0,0.93,0.92,0.93,8380000000.0,,8380000000.0,23243365061.0,17.0,12.39,427000000.0,1.029,1.0,478000000.0,0.31,5570000000.0,31000000.0,10578000000.0,,1762000000.0,0.0,0.0,0.0,10075000000.0,3924000000.0,6151000000.0,21487365061.0,141000000.0,8000000.0,-165000000.0,1000000.0,-103000000.0,-267000000.0,-188000000.0,0.0,593000000.0,3000000.0,387000000.0,387000000.0,387000000.0,0.0,1000000.0,0.251,184000000.0,294000000.0,1383000000.0,0.269,2.564,16.84,17.036,3166000000.0,0.0,51.96,1.887,1.907,3325000000.0,2472000000.0,1542000000.0,1542000000.0,81000000.0,,,,,12000000.0,118000000.0,1.0,413536664.0,415000000.0,423000000.0,3.716,12891000000.0,2480000000.0,17000000.0,2300000000.0,31.063,2385000000.0
32,TEL,MRQ,2013-06-30,2013-06-28,2013-06-28,2021-07-29,72000000.0,18090000000.0,,6018000000.0,12072000000.0,,18.993,-144000000.0,1262000000.0,1262000000.0,2317000000.0,335000000.0,1.503,1.294,3018000000.0,711000000.0,2307000000.0,3018000000.0,93000000.0,147000000.0,0.0,0.019,0.25,464000000.0,611000000.0,0.177,611000000.0,464000000.0,428000000.0,0.81,0.8,0.81,7882000000.0,,7882000000.0,20875562658.0,16.0,10.755,472000000.0,1.137,1.0,1132000000.0,0.328,5548000000.0,36000000.0,10295000000.0,,1762000000.0,0.0,0.0,0.0,10202000000.0,4003000000.0,6199000000.0,18918562658.0,189000000.0,0.0,-186000000.0,-1000000.0,-104000000.0,-291000000.0,-125000000.0,0.0,616000000.0,-11000000.0,335000000.0,335000000.0,335000000.0,-3000000.0,0.0,0.097,693000000.0,439000000.0,1357000000.0,0.309,2.4,14.723,14.882,3071000000.0,0.0,45.54,1.432,1.43,3241000000.0,2085000000.0,3449000000.0,3449000000.0,167000000.0,,,,,19000000.0,456000000.0,1.0,415427375.0,415000000.0,421000000.0,8.311,12542000000.0,2482000000.0,93000000.0,2240000000.0,30.222,2015000000.0
33,TEL,MRQ,2013-03-31,2013-03-29,2013-03-29,2021-07-29,134000000.0,18140000000.0,,5864000000.0,12276000000.0,,18.398,-125000000.0,1073000000.0,1073000000.0,2213000000.0,277000000.0,1.503,1.347,3030000000.0,715000000.0,2315000000.0,3030000000.0,106000000.0,158000000.0,0.0,0.02,0.21,372000000.0,530000000.0,0.162,530000000.0,372000000.0,337000000.0,0.66,0.65,0.66,7727000000.0,,7727000000.0,19687531654.0,16.0,10.706,320000000.0,0.762,1.0,1052000000.0,0.322,5570000000.0,35000000.0,10626000000.0,,1803000000.0,0.0,0.0,0.0,10407000000.0,3901000000.0,6506000000.0,17621531654.0,101000000.0,0.0,-128000000.0,0.0,-88000000.0,-215000000.0,-127000000.0,0.0,445000000.0,-2000000.0,277000000.0,277000000.0,277000000.0,1000000.0,0.0,0.085,693000000.0,359000000.0,1348000000.0,0.318,2.281,15.336,15.472,3114000000.0,0.0,41.93,1.329,1.328,3177000000.0,1750000000.0,3265000000.0,3265000000.0,171000000.0,,,,,19000000.0,438000000.0,1.0,420260712.0,420000000.0,424000000.0,7.774,12570000000.0,2627000000.0,60000000.0,2347000000.0,29.929,1963000000.0
34,TEL,MRQ,2012-12-31,2012-12-28,2012-12-28,2021-07-29,256000000.0,18136000000.0,,5753000000.0,12383000000.0,,19.263,-124000000.0,972000000.0,972000000.0,2145000000.0,277000000.0,1.849,1.23,3038000000.0,351000000.0,2687000000.0,3038000000.0,112000000.0,152000000.0,0.0,0.022,0.21,69000000.0,221000000.0,0.071,221000000.0,69000000.0,32000000.0,0.66,0.65,0.66,8129000000.0,,8129000000.0,17478289738.0,14.0,9.504,268000000.0,0.635,1.0,989000000.0,0.316,5649000000.0,37000000.0,11442000000.0,,1808000000.0,0.0,0.0,0.0,10002000000.0,3111000000.0,6891000000.0,15356289738.0,-617000000.0,0.0,-151000000.0,-664000000.0,-89000000.0,-905000000.0,-105000000.0,0.0,392000000.0,1000000.0,277000000.0,277000000.0,277000000.0,2000000.0,0.0,0.088,696000000.0,293000000.0,1264000000.0,0.318,1.889,13.602,13.713,3187000000.0,0.0,36.34,1.159,1.158,3165000000.0,1473000000.0,3134000000.0,3134000000.0,171000000.0,,,,,21000000.0,428000000.0,1.0,422572640.0,422000000.0,426000000.0,7.427,12487000000.0,2605000000.0,-245000000.0,2329000000.0,29.59,2642000000.0
35,TEL,MRQ,2012-09-30,2012-09-28,2012-09-28,2021-07-29,229000000.0,19306000000.0,,6503000000.0,12803000000.0,,18.844,-138000000.0,1589000000.0,1589000000.0,2300000000.0,396000000.0,1.624,1.421,3711000000.0,1015000000.0,2696000000.0,3711000000.0,121000000.0,156000000.0,0.0,0.023,0.21,423000000.0,579000000.0,0.172,579000000.0,423000000.0,378000000.0,0.93,0.92,0.93,7971000000.0,,7971000000.0,17006803510.0,11.0,7.925,575000000.0,1.359,1.0,1064000000.0,0.316,5660000000.0,45000000.0,11764000000.0,,1808000000.0,0.0,0.0,0.0,11329000000.0,4004000000.0,7325000000.0,14549803510.0,287000000.0,0.0,-160000000.0,-50000000.0,-89000000.0,-299000000.0,-140000000.0,0.0,713000000.0,13000000.0,396000000.0,396000000.0,396000000.0,0.0,0.0,0.118,663000000.0,401000000.0,1292000000.0,0.226,1.825,13.084,13.031,3213000000.0,0.0,34.01,1.095,1.091,3523000000.0,1196000000.0,3364000000.0,3364000000.0,165000000.0,,,,,16000000.0,452000000.0,1.0,427809571.0,423000000.0,430000000.0,7.953,13646000000.0,2749000000.0,-18000000.0,2759000000.0,32.26,2499000000.0
36,TEL,MRQ,2012-06-30,2012-06-29,2012-06-29,2021-07-29,226000000.0,18942000000.0,,6432000000.0,12510000000.0,,18.07,-109000000.0,1302000000.0,1302000000.0,2481000000.0,199000000.0,1.58,1.448,3759000000.0,1066000000.0,2693000000.0,3759000000.0,99000000.0,174000000.0,0.0,0.024,0.21,335000000.0,509000000.0,0.145,509000000.0,335000000.0,287000000.0,0.46,0.46,0.46,7734000000.0,,7734000000.0,14749916974.0,9.0,6.76,396000000.0,0.925,1.0,1018000000.0,0.291,5682000000.0,48000000.0,11647000000.0,,1868000000.0,0.0,0.0,0.0,11202000000.0,4070000000.0,7132000000.0,13643916974.0,-1564000000.0,-990000000.0,4000000.0,-861000000.0,-90000000.0,-949000000.0,-1099000000.0,0.0,505000000.0,-21000000.0,199000000.0,199000000.0,199000000.0,0.0,0.0,0.057,647000000.0,371000000.0,1383000000.0,0.457,1.764,13.094,13.132,3136000000.0,0.0,31.91,0.998,0.999,3563000000.0,800000000.0,3499000000.0,3499000000.0,173000000.0,,,,,17000000.0,423000000.0,1.0,427574960.0,428000000.0,431000000.0,8.175,13260000000.0,2639000000.0,88000000.0,2766000000.0,30.981,2362000000.0
37,TEL,MRQ,2012-03-31,2012-03-30,2012-03-30,2021-07-29,389000000.0,19029000000.0,,8311000000.0,10718000000.0,,17.972,-138000000.0,2866000000.0,2866000000.0,2228000000.0,258000000.0,1.901,1.478,3972000000.0,1285000000.0,2687000000.0,3972000000.0,98000000.0,138000000.0,0.0,0.02,0.18,392000000.0,530000000.0,0.163,530000000.0,392000000.0,348000000.0,0.6,0.6,0.6,7674000000.0,,7674000000.0,17118083689.0,10.0,7.508,384000000.0,0.899,1.0,1021000000.0,0.314,3889000000.0,44000000.0,11875000000.0,,1833000000.0,0.0,0.0,0.0,11346000000.0,4371000000.0,6975000000.0,15662083689.0,1477000000.0,0.0,36000000.0,1138000000.0,-76000000.0,1090000000.0,-145000000.0,0.0,522000000.0,10000000.0,257000000.0,257000000.0,257000000.0,0.0,1000000.0,0.079,636000000.0,385000000.0,1367000000.0,0.3,2.041,13.074,13.219,3107000000.0,0.0,36.75,1.139,1.141,3455000000.0,601000000.0,3249000000.0,3249000000.0,173000000.0,,,,,18000000.0,427000000.0,1.0,426179148.0,427000000.0,431000000.0,7.609,15140000000.0,2692000000.0,91000000.0,2597000000.0,35.457,3940000000.0
38,TEL,MRQ,2011-12-31,2011-12-30,2011-12-30,2021-07-29,250000000.0,17523000000.0,,6577000000.0,10946000000.0,,17.838,-125000000.0,1390000000.0,1390000000.0,2227000000.0,262000000.0,1.722,1.31,2846000000.0,896000000.0,1950000000.0,2846000000.0,97000000.0,141000000.0,0.0,0.023,0.18,387000000.0,528000000.0,0.167,528000000.0,387000000.0,348000000.0,0.61,0.61,0.61,7581000000.0,,7581000000.0,14527342920.0,8.0,6.305,82000000.0,0.193,1.0,943000000.0,0.297,4207000000.0,39000000.0,10952000000.0,,1918000000.0,0.0,0.0,0.0,9933000000.0,3820000000.0,6113000000.0,13077342920.0,171000000.0,0.0,-5000000.0,179000000.0,-77000000.0,93000000.0,-126000000.0,0.0,207000000.0,-3000000.0,260000000.0,260000000.0,260000000.0,0.0,2000000.0,0.082,582000000.0,361000000.0,1393000000.0,0.295,1.725,10.546,10.811,3090000000.0,0.0,30.81,0.945,0.946,3309000000.0,344000000.0,3170000000.0,3170000000.0,177000000.0,,,,,17000000.0,383000000.0,1.0,424451247.0,425000000.0,429000000.0,7.459,13316000000.0,2725000000.0,88000000.0,2472000000.0,31.332,2757000000.0
39,TEL,MRQ,2011-09-30,2011-09-30,2011-09-30,2021-07-29,428000000.0,17723000000.0,,6981000000.0,10742000000.0,,17.422,-197000000.0,1218000000.0,1218000000.0,2569000000.0,327000000.0,2.047,1.37,2667000000.0,0.0,2667000000.0,2667000000.0,143000000.0,145000000.0,0.0,0.024,0.18,470000000.0,615000000.0,0.164,615000000.0,470000000.0,426000000.0,0.76,0.75,0.76,7474000000.0,,7474000000.0,13638616127.0,8.0,5.886,433000000.0,1.009,1.0,1184000000.0,0.315,3919000000.0,44000000.0,11843000000.0,,1878000000.0,0.0,0.0,0.0,10239000000.0,3410000000.0,6829000000.0,12195616127.0,7000000.0,0.0,-319000000.0,0.0,-76000000.0,-397000000.0,-208000000.0,0.0,630000000.0,-18000000.0,326000000.0,326000000.0,326000000.0,0.0,1000000.0,0.087,739000000.0,445000000.0,1454000000.0,0.237,1.632,9.796,9.908,3140000000.0,0.0,28.14,0.885,0.895,3407000000.0,84000000.0,3753000000.0,3753000000.0,194000000.0,,,,,13000000.0,467000000.0,1.0,433390765.0,429000000.0,431000000.0,8.748,13804000000.0,2766000000.0,100000000.0,2455000000.0,32.177,3571000000.0
40,TEL,MRQ,2011-06-30,2011-06-24,2011-06-24,2021-07-29,576000000.0,18032000000.0,,6860000000.0,11172000000.0,,17.334,-97000000.0,1212000000.0,1212000000.0,2491000000.0,357000000.0,1.859,1.379,2655000000.0,1000000.0,2654000000.0,2655000000.0,104000000.0,143000000.0,0.0,0.019,0.18,464000000.0,607000000.0,0.17,607000000.0,464000000.0,425000000.0,0.81,0.8,0.81,7575000000.0,,7575000000.0,16750709041.0,10.0,7.312,341000000.0,0.78,1.0,1088000000.0,0.304,4273000000.0,39000000.0,11511000000.0,,1996000000.0,0.0,0.0,0.0,10446000000.0,3691000000.0,6755000000.0,15245709041.0,-27000000.0,-14000000.0,-250000000.0,-95000000.0,-79000000.0,-431000000.0,-45000000.0,0.0,438000000.0,11000000.0,355000000.0,355000000.0,355000000.0,0.0,2000000.0,0.099,628000000.0,460000000.0,1612000000.0,0.222,2.013,12.538,12.653,3147000000.0,0.0,34.67,1.185,1.178,3669000000.0,-242000000.0,3579000000.0,3579000000.0,178000000.0,,,,,19000000.0,441000000.0,1.0,439737786.0,437000000.0,442000000.0,8.19,13759000000.0,2710000000.0,70000000.0,2358000000.0,31.485,3169000000.0
41,TEL,MRQ,2011-03-31,2011-03-25,2011-03-25,2021-07-29,447000000.0,18080000000.0,,6743000000.0,11337000000.0,,16.535,-106000000.0,1239000000.0,1239000000.0,2331000000.0,300000000.0,1.798,1.467,2744000000.0,185000000.0,2559000000.0,2744000000.0,132000000.0,143000000.0,0.0,0.019,0.16,411000000.0,554000000.0,0.166,554000000.0,411000000.0,368000000.0,0.67,0.67,0.67,7325000000.0,,7325000000.0,17012097996.0,9.0,7.317,451000000.0,1.018,1.0,1008000000.0,0.302,4272000000.0,43000000.0,11563000000.0,,1912000000.0,0.0,0.0,0.0,10744000000.0,3750000000.0,6994000000.0,15204097996.0,-168000000.0,0.0,-195000000.0,-470000000.0,-70000000.0,-737000000.0,3000000.0,118000000.0,557000000.0,9000000.0,299000000.0,299000000.0,299000000.0,0.0,1000000.0,0.09,616000000.0,392000000.0,1558000000.0,0.239,2.076,12.766,12.831,3129000000.0,0.0,34.13,1.229,1.222,3645000000.0,-596000000.0,3339000000.0,3339000000.0,173000000.0,,,,,17000000.0,431000000.0,1.0,445476062.0,443000000.0,449000000.0,7.537,13808000000.0,2810000000.0,69000000.0,2508000000.0,31.169,2993000000.0
42,TEL,MRQ,2010-12-31,2010-12-24,2010-12-24,2021-07-29,240000000.0,18102000000.0,,6788000000.0,11314000000.0,,16.529,-109000000.0,1407000000.0,1407000000.0,2179000000.0,266000000.0,1.755,1.466,3215000000.0,660000000.0,2555000000.0,3215000000.0,159000000.0,133000000.0,0.0,0.018,0.16,413000000.0,546000000.0,0.171,546000000.0,413000000.0,378000000.0,0.6,0.59,0.6,7339000000.0,,7339000000.0,16231569021.0,9.0,6.831,45000000.0,0.101,1.0,1021000000.0,0.319,4412000000.0,35000000.0,11630000000.0,,1836000000.0,0.0,0.0,0.0,10756000000.0,3868000000.0,6888000000.0,15808569021.0,-583000000.0,-717000000.0,-21000000.0,149000000.0,-71000000.0,53000000.0,-793000000.0,37000000.0,154000000.0,3000000.0,265000000.0,265000000.0,265000000.0,0.0,1000000.0,0.083,621000000.0,400000000.0,1485000000.0,0.267,2.154,13.218,13.395,3075000000.0,0.0,35.63,1.319,1.32,3561000000.0,-895000000.0,3200000000.0,3200000000.0,163000000.0,,,,,22000000.0,402000000.0,1.0,443687034.0,444000000.0,449000000.0,7.207,13690000000.0,2682000000.0,113000000.0,2498000000.0,30.833,2920000000.0
43,TEL,MRQ,2010-09-30,2010-09-24,2010-09-24,2021-07-29,246000000.0,16992000000.0,,6731000000.0,10261000000.0,,15.874,-120000000.0,1990000000.0,1990000000.0,1889000000.0,299000000.0,1.945,1.41,2413000000.0,106000000.0,2307000000.0,2413000000.0,164000000.0,119000000.0,0.0,0.022,0.16,465000000.0,584000000.0,0.213,584000000.0,465000000.0,425000000.0,0.66,0.66,0.66,7048000000.0,,7048000000.0,13678264866.0,8.0,6.085,354000000.0,0.797,1.0,859000000.0,0.313,3603000000.0,40000000.0,10352000000.0,,1583000000.0,0.0,0.0,0.0,9936000000.0,3460000000.0,6476000000.0,13078264866.0,175000000.0,20000000.0,-115000000.0,0.0,-71000000.0,-192000000.0,-120000000.0,0.0,474000000.0,13000000.0,297000000.0,297000000.0,297000000.0,0.0,2000000.0,0.108,541000000.0,318000000.0,1386000000.0,0.242,1.856,11.857,12.041,2867000000.0,0.0,29.26,1.12,1.135,3386000000.0,-1161000000.0,2748000000.0,2748000000.0,136000000.0,,,,,61000000.0,341000000.0,1.0,446967357.0,444000000.0,448000000.0,6.189,13389000000.0,2695000000.0,128000000.0,2437000000.0,30.155,3271000000.0
44,TEL,MRQ,2010-06-30,2010-06-25,2010-06-25,2021-07-29,207000000.0,16469000000.0,,6333000000.0,10136000000.0,,15.06,-92000000.0,1815000000.0,1815000000.0,2099000000.0,331000000.0,1.898,1.424,2415000000.0,107000000.0,2308000000.0,2415000000.0,165000000.0,129000000.0,0.0,0.023,0.16,512000000.0,641000000.0,0.208,641000000.0,512000000.0,474000000.0,0.73,0.72,0.73,6792000000.0,,6792000000.0,13070410000.0,9.0,6.769,283000000.0,0.627,1.0,985000000.0,0.319,3553000000.0,38000000.0,10179000000.0,,1586000000.0,0.0,0.0,0.0,9669000000.0,3337000000.0,6332000000.0,12495410000.0,-24000000.0,-15000000.0,-199000000.0,0.0,-72000000.0,-274000000.0,-123000000.0,0.0,375000000.0,-2000000.0,330000000.0,330000000.0,330000000.0,0.0,1000000.0,0.107,518000000.0,467000000.0,1394000000.0,0.219,1.84,13.93,13.844,2787000000.0,0.0,27.55,1.074,1.068,3372000000.0,-1459000000.0,3084000000.0,3084000000.0,147000000.0,,,,,0.0,375000000.0,1.0,453553902.0,451000000.0,456000000.0,6.838,12916000000.0,2572000000.0,144000000.0,2420000000.0,28.639,2996000000.0
45,TEL,MRQ,2010-03-31,2010-03-26,2010-03-26,2021-07-29,317000000.0,16552000000.0,,6111000000.0,10441000000.0,,14.853,-78000000.0,1839000000.0,1839000000.0,1999000000.0,306000000.0,1.863,1.437,2414000000.0,101000000.0,2313000000.0,2414000000.0,162000000.0,128000000.0,0.0,0.023,0.16,477000000.0,605000000.0,0.205,605000000.0,477000000.0,439000000.0,0.67,0.66,0.67,6788000000.0,,6788000000.0,13427831560.0,16.0,9.653,422000000.0,0.923,1.0,958000000.0,0.324,3572000000.0,38000000.0,10275000000.0,,1550000000.0,0.0,0.0,0.0,9756000000.0,3280000000.0,6476000000.0,12707831560.0,144000000.0,-55000000.0,-145000000.0,0.0,-72000000.0,-220000000.0,-135000000.0,0.0,500000000.0,-1000000.0,304000000.0,304000000.0,304000000.0,0.0,2000000.0,0.103,560000000.0,398000000.0,1304000000.0,0.239,1.872,25.934,25.394,2896000000.0,0.0,27.68,1.15,1.144,3252000000.0,-1798000000.0,2957000000.0,2957000000.0,142000000.0,,,,,0.0,406000000.0,1.0,459097961.0,457000000.0,461000000.0,6.47,12980000000.0,2692000000.0,135000000.0,2539000000.0,28.403,2831000000.0
46,TEL,MRQ,2009-12-31,2009-12-25,2009-12-25,2021-07-29,413000000.0,16283000000.0,,5820000000.0,10463000000.0,,15.246,-74000000.0,1695000000.0,1695000000.0,2051000000.0,173000000.0,2.108,1.326,2415000000.0,101000000.0,2314000000.0,2415000000.0,174000000.0,138000000.0,0.0,0.027,0.16,280000000.0,418000000.0,0.145,418000000.0,280000000.0,241000000.0,0.37,0.37,0.37,6998000000.0,,6998000000.0,11977683959.0,-4.0,-4.159,256000000.0,0.558,1.0,841000000.0,0.291,3541000000.0,39000000.0,10701000000.0,,1458000000.0,0.0,0.0,0.0,9276000000.0,2761000000.0,6515000000.0,11081683959.0,174000000.0,12000000.0,-17000000.0,0.0,-74000000.0,-93000000.0,-64000000.0,1000000.0,330000000.0,1000000.0,172000000.0,172000000.0,172000000.0,0.0,1000000.0,0.059,572000000.0,269000000.0,1221000000.0,0.432,1.584,-3.631,-3.632,3008000000.0,0.0,24.15,1.062,1.062,3231000000.0,-2102000000.0,2892000000.0,2892000000.0,138000000.0,,,,,0.0,368000000.0,1.0,458868901.0,459000000.0,462000000.0,6.301,12742000000.0,2639000000.0,69000000.0,2486000000.0,27.76,3059000000.0
47,TEL,MRQ,2009-09-30,2009-09-25,2009-09-25,2021-07-29,455000000.0,16018000000.0,,5579000000.0,10439000000.0,,15.143,-54000000.0,1521000000.0,1521000000.0,2007000000.0,92000000.0,2.133,1.288,2417000000.0,101000000.0,2316000000.0,2417000000.0,203000000.0,133000000.0,0.0,0.028,0.16,134000000.0,267000000.0,0.099,267000000.0,134000000.0,94000000.0,0.22,0.22,0.22,6996000000.0,,6996000000.0,11668617963.0,-3.0,-3.702,488000000.0,1.056,1.0,691000000.0,0.256,3567000000.0,40000000.0,10732000000.0,,1435000000.0,0.0,0.0,0.0,9012000000.0,2615000000.0,6397000000.0,10347617963.0,263000000.0,-1000000.0,1000000.0,-141000000.0,-73000000.0,-216000000.0,-53000000.0,0.0,542000000.0,-10000000.0,91000000.0,91000000.0,91000000.0,-166000000.0,1000000.0,0.034,515000000.0,176000000.0,1068000000.0,0.727,1.479,-3.169,-3.173,3111000000.0,0.0,22.56,1.009,1.01,3105000000.0,-2264000000.0,2698000000.0,2698000000.0,131000000.0,,,,,50000000.0,338000000.0,1.0,458671009.0,462000000.0,462000000.0,5.84,12451000000.0,2558000000.0,3000000.0,2318000000.0,26.95,2964000000.0
48,TEL,MRQ,2009-06-30,2009-06-26,2009-06-26,2021-07-29,598000000.0,16292000000.0,,5558000000.0,10734000000.0,,15.439,-59000000.0,1258000000.0,1258000000.0,1921000000.0,-75000000.0,2.117,1.303,2579000000.0,1000000.0,2578000000.0,2579000000.0,168000000.0,130000000.0,0.0,0.034,0.16,-29000000.0,101000000.0,0.04,101000000.0,-29000000.0,-71000000.0,-0.17,-0.17,-0.17,7071000000.0,,7071000000.0,10598406872.0,-3.0,-3.448,271000000.0,0.592,1.0,587000000.0,0.234,3567000000.0,42000000.0,11421000000.0,,1640000000.0,0.0,0.0,0.0,9211000000.0,2625000000.0,6586000000.0,8405406872.0,536000000.0,675000000.0,0.0,-336000000.0,-74000000.0,-415000000.0,616000000.0,0.0,330000000.0,5000000.0,-77000000.0,-77000000.0,-77000000.0,100000000.0,2000000.0,-0.031,523000000.0,64000000.0,951000000.0,-0.941,1.189,-2.59,-2.595,3106000000.0,0.0,18.35,0.755,0.755,3041000000.0,-2361000000.0,2508000000.0,2508000000.0,130000000.0,,,,,0.0,330000000.0,1.0,458060320.0,458000000.0,459000000.0,5.476,12725000000.0,2780000000.0,6000000.0,2657000000.0,27.784,2933000000.0
49,TEL,MRQ,2009-03-31,2009-03-27,2009-03-27,2021-07-29,454000000.0,16820000000.0,,5487000000.0,11333000000.0,,15.439,-91000000.0,722000000.0,722000000.0,1803000000.0,-3237000000.0,1.955,1.377,2915000000.0,1000000.0,2914000000.0,2915000000.0,196000000.0,125000000.0,0.0,0.05,0.16,-3791000000.0,-3666000000.0,-1.569,-3666000000.0,-3791000000.0,-3832000000.0,-7.07,-7.07,-7.07,7071000000.0,,7071000000.0,7960986743.0,-3.0,-3.207,333000000.0,0.727,1.0,534000000.0,0.228,3898000000.0,41000000.0,12308000000.0,,1989000000.0,0.0,0.0,0.0,9740000000.0,2807000000.0,6933000000.0,5486986743.0,177000000.0,12000000.0,0.0,-98000000.0,-73000000.0,-166000000.0,-79000000.0,0.0,424000000.0,-2000000.0,-3238000000.0,-3238000000.0,-3238000000.0,-1000000.0,1000000.0,-1.386,4331000000.0,-3797000000.0,901000000.0,-0.023,0.776,-1.933,-1.929,3284000000.0,0.0,11.98,0.442,0.442,3015000000.0,-2286000000.0,2337000000.0,2337000000.0,131000000.0,,,,,0.0,329000000.0,1.0,458012249.0,458000000.0,458000000.0,5.103,12922000000.0,2873000000.0,-594000000.0,2596000000.0,28.214,2680000000.0
50,TEL,MRQ,2008-12-31,2008-12-26,2008-12-26,2021-07-29,592000000.0,20246000000.0,,5809000000.0,14437000000.0,,22.895,-111000000.0,545000000.0,545000000.0,1989000000.0,-35000000.0,2.138,0.926,3019000000.0,1000000.0,3018000000.0,3019000000.0,203000000.0,127000000.0,0.0,0.038,0.16,19000000.0,146000000.0,0.054,146000000.0,19000000.0,-23000000.0,-0.08,-0.08,-0.08,10509000000.0,,10509000000.0,9064648244.0,7.0,4.921,-78000000.0,-0.17,1.0,724000000.0,0.267,7488000000.0,42000000.0,12515000000.0,,2306000000.0,0.0,0.0,0.0,9727000000.0,2717000000.0,7010000000.0,6969648244.0,-541000000.0,23000000.0,-152000000.0,-228000000.0,-74000000.0,-457000000.0,-93000000.0,0.0,33000000.0,-24000000.0,-37000000.0,-37000000.0,-37000000.0,0.0,2000000.0,-0.014,641000000.0,83000000.0,1232000000.0,-2.0,0.663,9.942,10.291,3406000000.0,0.0,15.23,0.508,0.509,3427000000.0,1026000000.0,2713000000.0,2713000000.0,144000000.0,,,,,0.0,411000000.0,1.0,457626280.0,459000000.0,461000000.0,5.911,12758000000.0,2256000000.0,14000000.0,2584000000.0,27.795,3092000000.0
51,TEL,MRQ,2008-09-30,2008-09-26,2008-09-26,2021-07-29,929000000.0,21600000000.0,,7635000000.0,13965000000.0,,23.51,-160000000.0,1090000000.0,1090000000.0,2568000000.0,112000000.0,2.254,0.95,3181000000.0,20000000.0,3161000000.0,3181000000.0,207000000.0,140000000.0,0.0,0.02,0.14,205000000.0,345000000.0,0.096,345000000.0,205000000.0,159000000.0,0.25,0.25,0.25,11073000000.0,,11073000000.0,15398600180.0,6.0,5.185,478000000.0,1.015,1.0,1008000000.0,0.282,7203000000.0,46000000.0,13101000000.0,,2159000000.0,0.0,0.0,0.0,10517000000.0,3387000000.0,7130000000.0,12936600180.0,374000000.0,466000000.0,-407000000.0,-21000000.0,-66000000.0,-542000000.0,296000000.0,0.0,638000000.0,-18000000.0,107000000.0,107000000.0,107000000.0,141000000.0,5000000.0,0.03,803000000.0,205000000.0,1433000000.0,0.56,1.168,7.668,7.848,3342000000.0,0.0,27.39,0.9,0.92,3874000000.0,1141000000.0,3576000000.0,3576000000.0,155000000.0,,,,,55000000.0,396000000.0,1.0,472311069.0,471000000.0,474000000.0,7.592,14397000000.0,2119000000.0,52000000.0,2580000000.0,30.567,4248000000.0
52,TEL,MRQ,2008-06-30,2008-06-27,2008-06-27,2021-07-29,1295000000.0,22114000000.0,,7137000000.0,14977000000.0,,24.249,-156000000.0,730000000.0,730000000.0,2683000000.0,330000000.0,2.087,0.907,3192000000.0,21000000.0,3171000000.0,3192000000.0,294000000.0,128000000.0,0.0,0.012,0.14,565000000.0,693000000.0,0.183,693000000.0,565000000.0,521000000.0,0.69,0.68,0.69,11591000000.0,,11591000000.0,19670222014.0,7.0,6.176,248000000.0,0.519,1.0,1099000000.0,0.291,7719000000.0,44000000.0,13438000000.0,,2427000000.0,0.0,0.0,0.0,10513000000.0,3419000000.0,7094000000.0,17223222014.0,-32000000.0,0.0,-217000000.0,1000000.0,-69000000.0,-272000000.0,-166000000.0,0.0,404000000.0,2000000.0,330000000.0,330000000.0,330000000.0,-45000000.0,0.0,0.087,584000000.0,515000000.0,1573000000.0,0.203,1.486,9.381,9.634,3642000000.0,0.0,36.03,1.221,1.221,4141000000.0,928000000.0,3782000000.0,3782000000.0,152000000.0,,,,,0.0,409000000.0,1.0,478024480.0,478000000.0,482000000.0,7.912,14395000000.0,2223000000.0,191000000.0,2608000000.0,30.115,3718000000.0
53,TEL,MRQ,2008-03-31,2008-03-28,2008-03-28,2021-07-29,1291000000.0,22475000000.0,,7288000000.0,15187000000.0,,23.807,-130000000.0,748000000.0,748000000.0,2692000000.0,301000000.0,1.998,0.942,3195000000.0,22000000.0,3173000000.0,3195000000.0,325000000.0,137000000.0,0.0,0.008,0.14,521000000.0,658000000.0,0.18,658000000.0,521000000.0,472000000.0,0.62,0.62,0.62,11570000000.0,,11570000000.0,18857258821.0,20.0,12.934,-576000000.0,-1.185,1.0,970000000.0,0.265,7731000000.0,49000000.0,13543000000.0,,2427000000.0,0.0,0.0,0.0,10894000000.0,3648000000.0,7246000000.0,16489258821.0,-173000000.0,0.0,-351000000.0,-106000000.0,-66000000.0,-535000000.0,797000000.0,0.0,-446000000.0,11000000.0,301000000.0,301000000.0,301000000.0,1000000.0,0.0,0.082,469000000.0,501000000.0,1527000000.0,0.226,1.425,119.487,112.767,3618000000.0,0.0,33.83,1.211,1.208,4196000000.0,665000000.0,3662000000.0,3662000000.0,0.0,,,,,0.0,421000000.0,1.0,487415277.0,486000000.0,489000000.0,7.535,14744000000.0,2323000000.0,171000000.0,2806000000.0,30.337,3640000000.0
54,TEL,MRQ,2007-12-31,2007-12-28,2007-12-28,2021-07-29,1078000000.0,24968000000.0,,9779000000.0,15189000000.0,,23.042,-122000000.0,916000000.0,916000000.0,2666000000.0,949000000.0,1.585,1.184,3284000000.0,24000000.0,3260000000.0,3284000000.0,296000000.0,134000000.0,0.0,0.004,0.0,1154000000.0,1288000000.0,0.362,1288000000.0,1154000000.0,1104000000.0,1.91,1.9,1.91,11429000000.0,,11429000000.0,21123552590.0,25.0,15.635,271000000.0,0.546,1.0,892000000.0,0.251,7728000000.0,50000000.0,13439000000.0,,2343000000.0,0.0,0.0,0.0,13527000000.0,6169000000.0,7358000000.0,18681552590.0,-23000000.0,102000000.0,-213000000.0,-95000000.0,-70000000.0,-390000000.0,-32000000.0,0.0,393000000.0,6000000.0,949000000.0,949000000.0,949000000.0,-81000000.0,0.0,0.267,420000000.0,472000000.0,1459000000.0,0.0,1.635,163.873,157.5,3546000000.0,0.0,37.8,1.42,1.425,4156000000.0,432000000.0,3558000000.0,3558000000.0,0.0,,,,,0.0,399000000.0,1.0,494220968.0,496000000.0,499000000.0,7.173,17240000000.0,2374000000.0,155000000.0,2848000000.0,34.758,3610000000.0
55,TEL,MRQ,2007-09-30,2007-09-28,2007-09-28,2021-07-29,1052000000.0,23688000000.0,,9996000000.0,13692000000.0,,22.891,-122000000.0,942000000.0,942000000.0,1840000000.0,256000000.0,1.611,1.081,3378000000.0,5000000.0,3373000000.0,3378000000.0,181000000.0,115000000.0,0.0,0.004,0.14,431000000.0,546000000.0,0.176,546000000.0,431000000.0,374000000.0,0.52,0.52,0.52,11377000000.0,,11377000000.0,20576563508.0,144.0,32.201,521000000.0,1.048,1.0,1263000000.0,0.407,7703000000.0,57000000.0,12217000000.0,,2049000000.0,0.0,0.0,0.0,12296000000.0,6204000000.0,6092000000.0,17615563508.0,187000000.0,0.0,13000000.0,-338000000.0,0.0,-349000000.0,-131000000.0,0.0,643000000.0,24000000.0,256000000.0,256000000.0,256000000.0,-53000000.0,0.0,0.083,908000000.0,355000000.0,1343000000.0,0.269,1.548,-31.797,-31.919,3412000000.0,0.0,35.43,1.401,1.4,3438000000.0,186000000.0,3103000000.0,3103000000.0,532000000.0,,,,,0.0,311000000.0,1.0,497193438.0,497000000.0,497000000.0,6.243,15985000000.0,1722000000.0,118000000.0,1513000000.0,32.163,3792000000.0
56,TEL,MRQ,2007-06-30,2007-06-29,2007-06-29,2021-07-29,883000000.0,23065000000.0,,9504000000.0,13561000000.0,,21.994,-134000000.0,750000000.0,750000000.0,2455000000.0,-1368000000.0,1.093,1.109,3711000000.0,2886000000.0,825000000.0,3711000000.0,217000000.0,130000000.0,0.0,0.0,0.0,-1164000000.0,-1034000000.0,-0.314,-1034000000.0,-1164000000.0,-1221000000.0,-2.75,-2.75,-2.75,10931000000.0,,10931000000.0,22611375688.0,-595.0,50.812,169000000.0,0.34,1.0,837000000.0,0.254,7719000000.0,57000000.0,9613000000.0,,2070000000.0,0.0,0.0,0.0,12118000000.0,8694000000.0,3424000000.0,19420375688.0,247000000.0,0.0,0.0,-216000000.0,0.0,979000000.0,-1045000000.0,0.0,303000000.0,10000000.0,-1368000000.0,-1368000000.0,-1368000000.0,435000000.0,0.0,-0.416,1344000000.0,-507000000.0,1310000000.0,0.0,1.777,-44.037,-44.386,3429000000.0,0.0,39.06,1.573,1.572,2565000000.0,,3292000000.0,3292000000.0,0.0,,,,,0.0,403000000.0,1.0,497193438.0,497000000.0,497000000.0,6.624,15346000000.0,1835000000.0,147000000.0,391000000.0,30.877,810000000.0
57,TEL,MRQ,2007-03-31,2007-03-30,2007-03-30,2021-07-29,893000000.0,19364000000.0,,6118000000.0,13246000000.0,,23.378,-121000000.0,505000000.0,505000000.0,2372000000.0,277000000.0,1.926,0.665,3696000000.0,597000000.0,3099000000.0,3696000000.0,183000000.0,123000000.0,0.0,,0.0,428000000.0,551000000.0,0.172,551000000.0,428000000.0,370000000.0,0.56,0.56,0.56,11619000000.0,,11619000000.0,,,,239000000.0,0.481,1.0,832000000.0,0.26,8166000000.0,58000000.0,11212000000.0,,2198000000.0,0.0,0.0,0.0,7729000000.0,3177000000.0,4552000000.0,,33000000.0,0.0,0.0,13000000.0,0.0,-199000000.0,-133000000.0,0.0,360000000.0,5000000.0,277000000.0,277000000.0,277000000.0,4000000.0,0.0,0.086,413000000.0,419000000.0,1309000000.0,0.0,,,,3465000000.0,0.0,,,,2569000000.0,,3204000000.0,3204000000.0,0.0,,,,,0.0,405000000.0,1.0,497193438.0,497000000.0,497000000.0,6.447,11198000000.0,1730000000.0,93000000.0,387000000.0,22.531,2941000000.0
58,TEL,MRQ,2006-12-31,2006-12-29,2006-12-29,2021-07-29,,,,,,,,-445000000.0,,,2279000000.0,281000000.0,,,,,,,,128000000.0,,,0.0,449000000.0,577000000.0,0.186,577000000.0,449000000.0,389000000.0,0.57,0.57,0.57,,,,,,,-226000000.0,-0.455,1.0,815000000.0,0.263,,60000000.0,,,,,,,,,,,7000000.0,227000000.0,0.0,19000000.0,0.0,0.0,-219000000.0,0.0,219000000.0,7000000.0,281000000.0,281000000.0,281000000.0,-41000000.0,0.0,0.091,421000000.0,394000000.0,,0.0,,,,,0.0,,,,,,3094000000.0,3094000000.0,0.0,,,,,0.0,411000000.0,1.0,497193438.0,497000000.0,497000000.0,6.225,,,108000000.0,,,
59,TEL,MRQ,2006-09-30,2006-09-29,2006-09-29,2021-07-29,670000000.0,19091000000.0,,6550000000.0,12541000000.0,,22.455,-124000000.0,469000000.0,469000000.0,1997000000.0,369000000.0,2.08,0.709,3662000000.0,291000000.0,3371000000.0,3662000000.0,155000000.0,102000000.0,0.0,,0.0,249000000.0,351000000.0,0.127,351000000.0,249000000.0,189000000.0,0.74,0.74,0.74,11160000000.0,,11160000000.0,,,,464000000.0,0.934,1.0,762000000.0,0.276,7711000000.0,60000000.0,11424000000.0,,1850000000.0,0.0,0.0,0.0,7915000000.0,3149000000.0,4766000000.0,,117000000.0,-4000000.0,0.0,68000000.0,0.0,-219000000.0,-242000000.0,0.0,588000000.0,-5000000.0,369000000.0,369000000.0,369000000.0,214000000.0,0.0,0.134,310000000.0,452000000.0,1251000000.0,0.0,,,,3076000000.0,0.0,,,,2434000000.0,0.0,2759000000.0,2759000000.0,0.0,,,,,0.0,315000000.0,1.0,497193438.0,497000000.0,497000000.0,5.551,11380000000.0,1869000000.0,-180000000.0,570000000.0,22.897,3401000000.0
60,TEL,MRQ,2006-06-30,2006-06-30,2006-06-30,2021-07-29,,,,,,,,-142000000.0,,,2361000000.0,298000000.0,,,,,,,,98000000.0,,,0.0,460000000.0,558000000.0,0.174,558000000.0,460000000.0,400000000.0,0.6,0.6,0.6,,,,,,,221000000.0,0.445,1.0,845000000.0,0.264,,60000000.0,,,,,,,,,,,33000000.0,-16000000.0,0.0,19000000.0,0.0,-169000000.0,-166000000.0,1000000.0,363000000.0,0.0,298000000.0,298000000.0,298000000.0,7000000.0,0.0,0.093,386000000.0,459000000.0,,0.0,,,,,0.0,,,,,,3206000000.0,3206000000.0,0.0,,,,,0.0,384000000.0,1.0,,497000000.0,497000000.0,6.451,,,102000000.0,,,
61,TEL,MRQ,2005-09-30,2005-09-30,2005-09-30,2021-07-29,331000000.0,18473000000.0,,5342000000.0,13131000000.0,,19.803,,284000000.0,284000000.0,,,1.691,0.874,4511000000.0,695000000.0,3816000000.0,4511000000.0,156000000.0,,0.0,,0.0,,,,,,,,,,9842000000.0,,9842000000.0,,,,,,1.0,,,8497000000.0,,11044000000.0,,1643000000.0,0.0,0.0,0.0,8605000000.0,3159000000.0,5446000000.0,,,,,,,,,,,,,,,,,,,,1006000000.0,,,,,2980000000.0,,,,,2363000000.0,,,,,,,,,,,1.0,,497000000.0,,,9976000000.0,1760000000.0,,321000000.0,20.072,2183000000.0
0,TEL,MRT,2021-06-30,2021-06-25,2021-06-25,2021-07-29,-216000000.0,21058000000.0,20383250000.0,7394000000.0,13664000000.0,0.705,30.442,-479000000.0,1416000000.0,1416000000.0,9773000000.0,1697000000.0,1.586,1.085,4134000000.0,505000000.0,3629000000.0,4134000000.0,0.0,771000000.0,0.0,0.014,1.94,2150000000.0,2921000000.0,0.203,2921000000.0,2150000000.0,2096000000.0,5.12,5.07,5.12,10046000000.0,9739750000.0,10046000000.0,46957054959.0,22.0,16.076,2143000000.0,6.494,1.0,4593000000.0,0.32,6917000000.0,54000000.0,12197000000.0,12057500000.0,2392000000.0,0.0,0.0,0.0,10896000000.0,4662000000.0,6234000000.0,44184054959.0,942000000.0,-137000000.0,-362000000.0,-45000000.0,-642000000.0,-1078000000.0,-614000000.0,0.0,2622000000.0,12000000.0,1697000000.0,1697000000.0,1697000000.0,-8000000.0,0.0,0.118,2472000000.0,2121000000.0,1938000000.0,0.379,4.398,26.037,26.133,3723000000.0,0.0,133.8,3.076,3.074,2985000000.0,10892000000.0,14366000000.0,14366000000.0,652000000.0,0.083,0.174,0.178,0.15,93000000.0,1480000000.0,1.0,330224626.0,330000000.0,333000000.0,43.533,14141000000.0,2224000000.0,399000000.0,448000000.0,42.852,2732000000.0
1,TEL,MRT,2021-03-31,2021-03-26,2021-03-26,2021-07-29,-246000000.0,20967000000.0,19828750000.0,7422000000.0,13545000000.0,0.659,29.211,-463000000.0,1748000000.0,1748000000.0,9037000000.0,1076000000.0,1.473,1.157,4521000000.0,919000000.0,3602000000.0,4521000000.0,0.0,737000000.0,0.0,0.015,1.92,1589000000.0,2326000000.0,0.178,2326000000.0,1589000000.0,1536000000.0,3.24,3.21,3.24,9669000000.0,9487250000.0,9669000000.0,45704928365.0,29.0,19.65,1857000000.0,5.61,1.0,4032000000.0,0.309,6890000000.0,53000000.0,11811000000.0,12000750000.0,2134000000.0,0.0,0.0,0.0,11184000000.0,5039000000.0,6145000000.0,42601928365.0,952000000.0,-87000000.0,-227000000.0,29000000.0,-636000000.0,-861000000.0,-521000000.0,0.0,2320000000.0,14000000.0,1076000000.0,1076000000.0,1076000000.0,-26000000.0,0.0,0.082,2491000000.0,1541000000.0,1793000000.0,0.593,4.406,39.593,39.738,3662000000.0,0.0,128.75,3.26,3.261,2921000000.0,10541000000.0,13069000000.0,13069000000.0,630000000.0,0.054,0.113,0.132,0.122,86000000.0,1435000000.0,1.0,330888764.0,331000000.0,334000000.0,39.483,14077000000.0,2204000000.0,460000000.0,417000000.0,42.529,2383000000.0
2,TEL,MRT,2020-12-31,2020-12-25,2020-12-25,2021-07-29,-305000000.0,20266000000.0,19428750000.0,6481000000.0,13785000000.0,0.645,29.792,-509000000.0,1098000000.0,1098000000.0,8675000000.0,114000000.0,1.587,1.043,4201000000.0,685000000.0,3516000000.0,4201000000.0,0.0,724000000.0,0.0,0.016,1.9,561000000.0,1285000000.0,0.103,1285000000.0,561000000.0,510000000.0,0.34,0.33,0.34,9861000000.0,9336500000.0,9861000000.0,42830575217.0,76.0,33.331,1712000000.0,5.172,1.0,3851000000.0,0.307,7000000000.0,51000000.0,12286000000.0,12094250000.0,2066000000.0,0.0,0.0,0.0,10287000000.0,4083000000.0,6204000000.0,39629575217.0,356000000.0,-331000000.0,-387000000.0,1000000.0,-630000000.0,-1043000000.0,-822000000.0,0.0,2221000000.0,0.0,114000000.0,114000000.0,114000000.0,-21000000.0,0.0,0.009,3337000000.0,514000000.0,1629000000.0,5.588,4.019,347.628,352.412,3768000000.0,0.0,119.82,3.164,3.166,2640000000.0,10672000000.0,12526000000.0,12526000000.0,614000000.0,0.006,0.012,0.046,0.045,71000000.0,1386000000.0,1.0,330742574.0,331000000.0,333000000.0,37.843,13266000000.0,2198000000.0,396000000.0,410000000.0,40.079,2398000000.0
3,TEL,MRT,2020-09-30,2020-09-25,2020-09-25,2021-07-29,-445000000.0,19242000000.0,19356250000.0,5784000000.0,13458000000.0,0.629,28.262,-543000000.0,945000000.0,945000000.0,8437000000.0,-241000000.0,1.567,1.039,4146000000.0,694000000.0,3452000000.0,4146000000.0,0.0,711000000.0,0.0,0.02,1.88,590000000.0,1301000000.0,0.107,1301000000.0,590000000.0,542000000.0,-0.73,-0.73,-0.73,9383000000.0,9510500000.0,9383000000.0,35087769647.0,59.0,26.97,1449000000.0,4.364,1.0,3735000000.0,0.307,6817000000.0,48000000.0,11936000000.0,12111500000.0,1950000000.0,0.0,0.0,0.0,9747000000.0,3690000000.0,6057000000.0,31475769647.0,18000000.0,-339000000.0,-468000000.0,22000000.0,-625000000.0,-1105000000.0,-865000000.0,0.0,1992000000.0,-4000000.0,-241000000.0,-241000000.0,-241000000.0,-18000000.0,0.0,-0.02,3198000000.0,537000000.0,1276000000.0,-2.575,3.355,-130.605,-130.644,3650000000.0,0.0,95.37,2.586,2.601,2377000000.0,10348000000.0,12172000000.0,12172000000.0,613000000.0,-0.012,-0.025,0.049,0.048,74000000.0,1392000000.0,1.0,330038478.0,332000000.0,332000000.0,36.663,12425000000.0,2178000000.0,783000000.0,395000000.0,37.425,2094000000.0
4,TEL,MRT,2020-06-30,2020-06-26,2020-06-26,2021-07-29,-509000000.0,18840000000.0,19469250000.0,5319000000.0,13521000000.0,0.627,27.382,-585000000.0,474000000.0,474000000.0,8393000000.0,-99000000.0,1.427,1.073,4086000000.0,691000000.0,3395000000.0,4086000000.0,0.0,705000000.0,0.0,0.024,1.86,685000000.0,1390000000.0,0.114,1390000000.0,685000000.0,636000000.0,-0.29,-0.31,-0.29,9036000000.0,9807250000.0,9036000000.0,29511430648.0,43.0,21.231,1565000000.0,4.742,1.0,3818000000.0,0.313,6755000000.0,49000000.0,11970000000.0,12091500000.0,2227000000.0,0.0,0.0,0.0,9696000000.0,3727000000.0,5969000000.0,25952430648.0,-72000000.0,-328000000.0,-642000000.0,-9000000.0,-620000000.0,-1304000000.0,-901000000.0,0.0,2150000000.0,-17000000.0,-99000000.0,-99000000.0,-99000000.0,-12000000.0,0.0,-0.008,3184000000.0,634000000.0,1271000000.0,-6.414,2.872,-262.146,-271.31,3598000000.0,0.0,78.68,2.125,2.126,2146000000.0,10125000000.0,12211000000.0,12211000000.0,624000000.0,-0.005,-0.01,0.057,0.056,73000000.0,1412000000.0,1.0,329847873.0,330000000.0,330000000.0,37.003,12085000000.0,2286000000.0,735000000.0,405000000.0,36.621,1592000000.0
5,TEL,MRT,2020-03-31,2020-03-27,2020-03-27,2021-07-29,-571000000.0,19367000000.0,19696250000.0,5715000000.0,13652000000.0,0.663,27.144,-624000000.0,796000000.0,796000000.0,8831000000.0,699000000.0,1.444,1.125,4355000000.0,603000000.0,3752000000.0,4355000000.0,0.0,703000000.0,0.0,0.029,1.84,1053000000.0,1756000000.0,0.135,1756000000.0,1053000000.0,1004000000.0,2.08,2.04,2.08,9066000000.0,10203750000.0,9066000000.0,24208441101.0,23.0,13.786,1837000000.0,5.5,1.0,4221000000.0,0.323,6782000000.0,49000000.0,12185000000.0,12119000000.0,2001000000.0,0.0,0.0,0.0,10196000000.0,3959000000.0,6237000000.0,20977441101.0,231000000.0,-650000000.0,-665000000.0,379000000.0,-616000000.0,-936000000.0,-1274000000.0,0.0,2461000000.0,-20000000.0,699000000.0,699000000.0,699000000.0,6000000.0,0.0,0.054,3201000000.0,1020000000.0,1390000000.0,0.885,2.314,30.011,30.183,3558000000.0,0.0,62.78,1.607,1.607,2461000000.0,11122000000.0,13052000000.0,13052000000.0,636000000.0,0.035,0.069,0.087,0.081,74000000.0,1447000000.0,1.0,334142101.0,334000000.0,334000000.0,39.078,12585000000.0,2382000000.0,305000000.0,354000000.0,37.68,1756000000.0
6,TEL,MRT,2019-12-31,2019-12-27,2019-12-27,2021-07-29,-414000000.0,19976000000.0,19670000000.0,5566000000.0,14410000000.0,0.675,31.513,-672000000.0,742000000.0,742000000.0,8959000000.0,1594000000.0,1.635,0.892,3973000000.0,561000000.0,3412000000.0,3973000000.0,0.0,696000000.0,0.0,0.019,1.82,2001000000.0,2697000000.0,0.203,2697000000.0,2001000000.0,1948000000.0,4.75,4.7,4.75,10557000000.0,10435750000.0,10557000000.0,34983672102.0,17.0,12.971,1864000000.0,5.564,1.0,4310000000.0,0.325,7448000000.0,53000000.0,12355000000.0,11970250000.0,2003000000.0,0.0,0.0,0.0,9419000000.0,3404000000.0,6015000000.0,31945672102.0,237000000.0,-389000000.0,-619000000.0,23000000.0,-612000000.0,-1238000000.0,-1061000000.0,0.0,2536000000.0,0.0,1594000000.0,1594000000.0,1594000000.0,-8000000.0,0.0,0.12,2345000000.0,1965000000.0,1433000000.0,0.383,3.026,20.041,20.107,3659000000.0,0.0,95.51,2.408,2.411,2338000000.0,12206000000.0,13269000000.0,13269000000.0,644000000.0,0.081,0.153,0.167,0.151,74000000.0,1468000000.0,1.0,334474632.0,335000000.0,337000000.0,39.609,12528000000.0,2360000000.0,354000000.0,389000000.0,37.397,2162000000.0
7,TEL,MRT,2019-09-30,2019-09-27,2019-09-27,2021-07-29,-503000000.0,19694000000.0,19473000000.0,5554000000.0,14140000000.0,0.691,31.272,-706000000.0,927000000.0,927000000.0,9054000000.0,1844000000.0,1.569,0.863,3965000000.0,570000000.0,3395000000.0,3965000000.0,0.0,690000000.0,0.0,0.019,1.8,1897000000.0,2587000000.0,0.192,2587000000.0,1897000000.0,1829000000.0,5.46,5.42,5.46,10570000000.0,10355500000.0,10570000000.0,34634557769.0,18.0,13.388,1716000000.0,5.077,1.0,4394000000.0,0.327,7336000000.0,68000000.0,11856000000.0,11852250000.0,1836000000.0,0.0,0.0,0.0,9124000000.0,3540000000.0,5584000000.0,31144557769.0,79000000.0,14000000.0,-1006000000.0,4000000.0,-608000000.0,-1643000000.0,-692000000.0,0.0,2422000000.0,-8000000.0,1844000000.0,1844000000.0,1844000000.0,102000000.0,0.0,0.137,2416000000.0,1978000000.0,1357000000.0,0.33,2.947,16.89,16.98,3574000000.0,0.0,92.71,2.316,2.33,2320000000.0,12256000000.0,13448000000.0,13448000000.0,644000000.0,0.095,0.178,0.16,0.141,75000000.0,1490000000.0,1.0,335935258.0,338000000.0,340000000.0,39.787,12358000000.0,2776000000.0,-15000000.0,395000000.0,36.562,2014000000.0
8,TEL,MRT,2019-06-30,2019-06-28,2019-06-28,2021-07-29,-201000000.0,19748000000.0,19646000000.0,5422000000.0,14326000000.0,0.695,31.519,-812000000.0,546000000.0,546000000.0,9133000000.0,3133000000.0,1.468,0.859,4036000000.0,602000000.0,3434000000.0,4036000000.0,0.0,686000000.0,0.0,0.019,1.78,2011000000.0,2697000000.0,0.197,2697000000.0,2011000000.0,1929000000.0,9.11,9.04,9.11,10622000000.0,10420750000.0,10622000000.0,35682036878.0,18.0,13.23,1656000000.0,4.914,1.0,4524000000.0,0.331,7464000000.0,82000000.0,12080000000.0,11823250000.0,1961000000.0,0.0,0.0,0.0,9126000000.0,3694000000.0,5432000000.0,32265036878.0,-224000000.0,-139000000.0,-1122000000.0,34000000.0,-607000000.0,-1729000000.0,-958000000.0,0.0,2468000000.0,-5000000.0,3133000000.0,3133000000.0,3133000000.0,111000000.0,0.0,0.229,2420000000.0,2104000000.0,1438000000.0,0.195,3.038,10.298,10.514,3636000000.0,0.0,95.78,2.363,2.363,2463000000.0,11893000000.0,13657000000.0,13657000000.0,656000000.0,0.159,0.301,0.17,0.147,80000000.0,1532000000.0,1.0,336866119.0,337000000.0,339000000.0,40.525,12284000000.0,2845000000.0,-1204000000.0,443000000.0,36.451,1728000000.0
9,TEL,MRT,2019-03-31,2019-03-29,2019-03-29,2021-07-29,-160000000.0,19262000000.0,19462250000.0,5446000000.0,13816000000.0,0.712,29.568,-868000000.0,565000000.0,565000000.0,9248000000.0,2830000000.0,1.408,0.927,3982000000.0,612000000.0,3370000000.0,3982000000.0,0.0,679000000.0,0.0,0.022,1.76,2043000000.0,2722000000.0,0.197,2722000000.0,2043000000.0,1948000000.0,8.16,8.1,8.16,9994000000.0,10138250000.0,9994000000.0,30824495546.0,15.0,11.324,1709000000.0,5.056,1.0,4601000000.0,0.332,7222000000.0,95000000.0,11590000000.0,11526000000.0,1970000000.0,0.0,0.0,0.0,9268000000.0,3867000000.0,5401000000.0,27362495546.0,6000000.0,152000000.0,-1214000000.0,44000000.0,-606000000.0,-1810000000.0,-737000000.0,0.0,2577000000.0,-24000000.0,2830000000.0,2830000000.0,2830000000.0,109000000.0,0.0,0.204,2463000000.0,2138000000.0,1485000000.0,0.216,2.738,9.669,9.896,3596000000.0,0.0,80.75,1.976,1.971,2463000000.0,11710000000.0,13849000000.0,13849000000.0,669000000.0,0.145,0.279,0.177,0.148,82000000.0,1570000000.0,1.0,338854434.0,338000000.0,340000000.0,40.973,12040000000.0,2607000000.0,-882000000.0,529000000.0,35.621,1579000000.0
10,TEL,MRT,2018-12-31,2018-12-28,2018-12-28,2021-07-29,-257000000.0,19188000000.0,19458500000.0,5378000000.0,13810000000.0,0.719,29.93,-885000000.0,505000000.0,505000000.0,9304000000.0,2881000000.0,1.549,0.875,3967000000.0,585000000.0,3382000000.0,3967000000.0,0.0,673000000.0,0.0,0.023,1.72,2124000000.0,2797000000.0,0.2,2797000000.0,2124000000.0,2016000000.0,8.26,8.19,8.26,10236000000.0,10009750000.0,10236000000.0,28793791500.0,14.0,10.295,1513000000.0,4.424,1.0,4695000000.0,0.335,7296000000.0,108000000.0,11883000000.0,11383000000.0,1986000000.0,0.0,0.0,0.0,8952000000.0,3471000000.0,5481000000.0,25641791500.0,-199000000.0,135000000.0,-1178000000.0,1000000.0,-597000000.0,-1807000000.0,-773000000.0,0.0,2398000000.0,-17000000.0,2881000000.0,2881000000.0,2881000000.0,119000000.0,0.0,0.206,2466000000.0,2229000000.0,1538000000.0,0.208,2.505,8.9,9.05,3550000000.0,0.0,74.75,1.832,1.826,2380000000.0,11886000000.0,13999000000.0,13999000000.0,676000000.0,0.148,0.288,0.187,0.152,90000000.0,1606000000.0,1.0,343034000.0,342000000.0,344000000.0,40.933,11892000000.0,2580000000.0,-865000000.0,542000000.0,34.772,1907000000.0
11,TEL,MRT,2018-09-30,2018-09-28,2018-09-28,2021-07-29,-306000000.0,20386000000.0,19364250000.0,6199000000.0,14187000000.0,0.722,30.946,-912000000.0,848000000.0,848000000.0,9243000000.0,2565000000.0,1.406,0.882,4000000000.0,963000000.0,3037000000.0,4000000000.0,0.0,667000000.0,0.0,0.019,1.68,2328000000.0,2995000000.0,0.214,2995000000.0,2328000000.0,2221000000.0,7.33,7.27,7.33,10831000000.0,9858500000.0,10831000000.0,33877977008.0,15.0,11.312,1539000000.0,4.397,1.0,4745000000.0,0.339,7388000000.0,107000000.0,11740000000.0,11162000000.0,1857000000.0,0.0,0.0,0.0,9555000000.0,4410000000.0,5145000000.0,30639977008.0,-370000000.0,-153000000.0,-779000000.0,-319000000.0,-588000000.0,-1722000000.0,-1094000000.0,0.0,2451000000.0,-5000000.0,2565000000.0,2565000000.0,2565000000.0,19000000.0,0.0,0.183,2414000000.0,2331000000.0,1548000000.0,0.229,2.829,11.945,11.996,3497000000.0,0.0,87.93,2.19,2.2,2361000000.0,12114000000.0,13988000000.0,13988000000.0,680000000.0,0.132,0.26,0.209,0.166,95000000.0,1594000000.0,1.0,348458740.0,350000000.0,353000000.0,39.966,12998000000.0,2144000000.0,-344000000.0,519000000.0,37.137,1789000000.0
12,TEL,MRT,2018-06-30,2018-06-29,2018-06-29,2021-07-29,-299000000.0,19013000000.0,19118500000.0,5941000000.0,13072000000.0,0.68,27.198,-874000000.0,770000000.0,770000000.0,8578000000.0,1338000000.0,1.468,1.003,4008000000.0,714000000.0,3294000000.0,4008000000.0,124000000.0,638000000.0,0.0,0.018,1.64,2253000000.0,2891000000.0,0.222,2891000000.0,2253000000.0,2138000000.0,3.81,3.78,3.81,9492000000.0,9588500000.0,9492000000.0,34984520051.0,16.0,12.101,1526000000.0,4.372,1.0,4429000000.0,0.341,7314000000.0,115000000.0,10891000000.0,11024500000.0,1961000000.0,0.0,0.0,0.0,9521000000.0,4046000000.0,5475000000.0,31533520051.0,15000000.0,-173000000.0,-722000000.0,14000000.0,-576000000.0,-1325000000.0,-1069000000.0,0.0,2400000000.0,9000000.0,1338000000.0,1338000000.0,1338000000.0,-132000000.0,0.0,0.103,2312000000.0,2117000000.0,1583000000.0,0.43,3.322,23.568,23.638,3633000000.0,0.0,90.06,2.424,2.416,2591000000.0,10432000000.0,13007000000.0,13007000000.0,635000000.0,0.07,0.14,0.204,0.173,93000000.0,1541000000.0,1.0,350139019.0,349000000.0,352000000.0,37.269,11699000000.0,1672000000.0,800000000.0,538000000.0,33.521,1895000000.0
13,TEL,MRT,2018-03-31,2018-03-30,2018-03-30,2021-07-29,-49000000.0,19247000000.0,18995250000.0,5960000000.0,13287000000.0,0.673,27.009,-811000000.0,559000000.0,559000000.0,8411000000.0,1319000000.0,1.431,1.03,4010000000.0,675000000.0,3335000000.0,4010000000.0,147000000.0,628000000.0,0.0,0.016,1.6,2234000000.0,2862000000.0,0.224,2862000000.0,2234000000.0,2113000000.0,3.74,3.71,3.74,9480000000.0,9500750000.0,9480000000.0,38386516163.0,17.0,13.412,1312000000.0,3.738,1.0,4382000000.0,0.343,7516000000.0,121000000.0,11018000000.0,10946250000.0,2045000000.0,0.0,0.0,0.0,9767000000.0,4164000000.0,5603000000.0,35085516163.0,-214000000.0,-250000000.0,-650000000.0,-32000000.0,-564000000.0,-1286000000.0,-1077000000.0,0.0,2123000000.0,26000000.0,1319000000.0,1319000000.0,1319000000.0,-134000000.0,0.0,0.103,2275000000.0,2107000000.0,1613000000.0,0.428,3.701,26.6,26.711,3676000000.0,0.0,99.9,2.743,2.741,2643000000.0,9957000000.0,12793000000.0,12793000000.0,632000000.0,0.069,0.139,0.204,0.175,99000000.0,1555000000.0,1.0,351206368.0,351000000.0,354000000.0,36.447,11731000000.0,1631000000.0,794000000.0,540000000.0,33.422,1796000000.0
14,TEL,MRT,2017-12-31,2017-12-29,2017-12-29,2021-07-29,-84000000.0,18811000000.0,18697500000.0,5733000000.0,13078000000.0,0.666,27.361,-767000000.0,704000000.0,704000000.0,8178000000.0,1234000000.0,1.577,0.953,4005000000.0,688000000.0,3317000000.0,4005000000.0,127000000.0,613000000.0,0.0,0.017,1.57,2084000000.0,2697000000.0,0.216,2697000000.0,2084000000.0,1959000000.0,3.48,3.46,3.48,9631000000.0,9319000000.0,9631000000.0,36545599868.0,18.0,13.55,1500000000.0,4.261,1.0,4280000000.0,0.344,7478000000.0,125000000.0,10999000000.0,10729250000.0,1984000000.0,0.0,0.0,0.0,9180000000.0,3635000000.0,5545000000.0,33419599868.0,39000000.0,-250000000.0,-542000000.0,-99000000.0,-555000000.0,-1239000000.0,-1019000000.0,0.0,2267000000.0,30000000.0,1234000000.0,1234000000.0,1234000000.0,-133000000.0,0.0,0.099,2313000000.0,1967000000.0,1556000000.0,0.451,3.47,27.082,27.31,3527000000.0,0.0,95.04,2.683,2.685,2378000000.0,10047000000.0,12458000000.0,12458000000.0,620000000.0,0.066,0.132,0.194,0.167,99000000.0,1553000000.0,1.0,351637204.0,352000000.0,352000000.0,35.392,11333000000.0,1615000000.0,725000000.0,541000000.0,32.196,2098000000.0
15,TEL,MRT,2017-09-30,2017-09-29,2017-09-29,2021-07-29,-160000000.0,19403000000.0,18398500000.0,5926000000.0,13477000000.0,0.662,27.468,-660000000.0,1218000000.0,1218000000.0,8002000000.0,1683000000.0,1.54,0.99,4344000000.0,710000000.0,3634000000.0,4344000000.0,0.0,611000000.0,0.0,0.019,1.54,1993000000.0,2604000000.0,0.214,2604000000.0,1993000000.0,1863000000.0,4.74,4.7,4.74,9751000000.0,9120500000.0,9751000000.0,32588083180.0,16.0,12.515,1661000000.0,4.679,1.0,4183000000.0,0.343,7492000000.0,130000000.0,11190000000.0,10555000000.0,1647000000.0,0.0,0.0,0.0,9652000000.0,3847000000.0,5805000000.0,29352083180.0,571000000.0,-250000000.0,-497000000.0,259000000.0,-546000000.0,-814000000.0,-932000000.0,0.0,2321000000.0,-4000000.0,1683000000.0,1683000000.0,1683000000.0,-143000000.0,0.0,0.138,2307000000.0,1876000000.0,1387000000.0,0.325,3.01,17.44,17.523,3159000000.0,0.0,83.06,2.409,2.42,2138000000.0,10175000000.0,12185000000.0,12185000000.0,611000000.0,0.091,0.185,0.189,0.164,95000000.0,1543000000.0,1.0,353384098.0,355000000.0,358000000.0,34.324,11911000000.0,2141000000.0,180000000.0,529000000.0,33.552,2079000000.0
16,TEL,MRT,2017-06-30,2017-06-30,2017-06-30,2021-07-29,-506000000.0,18520000000.0,17949750000.0,5354000000.0,13166000000.0,0.674,25.749,-618000000.0,755000000.0,755000000.0,7888000000.0,1686000000.0,1.383,1.026,3991000000.0,878000000.0,3113000000.0,3991000000.0,62000000.0,591000000.0,0.0,0.019,1.51,1984000000.0,2575000000.0,0.213,2575000000.0,1984000000.0,1855000000.0,4.75,4.72,4.75,9141000000.0,8804000000.0,9141000000.0,31112548515.0,16.0,12.083,1514000000.0,4.265,1.0,4215000000.0,0.348,7306000000.0,129000000.0,10578000000.0,10406000000.0,1787000000.0,0.0,0.0,0.0,9379000000.0,3872000000.0,5507000000.0,27933548515.0,61000000.0,-412000000.0,-407000000.0,-42000000.0,-537000000.0,-1009000000.0,-1062000000.0,0.0,2132000000.0,0.0,1686000000.0,1686000000.0,1686000000.0,-99000000.0,0.0,0.139,2272000000.0,1943000000.0,1309000000.0,0.318,3.056,16.568,16.564,3165000000.0,0.0,78.68,2.308,2.308,2271000000.0,9747000000.0,12103000000.0,12103000000.0,609000000.0,0.094,0.192,0.191,0.164,94000000.0,1504000000.0,1.0,355027307.0,355000000.0,358000000.0,34.093,11214000000.0,2287000000.0,169000000.0,480000000.0,31.589,1482000000.0
17,TEL,MRT,2017-03-31,2017-03-31,2017-03-31,2021-07-29,-584000000.0,18056000000.0,17694750000.0,5146000000.0,12910000000.0,0.67,24.587,-607000000.0,773000000.0,773000000.0,7760000000.0,2090000000.0,1.308,1.063,3952000000.0,879000000.0,3073000000.0,3952000000.0,129000000.0,582000000.0,0.0,0.02,1.48,1297000000.0,1879000000.0,0.158,1879000000.0,1297000000.0,1169000000.0,5.87,5.82,5.87,8753000000.0,8585000000.0,8753000000.0,29850085993.0,23.0,15.886,1720000000.0,4.831,1.0,4097000000.0,0.346,7150000000.0,128000000.0,10150000000.0,10383500000.0,1660000000.0,0.0,0.0,0.0,9303000000.0,3935000000.0,5368000000.0,26487085993.0,-377000000.0,-1258000000.0,-369000000.0,108000000.0,-527000000.0,-810000000.0,-1893000000.0,0.0,2327000000.0,-1000000.0,2090000000.0,2090000000.0,2090000000.0,-144000000.0,0.0,0.176,2246000000.0,1851000000.0,1226000000.0,0.252,3.026,12.673,12.7,3046000000.0,0.0,74.55,2.234,2.238,2244000000.0,9661000000.0,11857000000.0,11857000000.0,602000000.0,0.118,0.243,0.125,0.109,91000000.0,1463000000.0,1.0,355292904.0,356000000.0,359000000.0,33.306,10906000000.0,2280000000.0,-921000000.0,473000000.0,30.635,1211000000.0
18,TEL,MRT,2016-12-31,2016-12-30,2016-12-30,2021-07-29,-698000000.0,17615000000.0,17641000000.0,4809000000.0,12806000000.0,0.657,24.823,-587000000.0,665000000.0,665000000.0,7633000000.0,2065000000.0,1.369,0.993,4028000000.0,1052000000.0,2976000000.0,4028000000.0,149000000.0,574000000.0,0.0,0.021,1.44,1363000000.0,1937000000.0,0.167,1937000000.0,1363000000.0,1235000000.0,5.77,5.72,5.77,8837000000.0,8248250000.0,8837000000.0,28041164495.0,21.0,14.477,1374000000.0,3.86,1.0,3949000000.0,0.341,7163000000.0,128000000.0,10302000000.0,10688500000.0,1636000000.0,0.0,0.0,0.0,8778000000.0,3513000000.0,5265000000.0,24618164495.0,-1558000000.0,-1003000000.0,-1550000000.0,191000000.0,-514000000.0,-1894000000.0,-1614000000.0,0.0,1961000000.0,-11000000.0,2065000000.0,2065000000.0,2065000000.0,-136000000.0,0.0,0.178,2044000000.0,1905000000.0,1123000000.0,0.25,2.786,11.922,12.007,2956000000.0,0.0,69.28,2.126,2.129,2034000000.0,9256000000.0,11582000000.0,11582000000.0,597000000.0,0.117,0.25,0.128,0.118,89000000.0,1423000000.0,1.0,355343021.0,356000000.0,359000000.0,32.534,10452000000.0,2290000000.0,-830000000.0,460000000.0,29.36,1296000000.0
19,TEL,MRT,2016-09-30,2016-09-30,2016-09-30,2021-07-29,-542000000.0,17608000000.0,18043000000.0,4775000000.0,12833000000.0,0.629,23.183,-595000000.0,647000000.0,647000000.0,7525000000.0,2009000000.0,1.557,1.075,4070000000.0,331000000.0,3739000000.0,4070000000.0,208000000.0,560000000.0,0.0,0.022,1.4,1310000000.0,1870000000.0,0.165,1870000000.0,1310000000.0,1183000000.0,5.49,5.44,5.49,8485000000.0,8183250000.0,8485000000.0,26232304815.0,20.0,14.028,1352000000.0,3.694,1.0,3827000000.0,0.337,7371000000.0,127000000.0,10594000000.0,10984250000.0,1596000000.0,0.0,0.0,0.0,9123000000.0,3066000000.0,6057000000.0,22890304815.0,-2682000000.0,-1003000000.0,-2697000000.0,181000000.0,-509000000.0,-3055000000.0,-1581000000.0,0.0,1947000000.0,7000000.0,2009000000.0,2009000000.0,2009000000.0,-162000000.0,0.0,0.177,2019000000.0,1808000000.0,1090000000.0,0.255,2.698,11.394,11.727,3052000000.0,0.0,64.38,2.016,2.076,2046000000.0,8682000000.0,11352000000.0,11352000000.0,603000000.0,0.111,0.246,0.119,0.115,87000000.0,1396000000.0,1.0,355549935.0,366000000.0,369000000.0,31.016,10237000000.0,2111000000.0,-826000000.0,454000000.0,27.97,1709000000.0
20,TEL,MRT,2016-06-30,2016-06-24,2016-06-24,2021-07-29,-375000000.0,17500000000.0,18788250000.0,4929000000.0,12571000000.0,0.633,23.151,-585000000.0,694000000.0,694000000.0,7993000000.0,2612000000.0,1.489,1.117,4036000000.0,302000000.0,3734000000.0,4036000000.0,160000000.0,599000000.0,0.0,0.024,1.36,2158000000.0,2757000000.0,0.232,2757000000.0,2158000000.0,2033000000.0,6.9,6.81,6.9,8265000000.0,8458250000.0,8265000000.0,23232560469.0,11.0,8.427,1319000000.0,3.695,1.0,3897000000.0,0.328,7043000000.0,125000000.0,10488000000.0,11133250000.0,1610000000.0,0.0,0.0,0.0,9235000000.0,3311000000.0,5924000000.0,20498560469.0,-7000000.0,2290000000.0,-3086000000.0,19000000.0,-509000000.0,-3621000000.0,1744000000.0,0.0,1904000000.0,-34000000.0,2612000000.0,2612000000.0,2612000000.0,-972000000.0,0.0,0.22,2105000000.0,1792000000.0,1157000000.0,0.197,2.48,7.848,8.307,2976000000.0,0.0,57.32,1.724,1.721,2169000000.0,8245000000.0,11890000000.0,11890000000.0,627000000.0,0.139,0.309,0.194,0.181,90000000.0,1408000000.0,1.0,357616198.0,357000000.0,361000000.0,33.305,10457000000.0,2208000000.0,-579000000.0,525000000.0,29.291,1618000000.0
21,TEL,MRT,2016-03-31,2016-03-25,2016-03-25,2021-07-29,-449000000.0,17841000000.0,19523500000.0,5414000000.0,12427000000.0,0.609,20.346,-567000000.0,1150000000.0,1150000000.0,7964000000.0,2082000000.0,1.748,1.409,3884000000.0,152000000.0,3732000000.0,3884000000.0,110000000.0,599000000.0,0.0,0.022,1.32,2749000000.0,3348000000.0,0.282,3348000000.0,2749000000.0,2622000000.0,5.31,5.24,5.31,7406000000.0,8674250000.0,7406000000.0,24182548691.0,9.0,7.223,1215000000.0,3.338,1.0,3923000000.0,0.33,6108000000.0,127000000.0,11370000000.0,11833000000.0,1635000000.0,0.0,0.0,0.0,10435000000.0,3097000000.0,7338000000.0,22535548691.0,453000000.0,3216000000.0,-3185000000.0,-236000000.0,-511000000.0,-3977000000.0,2681000000.0,0.0,1782000000.0,-33000000.0,2082000000.0,2082000000.0,2082000000.0,-882000000.0,0.0,0.175,2114000000.0,1809000000.0,1116000000.0,0.249,3.043,10.824,11.48,2899000000.0,0.0,60.96,1.896,1.867,2774000000.0,7406000000.0,11887000000.0,11887000000.0,625000000.0,0.107,0.24,0.232,0.231,88000000.0,1434000000.0,1.0,369677636.0,364000000.0,368000000.0,32.657,11733000000.0,2458000000.0,540000000.0,1843000000.0,32.234,2317000000.0
22,TEL,MRT,2015-12-31,2015-12-25,2015-12-25,2021-07-29,-463000000.0,19223000000.0,20124000000.0,6505000000.0,12718000000.0,0.597,22.278,-591000000.0,2223000000.0,2223000000.0,8005000000.0,2301000000.0,1.992,1.241,3870000000.0,500000000.0,3370000000.0,3870000000.0,113000000.0,602000000.0,0.0,0.02,1.28,2937000000.0,3539000000.0,0.294,3539000000.0,2937000000.0,2805000000.0,5.74,5.66,5.74,8577000000.0,9070000000.0,8577000000.0,25795911754.0,9.0,7.289,1434000000.0,3.725,1.0,4012000000.0,0.334,6119000000.0,132000000.0,11485000000.0,12257750000.0,1700000000.0,0.0,0.0,0.0,10646000000.0,3266000000.0,7380000000.0,25221911754.0,1355000000.0,2743000000.0,-1996000000.0,-231000000.0,-511000000.0,-2784000000.0,2166000000.0,0.0,2025000000.0,-52000000.0,2301000000.0,2301000000.0,2301000000.0,-1174000000.0,0.0,0.191,2290000000.0,1722000000.0,1108000000.0,0.223,2.941,10.961,11.375,2866000000.0,0.0,65.29,2.099,2.092,2850000000.0,7026000000.0,12017000000.0,12017000000.0,629000000.0,0.114,0.254,0.24,0.244,88000000.0,1458000000.0,1.0,386305893.0,385000000.0,390000000.0,31.213,13104000000.0,2454000000.0,504000000.0,2265000000.0,34.036,3239000000.0
23,TEL,MRT,2015-09-30,2015-09-25,2015-09-25,2021-07-29,-373000000.0,20589000000.0,20356500000.0,7885000000.0,12704000000.0,0.601,23.667,-583000000.0,3329000000.0,3329000000.0,8146000000.0,2420000000.0,2.206,1.148,3884000000.0,498000000.0,3386000000.0,3884000000.0,185000000.0,616000000.0,0.0,0.021,1.24,2893000000.0,3509000000.0,0.287,3509000000.0,2893000000.0,2757000000.0,5.98,5.89,5.98,9585000000.0,9216750000.0,9585000000.0,26832302198.0,9.0,7.647,1347000000.0,3.326,1.0,4087000000.0,0.334,6379000000.0,136000000.0,11190000000.0,12427500000.0,1615000000.0,0.0,0.0,0.0,11004000000.0,3575000000.0,7429000000.0,23507302198.0,872000000.0,1232000000.0,-920000000.0,-184000000.0,-502000000.0,-1623000000.0,636000000.0,0.0,1930000000.0,-71000000.0,2420000000.0,2420000000.0,2420000000.0,-1182000000.0,0.0,0.198,2338000000.0,1749000000.0,1143000000.0,0.207,2.453,9.714,9.769,2920000000.0,0.0,58.42,1.922,1.934,3084000000.0,6673000000.0,12233000000.0,12233000000.0,627000000.0,0.119,0.263,0.233,0.236,89000000.0,1504000000.0,1.0,402384495.0,405000000.0,411000000.0,30.205,14210000000.0,2489000000.0,337000000.0,2283000000.0,35.086,4310000000.0
24,TEL,MRT,2015-06-30,2015-06-26,2015-06-26,2021-07-29,-373000000.0,20441000000.0,20247250000.0,7736000000.0,12705000000.0,0.609,22.485,-501000000.0,701000000.0,701000000.0,8188000000.0,2043000000.0,1.914,1.238,4026000000.0,631000000.0,3395000000.0,4026000000.0,179000000.0,598000000.0,0.0,0.018,1.2,2081000000.0,2679000000.0,0.217,2679000000.0,2081000000.0,1943000000.0,5.0,4.93,5.0,9129000000.0,9072250000.0,9129000000.0,30312814442.0,15.0,11.315,1537000000.0,3.786,1.0,4133000000.0,0.335,6438000000.0,138000000.0,13287000000.0,12816750000.0,1717000000.0,0.0,0.0,0.0,11306000000.0,4041000000.0,7265000000.0,26883814442.0,-912000000.0,-2227000000.0,-524000000.0,898000000.0,-489000000.0,-124000000.0,-2769000000.0,0.0,2038000000.0,-57000000.0,2043000000.0,2043000000.0,2043000000.0,-327000000.0,0.0,0.166,2340000000.0,1793000000.0,1206000000.0,0.24,2.945,13.159,13.224,2925000000.0,0.0,66.12,2.182,2.179,3147000000.0,5633000000.0,12321000000.0,12321000000.0,629000000.0,0.101,0.225,0.162,0.169,84000000.0,1550000000.0,1.0,406591265.0,406000000.0,412000000.0,30.347,14003000000.0,2673000000.0,-100000000.0,2235000000.0,34.49,3695000000.0
25,TEL,MRT,2015-03-31,2015-03-27,2015-03-27,2021-07-29,-416000000.0,20243000000.0,19854750000.0,7612000000.0,12631000000.0,0.618,22.086,-531000000.0,697000000.0,697000000.0,8175000000.0,2137000000.0,1.838,1.251,4126000000.0,736000000.0,3390000000.0,4126000000.0,96000000.0,588000000.0,0.0,0.116,8.16,2172000000.0,2760000000.0,0.225,2760000000.0,2172000000.0,2039000000.0,5.23,5.15,5.23,8989000000.0,9000500000.0,8989000000.0,32009819958.0,15.0,11.598,1411000000.0,3.467,1.0,4103000000.0,0.334,6462000000.0,133000000.0,13069000000.0,12212750000.0,1684000000.0,0.0,0.0,0.0,11248000000.0,4141000000.0,7107000000.0,28654819958.0,-732000000.0,-2230000000.0,-336000000.0,1003000000.0,-474000000.0,182000000.0,-2807000000.0,0.0,1942000000.0,-49000000.0,2137000000.0,2137000000.0,2137000000.0,-425000000.0,0.0,0.174,2315000000.0,1788000000.0,1233000000.0,1.56,3.188,13.409,13.488,2878000000.0,0.0,70.54,2.334,2.338,3042000000.0,5324000000.0,12278000000.0,12278000000.0,617000000.0,0.108,0.237,0.178,0.177,81000000.0,1553000000.0,1.0,406220867.0,407000000.0,413000000.0,30.167,13781000000.0,2635000000.0,-98000000.0,2207000000.0,33.86,3471000000.0
26,TEL,MRT,2014-12-31,2014-12-26,2014-12-26,2021-07-29,-223000000.0,20153000000.0,19451000000.0,6045000000.0,14108000000.0,0.625,22.516,-515000000.0,868000000.0,868000000.0,8113000000.0,1900000000.0,1.56,1.198,4223000000.0,937000000.0,3286000000.0,4223000000.0,121000000.0,562000000.0,0.0,0.125,8.12,1955000000.0,2517000000.0,0.207,2517000000.0,1955000000.0,1828000000.0,4.64,4.57,4.64,9164000000.0,8851500000.0,9164000000.0,27823264396.0,14.0,11.054,1478000000.0,3.631,1.0,4047000000.0,0.333,7468000000.0,127000000.0,12164000000.0,11584250000.0,1942000000.0,0.0,0.0,0.0,10983000000.0,3876000000.0,7107000000.0,26332264396.0,-529000000.0,-2030000000.0,-408000000.0,991000000.0,-458000000.0,118000000.0,-2603000000.0,0.0,1993000000.0,-37000000.0,1900000000.0,1900000000.0,1900000000.0,-164000000.0,0.0,0.156,2236000000.0,1811000000.0,1382000000.0,1.75,2.873,13.859,13.955,3118000000.0,0.0,64.75,2.165,2.167,3305000000.0,4725000000.0,12160000000.0,12160000000.0,602000000.0,0.098,0.215,0.169,0.161,78000000.0,1541000000.0,1.0,406675898.0,407000000.0,413000000.0,29.877,12685000000.0,2427000000.0,-72000000.0,2219000000.0,31.167,2169000000.0
27,TEL,MRT,2014-09-30,2014-09-26,2014-09-26,2021-07-29,-17000000.0,20152000000.0,19023500000.0,8879000000.0,11273000000.0,0.629,21.968,-506000000.0,2457000000.0,2457000000.0,8001000000.0,1781000000.0,2.224,1.237,3858000000.0,577000000.0,3281000000.0,3858000000.0,176000000.0,551000000.0,0.0,0.137,8.08,2054000000.0,2605000000.0,0.218,2605000000.0,2054000000.0,1927000000.0,4.34,4.27,4.34,9007000000.0,8714500000.0,9007000000.0,25451740840.0,12.0,9.77,1577000000.0,3.846,1.0,3972000000.0,0.332,4813000000.0,127000000.0,12747000000.0,11310750000.0,1509000000.0,0.0,0.0,0.0,11139000000.0,3993000000.0,7146000000.0,24064740840.0,1054000000.0,-519000000.0,-422000000.0,939000000.0,-443000000.0,65000000.0,-1075000000.0,0.0,2083000000.0,-19000000.0,1781000000.0,1781000000.0,1781000000.0,-167000000.0,0.0,0.149,2167000000.0,1805000000.0,1230000000.0,1.862,2.672,13.512,13.548,2920000000.0,0.0,58.8,2.01,2.014,3094000000.0,4253000000.0,11973000000.0,11973000000.0,583000000.0,0.094,0.204,0.182,0.172,77000000.0,1534000000.0,1.0,409264300.0,410000000.0,417000000.0,29.202,15339000000.0,2371000000.0,146000000.0,2273000000.0,37.412,4886000000.0
28,TEL,MRT,2014-06-30,2014-06-27,2014-06-27,2021-07-29,357000000.0,18871000000.0,18600750000.0,6873000000.0,11998000000.0,0.586,21.619,-586000000.0,1613000000.0,1613000000.0,7299000000.0,1506000000.0,1.781,1.134,3000000000.0,625000000.0,2375000000.0,3000000000.0,119000000.0,487000000.0,0.0,0.13,8.04,1995000000.0,2482000000.0,0.228,2482000000.0,1995000000.0,1871000000.0,3.66,3.6,3.66,8842000000.0,8557750000.0,8842000000.0,26882467257.0,13.0,10.831,1341000000.0,3.279,1.0,3608000000.0,0.331,5527000000.0,124000000.0,10871000000.0,10768500000.0,1810000000.0,0.0,0.0,0.0,10023000000.0,3860000000.0,6163000000.0,25316467257.0,351000000.0,-10000000.0,-477000000.0,-11000000.0,-427000000.0,-917000000.0,-659000000.0,0.0,1927000000.0,0.0,1505000000.0,1505000000.0,1505000000.0,-76000000.0,1000000.0,0.138,1900000000.0,1708000000.0,1433000000.0,2.197,2.863,16.822,16.923,3154000000.0,0.0,61.94,2.321,2.323,3527000000.0,3590000000.0,10907000000.0,10907000000.0,537000000.0,0.081,0.176,0.185,0.183,70000000.0,1360000000.0,1.0,408725658.0,409000000.0,416000000.0,26.667,13344000000.0,2339000000.0,366000000.0,2333000000.0,32.626,3013000000.0
29,TEL,MRT,2014-03-31,2014-03-28,2014-03-28,2021-07-29,318000000.0,18628000000.0,18405500000.0,6566000000.0,12062000000.0,0.613,20.471,-570000000.0,1429000000.0,1429000000.0,7559000000.0,1438000000.0,1.607,1.219,2995000000.0,625000000.0,2370000000.0,2995000000.0,58000000.0,496000000.0,0.0,0.017,1.0,1926000000.0,2422000000.0,0.215,2422000000.0,1926000000.0,1794000000.0,3.48,3.43,3.48,8393000000.0,8317750000.0,8393000000.0,26013809973.0,14.0,10.741,1473000000.0,3.593,1.0,3722000000.0,0.33,5552000000.0,132000000.0,10555000000.0,10624500000.0,1850000000.0,0.0,0.0,0.0,10229000000.0,4087000000.0,6142000000.0,24412809973.0,356000000.0,-10000000.0,-634000000.0,-12000000.0,-412000000.0,-1058000000.0,-611000000.0,0.0,2043000000.0,-18000000.0,1437000000.0,1437000000.0,1437000000.0,-23000000.0,1000000.0,0.127,2039000000.0,1683000000.0,1421000000.0,0.287,2.909,16.989,17.101,3181000000.0,0.0,59.51,2.164,2.163,3415000000.0,3187000000.0,11281000000.0,11281000000.0,557000000.0,0.078,0.173,0.181,0.171,71000000.0,1420000000.0,1.0,410230381.0,410000000.0,417000000.0,27.515,13076000000.0,2351000000.0,357000000.0,2317000000.0,31.893,2479000000.0
30,TEL,MRT,2013-12-31,2013-12-27,2013-12-27,2021-07-29,327000000.0,18443000000.0,18283500000.0,6358000000.0,12085000000.0,0.633,20.964,-556000000.0,1397000000.0,1397000000.0,7803000000.0,1353000000.0,1.865,1.14,2998000000.0,383000000.0,2615000000.0,2998000000.0,76000000.0,533000000.0,0.0,0.018,0.96,1785000000.0,2318000000.0,0.2,2318000000.0,1785000000.0,1649000000.0,3.26,3.21,3.26,8616000000.0,8151250000.0,8616000000.0,23988702236.0,13.0,10.349,1483000000.0,3.608,1.0,3779000000.0,0.326,5565000000.0,136000000.0,11070000000.0,10642250000.0,1836000000.0,0.0,0.0,0.0,9821000000.0,3409000000.0,6412000000.0,22377702236.0,425000000.0,8000000.0,-632000000.0,-5000000.0,-398000000.0,-1035000000.0,-563000000.0,0.0,2039000000.0,-16000000.0,1352000000.0,1352000000.0,1352000000.0,0.0,1000000.0,0.117,2208000000.0,1571000000.0,1361000000.0,0.294,2.597,16.552,16.727,3164000000.0,0.0,54.53,1.932,1.935,3280000000.0,2825000000.0,11582000000.0,11582000000.0,583000000.0,0.074,0.166,0.168,0.154,72000000.0,1479000000.0,1.0,410374147.0,411000000.0,418000000.0,28.18,12878000000.0,2390000000.0,297000000.0,2300000000.0,31.333,2949000000.0
31,TEL,MRT,2013-09-30,2013-09-27,2013-09-27,2021-07-29,303000000.0,18461000000.0,18206750000.0,6309000000.0,12152000000.0,0.626,20.048,-559000000.0,1403000000.0,1403000000.0,7739000000.0,1277000000.0,1.608,1.202,3014000000.0,711000000.0,2303000000.0,3014000000.0,68000000.0,536000000.0,0.0,0.018,0.92,1340000000.0,1876000000.0,0.165,1876000000.0,1340000000.0,1201000000.0,3.05,3.02,3.05,8380000000.0,8029500000.0,8380000000.0,23243365061.0,17.0,12.39,1487000000.0,3.557,1.0,3651000000.0,0.321,5570000000.0,139000000.0,10578000000.0,10735250000.0,1762000000.0,0.0,0.0,0.0,10075000000.0,3924000000.0,6151000000.0,21487365061.0,-186000000.0,8000000.0,-630000000.0,-664000000.0,-384000000.0,-1678000000.0,-545000000.0,0.0,2046000000.0,-9000000.0,1276000000.0,1276000000.0,1276000000.0,0.0,1000000.0,0.112,2266000000.0,1385000000.0,1383000000.0,0.302,2.564,16.84,17.036,3166000000.0,0.0,51.96,1.887,1.907,3325000000.0,2472000000.0,11390000000.0,11390000000.0,590000000.0,0.07,0.159,0.125,0.118,71000000.0,1440000000.0,1.0,413536664.0,418000000.0,423000000.0,27.249,12891000000.0,2480000000.0,-75000000.0,2300000000.0,30.84,2385000000.0
32,TEL,MRT,2013-06-30,2013-06-28,2013-06-28,2021-07-29,72000000.0,18090000000.0,18418000000.0,6018000000.0,12072000000.0,0.717,18.993,-531000000.0,1262000000.0,1262000000.0,8975000000.0,1285000000.0,1.503,1.294,3018000000.0,711000000.0,2307000000.0,3018000000.0,93000000.0,613000000.0,0.0,0.019,0.88,1328000000.0,1941000000.0,0.147,1941000000.0,1328000000.0,1175000000.0,3.06,3.02,3.06,7882000000.0,7927250000.0,7882000000.0,20875562658.0,16.0,10.755,1635000000.0,3.94,1.0,4237000000.0,0.321,5548000000.0,153000000.0,10295000000.0,11031750000.0,1762000000.0,0.0,0.0,0.0,10202000000.0,4003000000.0,6199000000.0,18918562658.0,-40000000.0,0.0,-625000000.0,-715000000.0,-370000000.0,-1710000000.0,-497000000.0,0.0,2166000000.0,1000000.0,1285000000.0,1285000000.0,1285000000.0,0.0,0.0,0.097,2745000000.0,1492000000.0,1357000000.0,0.288,2.4,14.723,14.882,3071000000.0,0.0,45.54,1.432,1.43,3241000000.0,2085000000.0,13212000000.0,13212000000.0,674000000.0,0.07,0.162,0.12,0.101,75000000.0,1774000000.0,1.0,415427375.0,415000000.0,421000000.0,31.836,12542000000.0,2482000000.0,-110000000.0,2240000000.0,30.222,2015000000.0
33,TEL,MRT,2013-03-31,2013-03-29,2013-03-29,2021-07-29,134000000.0,18140000000.0,18631000000.0,5864000000.0,12276000000.0,0.712,18.398,-496000000.0,1073000000.0,1073000000.0,9139000000.0,1149000000.0,1.503,1.347,3030000000.0,715000000.0,2315000000.0,3030000000.0,106000000.0,640000000.0,0.0,0.02,0.84,1199000000.0,1839000000.0,0.139,1839000000.0,1199000000.0,1034000000.0,2.71,2.68,2.71,7727000000.0,7890250000.0,7727000000.0,19687531654.0,16.0,10.706,1559000000.0,3.712,1.0,4123000000.0,0.311,5570000000.0,165000000.0,10626000000.0,11369750000.0,1803000000.0,0.0,0.0,0.0,10407000000.0,3901000000.0,6506000000.0,17621531654.0,-1793000000.0,-990000000.0,-435000000.0,-1575000000.0,-356000000.0,-2368000000.0,-1471000000.0,0.0,2055000000.0,-9000000.0,1149000000.0,1149000000.0,1149000000.0,3000000.0,0.0,0.087,2699000000.0,1424000000.0,1348000000.0,0.31,2.281,15.336,15.472,3114000000.0,0.0,41.93,1.329,1.328,3177000000.0,1750000000.0,13262000000.0,13262000000.0,680000000.0,0.062,0.146,0.105,0.09,73000000.0,1741000000.0,1.0,420260712.0,420000000.0,424000000.0,31.576,12570000000.0,2627000000.0,-115000000.0,2347000000.0,29.929,1963000000.0
34,TEL,MRT,2012-12-31,2012-12-28,2012-12-28,2021-07-29,256000000.0,18136000000.0,18853250000.0,5753000000.0,12383000000.0,0.703,19.263,-509000000.0,972000000.0,972000000.0,9154000000.0,1130000000.0,1.849,1.23,3038000000.0,351000000.0,2687000000.0,3038000000.0,112000000.0,620000000.0,0.0,0.022,0.81,1219000000.0,1839000000.0,0.139,1839000000.0,1219000000.0,1045000000.0,2.65,2.63,2.65,8129000000.0,7877000000.0,8129000000.0,17478289738.0,14.0,9.504,1623000000.0,3.846,1.0,4092000000.0,0.309,5649000000.0,174000000.0,11442000000.0,11682000000.0,1808000000.0,0.0,0.0,0.0,10002000000.0,3111000000.0,6891000000.0,15356289738.0,-417000000.0,-990000000.0,-271000000.0,-437000000.0,-344000000.0,-1063000000.0,-1489000000.0,0.0,2132000000.0,3000000.0,1129000000.0,1129000000.0,1129000000.0,2000000.0,1000000.0,0.085,2642000000.0,1450000000.0,1264000000.0,0.306,1.889,13.602,13.713,3187000000.0,0.0,36.34,1.159,1.158,3165000000.0,1473000000.0,13246000000.0,13246000000.0,682000000.0,0.06,0.143,0.104,0.092,72000000.0,1730000000.0,1.0,422572640.0,422000000.0,426000000.0,31.389,12487000000.0,2605000000.0,-84000000.0,2329000000.0,29.59,2642000000.0
35,TEL,MRT,2012-09-30,2012-09-28,2012-09-28,2021-07-29,229000000.0,19306000000.0,18700000000.0,6503000000.0,12803000000.0,0.71,18.711,-510000000.0,1589000000.0,1589000000.0,9236000000.0,1115000000.0,1.624,1.421,3711000000.0,1015000000.0,2696000000.0,3711000000.0,121000000.0,609000000.0,0.0,0.023,0.78,1537000000.0,2146000000.0,0.162,2146000000.0,1537000000.0,1361000000.0,2.61,2.59,2.61,7971000000.0,7740000000.0,7971000000.0,17006803510.0,11.0,7.925,1437000000.0,3.373,1.0,4046000000.0,0.305,5660000000.0,176000000.0,11764000000.0,11559500000.0,1808000000.0,0.0,0.0,0.0,11329000000.0,4004000000.0,7325000000.0,14549803510.0,371000000.0,-990000000.0,-125000000.0,406000000.0,-332000000.0,-65000000.0,-1510000000.0,0.0,1947000000.0,-1000000.0,1112000000.0,1112000000.0,1112000000.0,0.0,3000000.0,0.084,2528000000.0,1518000000.0,1292000000.0,0.299,1.825,13.084,13.031,3213000000.0,0.0,34.01,1.095,1.091,3523000000.0,1196000000.0,13282000000.0,13282000000.0,688000000.0,0.059,0.144,0.133,0.116,68000000.0,1685000000.0,1.0,427809571.0,426000000.0,430000000.0,31.178,13646000000.0,2749000000.0,249000000.0,2759000000.0,32.033,2499000000.0
36,TEL,MRT,2012-06-30,2012-06-29,2012-06-29,2021-07-29,226000000.0,18942000000.0,18304250000.0,6432000000.0,12510000000.0,0.747,18.07,-569000000.0,1302000000.0,1302000000.0,9505000000.0,1046000000.0,1.58,1.448,3759000000.0,1066000000.0,2693000000.0,3759000000.0,99000000.0,598000000.0,0.0,0.024,0.75,1584000000.0,2182000000.0,0.16,2182000000.0,1584000000.0,1409000000.0,2.43,2.42,2.43,7734000000.0,7615750000.0,7734000000.0,14749916974.0,9.0,6.76,1295000000.0,3.026,1.0,4166000000.0,0.305,5682000000.0,175000000.0,11647000000.0,11579250000.0,1868000000.0,0.0,0.0,0.0,11202000000.0,4070000000.0,7132000000.0,13643916974.0,91000000.0,-990000000.0,-284000000.0,456000000.0,-319000000.0,-163000000.0,-1578000000.0,0.0,1864000000.0,-32000000.0,1042000000.0,1042000000.0,1042000000.0,0.0,4000000.0,0.076,2604000000.0,1562000000.0,1383000000.0,0.309,1.764,13.094,13.132,3136000000.0,0.0,31.91,0.998,0.999,3563000000.0,800000000.0,13671000000.0,13671000000.0,717000000.0,0.057,0.137,0.137,0.116,65000000.0,1700000000.0,1.0,427574960.0,428000000.0,431000000.0,31.942,13260000000.0,2639000000.0,367000000.0,2766000000.0,30.981,2362000000.0
37,TEL,MRT,2012-03-31,2012-03-30,2012-03-30,2021-07-29,389000000.0,19029000000.0,18076750000.0,8311000000.0,10718000000.0,0.761,17.972,-557000000.0,2866000000.0,2866000000.0,9515000000.0,1204000000.0,1.901,1.478,3972000000.0,1285000000.0,2687000000.0,3972000000.0,98000000.0,567000000.0,0.0,0.02,0.72,1713000000.0,2280000000.0,0.166,2280000000.0,1713000000.0,1547000000.0,2.78,2.76,2.78,7674000000.0,7576000000.0,7674000000.0,17118083689.0,10.0,7.508,1240000000.0,2.904,1.0,4236000000.0,0.308,3889000000.0,166000000.0,11875000000.0,11545250000.0,1833000000.0,0.0,0.0,0.0,11346000000.0,4371000000.0,6975000000.0,15662083689.0,1628000000.0,-14000000.0,-538000000.0,1222000000.0,-308000000.0,355000000.0,-524000000.0,0.0,1797000000.0,0.0,1198000000.0,1198000000.0,1198000000.0,0.0,6000000.0,0.087,2585000000.0,1651000000.0,1367000000.0,0.259,2.041,13.074,13.219,3107000000.0,0.0,36.75,1.139,1.141,3455000000.0,601000000.0,13751000000.0,13751000000.0,722000000.0,0.066,0.158,0.148,0.125,67000000.0,1718000000.0,1.0,426179148.0,427000000.0,431000000.0,32.204,15140000000.0,2692000000.0,349000000.0,2597000000.0,35.457,3940000000.0
38,TEL,MRT,2011-12-31,2011-12-30,2011-12-30,2021-07-29,250000000.0,17523000000.0,17839500000.0,6577000000.0,10946000000.0,0.776,17.838,-525000000.0,1390000000.0,1390000000.0,9618000000.0,1246000000.0,1.722,1.31,2846000000.0,896000000.0,1950000000.0,2846000000.0,97000000.0,572000000.0,0.0,0.023,0.7,1732000000.0,2304000000.0,0.166,2304000000.0,1732000000.0,1567000000.0,2.85,2.83,2.85,7581000000.0,7488750000.0,7581000000.0,14527342920.0,8.0,6.305,1307000000.0,3.075,1.0,4223000000.0,0.305,4207000000.0,165000000.0,10952000000.0,11467250000.0,1918000000.0,0.0,0.0,0.0,9933000000.0,3820000000.0,6113000000.0,13077342920.0,-17000000.0,-14000000.0,-769000000.0,-386000000.0,-302000000.0,-1472000000.0,-376000000.0,118000000.0,1832000000.0,-1000000.0,1240000000.0,1240000000.0,1240000000.0,0.0,6000000.0,0.09,2565000000.0,1658000000.0,1393000000.0,0.246,1.725,10.546,10.811,3090000000.0,0.0,30.81,0.945,0.946,3309000000.0,344000000.0,13841000000.0,13841000000.0,722000000.0,0.07,0.166,0.151,0.125,66000000.0,1722000000.0,1.0,424451247.0,425000000.0,429000000.0,32.567,13316000000.0,2725000000.0,327000000.0,2472000000.0,31.332,2757000000.0
39,TEL,MRT,2011-09-30,2011-09-30,2011-09-30,2021-07-29,428000000.0,17723000000.0,17984250000.0,6981000000.0,10742000000.0,0.766,17.064,-509000000.0,1218000000.0,1218000000.0,9507000000.0,1250000000.0,2.047,1.37,2667000000.0,0.0,2667000000.0,2667000000.0,143000000.0,564000000.0,0.0,0.024,0.68,1753000000.0,2317000000.0,0.168,2317000000.0,1753000000.0,1592000000.0,2.84,2.81,2.84,7474000000.0,7428250000.0,7474000000.0,13638616127.0,8.0,5.886,1270000000.0,2.9,1.0,4271000000.0,0.31,3919000000.0,161000000.0,11843000000.0,11636750000.0,1878000000.0,0.0,0.0,0.0,10239000000.0,3410000000.0,6829000000.0,12195616127.0,-771000000.0,-731000000.0,-785000000.0,-416000000.0,-296000000.0,-1512000000.0,-1043000000.0,155000000.0,1779000000.0,5000000.0,1245000000.0,1245000000.0,1245000000.0,0.0,5000000.0,0.09,2584000000.0,1687000000.0,1454000000.0,0.239,1.632,9.796,9.908,3140000000.0,0.0,28.14,0.885,0.895,3407000000.0,84000000.0,13778000000.0,13778000000.0,701000000.0,0.069,0.168,0.151,0.127,71000000.0,1728000000.0,1.0,433390765.0,438000000.0,443000000.0,31.457,13804000000.0,2766000000.0,347000000.0,2455000000.0,31.516,3571000000.0
40,TEL,MRT,2011-06-30,2011-06-24,2011-06-24,2021-07-29,576000000.0,18032000000.0,17801500000.0,6860000000.0,11172000000.0,0.723,17.334,-432000000.0,1212000000.0,1212000000.0,8890000000.0,1222000000.0,1.859,1.379,2655000000.0,1000000.0,2654000000.0,2655000000.0,104000000.0,538000000.0,0.0,0.019,0.66,1753000000.0,2291000000.0,0.178,2291000000.0,1753000000.0,1596000000.0,2.74,2.72,2.74,7575000000.0,7321750000.0,7575000000.0,16750709041.0,10.0,7.312,1191000000.0,2.725,1.0,3976000000.0,0.309,4273000000.0,157000000.0,11511000000.0,11264000000.0,1996000000.0,0.0,0.0,0.0,10446000000.0,3691000000.0,6755000000.0,15245709041.0,-603000000.0,-711000000.0,-581000000.0,-416000000.0,-291000000.0,-1307000000.0,-955000000.0,155000000.0,1623000000.0,36000000.0,1216000000.0,1216000000.0,1216000000.0,0.0,6000000.0,0.095,2406000000.0,1570000000.0,1612000000.0,0.241,2.013,12.538,12.653,3147000000.0,0.0,34.67,1.185,1.178,3669000000.0,-242000000.0,12866000000.0,12866000000.0,650000000.0,0.068,0.166,0.156,0.136,119000000.0,1615000000.0,1.0,439737786.0,437000000.0,442000000.0,29.442,13759000000.0,2710000000.0,380000000.0,2358000000.0,31.485,3169000000.0
41,TEL,MRT,2011-03-31,2011-03-25,2011-03-25,2021-07-29,447000000.0,18080000000.0,17410750000.0,6743000000.0,11337000000.0,0.711,16.535,-427000000.0,1239000000.0,1239000000.0,8498000000.0,1196000000.0,1.798,1.467,2744000000.0,185000000.0,2559000000.0,2744000000.0,132000000.0,524000000.0,0.0,0.019,0.64,1801000000.0,2325000000.0,0.188,2325000000.0,1801000000.0,1645000000.0,2.66,2.64,2.66,7325000000.0,7126000000.0,7325000000.0,17012097996.0,9.0,7.317,1133000000.0,2.558,1.0,3873000000.0,0.313,4272000000.0,156000000.0,11563000000.0,10931000000.0,1912000000.0,0.0,0.0,0.0,10744000000.0,3750000000.0,6994000000.0,15204097996.0,-600000000.0,-712000000.0,-530000000.0,-321000000.0,-284000000.0,-1150000000.0,-1033000000.0,155000000.0,1560000000.0,23000000.0,1191000000.0,1191000000.0,1191000000.0,0.0,5000000.0,0.096,2296000000.0,1577000000.0,1558000000.0,0.241,2.076,12.766,12.831,3129000000.0,0.0,34.13,1.229,1.222,3645000000.0,-596000000.0,12371000000.0,12371000000.0,619000000.0,0.068,0.167,0.165,0.146,100000000.0,1549000000.0,1.0,445476062.0,443000000.0,449000000.0,27.926,13808000000.0,2810000000.0,454000000.0,2508000000.0,31.169,2993000000.0
42,TEL,MRT,2010-12-31,2010-12-24,2010-12-24,2021-07-29,240000000.0,18102000000.0,17028750000.0,6788000000.0,11314000000.0,0.704,16.529,-399000000.0,1407000000.0,1407000000.0,8166000000.0,1202000000.0,1.755,1.466,3215000000.0,660000000.0,2555000000.0,3215000000.0,159000000.0,509000000.0,0.0,0.018,0.64,1867000000.0,2376000000.0,0.198,2376000000.0,1867000000.0,1716000000.0,2.66,2.63,2.66,7339000000.0,6991750000.0,7339000000.0,16231569021.0,9.0,6.831,1104000000.0,2.486,1.0,3823000000.0,0.319,4412000000.0,151000000.0,11630000000.0,10609000000.0,1836000000.0,0.0,0.0,0.0,10756000000.0,3868000000.0,6888000000.0,15808569021.0,-288000000.0,-767000000.0,-480000000.0,149000000.0,-286000000.0,-633000000.0,-1171000000.0,37000000.0,1503000000.0,13000000.0,1196000000.0,1196000000.0,1196000000.0,0.0,6000000.0,0.1,2240000000.0,1583000000.0,1485000000.0,0.241,2.154,13.218,13.395,3075000000.0,0.0,35.63,1.319,1.32,3561000000.0,-895000000.0,11989000000.0,11989000000.0,588000000.0,0.07,0.171,0.176,0.156,83000000.0,1524000000.0,1.0,443687034.0,444000000.0,449000000.0,27.002,13690000000.0,2682000000.0,520000000.0,2498000000.0,30.833,2920000000.0
43,TEL,MRT,2010-09-30,2010-09-24,2010-09-24,2021-07-29,246000000.0,16992000000.0,16574000000.0,6731000000.0,10261000000.0,0.705,15.558,-364000000.0,1990000000.0,1990000000.0,8038000000.0,1109000000.0,1.945,1.41,2413000000.0,106000000.0,2307000000.0,2413000000.0,164000000.0,514000000.0,0.0,0.022,0.64,1734000000.0,2248000000.0,0.192,2248000000.0,1734000000.0,1579000000.0,2.43,2.41,2.43,7048000000.0,6906500000.0,7048000000.0,13678264866.0,8.0,6.085,1315000000.0,2.903,1.0,3643000000.0,0.312,3603000000.0,155000000.0,10352000000.0,10376750000.0,1583000000.0,0.0,0.0,0.0,9936000000.0,3460000000.0,6476000000.0,13078264866.0,469000000.0,-38000000.0,-476000000.0,0.0,-289000000.0,-779000000.0,-442000000.0,1000000.0,1679000000.0,11000000.0,1103000000.0,1103000000.0,1103000000.0,0.0,6000000.0,0.094,2191000000.0,1452000000.0,1386000000.0,0.263,1.856,11.857,12.041,2867000000.0,0.0,29.26,1.12,1.135,3386000000.0,-1161000000.0,11681000000.0,11681000000.0,563000000.0,0.067,0.16,0.167,0.148,61000000.0,1490000000.0,1.0,446967357.0,453000000.0,457000000.0,25.786,13389000000.0,2695000000.0,476000000.0,2437000000.0,29.556,3271000000.0
44,TEL,MRT,2010-06-30,2010-06-25,2010-06-25,2021-07-29,207000000.0,16469000000.0,16330500000.0,6333000000.0,10136000000.0,0.712,15.06,-298000000.0,1815000000.0,1815000000.0,8156000000.0,902000000.0,1.898,1.424,2415000000.0,107000000.0,2308000000.0,2415000000.0,165000000.0,528000000.0,0.0,0.023,0.64,1403000000.0,1931000000.0,0.166,1931000000.0,1403000000.0,1248000000.0,1.99,1.97,1.99,6792000000.0,6893500000.0,6792000000.0,13070410000.0,9.0,6.769,1449000000.0,3.213,1.0,3475000000.0,0.299,3553000000.0,155000000.0,10179000000.0,10471750000.0,1586000000.0,0.0,0.0,0.0,9669000000.0,3337000000.0,6332000000.0,12495410000.0,557000000.0,-59000000.0,-360000000.0,-141000000.0,-291000000.0,-803000000.0,-375000000.0,1000000.0,1747000000.0,-12000000.0,897000000.0,897000000.0,897000000.0,-166000000.0,5000000.0,0.077,2165000000.0,1310000000.0,1394000000.0,0.322,1.84,13.93,13.844,2787000000.0,0.0,27.55,1.074,1.068,3372000000.0,-1459000000.0,11631000000.0,11631000000.0,558000000.0,0.055,0.13,0.134,0.121,50000000.0,1487000000.0,1.0,453553902.0,451000000.0,456000000.0,25.789,12916000000.0,2572000000.0,351000000.0,2420000000.0,28.639,2996000000.0
45,TEL,MRT,2010-03-31,2010-03-26,2010-03-26,2021-07-29,317000000.0,16552000000.0,16286250000.0,6111000000.0,10441000000.0,0.679,14.853,-265000000.0,1839000000.0,1839000000.0,7978000000.0,496000000.0,1.863,1.437,2414000000.0,101000000.0,2313000000.0,2414000000.0,162000000.0,529000000.0,0.0,0.023,0.64,862000000.0,1391000000.0,0.126,1391000000.0,862000000.0,703000000.0,1.09,1.08,1.09,6788000000.0,6963250000.0,6788000000.0,13427831560.0,16.0,9.653,1437000000.0,3.144,1.0,3077000000.0,0.278,3572000000.0,159000000.0,10275000000.0,10782250000.0,1550000000.0,0.0,0.0,0.0,9756000000.0,3280000000.0,6476000000.0,12707831560.0,1117000000.0,631000000.0,-161000000.0,-477000000.0,-293000000.0,-944000000.0,364000000.0,1000000.0,1702000000.0,-5000000.0,490000000.0,490000000.0,490000000.0,-66000000.0,6000000.0,0.044,2170000000.0,907000000.0,1304000000.0,0.587,1.872,25.934,25.394,2896000000.0,0.0,27.68,1.15,1.144,3252000000.0,-1798000000.0,11055000000.0,11055000000.0,541000000.0,0.03,0.07,0.08,0.078,50000000.0,1442000000.0,1.0,459097961.0,457000000.0,461000000.0,24.19,12980000000.0,2692000000.0,213000000.0,2539000000.0,28.403,2831000000.0
46,TEL,MRT,2009-12-31,2009-12-25,2009-12-25,2021-07-29,413000000.0,16283000000.0,16353250000.0,5820000000.0,10463000000.0,0.638,15.246,-278000000.0,1695000000.0,1695000000.0,7782000000.0,-3047000000.0,2.108,1.326,2415000000.0,101000000.0,2314000000.0,2415000000.0,174000000.0,526000000.0,0.0,0.027,0.64,-3406000000.0,-2880000000.0,-0.276,-2880000000.0,-3406000000.0,-3568000000.0,-6.65,-6.65,-6.65,6998000000.0,7034000000.0,6998000000.0,11977683959.0,-4.0,-4.159,1348000000.0,2.937,1.0,2653000000.0,0.254,3541000000.0,162000000.0,10701000000.0,11290500000.0,1458000000.0,0.0,0.0,0.0,9276000000.0,2761000000.0,6515000000.0,11081683959.0,1150000000.0,698000000.0,-16000000.0,-575000000.0,-294000000.0,-890000000.0,420000000.0,1000000.0,1626000000.0,-6000000.0,-3052000000.0,-3052000000.0,-3052000000.0,-67000000.0,5000000.0,-0.292,5941000000.0,-3288000000.0,1221000000.0,-0.096,1.584,-3.631,-3.632,3008000000.0,0.0,24.15,1.062,1.062,3231000000.0,-2102000000.0,10435000000.0,10435000000.0,530000000.0,-0.187,-0.434,-0.302,-0.326,50000000.0,1365000000.0,1.0,458868901.0,459000000.0,462000000.0,22.734,12742000000.0,2639000000.0,-516000000.0,2486000000.0,27.76,3059000000.0
47,TEL,MRT,2009-09-30,2009-09-25,2009-09-25,2021-07-29,455000000.0,16018000000.0,17344000000.0,5579000000.0,10439000000.0,0.591,15.242,-315000000.0,1521000000.0,1521000000.0,7720000000.0,-3259000000.0,2.133,1.288,2417000000.0,101000000.0,2316000000.0,2417000000.0,203000000.0,515000000.0,0.0,0.028,0.64,-3667000000.0,-3152000000.0,-0.307,-3152000000.0,-3667000000.0,-3832000000.0,-7.11,-7.11,-7.11,6996000000.0,7911750000.0,6996000000.0,11668617963.0,-3.0,-3.702,1014000000.0,2.209,1.0,2536000000.0,0.247,3567000000.0,165000000.0,10732000000.0,11744000000.0,1435000000.0,0.0,0.0,0.0,9012000000.0,2615000000.0,6397000000.0,10347617963.0,435000000.0,709000000.0,-151000000.0,-803000000.0,-294000000.0,-1254000000.0,391000000.0,0.0,1329000000.0,-31000000.0,-3265000000.0,-3265000000.0,-3265000000.0,0.0,6000000.0,-0.318,6010000000.0,-3474000000.0,1068000000.0,-0.09,1.479,-3.169,-3.173,3111000000.0,0.0,22.56,1.009,1.01,3105000000.0,-2264000000.0,10256000000.0,10256000000.0,536000000.0,-0.188,-0.413,-0.312,-0.358,50000000.0,1408000000.0,1.0,458671009.0,459000000.0,459000000.0,22.344,12451000000.0,2558000000.0,-567000000.0,2318000000.0,27.126,2964000000.0
48,TEL,MRT,2009-06-30,2009-06-26,2009-06-26,2021-07-29,598000000.0,16292000000.0,18739500000.0,5558000000.0,10734000000.0,0.594,15.439,-421000000.0,1258000000.0,1258000000.0,8281000000.0,-3235000000.0,2.117,1.303,2579000000.0,1000000.0,2578000000.0,2579000000.0,168000000.0,522000000.0,0.0,0.034,0.62,-3596000000.0,-3074000000.0,-0.276,-3074000000.0,-3596000000.0,-3767000000.0,-7.07,-7.07,-7.07,7071000000.0,8931000000.0,7071000000.0,10598406872.0,-3.0,-3.448,1004000000.0,2.192,1.0,2853000000.0,0.256,3567000000.0,171000000.0,11421000000.0,12336250000.0,1640000000.0,0.0,0.0,0.0,9211000000.0,2625000000.0,6586000000.0,8405406872.0,546000000.0,1176000000.0,-559000000.0,-683000000.0,-287000000.0,-1580000000.0,740000000.0,0.0,1425000000.0,-39000000.0,-3245000000.0,-3245000000.0,-3245000000.0,240000000.0,10000000.0,-0.291,6298000000.0,-3445000000.0,951000000.0,-0.088,1.189,-2.59,-2.595,3106000000.0,0.0,18.35,0.755,0.755,3041000000.0,-2361000000.0,11134000000.0,11134000000.0,560000000.0,-0.173,-0.363,-0.291,-0.323,55000000.0,1466000000.0,1.0,458060320.0,458000000.0,459000000.0,24.31,12725000000.0,2780000000.0,-522000000.0,2657000000.0,27.784,2933000000.0
49,TEL,MRT,2009-03-31,2009-03-27,2009-03-27,2021-07-29,454000000.0,16820000000.0,20195000000.0,5487000000.0,11333000000.0,0.614,15.439,-518000000.0,722000000.0,722000000.0,9043000000.0,-2830000000.0,1.955,1.377,2915000000.0,1000000.0,2914000000.0,2915000000.0,196000000.0,520000000.0,0.0,0.05,0.6,-3002000000.0,-2482000000.0,-0.2,-2482000000.0,-3002000000.0,-3175000000.0,-6.21,-6.22,-6.21,7071000000.0,10061000000.0,7071000000.0,7960986743.0,-3.0,-3.207,981000000.0,2.142,1.0,3365000000.0,0.271,3898000000.0,173000000.0,12308000000.0,12840500000.0,1989000000.0,0.0,0.0,0.0,9740000000.0,2807000000.0,6933000000.0,5486986743.0,-22000000.0,501000000.0,-776000000.0,-346000000.0,-282000000.0,-1437000000.0,-42000000.0,0.0,1499000000.0,-42000000.0,-2838000000.0,-2838000000.0,-2838000000.0,95000000.0,8000000.0,-0.229,6359000000.0,-2994000000.0,901000000.0,-0.097,0.776,-1.933,-1.929,3284000000.0,0.0,11.98,0.442,0.442,3015000000.0,-2286000000.0,12408000000.0,12408000000.0,582000000.0,-0.141,-0.282,-0.234,-0.242,55000000.0,1545000000.0,1.0,458012249.0,458000000.0,458000000.0,27.092,12922000000.0,2873000000.0,-337000000.0,2596000000.0,28.214,2680000000.0
50,TEL,MRT,2008-12-31,2008-12-26,2008-12-26,2021-07-29,592000000.0,20246000000.0,21608750000.0,5809000000.0,14437000000.0,0.636,22.895,-557000000.0,545000000.0,545000000.0,9932000000.0,708000000.0,2.138,0.926,3019000000.0,1000000.0,3018000000.0,3019000000.0,203000000.0,532000000.0,0.0,0.038,0.58,1310000000.0,1842000000.0,0.134,1842000000.0,1310000000.0,1129000000.0,1.48,1.47,1.48,10509000000.0,11185750000.0,10509000000.0,9064648244.0,7.0,4.921,72000000.0,0.157,1.0,3801000000.0,0.277,7488000000.0,181000000.0,12515000000.0,13149250000.0,2306000000.0,0.0,0.0,0.0,9727000000.0,2717000000.0,7010000000.0,6969648244.0,-372000000.0,489000000.0,-1127000000.0,-354000000.0,-275000000.0,-1806000000.0,834000000.0,0.0,629000000.0,-29000000.0,701000000.0,701000000.0,701000000.0,97000000.0,7000000.0,0.051,2497000000.0,1304000000.0,1232000000.0,0.392,0.663,9.942,10.291,3406000000.0,0.0,15.23,0.508,0.509,3427000000.0,1026000000.0,13733000000.0,13733000000.0,451000000.0,0.032,0.063,0.1,0.095,55000000.0,1637000000.0,1.0,457626280.0,459000000.0,461000000.0,29.919,12758000000.0,2256000000.0,428000000.0,2584000000.0,27.795,3092000000.0
51,TEL,MRT,2008-09-30,2008-09-26,2008-09-26,2021-07-29,929000000.0,21600000000.0,22789250000.0,7635000000.0,13965000000.0,0.631,22.925,-568000000.0,1090000000.0,1090000000.0,10200000000.0,1692000000.0,2.254,0.95,3181000000.0,20000000.0,3161000000.0,3181000000.0,207000000.0,539000000.0,0.0,0.02,0.56,2431000000.0,2970000000.0,0.207,2970000000.0,2431000000.0,2241000000.0,3.49,3.47,3.49,11073000000.0,11415750000.0,11073000000.0,15398600180.0,6.0,5.185,421000000.0,0.872,1.0,4173000000.0,0.29,7203000000.0,190000000.0,13101000000.0,13380250000.0,2159000000.0,0.0,0.0,0.0,10517000000.0,3387000000.0,7130000000.0,12936600180.0,146000000.0,568000000.0,-1188000000.0,-221000000.0,-271000000.0,-1739000000.0,895000000.0,0.0,989000000.0,1000000.0,1687000000.0,1687000000.0,1687000000.0,0.0,5000000.0,0.117,2510000000.0,1663000000.0,1433000000.0,0.16,1.168,7.668,7.848,3342000000.0,0.0,27.39,0.9,0.92,3874000000.0,1141000000.0,14373000000.0,14373000000.0,593000000.0,0.074,0.148,0.182,0.169,55000000.0,1573000000.0,1.0,472311069.0,483000000.0,486000000.0,29.758,14397000000.0,2119000000.0,554000000.0,2580000000.0,29.807,4248000000.0
52,TEL,MRT,2008-06-30,2008-06-27,2008-06-27,2021-07-29,1295000000.0,22114000000.0,23311250000.0,7137000000.0,14977000000.0,0.605,24.249,-530000000.0,730000000.0,730000000.0,9881000000.0,1836000000.0,2.087,0.907,3192000000.0,21000000.0,3171000000.0,3192000000.0,294000000.0,514000000.0,0.0,0.012,0.42,2671000000.0,3185000000.0,0.226,3185000000.0,2671000000.0,2471000000.0,3.74,3.72,3.74,11591000000.0,11491750000.0,11591000000.0,19670222014.0,7.0,6.176,464000000.0,0.971,1.0,4224000000.0,0.299,7719000000.0,200000000.0,13438000000.0,13159250000.0,2427000000.0,0.0,0.0,0.0,10513000000.0,3419000000.0,7094000000.0,17223222014.0,-41000000.0,102000000.0,-768000000.0,-538000000.0,-205000000.0,-1546000000.0,468000000.0,0.0,994000000.0,43000000.0,1836000000.0,1836000000.0,1836000000.0,-178000000.0,0.0,0.13,2381000000.0,1843000000.0,1573000000.0,0.112,1.486,9.381,9.634,3642000000.0,0.0,36.03,1.221,1.221,4141000000.0,928000000.0,14105000000.0,14105000000.0,684000000.0,0.079,0.16,0.203,0.189,0.0,1540000000.0,1.0,478024480.0,478000000.0,482000000.0,29.508,14395000000.0,2223000000.0,635000000.0,2608000000.0,30.115,3718000000.0
53,TEL,MRT,2008-03-31,2008-03-28,2008-03-28,2021-07-29,1291000000.0,22475000000.0,23549000000.0,7288000000.0,15187000000.0,0.578,23.807,-508000000.0,748000000.0,748000000.0,9653000000.0,138000000.0,1.998,0.942,3195000000.0,22000000.0,3173000000.0,3195000000.0,325000000.0,516000000.0,0.0,0.008,0.28,942000000.0,1458000000.0,0.107,1458000000.0,942000000.0,729000000.0,0.3,0.29,0.3,11570000000.0,11326750000.0,11570000000.0,18857258821.0,20.0,12.934,385000000.0,0.792,1.0,3962000000.0,0.291,7731000000.0,213000000.0,13543000000.0,12203000000.0,2427000000.0,0.0,0.0,0.0,10894000000.0,3648000000.0,7246000000.0,16489258821.0,238000000.0,102000000.0,-551000000.0,-755000000.0,-136000000.0,-295000000.0,-411000000.0,0.0,893000000.0,51000000.0,138000000.0,138000000.0,138000000.0,302000000.0,0.0,0.01,3141000000.0,821000000.0,1527000000.0,0.933,1.425,119.487,112.767,3618000000.0,0.0,33.83,1.211,1.208,4196000000.0,665000000.0,13615000000.0,13615000000.0,532000000.0,0.006,0.012,0.077,0.069,0.0,1534000000.0,1.0,487415277.0,486000000.0,489000000.0,28.014,14744000000.0,2323000000.0,591000000.0,2806000000.0,30.337,3640000000.0
54,TEL,MRT,2007-12-31,2007-12-28,2007-12-28,2021-07-29,1078000000.0,24968000000.0,22771250000.0,9779000000.0,15189000000.0,0.578,23.042,-499000000.0,916000000.0,916000000.0,9333000000.0,114000000.0,1.585,1.184,3284000000.0,24000000.0,3260000000.0,3284000000.0,296000000.0,502000000.0,0.0,0.004,0.14,849000000.0,1351000000.0,0.103,1351000000.0,849000000.0,627000000.0,0.24,0.23,0.24,11429000000.0,11339000000.0,11429000000.0,21123552590.0,25.0,15.635,1200000000.0,2.419,1.0,3824000000.0,0.291,7728000000.0,222000000.0,13439000000.0,11620250000.0,2343000000.0,0.0,0.0,0.0,13527000000.0,6169000000.0,7358000000.0,18681552590.0,444000000.0,102000000.0,-200000000.0,-636000000.0,-70000000.0,41000000.0,-1341000000.0,0.0,1699000000.0,45000000.0,114000000.0,114000000.0,114000000.0,305000000.0,0.0,0.009,3085000000.0,739000000.0,1459000000.0,0.583,1.635,163.873,157.5,3546000000.0,0.0,37.8,1.42,1.425,4156000000.0,432000000.0,13157000000.0,13157000000.0,532000000.0,0.005,0.01,0.073,0.065,0.0,1518000000.0,1.0,494220968.0,496000000.0,499000000.0,26.526,17240000000.0,2374000000.0,513000000.0,2848000000.0,34.758,3610000000.0
55,TEL,MRT,2007-09-30,2007-09-28,2007-09-28,2021-07-29,1052000000.0,23688000000.0,21389500000.0,9996000000.0,13692000000.0,0.588,22.891,-822000000.0,942000000.0,942000000.0,8855000000.0,-554000000.0,1.611,1.081,3378000000.0,5000000.0,3373000000.0,3378000000.0,181000000.0,496000000.0,0.0,0.004,0.14,143000000.0,639000000.0,0.051,639000000.0,143000000.0,-89000000.0,-1.11,-1.11,-1.11,11377000000.0,11268500000.0,11377000000.0,20576563508.0,144.0,32.201,703000000.0,1.414,1.0,3719000000.0,0.296,7703000000.0,232000000.0,12217000000.0,11820500000.0,2049000000.0,0.0,0.0,0.0,12296000000.0,6204000000.0,6092000000.0,17615563508.0,474000000.0,227000000.0,13000000.0,-522000000.0,0.0,431000000.0,-1528000000.0,0.0,1525000000.0,46000000.0,-554000000.0,-554000000.0,-554000000.0,340000000.0,0.0,-0.044,3064000000.0,655000000.0,1343000000.0,-0.126,1.548,-31.797,-31.919,3412000000.0,0.0,35.43,1.401,1.4,3438000000.0,186000000.0,12574000000.0,12574000000.0,532000000.0,-0.026,-0.049,0.012,0.011,0.0,1509000000.0,1.0,497193438.0,497000000.0,497000000.0,25.3,15985000000.0,1722000000.0,465000000.0,1513000000.0,32.163,3792000000.0
56,TEL,MRT,2007-06-30,2007-06-29,2007-06-29,2021-07-29,883000000.0,23065000000.0,,9504000000.0,13561000000.0,,21.994,-824000000.0,750000000.0,750000000.0,9103000000.0,-441000000.0,1.093,1.109,3711000000.0,2886000000.0,825000000.0,3711000000.0,217000000.0,483000000.0,0.0,0.0,0.0,-38000000.0,445000000.0,0.036,445000000.0,-38000000.0,-273000000.0,-0.88,-0.88,-0.88,10931000000.0,,10931000000.0,22611375688.0,-595.0,50.812,646000000.0,1.3,1.0,3246000000.0,0.263,7719000000.0,235000000.0,9613000000.0,,2070000000.0,0.0,0.0,0.0,12118000000.0,8694000000.0,3424000000.0,19420375688.0,404000000.0,223000000.0,0.0,-116000000.0,0.0,561000000.0,-1639000000.0,0.0,1470000000.0,17000000.0,-441000000.0,-441000000.0,-441000000.0,612000000.0,0.0,-0.036,2488000000.0,758000000.0,1310000000.0,0.0,1.777,-44.037,-44.386,3429000000.0,0.0,39.06,1.573,1.572,2565000000.0,,12349000000.0,12349000000.0,0.0,,,,-0.003,0.0,1534000000.0,1.0,497193438.0,497000000.0,497000000.0,24.847,15346000000.0,1835000000.0,168000000.0,391000000.0,30.877,810000000.0
57,TEL,MRT,2007-03-31,2007-03-30,2007-03-30,2021-07-29,893000000.0,19364000000.0,,6118000000.0,13246000000.0,,23.378,-832000000.0,505000000.0,505000000.0,9009000000.0,1225000000.0,1.926,0.665,3696000000.0,597000000.0,3099000000.0,3696000000.0,183000000.0,451000000.0,0.0,,0.0,1586000000.0,2037000000.0,0.166,2037000000.0,1586000000.0,1348000000.0,2.47,2.47,2.47,11619000000.0,,11619000000.0,,,,698000000.0,1.404,1.0,3254000000.0,0.265,8166000000.0,238000000.0,11212000000.0,,2198000000.0,0.0,0.0,0.0,7729000000.0,3177000000.0,4552000000.0,,190000000.0,207000000.0,0.0,119000000.0,0.0,-587000000.0,-760000000.0,1000000.0,1530000000.0,7000000.0,1225000000.0,1225000000.0,1225000000.0,184000000.0,0.0,0.1,1530000000.0,1724000000.0,1309000000.0,0.0,,,,3465000000.0,0.0,,,,2569000000.0,,12263000000.0,12263000000.0,0.0,,,,0.129,0.0,1515000000.0,1.0,497193438.0,497000000.0,497000000.0,24.674,11198000000.0,1730000000.0,123000000.0,387000000.0,22.531,2941000000.0
58,TEL,MRT,2006-12-31,2006-12-29,2006-12-29,2021-07-29,,,,,,,,,,,,,,,,,,,,,,,0.0,,,,,,,,,,,,,,,,,,1.0,,,,,,,,,,,,,,,,,,,,,,,,,,,,,,,,,,,,,,,,,,,,,,,,,,,,,,1.0,497193438.0,497000000.0,,,,,,,,
59,TEL,MRT,2006-09-30,2006-09-29,2006-09-29,2021-07-29,670000000.0,19091000000.0,18782000000.0,6550000000.0,12541000000.0,0.629,22.455,-513000000.0,469000000.0,469000000.0,8617000000.0,1193000000.0,2.08,0.709,3662000000.0,291000000.0,3371000000.0,3662000000.0,155000000.0,459000000.0,0.0,,0.0,1530000000.0,1989000000.0,0.168,1989000000.0,1530000000.0,1274000000.0,2.4,2.4,2.4,11160000000.0,10501000000.0,11160000000.0,,,,1150000000.0,2.314,1.0,3194000000.0,0.27,7711000000.0,256000000.0,11424000000.0,11234000000.0,1850000000.0,0.0,0.0,0.0,7915000000.0,3149000000.0,4766000000.0,,195000000.0,-27000000.0,0.0,-826000000.0,0.0,-828000000.0,-639000000.0,0.0,1663000000.0,-1000000.0,1193000000.0,1193000000.0,1193000000.0,246000000.0,0.0,0.101,1452000000.0,1742000000.0,1251000000.0,0.0,,,,3076000000.0,0.0,,,,2434000000.0,0.0,11811000000.0,11811000000.0,0.0,0.064,0.114,0.136,0.13,0.0,1445000000.0,1.0,497193438.0,497000000.0,497000000.0,23.765,11380000000.0,1869000000.0,81000000.0,570000000.0,22.897,3401000000.0
60,TEL,MRT,2006-06-30,2006-06-30,2006-06-30,2021-07-29,,,,,,,,,,,,,,,,,,,,,,,0.0,,,,,,,,,,,,,,,,,,1.0,,,,,,,,,,,,,,,,,,,,,,,,,,,,,,,,,,,,,,,,,,,,,,,,,,,,,,1.0,,497000000.0,,,,,,,,
61,TEL,MRT,2005-09-30,2005-09-30,2005-09-30,2021-07-29,331000000.0,18473000000.0,,5342000000.0,13131000000.0,,19.803,-453000000.0,284000000.0,284000000.0,8334000000.0,1144000000.0,1.691,0.874,4511000000.0,695000000.0,3816000000.0,4511000000.0,156000000.0,490000000.0,0.0,,0.0,1813000000.0,2303000000.0,0.201,2303000000.0,1813000000.0,1520000000.0,2.3,2.3,2.3,9842000000.0,,9842000000.0,,,,1093000000.0,2.199,1.0,3099000000.0,0.271,8497000000.0,293000000.0,11044000000.0,,1643000000.0,0.0,0.0,0.0,8605000000.0,3159000000.0,5446000000.0,,-117000000.0,110000000.0,0.0,-1444000000.0,0.0,-1388000000.0,-282000000.0,0.0,1546000000.0,11000000.0,1144000000.0,1144000000.0,1144000000.0,-122000000.0,0.0,0.1,1393000000.0,1706000000.0,1006000000.0,0.0,,,,2980000000.0,0.0,,,,2363000000.0,,11433000000.0,11433000000.0,0.0,,,,0.159,0.0,1403000000.0,1.0,,497000000.0,497000000.0,23.004,9976000000.0,1760000000.0,376000000.0,321000000.0,20.072,2183000000.0
62,TEL,MRT,2004-09-30,2004-09-30,2004-09-30,2021-07-29,,,,,,,,-380000000.0,,,7971000000.0,762000000.0,,,,,,,,513000000.0,,,0.0,1511000000.0,2024000000.0,0.182,2024000000.0,1511000000.0,1167000000.0,,,,,,,,,,838000000.0,,1.0,3128000000.0,0.282,,344000000.0,,,,,,,,,,,138000000.0,-25000000.0,0.0,-1513000000.0,0.0,-703000000.0,-375000000.0,6000000.0,1218000000.0,6000000.0,762000000.0,762000000.0,762000000.0,29000000.0,0.0,0.069,1509000000.0,1619000000.0,,,,,,,0.0,,,,,,11099000000.0,11099000000.0,0.0,,,,0.136,0.0,1543000000.0,1.0,,,,,,,405000000.0,,,
