None,ticker,dimension,calendardate,datekey,reportperiod,lastupdated,accoci,assets,assetsavg,assetsc,assetsnc,assetturnover,bvps,capex,cashneq,cashnequsd,cor,consolinc,currentratio,de,debt,debtc,debtnc,debtusd,deferredrev,depamor,deposits,divyield,dps,ebit,ebitda,ebitdamargin,ebitdausd,ebitusd,ebt,eps,epsdil,epsusd,equity,equityavg,equityusd,ev,evebit,evebitda,fcf,fcfps,fxusd,gp,grossmargin,intangibles,intexp,invcap,invcapavg,inventory,investments,investmentsc,investmentsnc,liabilities,liabilitiesc,liabilitiesnc,marketcap,ncf,ncfbus,ncfcommon,ncfdebt,ncfdiv,ncff,ncfi,ncfinv,ncfo,ncfx,netinc,netinccmn,netinccmnusd,netincdis,netincnci,netmargin,opex,opinc,payables,payoutratio,pb,pe,pe1,ppnenet,prefdivis,price,ps,ps1,receivables,retearn,revenue,revenueusd,rnd,roa,roe,roic,ros,sbcomp,sgna,sharefactor,sharesbas,shareswa,shareswadil,sps,tangibles,taxassets,taxexp,taxliabilities,tbvps,workingcapital
0,TEL,ARY,2020-12-31,2020-11-10,2020-09-25,2021-07-29,-445000000,19242000000,19356250000.0,5784000000,13458000000,0.629,28.262,-543000000.0,945000000,945000000,8437000000.0,-241000000.0,1.567,1.039,4146000000,694000000,3452000000,4146000000,0,711000000.0,0,0.018,1.88,590000000.0,1301000000.0,0.107,1301000000.0,590000000.0,542000000.0,-0.73,-0.73,-0.73,9383000000,9510500000.0,9383000000,38550766309.0,65.0,29.632,1449000000.0,4.364,1.0,3735000000.0,0.307,6817000000,48000000.0,11936000000,12111500000.0,1950000000,0,0,0,9747000000,3690000000,6057000000,35349766309.0,18000000.0,-339000000.0,-468000000.0,22000000.0,-625000000.0,-1105000000.0,-865000000.0,0.0,1992000000.0,-4000000.0,-241000000.0,-241000000.0,-241000000.0,-18000000.0,0.0,-0.02,3198000000.0,537000000.0,1276000000,-2.575,3.767,-146.68,-146.411,3650000000,0.0,106.88,2.904,2.915,2377000000,10348000000.0,12172000000.0,12172000000.0,613000000.0,-0.012,-0.025,0.049,0.048,74000000.0,1392000000.0,1.0,330742574,332000000,332000000.0,36.663,12425000000,2178000000,783000000.0,395000000,37.425,2094000000
1,TEL,ARY,2019-12-31,2019-11-12,2019-09-27,2021-07-29,-503000000,19694000000,19473000000.0,5554000000,14140000000,0.691,31.272,-706000000.0,927000000,927000000,9054000000.0,1844000000.0,1.569,0.863,3965000000,570000000,3395000000,3965000000,0,690000000.0,0,0.019,1.8,1897000000.0,2587000000.0,0.192,2587000000.0,1897000000.0,1829000000.0,5.46,5.42,5.46,10570000000,10355500000.0,10570000000,34204346210.0,18.0,13.222,1716000000.0,5.077,1.0,4394000000.0,0.327,7336000000,68000000.0,11856000000,11852250000.0,1836000000,0,0,0,9124000000,3540000000,5584000000,31166346210.0,79000000.0,14000000.0,-1006000000.0,4000000.0,-608000000.0,-1643000000.0,-692000000.0,0.0,2422000000.0,-8000000.0,1844000000.0,1844000000.0,1844000000.0,102000000.0,0.0,0.137,2416000000.0,1978000000.0,1357000000,0.33,2.949,16.901,17.066,3574000000,0.0,93.18,2.318,2.342,2320000000,12256000000.0,13448000000.0,13448000000.0,644000000.0,0.095,0.178,0.16,0.141,75000000.0,1490000000.0,1.0,334474632,338000000,340000000.0,39.787,12358000000,2776000000,-15000000.0,395000000,36.562,2014000000
2,TEL,ARY,2018-12-31,2018-11-13,2018-09-28,2021-07-29,-306000000,20386000000,19364250000.0,6199000000,14187000000,0.722,30.946,-912000000.0,848000000,848000000,9243000000.0,2565000000.0,1.406,0.882,4000000000,963000000,3037000000,4000000000,0,667000000.0,0,0.022,1.68,2328000000.0,2995000000.0,0.214,2995000000.0,2328000000.0,2221000000.0,7.33,7.27,7.33,10831000000,9858500000.0,10831000000,29503871880.0,13.0,9.851,1539000000.0,4.397,1.0,4745000000.0,0.339,7388000000,107000000.0,11740000000,11162000000.0,1857000000,0,0,0,9555000000,4410000000,5145000000,26351871880.0,-370000000.0,-153000000.0,-779000000.0,-319000000.0,-588000000.0,-1722000000.0,-1094000000.0,0.0,2451000000.0,-5000000.0,2565000000.0,2565000000.0,2565000000.0,19000000.0,0.0,0.183,2414000000.0,2331000000.0,1548000000,0.229,2.433,10.274,10.48,3497000000,0.0,76.82,1.884,1.922,2361000000,12114000000.0,13988000000.0,13988000000.0,680000000.0,0.132,0.26,0.209,0.166,95000000.0,1594000000.0,1.0,343034000,350000000,353000000.0,39.966,12998000000,2144000000,-344000000.0,519000000,37.137,1789000000
3,TEL,ARY,2017-12-31,2017-11-14,2017-09-29,2021-07-29,-160000000,19403000000,18398500000.0,5926000000,13477000000,0.713,27.468,-683000000.0,1218000000,1218000000,8663000000.0,1683000000.0,1.54,0.99,4344000000,710000000,3634000000,4344000000,75000000,635000000.0,0,0.016,1.54,2068000000.0,2703000000.0,0.206,2703000000.0,2068000000.0,1938000000.0,4.74,4.7,4.74,9751000000,9120500000.0,9751000000,36116602479.0,17.0,13.362,1638000000.0,4.614,1.0,4450000000.0,0.339,7492000000,130000000.0,11190000000,10555000000.0,1813000000,0,0,0,9652000000,3847000000,5805000000,32990602479.0,571000000.0,-246000000.0,-497000000.0,259000000.0,-546000000.0,-814000000.0,-932000000.0,0.0,2321000000.0,-4000000.0,1683000000.0,1683000000.0,1683000000.0,-10000000.0,0.0,0.128,2403000000.0,2047000000.0,1436000000,0.325,3.383,19.602,19.793,3400000000,0.0,93.82,2.516,2.54,2290000000,10175000000.0,13113000000.0,13113000000.0,658000000.0,0.091,0.185,0.196,0.158,99000000.0,1591000000.0,1.0,351637204,355000000,358000000.0,36.938,11911000000,2141000000,255000000.0,529000000,33.552,2079000000
4,TEL,ARY,2016-12-31,2016-11-15,2016-09-30,2021-07-29,-542000000,17608000000,18043000000.0,4775000000,12833000000,0.678,23.183,-620000000.0,647000000,647000000,8205000000.0,2009000000.0,1.557,1.075,4070000000,331000000,3739000000,4070000000,208000000,585000000.0,0,0.021,1.4,1357000000.0,1942000000.0,0.159,1942000000.0,1357000000.0,1230000000.0,5.49,5.44,5.49,8485000000,8183250000.0,8485000000,27319818162.0,20.0,14.068,1302000000.0,3.557,1.0,4033000000.0,0.33,7371000000,127000000.0,10594000000,10984250000.0,1596000000,0,0,0,9123000000,3066000000,6057000000,23896818162.0,-2682000000.0,-1022000000.0,-2697000000.0,181000000.0,-509000000.0,-3030000000.0,-1581000000.0,0.0,1922000000.0,7000000.0,2009000000.0,2009000000.0,2009000000.0,-68000000.0,0.0,0.164,2131000000.0,1902000000.0,1090000000,0.255,2.816,11.895,12.25,3052000000,0.0,67.25,1.953,2.011,2058000000,8682000000.0,12238000000.0,12238000000.0,644000000.0,0.111,0.246,0.124,0.111,91000000.0,1463000000.0,1.0,355343021,366000000,369000000.0,33.437,10237000000,2111000000,-779000000.0,454000000,27.97,1709000000
5,TEL,ARY,2015-12-31,2015-11-10,2015-09-25,2021-07-29,-373000000,20608000000,20361250000.0,7887000000,12721000000,0.601,23.667,-583000000.0,3329000000,3329000000,8146000000.0,2420000000.0,2.205,1.15,3903000000,500000000,3403000000,3903000000,185000000,616000000.0,0,0.019,1.24,2893000000.0,3509000000.0,0.287,3509000000.0,2893000000.0,2757000000.0,5.98,5.89,5.98,9585000000,9216750000.0,9585000000,25877035992.0,9.0,7.374,1330000000.0,3.284,1.0,4087000000.0,0.334,6379000000,136000000.0,11226000000,12436500000.0,1615000000,0,0,0,11023000000,3577000000,7446000000,25303035992.0,872000000.0,1232000000.0,-920000000.0,-184000000.0,-502000000.0,-1606000000.0,636000000.0,0.0,1913000000.0,-71000000.0,2420000000.0,2420000000.0,2420000000.0,0.0,0.0,0.198,2338000000.0,1749000000.0,1143000000,0.207,2.64,10.456,10.953,2920000000,0.0,65.5,2.068,2.169,3084000000,6673000000.0,12233000000.0,12233000000.0,627000000.0,0.119,0.263,0.233,0.236,89000000.0,1504000000.0,1.0,386305893,405000000,411000000.0,30.205,14229000000,2489000000,337000000.0,2283000000,35.133,4310000000
6,TEL,ARY,2014-12-31,2014-11-12,2014-09-26,2021-07-29,-17000000,20152000000,19023500000.0,7544000000,12608000000,0.731,21.968,-544000000.0,2457000000,2457000000,9220000000.0,1781000000.0,1.908,1.237,3948000000,667000000,3281000000,3948000000,179000000,617000000.0,0,0.131,8.08,2119000000.0,2736000000.0,0.197,2736000000.0,2119000000.0,1988000000.0,4.34,4.27,4.34,9007000000,8714500000.0,9007000000,26525968281.0,13.0,9.695,1539000000.0,3.754,1.0,4692000000.0,0.337,5924000000,131000000.0,11765000000,11065250000.0,1745000000,0,0,0,11139000000,3954000000,7185000000,25034968281.0,1054000000.0,-528000000.0,-422000000.0,939000000.0,-443000000.0,65000000.0,-1075000000.0,0.0,2083000000.0,-19000000.0,1781000000.0,1781000000.0,1781000000.0,0.0,0.0,0.128,2647000000.0,2045000000.0,1391000000,1.862,2.78,14.057,14.184,3126000000,0.0,61.56,1.8,1.814,3476000000,4253000000.0,13912000000.0,13912000000.0,675000000.0,0.094,0.204,0.192,0.152,84000000.0,1882000000.0,1.0,406675898,410000000,417000000.0,33.932,14228000000,2394000000,207000000.0,2285000000,34.702,3590000000
7,TEL,ARY,2013-12-31,2013-11-15,2013-09-27,2021-07-29,303000000,18461000000,18206750000.0,6309000000,12152000000,0.729,20.048,-576000000.0,1403000000,1403000000,8951000000.0,1277000000.0,1.608,1.202,3014000000,711000000,2303000000,3014000000,68000000,607000000.0,0,0.018,0.92,1389000000.0,1996000000.0,0.15,1996000000.0,1389000000.0,1247000000.0,3.05,3.02,3.05,8380000000,8029500000.0,8380000000,23110501561.0,17.0,11.578,1470000000.0,3.517,1.0,4329000000.0,0.326,5570000000,142000000.0,10578000000,10735250000.0,1762000000,0,0,0,10075000000,3924000000,6151000000,21499501561.0,-186000000.0,8000000.0,-630000000.0,-665000000.0,-384000000.0,-1678000000.0,-545000000.0,0.0,2046000000.0,-9000000.0,1276000000.0,1276000000.0,1276000000.0,0.0,1000000.0,0.096,2773000000.0,1556000000.0,1383000000,0.302,2.566,16.849,17.177,3166000000,0.0,52.39,1.619,1.649,3325000000,2472000000.0,13280000000.0,13280000000.0,675000000.0,0.07,0.159,0.129,0.105,78000000.0,1773000000.0,1.0,410374147,418000000,423000000.0,31.77,12891000000,2480000000,-29000000.0,2300000000,30.84,2385000000
8,TEL,ARY,2012-12-31,2012-11-13,2012-09-28,2021-07-29,229000000,19306000000,18700000000.0,6503000000,12803000000,0.71,18.711,-510000000.0,1589000000,1589000000,9236000000.0,1115000000.0,1.624,1.421,3711000000,1015000000,2696000000,3711000000,121000000,609000000.0,0,0.023,0.78,1537000000.0,2146000000.0,0.162,2146000000.0,1537000000.0,1361000000.0,2.61,2.59,2.61,7971000000,7740000000.0,7971000000,16595112920.0,11.0,7.733,1437000000.0,3.373,1.0,4046000000.0,0.305,5660000000,176000000.0,11764000000,11559500000.0,1808000000,0,0,0,11329000000,4004000000,7325000000,14473112920.0,371000000.0,-990000000.0,-125000000.0,406000000.0,-332000000.0,-65000000.0,-1510000000.0,0.0,1947000000.0,-1000000.0,1112000000.0,1112000000.0,1112000000.0,0.0,3000000.0,0.084,2528000000.0,1518000000.0,1292000000,0.299,1.816,13.015,13.123,3213000000,0.0,34.25,1.09,1.099,3523000000,1196000000.0,13282000000.0,13282000000.0,688000000.0,0.059,0.144,0.133,0.116,68000000.0,1685000000.0,1.0,422572640,426000000,430000000.0,31.178,13646000000,2749000000,249000000.0,2759000000,32.033,2499000000
9,TEL,ARY,2011-12-31,2011-11-18,2011-09-30,2021-07-29,428000000,17723000000,17984250000.0,6632000000,11091000000,0.796,17.064,-516000000.0,1219000000,1219000000,9890000000.0,1250000000.0,1.95,1.37,2669000000,1000000,2668000000,2669000000,145000000,574000000.0,0,0.021,0.68,1782000000.0,2356000000.0,0.165,2356000000.0,1782000000.0,1621000000.0,2.84,2.81,2.84,7474000000,7428250000.0,7474000000,15414446026.0,9.0,6.543,1263000000.0,2.884,1.0,4422000000.0,0.309,4241000000,161000000.0,11531000000,11558750000.0,1939000000,0,0,0,10239000000,3401000000,6838000000,13964446026.0,-771000000.0,-746000000.0,-785000000.0,-416000000.0,-296000000.0,-1512000000.0,-1043000000.0,155000000.0,1779000000.0,5000000.0,1245000000.0,1245000000.0,1245000000.0,0.0,5000000.0,0.087,2681000000.0,1741000000.0,1483000000,0.239,1.868,11.216,11.585,3163000000,0.0,32.9,0.976,1.007,3491000000,84000000.0,14312000000.0,14312000000.0,733000000.0,0.069,0.168,0.154,0.125,73000000.0,1780000000.0,1.0,424451247,438000000,443000000.0,32.676,13482000000,2768000000,376000000.0,2455000000,30.781,3231000000
10,TEL,ARY,2010-12-31,2010-11-10,2010-09-24,2021-07-29,246000000,16992000000,16574000000.0,6731000000,10261000000,0.728,15.558,-369000000.0,1990000000,1990000000,8293000000.0,1109000000.0,1.945,1.41,2413000000,106000000,2307000000,2413000000,164000000,520000000.0,0,0.02,0.64,1751000000.0,2271000000.0,0.188,2271000000.0,1751000000.0,1596000000.0,2.43,2.41,2.43,7048000000,6906500000.0,7048000000,14984808456.0,9.0,6.598,1310000000.0,2.892,1.0,3777000000.0,0.313,3603000000,155000000.0,10352000000,10376750000.0,1583000000,0,0,0,9936000000,3460000000,6476000000,14561808456.0,469000000.0,-78000000.0,-476000000.0,0.0,-289000000.0,-779000000.0,-442000000.0,0.0,1679000000.0,11000000.0,1103000000.0,1103000000.0,1103000000.0,0.0,6000000.0,0.091,2261000000.0,1516000000.0,1386000000,0.263,2.066,13.202,13.506,2867000000,0.0,32.82,1.206,1.232,3386000000,-1161000000.0,12070000000.0,12070000000.0,585000000.0,0.067,0.16,0.169,0.145,63000000.0,1538000000.0,1.0,443687034,453000000,457000000.0,26.645,13389000000,2695000000,493000000.0,2437000000,29.556,3271000000
11,TEL,ARY,2009-12-31,2009-11-18,2009-09-25,2021-07-29,455000000,16220000000,17394500000.0,5579000000,10641000000,0.59,15.285,-315000000.0,1521000000,1521000000,7720000000.0,-3256000000.0,2.133,1.31,2417000000,101000000,2316000000,2417000000,203000000,515000000.0,0,0.02,0.48,-3667000000.0,-3152000000.0,-0.307,-3152000000.0,-3667000000.0,-3832000000.0,-7.09,-7.09,-7.09,7016000000,7916750000.0,7016000000,12087812495.0,-3.0,-3.835,1014000000.0,2.209,1.0,2536000000.0,0.247,3567000000,165000000.0,10934000000,11794500000.0,1435000000,0,0,0,9194000000,2615000000,6579000000,11191812495.0,435000000.0,710000000.0,-151000000.0,-803000000.0,-294000000.0,-1254000000.0,391000000.0,0.0,1329000000.0,-31000000.0,-3256000000.0,-3256000000.0,-3256000000.0,156000000.0,0.0,-0.317,6010000000.0,-3474000000.0,1068000000,-0.068,1.595,-3.437,-3.44,3111000000,0.0,24.39,1.091,1.092,3186000000,-2274000000.0,10256000000.0,10256000000.0,536000000.0,-0.187,-0.411,-0.311,-0.358,0.0,1408000000.0,1.0,458868901,459000000,459000000.0,22.344,12653000000,2679000000,-576000000.0,2500000000,27.566,2964000000
12,TEL,ARY,2008-12-31,2009-01-16,2008-09-26,2021-07-29,929000000,21600000000,22789250000.0,7095000000,14505000000,0.651,22.925,-577000000.0,1086000000,1086000000,11064000000.0,1782000000.0,2.129,0.95,3181000000,20000000,3161000000,3181000000,247000000,559000000.0,0,0.038,0.6,2528000000.0,3087000000.0,0.208,3087000000.0,2528000000.0,2340000000.0,3.69,3.67,3.69,11073000000,11415750000.0,11073000000,9334647750.0,4.0,3.024,412000000.0,0.853,1.0,3770000000.0,0.254,7554000000,188000000.0,12809000000,13307250000.0,2312000000,0,0,0,10517000000,3332000000,7185000000,7239647750.0,146000000.0,566000000.0,-1188000000.0,-221000000.0,-271000000.0,-1739000000.0,895000000.0,0.0,989000000.0,1000000.0,1782000000.0,1782000000.0,1782000000.0,-188000000.0,0.0,0.12,2024000000.0,1746000000.0,1469000000,0.163,0.654,4.063,4.287,3517000000,0.0,15.82,0.488,0.515,3944000000,1141000000.0,14834000000.0,14834000000.0,0.0,0.078,0.156,0.19,0.17,0.0,1680000000.0,1.0,457626280,483000000,486000000.0,30.712,14046000000,2119000000,558000000.0,2580000000,29.081,3763000000
13,TEL,ARY,2008-12-31,2008-11-20,2008-09-26,2021-07-29,929000000,21600000000,22789250000.0,7095000000,14505000000,0.651,22.925,-577000000.0,1086000000,1086000000,11064000000.0,1782000000.0,2.129,0.95,3181000000,20000000,3161000000,3181000000,247000000,559000000.0,0,0.045,0.58,2528000000.0,3087000000.0,0.208,3087000000.0,2528000000.0,2340000000.0,3.69,3.67,3.69,11073000000,11415750000.0,11073000000,8030412852.0,3.0,2.601,412000000.0,0.853,1.0,3770000000.0,0.254,7554000000,188000000.0,12809000000,13307250000.0,2312000000,0,0,0,10517000000,3332000000,7185000000,5935412852.0,146000000.0,566000000.0,-1188000000.0,-221000000.0,-271000000.0,-1739000000.0,895000000.0,0.0,989000000.0,1000000.0,1782000000.0,1782000000.0,1782000000.0,-188000000.0,0.0,0.12,2024000000.0,1746000000.0,1469000000,0.157,0.536,3.331,3.515,3517000000,0.0,12.97,0.4,0.422,3944000000,1141000000.0,14834000000.0,14834000000.0,0.0,0.078,0.156,0.19,0.17,0.0,1680000000.0,1.0,457626280,483000000,486000000.0,30.712,14046000000,2119000000,558000000.0,2580000000,29.081,3763000000
14,TEL,ARY,2007-12-31,2007-12-14,2007-09-28,2021-07-29,1052000000,23688000000,21478000000.0,9873000000,13815000000,0.627,22.891,-820000000.0,936000000,936000000,10012000000.0,-554000000.0,1.596,1.081,3378000000,5000000,3373000000,3378000000,191000000,535000000.0,0,0.004,0.14,171000000.0,706000000.0,0.052,706000000.0,171000000.0,-60000000.0,-1.11,-1.11,-1.11,11377000000,11263500000.0,11377000000,20500834171.0,120.0,29.038,718000000.0,1.445,1.0,3448000000.0,0.256,7731000000,231000000.0,12214000000,11663500000.0,2047000000,0,0,0,12296000000,6185000000,6111000000,18058834171.0,474000000.0,224000000.0,0.0,-522000000.0,0.0,407000000.0,-1524000000.0,0.0,1538000000.0,46000000.0,-554000000.0,-554000000.0,-554000000.0,410000000.0,0.0,-0.041,2695000000.0,753000000.0,1382000000,-0.126,1.587,-32.597,-32.919,3505000000,0.0,36.54,1.342,1.349,3530000000,186000000.0,13460000000.0,13460000000.0,0.0,-0.026,-0.049,0.015,0.013,0.0,1664000000.0,1.0,494220968,497000000,497000000.0,27.082,15957000000,1722000000,494000000.0,1513000000,32.107,3688000000
15,TEL,ARY,2006-12-31,2007-04-20,2006-09-29,2021-07-29,670000000,19091000000,,6040000000,13051000000,,22.446,-548000000.0,470000000,470000000,9447000000.0,1193000000.0,1.924,0.709,3662000000,291000000,3371000000,3662000000,161000000,531000000.0,0,,0.0,1481000000.0,2012000000.0,0.157,2012000000.0,1481000000.0,1225000000.0,,,,11160000000,,11160000000,,,,1122000000.0,2.257,1.0,3365000000.0,0.263,8163000000,256000000.0,10981000000,,1966000000,0,0,0,7915000000,3139000000,4776000000,,194000000.0,-26000000.0,0.0,-849000000.0,0.0,-935000000.0,-548000000.0,-1000000.0,1670000000.0,-1000000.0,1193000000.0,1193000000.0,1193000000.0,-38000000.0,0.0,0.093,1956000000.0,1409000000.0,1300000000,,,,,3133000000,0.0,,,,2544000000,,12812000000.0,12812000000.0,0.0,,,,0.116,0.0,1627000000.0,1.0,497193438,497193438,,25.769,10928000000,1869000000,32000000.0,380000000,21.979,2901000000
16,TEL,ARY,2006-12-31,2007-01-18,2006-09-29,2021-07-29,670000000,19268000000,,5923000000,13345000000,,22.426,-548000000.0,470000000,470000000,9447000000.0,1189000000.0,1.86,0.727,3662000000,291000000,3371000000,3662000000,196000000,531000000.0,0,,0.0,1481000000.0,2012000000.0,0.157,2012000000.0,1481000000.0,1225000000.0,,,,11150000000,,11150000000,,,,1124000000.0,2.261,1.0,3365000000.0,0.263,8163000000,256000000.0,11113000000,,1966000000,0,0,0,8102000000,3184000000,4918000000,,194000000.0,-26000000.0,0.0,-849000000.0,0.0,-937000000.0,-548000000.0,-1000000.0,1672000000.0,-1000000.0,1189000000.0,1189000000.0,1189000000.0,-38000000.0,0.0,0.093,1956000000.0,1409000000.0,1300000000,,,,,3133000000,0.0,,,,2544000000,,12812000000.0,12812000000.0,0.0,,,,0.116,0.0,1627000000.0,1.0,497193438,497193438,,25.769,11105000000,2058000000,36000000.0,493000000,22.335,2739000000
0,TEL,ARQ,2021-06-30,2021-07-29,2021-06-25,2021-07-29,-216000000,21058000000,,7394000000,13664000000,,30.442,-143000000.0,1416000000,1416000000,2577000000.0,580000000.0,1.586,1.085,4134000000,505000000,3629000000,4134000000,0,210000000.0,0,0.014,0.5,718000000.0,928000000.0,0.241,928000000.0,718000000.0,704000000.0,1.76,1.74,1.76,10046000000,,10046000000,49270602572.0,23.0,16.868,539000000.0,1.633,1.0,1268000000.0,0.33,6917000000,14000000.0,12197000000,,2392000000,0,0,0,10896000000,4662000000,6234000000,46552602572.0,-332000000.0,-19000000.0,-248000000.0,-426000000.0,-165000000.0,-842000000.0,-174000000.0,0.0,682000000.0,2000000.0,580000000.0,580000000.0,580000000.0,1000000.0,0.0,0.151,554000000.0,714000000.0,1938000000,0.284,4.634,27.432,27.721,3723000000,0.0,141.93,3.24,3.26,2985000000,10892000000.0,3845000000.0,3845000000.0,168000000.0,,,,,24000000.0,366000000.0,1.0,327996918,330000000,333000000.0,11.652,14141000000,2224000000,124000000.0,448000000,42.852,2732000000
1,TEL,ARQ,2021-03-31,2021-04-23,2021-03-26,2021-07-29,-246000000,20967000000,,7422000000,13545000000,,29.211,-84000000.0,1748000000,1748000000,2528000000.0,506000000.0,1.473,1.157,4521000000,919000000,3602000000,4521000000,0,193000000.0,0,0.014,0.48,625000000.0,818000000.0,0.219,818000000.0,625000000.0,612000000.0,1.53,1.51,1.53,9669000000,,9669000000,47260861615.0,30.0,20.319,496000000.0,1.498,1.0,1210000000.0,0.324,6890000000,13000000.0,11811000000,,2134000000,0,0,0,11184000000,5039000000,6145000000,44487861615.0,650000000.0,0.0,-96000000.0,411000000.0,-159000000.0,151000000.0,-77000000.0,0.0,580000000.0,-4000000.0,506000000.0,506000000.0,506000000.0,-1000000.0,0.0,0.135,598000000.0,612000000.0,1793000000,0.314,4.601,41.346,41.58,3662000000,0.0,134.72,3.404,3.412,2921000000,10541000000.0,3738000000.0,3738000000.0,174000000.0,,,,,30000000.0,401000000.0,1.0,330224626,331000000,334000000.0,11.293,14077000000,2204000000,106000000.0,417000000,42.529,2383000000
2,TEL,ARQ,2020-12-31,2021-01-28,2020-12-25,2021-07-29,-305000000,20266000000,,6481000000,13785000000,,29.792,-142000000.0,1098000000,1098000000,2376000000.0,381000000.0,1.587,1.043,4201000000,685000000,3516000000,4201000000,0,187000000.0,0,0.016,0.48,456000000.0,643000000.0,0.183,643000000.0,456000000.0,441000000.0,1.15,1.14,1.15,9861000000,,9861000000,42760018365.0,76.0,33.276,498000000.0,1.505,1.0,1146000000.0,0.325,7000000000,15000000.0,12286000000,,2066000000,0,0,0,10287000000,4083000000,6204000000,39657018365.0,153000000.0,-107000000.0,-44000000.0,-30000000.0,-159000000.0,-252000000.0,-246000000.0,0.0,640000000.0,11000000.0,381000000.0,381000000.0,381000000.0,-6000000.0,0.0,0.108,698000000.0,448000000.0,1629000000,0.417,4.022,347.869,352.5,3768000000,0.0,119.85,3.166,3.167,2640000000,10672000000.0,3522000000.0,3522000000.0,162000000.0,,,,,19000000.0,361000000.0,1.0,330888764,331000000,333000000.0,10.64,13266000000,2198000000,60000000.0,410000000,40.079,2398000000
3,TEL,ARQ,2020-09-30,2020-11-10,2020-09-25,2021-07-29,-445000000,19242000000,,5784000000,13458000000,,28.52,-110000000.0,945000000,945000000,2292000000.0,230000000.0,1.567,1.039,4146000000,694000000,3452000000,4146000000,0,181000000.0,0,0.018,0.48,351000000.0,532000000.0,0.163,532000000.0,351000000.0,339000000.0,0.68,0.68,0.68,9383000000,,9383000000,38550766309.0,65.0,29.632,610000000.0,1.854,1.0,969000000.0,0.297,6817000000,12000000.0,11936000000,,1950000000,0,0,0,9747000000,3690000000,6057000000,35349766309.0,471000000.0,-11000000.0,26000000.0,0.0,-159000000.0,-135000000.0,-117000000.0,0.0,720000000.0,3000000.0,230000000.0,230000000.0,230000000.0,-2000000.0,0.0,0.071,622000000.0,347000000.0,1276000000,0.706,3.767,-146.68,-146.411,3650000000,0.0,106.88,2.904,2.915,2377000000,10348000000.0,3261000000.0,3261000000.0,148000000.0,,,,,20000000.0,352000000.0,1.0,330742574,329000000,329000000.0,9.912,12425000000,2178000000,109000000.0,395000000,37.766,2094000000
4,TEL,ARQ,2020-06-30,2020-07-30,2020-06-26,2021-07-29,-509000000,18840000000,,5319000000,13521000000,,27.382,-127000000.0,474000000,474000000,1841000000.0,-41000000.0,1.427,1.073,4086000000,691000000,3395000000,4086000000,0,176000000.0,0,0.021,0.48,157000000.0,333000000.0,0.131,333000000.0,157000000.0,144000000.0,-0.12,-0.12,-0.12,9036000000,,9036000000,33051432238.0,48.0,23.778,253000000.0,0.767,1.0,707000000.0,0.277,6755000000,13000000.0,11970000000,,2227000000,0,0,0,9696000000,3727000000,5969000000,29439432238.0,-322000000.0,31000000.0,-113000000.0,-352000000.0,-159000000.0,-625000000.0,-81000000.0,0.0,380000000.0,4000000.0,-41000000.0,-41000000.0,-41000000.0,-17000000.0,0.0,-0.016,573000000.0,134000000.0,1271000000,-4.0,3.258,-297.368,-307.586,3598000000,0.0,89.2,2.411,2.411,2146000000,10125000000.0,2548000000.0,2548000000.0,146000000.0,,,,,17000000.0,321000000.0,1.0,330038478,330000000,330000000.0,7.721,12085000000,2286000000,185000000.0,405000000,36.621,1592000000
5,TEL,ARQ,2020-03-31,2020-05-04,2020-03-27,2021-07-29,-571000000,19367000000,,5715000000,13652000000,,27.144,-130000000.0,796000000,796000000,2166000000.0,-456000000.0,1.444,1.125,4355000000,603000000,3752000000,4355000000,0,180000000.0,0,0.026,0.46,-403000000.0,-223000000.0,-0.07,-223000000.0,-403000000.0,-414000000.0,-1.37,-1.37,-1.37,9066000000,,9066000000,26470233259.0,25.0,15.074,351000000.0,1.051,1.0,1029000000.0,0.322,6782000000,11000000.0,12185000000,,2001000000,0,0,0,10196000000,3959000000,6237000000,22911233259.0,54000000.0,-244000000.0,-256000000.0,383000000.0,-153000000.0,-31000000.0,-378000000.0,0.0,481000000.0,-18000000.0,-456000000.0,-456000000.0,-456000000.0,4000000.0,0.0,-0.143,1444000000.0,-415000000.0,1390000000,-0.336,2.527,32.777,33.394,3558000000,0.0,69.46,1.755,1.777,2461000000,11122000000.0,3195000000.0,3195000000.0,158000000.0,,,,,15000000.0,352000000.0,1.0,329847873,334000000,334000000.0,9.566,12585000000,2382000000,42000000.0,354000000,37.68,1756000000
6,TEL,ARQ,2019-12-31,2020-01-29,2019-12-27,2021-07-29,-414000000,19976000000,,5566000000,14410000000,,31.513,-176000000.0,742000000,742000000,2138000000.0,26000000.0,1.635,0.892,3973000000,561000000,3412000000,3973000000,0,174000000.0,0,0.019,0.46,485000000.0,659000000.0,0.208,659000000.0,485000000.0,473000000.0,0.08,0.08,0.08,10557000000,,10557000000,36000315845.0,18.0,13.348,235000000.0,0.701,1.0,1030000000.0,0.325,7448000000,12000000.0,12355000000,,2003000000,0,0,0,9419000000,3404000000,6015000000,32769315845.0,-185000000.0,-115000000.0,-125000000.0,-9000000.0,-154000000.0,-314000000.0,-289000000.0,0.0,411000000.0,7000000.0,26000000.0,26000000.0,26000000.0,-3000000.0,0.0,0.008,559000000.0,471000000.0,1433000000,5.75,3.104,20.558,20.646,3659000000,0.0,98.07,2.47,2.476,2338000000,12206000000.0,3168000000.0,3168000000.0,161000000.0,,,,,22000000.0,367000000.0,1.0,334142101,335000000,337000000.0,9.457,12528000000,2360000000,447000000.0,389000000,37.397,2162000000
7,TEL,ARQ,2019-09-30,2019-11-12,2019-09-27,2021-07-29,-503000000,19694000000,,5554000000,14140000000,,31.552,-152000000.0,927000000,927000000,2248000000.0,372000000.0,1.569,0.863,3965000000,570000000,3395000000,3965000000,0,175000000.0,0,0.019,0.46,446000000.0,621000000.0,0.188,621000000.0,446000000.0,433000000.0,1.12,1.1,1.12,10570000000,,10570000000,34204346210.0,18.0,13.222,726000000.0,2.167,1.0,1052000000.0,0.319,7336000000,13000000.0,11856000000,,1836000000,0,0,0,9124000000,3540000000,5584000000,31166346210.0,381000000.0,0.0,-148000000.0,-31000000.0,-154000000.0,-334000000.0,-153000000.0,0.0,878000000.0,-10000000.0,372000000.0,372000000.0,372000000.0,4000000.0,0.0,0.113,608000000.0,444000000.0,1357000000,0.411,2.949,16.901,17.066,3574000000,0.0,93.18,2.318,2.342,2320000000,12256000000.0,3300000000.0,3300000000.0,159000000.0,,,,,19000000.0,372000000.0,1.0,334474632,335000000,337000000.0,9.851,12358000000,2776000000,61000000.0,395000000,36.89,2014000000
8,TEL,ARQ,2019-06-30,2019-07-26,2019-06-28,2021-07-29,-201000000,19748000000,,5422000000,14326000000,,31.519,-166000000.0,546000000,546000000,2279000000.0,757000000.0,1.468,0.859,4036000000,602000000,3434000000,4036000000,0,174000000.0,0,0.019,0.46,525000000.0,699000000.0,0.206,699000000.0,525000000.0,512000000.0,2.25,2.23,2.25,10622000000,,10622000000,34950336912.0,17.0,13.07,525000000.0,1.558,1.0,1110000000.0,0.328,7464000000,13000000.0,12080000000,,1961000000,0,0,0,9126000000,3694000000,5432000000,31460336912.0,-19000000.0,-283000000.0,-136000000.0,36000000.0,-155000000.0,-257000000.0,-454000000.0,0.0,691000000.0,1000000.0,757000000.0,757000000.0,757000000.0,1000000.0,0.0,0.223,590000000.0,520000000.0,1438000000,0.204,2.962,10.042,10.28,3636000000,0.0,93.65,2.393,2.401,2463000000,11893000000.0,3389000000.0,3389000000.0,158000000.0,,,,,18000000.0,356000000.0,1.0,335935258,337000000,339000000.0,10.056,12284000000,2845000000,-245000000.0,443000000,36.451,1728000000
9,TEL,ARQ,2019-03-31,2019-04-26,2019-03-29,2021-07-29,-160000000,19262000000,,5446000000,13816000000,,29.568,-178000000.0,565000000,565000000,2294000000.0,439000000.0,1.408,0.927,3982000000,612000000,3370000000,3982000000,0,173000000.0,0,0.019,0.44,545000000.0,718000000.0,0.21,718000000.0,545000000.0,530000000.0,1.3,1.29,1.3,9994000000,,9994000000,35254216907.0,17.0,13.019,378000000.0,1.118,1.0,1118000000.0,0.328,7222000000,15000000.0,11590000000,,1970000000,0,0,0,9268000000,3867000000,5401000000,31837216907.0,60000000.0,9000000.0,-210000000.0,27000000.0,-149000000.0,-333000000.0,-165000000.0,0.0,556000000.0,2000000.0,439000000.0,439000000.0,439000000.0,-10000000.0,0.0,0.129,588000000.0,530000000.0,1485000000,0.338,3.186,11.25,11.582,3596000000,0.0,94.51,2.354,2.362,2463000000,11710000000.0,3412000000.0,3412000000.0,166000000.0,,,,,15000000.0,373000000.0,1.0,336866119,338000000,340000000.0,10.095,12040000000,2607000000,91000000.0,529000000,35.621,1579000000
10,TEL,ARQ,2018-12-31,2019-01-24,2018-12-28,2021-07-29,-257000000,19188000000,,5378000000,13810000000,,29.93,-210000000.0,505000000,505000000,2233000000.0,276000000.0,1.549,0.875,3967000000,585000000,3382000000,3967000000,0,168000000.0,0,0.022,0.44,381000000.0,549000000.0,0.164,549000000.0,381000000.0,354000000.0,0.81,0.8,0.81,10236000000,,10236000000,30150175222.0,14.0,10.807,87000000.0,0.254,1.0,1114000000.0,0.333,7296000000,27000000.0,11883000000,,1986000000,0,0,0,8952000000,3471000000,5481000000,26688175222.0,-343000000.0,288000000.0,-512000000.0,-28000000.0,-150000000.0,-719000000.0,80000000.0,0.0,297000000.0,-1000000.0,276000000.0,276000000.0,276000000.0,107000000.0,0.0,0.082,630000000.0,484000000.0,1538000000,0.543,2.607,9.264,9.535,3550000000,0.0,78.76,1.926,1.944,2380000000,11886000000.0,3347000000.0,3347000000.0,161000000.0,,,,,23000000.0,389000000.0,1.0,338854434,342000000,344000000.0,9.787,11892000000,2580000000,78000000.0,542000000,34.772,1907000000
11,TEL,ARQ,2018-09-30,2018-11-13,2018-09-28,2021-07-29,-306000000,20386000000,,6199000000,14187000000,,31.213,-245000000.0,848000000,848000000,1891000000.0,1661000000.0,1.406,0.882,4000000000,963000000,3037000000,4000000000,0,153000000.0,0,0.022,0.44,555000000.0,708000000.0,0.236,708000000.0,555000000.0,528000000.0,4.75,4.72,4.75,10831000000,,10831000000,29503871880.0,13.0,9.851,679000000.0,1.957,1.0,1108000000.0,0.369,7388000000,27000000.0,11740000000,,1857000000,0,0,0,9555000000,4410000000,5145000000,26351871880.0,78000000.0,-153000000.0,-264000000.0,-1000000.0,-153000000.0,-420000000.0,-419000000.0,0.0,924000000.0,-7000000.0,1661000000.0,1661000000.0,1661000000.0,16000000.0,0.0,0.554,540000000.0,568000000.0,1548000000,0.093,2.433,10.274,10.48,3497000000,0.0,76.82,1.884,1.922,2361000000,12114000000.0,2999000000.0,2999000000.0,141000000.0,,,,,21000000.0,374000000.0,1.0,343034000,347000000,350000000.0,8.643,12998000000,2144000000,-1133000000.0,519000000,37.458,1789000000
12,TEL,ARQ,2018-06-30,2018-07-26,2018-06-29,2021-07-29,-299000000,19013000000,,5941000000,13072000000,,27.198,-227000000.0,770000000,770000000,2547000000.0,454000000.0,1.468,1.003,4008000000,714000000,3294000000,4008000000,124000000,173000000.0,0,0.017,0.44,560000000.0,733000000.0,0.195,733000000.0,560000000.0,535000000.0,1.3,1.29,1.3,9492000000,,9492000000,36083720832.0,15.0,11.976,573000000.0,1.642,1.0,1217000000.0,0.323,7314000000,25000000.0,10891000000,,1961000000,0,0,0,9521000000,4046000000,5475000000,32845720832.0,211000000.0,0.0,-228000000.0,46000000.0,-154000000.0,-338000000.0,-233000000.0,0.0,800000000.0,-18000000.0,454000000.0,454000000.0,454000000.0,0.0,0.0,0.121,659000000.0,558000000.0,1583000000,0.338,3.46,24.548,24.74,3633000000,0.0,94.26,2.274,2.277,2591000000,10432000000.0,3764000000.0,3764000000.0,181000000.0,,,,,22000000.0,409000000.0,1.0,348458740,349000000,352000000.0,10.785,11699000000,1672000000,81000000.0,538000000,33.521,1895000000
13,TEL,ARQ,2018-03-31,2018-04-25,2018-03-30,2021-07-29,-49000000,19247000000,,5960000000,13287000000,,27.009,-199000000.0,559000000,559000000,2502000000.0,490000000.0,1.431,1.03,4010000000,675000000,3335000000,4010000000,147000000,173000000.0,0,0.017,0.4,627000000.0,800000000.0,0.214,800000000.0,627000000.0,598000000.0,1.4,1.38,1.4,9480000000,,9480000000,36497120613.0,16.0,12.268,178000000.0,0.507,1.0,1243000000.0,0.332,7516000000,29000000.0,11018000000,,2045000000,0,0,0,9767000000,4164000000,5603000000,33046120613.0,-145000000.0,0.0,-174000000.0,-16000000.0,-140000000.0,-330000000.0,-201000000.0,0.0,377000000.0,9000000.0,490000000.0,490000000.0,490000000.0,2000000.0,0.0,0.131,619000000.0,624000000.0,1613000000,0.286,3.486,25.054,25.235,3676000000,0.0,94.38,2.352,2.358,2643000000,9957000000.0,3745000000.0,3745000000.0,182000000.0,,,,,23000000.0,428000000.0,1.0,350139019,351000000,354000000.0,10.67,11731000000,1631000000,108000000.0,540000000,33.422,1796000000
14,TEL,ARQ,2017-12-31,2018-01-24,2017-12-29,2021-07-29,-84000000,18811000000,,5733000000,13078000000,,27.361,-241000000.0,704000000,704000000,2303000000.0,-40000000.0,1.577,0.953,4005000000,688000000,3317000000,4005000000,127000000,168000000.0,0,0.015,0.4,586000000.0,754000000.0,0.217,754000000.0,586000000.0,560000000.0,-0.11,-0.11,-0.11,9631000000,,9631000000,39261020020.0,18.0,14.007,109000000.0,0.31,1.0,1177000000.0,0.338,7478000000,26000000.0,10999000000,,1984000000,0,0,0,9180000000,3635000000,5545000000,35960020020.0,-514000000.0,0.0,-113000000.0,-348000000.0,-141000000.0,-634000000.0,-241000000.0,0.0,350000000.0,11000000.0,-40000000.0,-40000000.0,-40000000.0,1000000.0,0.0,-0.011,596000000.0,581000000.0,1556000000,-3.636,3.734,29.141,29.422,3527000000,0.0,102.39,2.658,2.664,2378000000,10047000000.0,3480000000.0,3480000000.0,176000000.0,,,,,29000000.0,383000000.0,1.0,351206368,352000000,352000000.0,9.886,11333000000,1615000000,600000000.0,541000000,32.196,2098000000
15,TEL,ARQ,2017-09-30,2017-11-14,2017-09-29,2021-07-29,-160000000,19403000000,,5926000000,13477000000,,27.468,-243000000.0,1218000000,1218000000,2317000000.0,434000000.0,1.54,0.99,4344000000,710000000,3634000000,4344000000,75000000,166000000.0,0,0.016,0.4,560000000.0,726000000.0,0.21,726000000.0,560000000.0,525000000.0,1.22,1.22,1.22,9751000000,,9751000000,36116602479.0,17.0,13.362,630000000.0,1.775,1.0,1139000000.0,0.33,7492000000,35000000.0,11190000000,,1813000000,0,0,0,9652000000,3847000000,5805000000,32990602479.0,463000000.0,-173000000.0,-207000000.0,332000000.0,-141000000.0,-23000000.0,-394000000.0,0.0,873000000.0,7000000.0,434000000.0,434000000.0,434000000.0,-5000000.0,0.0,0.126,587000000.0,552000000.0,1436000000,0.328,3.383,19.602,19.793,3400000000,0.0,93.82,2.516,2.54,2290000000,10175000000.0,3456000000.0,3456000000.0,168000000.0,,,,,26000000.0,395000000.0,1.0,351637204,355000000,355000000.0,9.735,11911000000,2141000000,91000000.0,529000000,33.552,2079000000
16,TEL,ARQ,2017-06-30,2017-07-26,2017-06-30,2021-07-29,-506000000,18520000000,,5354000000,13166000000,,25.749,-159000000.0,755000000,755000000,2229000000.0,435000000.0,1.383,1.026,3991000000,878000000,3113000000,3991000000,62000000,157000000.0,0,0.019,0.4,538000000.0,695000000.0,0.206,695000000.0,538000000.0,506000000.0,1.23,1.22,1.23,9141000000,,9141000000,31736427504.0,16.0,11.99,364000000.0,1.025,1.0,1138000000.0,0.338,7306000000,32000000.0,10578000000,,1787000000,0,0,0,9379000000,3872000000,5507000000,28500427504.0,-18000000.0,-73000000.0,-156000000.0,0.0,-142000000.0,-299000000.0,-241000000.0,0.0,523000000.0,-1000000.0,435000000.0,435000000.0,435000000.0,-3000000.0,0.0,0.129,602000000.0,536000000.0,1309000000,0.325,3.118,16.904,16.979,3165000000,0.0,80.65,2.194,2.204,2271000000,9747000000.0,3367000000.0,3367000000.0,170000000.0,,,,,26000000.0,412000000.0,1.0,353384098,355000000,358000000.0,9.485,11214000000,2287000000,71000000.0,480000000,31.589,1482000000
17,TEL,ARQ,2017-03-31,2017-04-26,2017-03-31,2021-07-29,-584000000,18056000000,,5146000000,12910000000,,24.587,-155000000.0,773000000,773000000,2119000000.0,405000000.0,1.308,1.063,3952000000,879000000,3073000000,3952000000,129000000,152000000.0,0,0.019,0.37,476000000.0,628000000.0,0.195,628000000.0,476000000.0,444000000.0,1.14,1.13,1.14,8753000000,,8753000000,30391843082.0,23.0,15.578,366000000.0,1.028,1.0,1108000000.0,0.343,7150000000,32000000.0,10150000000,,1660000000,0,0,0,9303000000,3935000000,5368000000,27212843082.0,108000000.0,0.0,-66000000.0,-83000000.0,-131000000.0,-283000000.0,-143000000.0,0.0,521000000.0,13000000.0,405000000.0,405000000.0,405000000.0,1000000.0,0.0,0.126,635000000.0,473000000.0,1226000000,0.325,3.109,13.02,13.058,3046000000,0.0,76.65,2.136,2.141,2244000000,9661000000.0,3227000000.0,3227000000.0,162000000.0,,,,,23000000.0,412000000.0,1.0,355027307,356000000,359000000.0,9.065,10906000000,2280000000,39000000.0,473000000,30.635,1211000000
18,TEL,ARQ,2016-12-31,2017-01-26,2016-12-30,2021-07-29,-698000000,17615000000,,4809000000,12806000000,,24.823,-126000000.0,665000000,665000000,1998000000.0,409000000.0,1.369,0.993,4028000000,1052000000,2976000000,4028000000,149000000,160000000.0,0,0.019,0.37,494000000.0,654000000.0,0.214,654000000.0,494000000.0,463000000.0,1.15,1.14,1.15,8837000000,,8837000000,29914038716.0,21.0,14.89,278000000.0,0.781,1.0,1065000000.0,0.348,7163000000,31000000.0,10302000000,,1636000000,0,0,0,8778000000,3513000000,5265000000,26551038716.0,18000000.0,0.0,-68000000.0,10000000.0,-132000000.0,-209000000.0,-154000000.0,0.0,404000000.0,-23000000.0,409000000.0,409000000.0,409000000.0,-3000000.0,0.0,0.134,579000000.0,486000000.0,1123000000,0.322,3.005,12.858,12.951,2956000000,0.0,74.73,2.13,2.134,2034000000,9256000000.0,3063000000.0,3063000000.0,158000000.0,,,,,24000000.0,372000000.0,1.0,355292904,356000000,359000000.0,8.604,10452000000,2290000000,54000000.0,460000000,29.36,1296000000
19,TEL,ARQ,2016-09-30,2016-11-15,2016-09-30,2021-07-29,-542000000,17608000000,,4775000000,12833000000,,23.768,-203000000.0,647000000,647000000,2228000000.0,437000000.0,1.557,1.075,4070000000,331000000,3739000000,4070000000,208000000,147000000.0,0,0.021,0.37,523000000.0,670000000.0,0.201,670000000.0,523000000.0,489000000.0,1.23,1.23,1.23,8485000000,,8485000000,27319818162.0,20.0,14.068,481000000.0,1.347,1.0,1104000000.0,0.331,7371000000,34000000.0,10594000000,,1596000000,0,0,0,9123000000,3066000000,6057000000,23896818162.0,-47000000.0,-354000000.0,-117000000.0,31000000.0,-132000000.0,-218000000.0,-524000000.0,0.0,684000000.0,11000000.0,437000000.0,437000000.0,437000000.0,0.0,0.0,0.131,587000000.0,517000000.0,1090000000,0.301,2.816,11.895,12.25,3052000000,0.0,67.25,1.953,2.011,2058000000,8682000000.0,3332000000.0,3332000000.0,165000000.0,,,,,25000000.0,389000000.0,1.0,355343021,357000000,357000000.0,9.333,10237000000,2111000000,52000000.0,454000000,28.675,1709000000
20,TEL,ARQ,2016-06-30,2016-07-22,2016-06-24,2021-07-29,-375000000,17500000000,,4929000000,12571000000,,23.151,-148000000.0,694000000,694000000,2099000000.0,839000000.0,1.489,1.117,4036000000,302000000,3734000000,4036000000,160000000,148000000.0,0,0.022,0.37,-149000000.0,-1000000.0,0.0,-1000000.0,-149000000.0,-180000000.0,2.35,2.32,2.35,8265000000,,8265000000,25126544517.0,12.0,9.114,570000000.0,1.597,1.0,1022000000.0,0.327,7043000000,31000000.0,10488000000,,1610000000,0,0,0,9235000000,3311000000,5924000000,21784544517.0,-456000000.0,-923000000.0,-118000000.0,150000000.0,-132000000.0,-100000000.0,-1072000000.0,0.0,718000000.0,-2000000.0,839000000.0,839000000.0,839000000.0,-48000000.0,0.0,0.269,570000000.0,452000000.0,1157000000,0.157,2.636,8.34,8.88,2976000000,0.0,61.27,1.832,1.84,2169000000,8245000000.0,3121000000.0,3121000000.0,161000000.0,,,,,23000000.0,367000000.0,1.0,355549935,357000000,361000000.0,8.742,10457000000,2208000000,-1019000000.0,525000000,29.291,1618000000
21,TEL,ARQ,2016-03-31,2016-04-21,2016-03-25,2021-07-29,-449000000,17841000000,,5414000000,12427000000,,20.346,-131000000.0,1150000000,1150000000,1990000000.0,380000000.0,1.748,1.409,3884000000,152000000,3732000000,3884000000,110000000,144000000.0,0,0.022,0.33,542000000.0,686000000.0,0.232,686000000.0,542000000.0,510000000.0,1.04,1.03,1.04,7406000000,,7406000000,24584349698.0,9.0,7.343,23000000.0,0.063,1.0,962000000.0,0.326,6108000000,32000000.0,11370000000,,1635000000,0,0,0,10435000000,3097000000,7338000000,21850349698.0,-1073000000.0,255000000.0,-1247000000.0,0.0,-118000000.0,-1366000000.0,136000000.0,0.0,154000000.0,3000000.0,380000000.0,380000000.0,380000000.0,9000000.0,0.0,0.129,427000000.0,535000000.0,1116000000,0.317,2.95,10.495,11.507,2899000000,0.0,61.1,1.838,1.871,2774000000,7406000000.0,2952000000.0,2952000000.0,156000000.0,,,,,21000000.0,367000000.0,1.0,357616198,364000000,368000000.0,8.11,11733000000,2458000000,130000000.0,1843000000,32.234,2317000000
22,TEL,ARQ,2015-12-31,2016-01-22,2015-12-25,2021-07-29,-463000000,19223000000,,6505000000,12718000000,,22.278,-138000000.0,2223000000,2223000000,1888000000.0,353000000.0,1.992,1.241,3870000000,500000000,3370000000,3870000000,113000000,146000000.0,0,0.022,0.33,441000000.0,587000000.0,0.207,587000000.0,441000000.0,411000000.0,0.92,0.91,0.92,8577000000,,8577000000,23088302888.0,8.0,6.552,228000000.0,0.592,1.0,945000000.0,0.334,6119000000,30000000.0,11485000000,,1700000000,0,0,0,10646000000,3266000000,7380000000,21441302888.0,-1106000000.0,0.0,-1215000000.0,0.0,-127000000.0,-1346000000.0,-121000000.0,0.0,366000000.0,-5000000.0,353000000.0,353000000.0,353000000.0,-29000000.0,0.0,0.125,547000000.0,398000000.0,1108000000,0.359,2.5,9.318,10.105,2866000000,0.0,58.0,1.784,1.858,2850000000,7026000000.0,2833000000.0,2833000000.0,162000000.0,,,,,22000000.0,340000000.0,1.0,369677636,385000000,390000000.0,7.358,13104000000,2454000000,58000000.0,2265000000,34.036,3239000000
23,TEL,ARQ,2015-09-30,2015-11-10,2015-09-25,2021-07-29,-373000000,20608000000,,7887000000,12721000000,,24.023,-168000000.0,3329000000,3329000000,2016000000.0,1040000000.0,2.205,1.15,3903000000,500000000,3403000000,3903000000,185000000,161000000.0,0,0.019,0.33,1324000000.0,1485000000.0,0.498,1485000000.0,1324000000.0,1292000000.0,2.59,2.55,2.59,9585000000,,9585000000,25877035992.0,9.0,7.374,456000000.0,1.143,1.0,968000000.0,0.324,6379000000,32000000.0,11226000000,,1615000000,0,0,0,11023000000,3577000000,7446000000,25303035992.0,2628000000.0,2958000000.0,-506000000.0,-131000000.0,-132000000.0,-767000000.0,2801000000.0,0.0,624000000.0,-30000000.0,1040000000.0,1040000000.0,1040000000.0,278000000.0,0.0,0.349,561000000.0,407000000.0,1143000000,0.127,2.64,10.456,10.953,2920000000,0.0,65.5,2.068,2.169,3084000000,6673000000.0,2984000000.0,2984000000.0,148000000.0,,,,,24000000.0,334000000.0,1.0,386305893,399000000,405000000.0,7.479,14229000000,2489000000,252000000.0,2283000000,35.662,4310000000
24,TEL,ARQ,2015-06-30,2015-07-23,2015-06-26,2021-07-29,-373000000,20441000000,,7736000000,12705000000,,22.485,-130000000.0,701000000,701000000,2070000000.0,309000000.0,1.914,1.238,4026000000,631000000,3395000000,4026000000,179000000,148000000.0,0,0.02,0.33,442000000.0,590000000.0,0.189,590000000.0,442000000.0,409000000.0,0.76,0.75,0.76,9129000000,,9129000000,27926788024.0,13.0,10.23,466000000.0,1.148,1.0,1048000000.0,0.336,6438000000,33000000.0,13287000000,,1717000000,0,0,0,11306000000,4041000000,7265000000,24601788024.0,4000000.0,3000000.0,-217000000.0,-105000000.0,-134000000.0,-456000000.0,-135000000.0,0.0,596000000.0,-1000000.0,309000000.0,309000000.0,309000000.0,42000000.0,0.0,0.099,579000000.0,469000000.0,1206000000,0.434,2.695,12.042,12.228,2925000000,0.0,61.14,1.858,1.875,3147000000,5633000000.0,3118000000.0,3118000000.0,159000000.0,,,,,21000000.0,393000000.0,1.0,402384495,406000000,412000000.0,7.68,14003000000,2673000000,100000000.0,2235000000,34.49,3695000000
25,TEL,ARQ,2015-03-31,2015-04-23,2015-03-27,2021-07-29,-416000000,20243000000,,7612000000,12631000000,,22.086,-148000000.0,697000000,697000000,2031000000.0,599000000.0,1.838,1.251,4126000000,736000000,3390000000,4126000000,96000000,132000000.0,0,0.119,0.29,730000000.0,862000000.0,0.28,862000000.0,730000000.0,693000000.0,1.47,1.45,1.47,8989000000,,8989000000,31382149469.0,14.0,11.05,250000000.0,0.614,1.0,1051000000.0,0.341,6462000000,37000000.0,13069000000,,1684000000,0,0,0,11248000000,4141000000,7107000000,27953149469.0,-171000000.0,-218000000.0,-58000000.0,5000000.0,-118000000.0,-174000000.0,-379000000.0,0.0,398000000.0,-16000000.0,599000000.0,599000000.0,599000000.0,-283000000.0,0.0,0.194,603000000.0,448000000.0,1233000000,0.197,3.11,13.081,13.145,2878000000,0.0,68.75,2.04,2.042,3042000000,5324000000.0,3082000000.0,3082000000.0,160000000.0,,,,,19000000.0,391000000.0,1.0,406591265,407000000,413000000.0,7.572,13781000000,2635000000,94000000.0,2207000000,33.86,3471000000
26,TEL,ARQ,2014-12-31,2015-01-28,2014-12-26,2021-07-29,-223000000,20153000000,,6045000000,14108000000,,22.516,-137000000.0,868000000,868000000,2295000000.0,472000000.0,1.56,1.198,4223000000,937000000,3286000000,4223000000,121000000,175000000.0,0,0.12,0.29,412000000.0,587000000.0,0.169,587000000.0,412000000.0,377000000.0,1.16,1.14,1.16,9164000000,,9164000000,30754597479.0,15.0,11.562,158000000.0,0.388,1.0,1171000000.0,0.338,7468000000,35000000.0,12164000000,,1942000000,0,0,0,10983000000,3876000000,7107000000,27399597479.0,-1589000000.0,-1511000000.0,-139000000.0,47000000.0,-118000000.0,-209000000.0,-1651000000.0,0.0,295000000.0,-24000000.0,472000000.0,472000000.0,472000000.0,0.0,0.0,0.136,694000000.0,477000000.0,1382000000,0.25,2.99,14.421,14.537,3118000000,0.0,67.45,1.95,1.954,3305000000,4725000000.0,3466000000.0,3466000000.0,184000000.0,,,,,25000000.0,459000000.0,1.0,406220867,407000000,413000000.0,8.516,12685000000,2427000000,-95000000.0,2219000000,31.167,2169000000
27,TEL,ARQ,2014-09-30,2014-11-12,2014-09-26,2021-07-29,-17000000,20152000000,,7544000000,12608000000,,21.968,-93000000.0,2457000000,2457000000,2377000000.0,663000000.0,1.908,1.237,3948000000,667000000,3281000000,3948000000,179000000,160000000.0,0,0.131,0.29,531000000.0,691000000.0,0.193,691000000.0,531000000.0,494000000.0,1.61,1.59,1.61,9007000000,,9007000000,26525968281.0,13.0,9.695,656000000.0,1.6,1.0,1198000000.0,0.335,5924000000,37000000.0,11765000000,,1745000000,0,0,0,11139000000,3954000000,7185000000,25034968281.0,844000000.0,-528000000.0,-110000000.0,951000000.0,-119000000.0,715000000.0,-604000000.0,0.0,749000000.0,-16000000.0,663000000.0,663000000.0,663000000.0,-6000000.0,0.0,0.185,677000000.0,521000000.0,1391000000,0.18,2.78,14.057,14.184,3126000000,0.0,61.56,1.8,1.814,3476000000,4253000000.0,3575000000.0,3575000000.0,170000000.0,,,,,20000000.0,461000000.0,1.0,406675898,410000000,417000000.0,8.72,14228000000,2394000000,-169000000.0,2285000000,34.702,3590000000
28,TEL,ARQ,2014-06-30,2014-07-24,2014-06-27,2021-07-29,357000000,18871000000,,6873000000,11998000000,,21.619,-171000000.0,1613000000,1613000000,2376000000.0,403000000.0,1.781,1.134,3000000000,625000000,2375000000,3000000000,119000000,154000000.0,0,0.127,7.29,546000000.0,700000000.0,0.196,700000000.0,546000000.0,516000000.0,0.99,0.97,0.99,8842000000,,8842000000,27297522833.0,13.0,10.189,329000000.0,0.804,1.0,1204000000.0,0.336,5527000000,30000000.0,10871000000,,1810000000,0,0,0,10023000000,3860000000,6163000000,25910522833.0,184000000.0,0.0,-29000000.0,0.0,-119000000.0,-150000000.0,-173000000.0,0.0,500000000.0,7000000.0,403000000.0,403000000.0,403000000.0,2000000.0,0.0,0.113,669000000.0,535000000.0,1433000000,7.364,2.93,17.216,17.298,3154000000,0.0,63.31,1.882,1.881,3527000000,3590000000.0,3580000000.0,3580000000.0,171000000.0,,,,,21000000.0,483000000.0,1.0,409264300,409000000,416000000.0,8.753,13344000000,2339000000,113000000.0,2333000000,32.626,3013000000
29,TEL,ARQ,2014-03-31,2014-04-24,2014-03-28,2021-07-29,318000000,18628000000,,6566000000,12062000000,,20.471,-159000000.0,1429000000,1429000000,2258000000.0,362000000.0,1.607,1.219,2995000000,625000000,2370000000,2995000000,58000000,154000000.0,0,0.016,0.25,528000000.0,682000000.0,0.199,682000000.0,528000000.0,498000000.0,0.88,0.87,0.88,8393000000,,8393000000,26400170980.0,13.0,10.193,290000000.0,0.707,1.0,1173000000.0,0.342,5552000000,30000000.0,10555000000,,1850000000,0,0,0,10229000000,4087000000,6142000000,24834170980.0,32000000.0,0.0,-130000000.0,-7000000.0,-102000000.0,-238000000.0,-175000000.0,0.0,449000000.0,-4000000.0,362000000.0,362000000.0,362000000.0,2000000.0,0.0,0.106,663000000.0,510000000.0,1421000000,0.284,2.959,17.282,17.46,3181000000,0.0,60.76,1.821,1.827,3415000000,3187000000.0,3431000000.0,3431000000.0,170000000.0,,,,,21000000.0,471000000.0,1.0,408725658,410000000,417000000.0,8.368,13076000000,2351000000,136000000.0,2317000000,31.893,2479000000
30,TEL,ARQ,2013-12-31,2014-01-23,2013-12-27,2021-07-29,327000000,18443000000,,6358000000,12085000000,,20.964,-121000000.0,1397000000,1397000000,2209000000.0,353000000.0,1.865,1.14,2998000000,383000000,2615000000,2998000000,76000000,149000000.0,0,0.016,0.25,514000000.0,663000000.0,0.199,663000000.0,514000000.0,480000000.0,0.86,0.84,0.86,8616000000,,8616000000,25878433948.0,14.0,10.615,264000000.0,0.642,1.0,1117000000.0,0.336,5565000000,34000000.0,11070000000,,1836000000,0,0,0,9821000000,3409000000,6412000000,24277433948.0,-6000000.0,0.0,-153000000.0,-5000000.0,-103000000.0,-262000000.0,-123000000.0,0.0,385000000.0,-6000000.0,353000000.0,353000000.0,353000000.0,2000000.0,0.0,0.106,638000000.0,479000000.0,1361000000,0.291,2.818,17.957,18.153,3164000000,0.0,59.18,1.802,1.805,3280000000,2825000000.0,3326000000.0,3326000000.0,164000000.0,,,,,22000000.0,467000000.0,1.0,410230381,411000000,418000000.0,8.092,12878000000,2390000000,127000000.0,2300000000,31.333,2949000000
31,TEL,ARQ,2013-09-30,2013-11-15,2013-09-27,2021-07-29,303000000,18461000000,,6309000000,12152000000,,20.193,-183000000.0,1403000000,1403000000,2276000000.0,388000000.0,1.608,1.202,3014000000,711000000,2303000000,3014000000,68000000,150000000.0,0,0.018,0.25,484000000.0,634000000.0,0.185,634000000.0,484000000.0,450000000.0,0.93,0.92,0.93,8380000000,,8380000000,23110501561.0,17.0,11.578,410000000.0,0.988,1.0,1156000000.0,0.337,5570000000,34000000.0,10578000000,,1762000000,0,0,0,10075000000,3924000000,6151000000,21499501561.0,141000000.0,-6000000.0,-165000000.0,0.0,-103000000.0,-267000000.0,-188000000.0,0.0,593000000.0,3000000.0,387000000.0,387000000.0,387000000.0,0.0,1000000.0,0.113,691000000.0,465000000.0,1383000000,0.269,2.566,16.849,17.177,3166000000,0.0,52.39,1.619,1.649,3325000000,2472000000.0,3432000000.0,3432000000.0,166000000.0,,,,,19000000.0,451000000.0,1.0,410374147,415000000,423000000.0,8.27,12891000000,2480000000,63000000.0,2300000000,31.063,2385000000
32,TEL,ARQ,2013-06-30,2013-07-25,2013-06-28,2021-07-29,72000000,18090000000,,6018000000,12072000000,,18.993,-144000000.0,1262000000,1262000000,2317000000.0,335000000.0,1.503,1.294,3018000000,711000000,2307000000,3018000000,93000000,147000000.0,0,0.017,0.25,464000000.0,611000000.0,0.177,611000000.0,464000000.0,428000000.0,0.81,0.8,0.81,7882000000,,7882000000,22722308865.0,17.0,11.706,472000000.0,1.137,1.0,1132000000.0,0.328,5548000000,36000000.0,10295000000,,1762000000,0,0,0,10202000000,4003000000,6199000000,20966308865.0,189000000.0,14000000.0,-186000000.0,-1000000.0,-104000000.0,-291000000.0,-125000000.0,0.0,616000000.0,-11000000.0,335000000.0,335000000.0,335000000.0,0.0,0.0,0.097,693000000.0,439000000.0,1357000000,0.309,2.66,16.316,16.569,3071000000,0.0,50.7,1.587,1.593,3241000000,2085000000.0,3449000000.0,3449000000.0,167000000.0,,,,,19000000.0,456000000.0,1.0,413536664,415000000,421000000.0,8.311,12542000000,2482000000,93000000.0,2240000000,30.222,2015000000
33,TEL,ARQ,2013-03-31,2013-04-24,2013-03-29,2021-07-29,134000000,18140000000,,5864000000,12276000000,,18.398,-125000000.0,1073000000,1073000000,2213000000.0,277000000.0,1.503,1.347,3030000000,715000000,2315000000,3030000000,106000000,158000000.0,0,0.02,0.21,372000000.0,530000000.0,0.162,530000000.0,372000000.0,337000000.0,0.66,0.65,0.66,7727000000,,7727000000,19471418130.0,16.0,10.588,320000000.0,0.762,1.0,1052000000.0,0.322,5570000000,35000000.0,10626000000,,1803000000,0,0,0,10407000000,3901000000,6506000000,17514418130.0,101000000.0,0.0,-128000000.0,0.0,-88000000.0,-215000000.0,-127000000.0,0.0,445000000.0,-2000000.0,277000000.0,277000000.0,277000000.0,0.0,0.0,0.085,693000000.0,359000000.0,1348000000,0.318,2.267,15.243,15.557,3114000000,0.0,42.16,1.321,1.335,3177000000,1750000000.0,3265000000.0,3265000000.0,171000000.0,,,,,19000000.0,438000000.0,1.0,415427375,420000000,424000000.0,7.774,12570000000,2627000000,60000000.0,2347000000,29.929,1963000000
34,TEL,ARQ,2012-12-31,2013-01-25,2012-12-28,2021-07-29,256000000,18136000000,,5753000000,12383000000,,19.263,-124000000.0,972000000,972000000,2145000000.0,277000000.0,1.849,1.23,3038000000,351000000,2687000000,3038000000,112000000,152000000.0,0,0.021,0.21,69000000.0,221000000.0,0.071,221000000.0,69000000.0,32000000.0,0.66,0.65,0.66,8129000000,,8129000000,18653690303.0,15.0,10.154,268000000.0,0.635,1.0,989000000.0,0.316,5649000000,37000000.0,11442000000,,1808000000,0,0,0,10002000000,3111000000,6891000000,16587690303.0,-617000000.0,0.0,-151000000.0,-664000000.0,-89000000.0,-905000000.0,-105000000.0,0.0,392000000.0,1000000.0,277000000.0,277000000.0,277000000.0,0.0,0.0,0.088,696000000.0,293000000.0,1264000000,0.318,2.041,14.692,14.894,3187000000,0.0,39.47,1.252,1.257,3165000000,1473000000.0,3134000000.0,3134000000.0,171000000.0,,,,,21000000.0,428000000.0,1.0,420260712,422000000,426000000.0,7.427,12487000000,2605000000,-245000000.0,2329000000,29.59,2642000000
35,TEL,ARQ,2012-09-30,2012-11-13,2012-09-28,2021-07-29,229000000,19306000000,,6503000000,12803000000,,18.844,-138000000.0,1589000000,1589000000,2300000000.0,396000000.0,1.624,1.421,3711000000,1015000000,2696000000,3711000000,121000000,156000000.0,0,0.023,0.21,423000000.0,579000000.0,0.172,579000000.0,423000000.0,378000000.0,0.93,0.92,0.93,7971000000,,7971000000,16595112920.0,11.0,7.733,575000000.0,1.359,1.0,1064000000.0,0.316,5660000000,45000000.0,11764000000,,1808000000,0,0,0,11329000000,4004000000,7325000000,14473112920.0,287000000.0,0.0,-160000000.0,-50000000.0,-89000000.0,-299000000.0,-140000000.0,0.0,713000000.0,13000000.0,396000000.0,396000000.0,396000000.0,0.0,0.0,0.118,663000000.0,401000000.0,1292000000,0.226,1.816,13.015,13.123,3213000000,0.0,34.25,1.09,1.099,3523000000,1196000000.0,3364000000.0,3364000000.0,165000000.0,,,,,16000000.0,452000000.0,1.0,422572640,423000000,430000000.0,7.953,13646000000,2749000000,-18000000.0,2759000000,32.26,2499000000
36,TEL,ARQ,2012-06-30,2012-07-26,2012-06-29,2021-07-29,226000000,18942000000,,6432000000,12510000000,,18.07,-109000000.0,1302000000,1302000000,2481000000.0,199000000.0,1.58,1.448,3759000000,1066000000,2693000000,3759000000,99000000,174000000.0,0,0.023,0.21,335000000.0,509000000.0,0.145,509000000.0,335000000.0,287000000.0,0.46,0.46,0.46,7734000000,,7734000000,16347976770.0,10.0,7.428,396000000.0,0.925,1.0,1018000000.0,0.291,5682000000,48000000.0,11647000000,,1868000000,0,0,0,11202000000,4070000000,7132000000,13890976770.0,-1564000000.0,-990000000.0,4000000.0,-861000000.0,-90000000.0,-949000000.0,-1099000000.0,0.0,505000000.0,-21000000.0,199000000.0,199000000.0,199000000.0,0.0,0.0,0.057,647000000.0,371000000.0,1383000000,0.457,1.796,13.331,13.362,3136000000,0.0,32.47,0.994,0.995,3563000000,800000000.0,3499000000.0,3499000000.0,173000000.0,,,,,17000000.0,423000000.0,1.0,427809571,428000000,431000000.0,8.175,13260000000,2639000000,88000000.0,2766000000,30.981,2362000000
37,TEL,ARQ,2012-03-31,2012-04-30,2012-03-30,2021-07-29,389000000,19029000000,,8311000000,10718000000,,17.972,-138000000.0,2866000000,2866000000,2228000000.0,258000000.0,1.901,1.478,3972000000,1285000000,2687000000,3972000000,98000000,136000000.0,0,0.02,0.18,392000000.0,528000000.0,0.163,528000000.0,392000000.0,348000000.0,0.6,0.6,0.6,7674000000,,7674000000,16695383042.0,10.0,7.237,384000000.0,0.899,1.0,1021000000.0,0.314,3889000000,44000000.0,11875000000,,1833000000,0,0,0,11346000000,4371000000,6975000000,15589383042.0,1477000000.0,0.0,36000000.0,1138000000.0,-76000000.0,1090000000.0,-145000000.0,0.0,522000000.0,10000000.0,257000000.0,257000000.0,257000000.0,0.0,1000000.0,0.079,636000000.0,385000000.0,1367000000,0.3,2.031,13.013,13.115,3107000000,0.0,36.46,1.098,1.097,3455000000,601000000.0,3249000000.0,3249000000.0,173000000.0,,,,,17000000.0,427000000.0,1.0,427574960,427000000,431000000.0,7.609,15140000000,2692000000,91000000.0,2597000000,35.457,3940000000
38,TEL,ARQ,2011-12-31,2012-01-27,2011-12-30,2021-07-29,250000000,17523000000,,6577000000,10946000000,,17.838,-125000000.0,1390000000,1390000000,2326000000.0,262000000.0,1.722,1.31,2846000000,896000000,1950000000,2846000000,97000000,143000000.0,0,0.02,0.18,390000000.0,533000000.0,0.161,533000000.0,390000000.0,352000000.0,0.61,0.61,0.61,7581000000,,7581000000,16073944776.0,9.0,6.86,82000000.0,0.193,1.0,983000000.0,0.297,4207000000,38000000.0,10952000000,,1918000000,0,0,0,9933000000,3820000000,6113000000,14617944776.0,171000000.0,0.0,-5000000.0,179000000.0,-77000000.0,93000000.0,-126000000.0,0.0,207000000.0,-3000000.0,260000000.0,260000000.0,260000000.0,0.0,2000000.0,0.079,605000000.0,378000000.0,1393000000,0.295,1.928,11.789,12.035,3090000000,0.0,34.3,1.014,1.011,3309000000,344000000.0,3309000000.0,3309000000.0,184000000.0,,,,,18000000.0,398000000.0,1.0,426179148,425000000,429000000.0,7.786,13316000000,2725000000,92000000.0,2472000000,31.332,2757000000
39,TEL,ARQ,2011-09-30,2011-11-18,2011-09-30,2021-07-29,428000000,17723000000,,6632000000,11091000000,,17.422,-199000000.0,1219000000,1219000000,2679000000.0,327000000.0,1.95,1.37,2669000000,1000000,2668000000,2669000000,145000000,147000000.0,0,0.021,0.18,484000000.0,631000000.0,0.161,631000000.0,484000000.0,441000000.0,0.76,0.75,0.76,7474000000,,7474000000,15414446026.0,9.0,6.543,431000000.0,1.005,1.0,1232000000.0,0.315,4241000000,43000000.0,11531000000,,1939000000,0,0,0,10239000000,3401000000,6838000000,13964446026.0,7000000.0,-15000000.0,-319000000.0,0.0,-76000000.0,-397000000.0,-208000000.0,0.0,630000000.0,-18000000.0,326000000.0,326000000.0,326000000.0,-3000000.0,1000000.0,0.083,767000000.0,465000000.0,1483000000,0.237,1.868,11.216,11.585,3163000000,0.0,32.9,0.976,1.007,3491000000,84000000.0,3911000000.0,3911000000.0,202000000.0,,,,,73000000.0,481000000.0,1.0,424451247,429000000,431000000.0,9.117,13482000000,2768000000,115000000.0,2455000000,31.427,3231000000
40,TEL,ARQ,2011-06-30,2011-07-22,2011-06-24,2021-07-29,576000000,18032000000,,6860000000,11172000000,,17.334,-98000000.0,1212000000,1212000000,2604000000.0,357000000.0,1.859,1.379,2655000000,1000000,2654000000,2655000000,104000000,146000000.0,0,0.018,0.18,469000000.0,615000000.0,0.165,615000000.0,469000000.0,429000000.0,0.81,0.8,0.81,7575000000,,7575000000,17222757754.0,10.0,7.385,340000000.0,0.778,1.0,1125000000.0,0.302,4273000000,40000000.0,11511000000,,1996000000,0,0,0,10446000000,3691000000,6755000000,15779757754.0,-27000000.0,-14000000.0,-250000000.0,-95000000.0,-79000000.0,-431000000.0,-45000000.0,0.0,438000000.0,11000000.0,355000000.0,355000000.0,355000000.0,0.0,2000000.0,0.095,654000000.0,471000000.0,1612000000,0.222,2.083,12.977,13.288,3147000000,0.0,36.41,1.166,1.175,3669000000,-242000000.0,3729000000.0,3729000000.0,188000000.0,,,,,0.0,452000000.0,1.0,433390765,437000000,442000000.0,8.533,13759000000,2710000000,74000000.0,2358000000,31.485,3169000000
41,TEL,ARQ,2011-03-31,2011-04-26,2011-03-25,2021-07-29,447000000,18080000000,,6743000000,11337000000,,16.535,-110000000.0,1239000000,1239000000,2428000000.0,300000000.0,1.798,1.467,2744000000,185000000,2559000000,2744000000,132000000,148000000.0,0,0.018,0.16,416000000.0,564000000.0,0.162,564000000.0,416000000.0,373000000.0,0.67,0.67,0.67,7325000000,,7325000000,16909014644.0,9.0,7.171,447000000.0,1.009,1.0,1044000000.0,0.301,4272000000,43000000.0,11563000000,,1912000000,0,0,0,10744000000,3750000000,6994000000,15404014644.0,-168000000.0,0.0,-195000000.0,-470000000.0,-70000000.0,-737000000.0,3000000.0,118000000.0,557000000.0,9000000.0,299000000.0,299000000.0,299000000.0,0.0,1000000.0,0.086,639000000.0,405000000.0,1558000000,0.239,2.103,12.934,13.169,3129000000,0.0,35.03,1.195,1.204,3645000000,-596000000.0,3472000000.0,3472000000.0,180000000.0,,,,,0.0,445000000.0,1.0,439737786,443000000,449000000.0,7.837,13808000000,2810000000,74000000.0,2508000000,31.169,2993000000
42,TEL,ARQ,2010-12-31,2011-01-24,2010-12-24,2021-07-29,240000000,18102000000,,6788000000,11314000000,,16.529,-109000000.0,1407000000,1407000000,2179000000.0,266000000.0,1.755,1.466,3215000000,660000000,2555000000,3215000000,159000000,133000000.0,0,0.017,0.16,413000000.0,546000000.0,0.171,546000000.0,413000000.0,378000000.0,0.6,0.59,0.6,7339000000,,7339000000,18352980943.0,10.0,7.65,45000000.0,0.101,1.0,1021000000.0,0.319,4412000000,35000000.0,11630000000,,1836000000,0,0,0,10756000000,3868000000,6888000000,16544980943.0,-583000000.0,-717000000.0,-21000000.0,149000000.0,-71000000.0,53000000.0,-793000000.0,37000000.0,154000000.0,3000000.0,265000000.0,265000000.0,265000000.0,0.0,1000000.0,0.083,621000000.0,400000000.0,1485000000,0.267,2.254,13.834,13.962,3075000000,0.0,37.14,1.337,1.332,3561000000,-895000000.0,3200000000.0,3200000000.0,163000000.0,,,,,0.0,402000000.0,1.0,445476062,444000000,449000000.0,7.207,13690000000,2682000000,113000000.0,2498000000,30.833,2920000000
43,TEL,ARQ,2010-09-30,2010-11-10,2010-09-24,2021-07-29,246000000,16992000000,,6731000000,10261000000,,15.874,-125000000.0,1990000000,1990000000,2144000000.0,299000000.0,1.945,1.41,2413000000,106000000,2307000000,2413000000,164000000,125000000.0,0,0.02,0.16,482000000.0,607000000.0,0.193,607000000.0,482000000.0,442000000.0,0.66,0.66,0.66,7048000000,,7048000000,14984808456.0,9.0,6.598,349000000.0,0.786,1.0,993000000.0,0.317,3603000000,40000000.0,10352000000,,1583000000,0,0,0,9936000000,3460000000,6476000000,14561808456.0,175000000.0,-20000000.0,-103000000.0,0.0,-71000000.0,-192000000.0,-120000000.0,0.0,474000000.0,13000000.0,297000000.0,297000000.0,297000000.0,0.0,2000000.0,0.095,611000000.0,382000000.0,1386000000,0.242,2.066,13.202,13.506,2867000000,0.0,32.82,1.206,1.232,3386000000,-1161000000.0,3137000000.0,3137000000.0,158000000.0,,,,,63000000.0,389000000.0,1.0,443687034,444000000,448000000.0,7.065,13389000000,2695000000,145000000.0,2437000000,30.155,3271000000
44,TEL,ARQ,2010-06-30,2010-07-23,2010-06-25,2021-07-29,207000000,16469000000,,6333000000,10136000000,,15.06,-92000000.0,1815000000,1815000000,2099000000.0,331000000.0,1.898,1.424,2415000000,107000000,2308000000,2415000000,165000000,129000000.0,0,0.025,0.16,512000000.0,641000000.0,0.208,641000000.0,512000000.0,474000000.0,0.73,0.72,0.73,6792000000,,6792000000,12239029976.0,9.0,6.338,283000000.0,0.627,1.0,985000000.0,0.319,3553000000,38000000.0,10179000000,,1586000000,0,0,0,9669000000,3337000000,6332000000,11639029976.0,-24000000.0,-15000000.0,-208000000.0,0.0,-72000000.0,-274000000.0,-123000000.0,0.0,375000000.0,-2000000.0,330000000.0,330000000.0,330000000.0,0.0,1000000.0,0.107,518000000.0,467000000.0,1394000000,0.219,1.714,12.947,13.085,2787000000,0.0,26.04,1.001,1.01,3372000000,-1459000000.0,3084000000.0,3084000000.0,147000000.0,,,,,0.0,375000000.0,1.0,446967357,451000000,456000000.0,6.838,12916000000,2572000000,144000000.0,2420000000,28.639,2996000000
45,TEL,ARQ,2010-03-31,2010-04-29,2010-03-26,2021-07-29,317000000,16552000000,,6111000000,10441000000,,14.853,-78000000.0,1839000000,1839000000,1999000000.0,306000000.0,1.863,1.437,2414000000,101000000,2313000000,2414000000,162000000,128000000.0,0,0.015,0.16,477000000.0,605000000.0,0.205,605000000.0,477000000.0,439000000.0,0.67,0.66,0.67,6788000000,,6788000000,15229326574.0,18.0,11.028,422000000.0,0.923,1.0,958000000.0,0.324,3572000000,38000000.0,10275000000,,1550000000,0,0,0,9756000000,3280000000,6476000000,14654326574.0,144000000.0,-55000000.0,-147000000.0,0.0,-72000000.0,-220000000.0,-135000000.0,0.0,500000000.0,-1000000.0,304000000.0,304000000.0,304000000.0,0.0,2000000.0,0.103,560000000.0,398000000.0,1304000000,0.239,2.159,29.605,29.373,2896000000,0.0,32.31,1.326,1.336,3252000000,-1798000000.0,2957000000.0,2957000000.0,142000000.0,,,,,0.0,406000000.0,1.0,453553902,457000000,461000000.0,6.47,12980000000,2692000000,135000000.0,2539000000,28.403,2831000000
46,TEL,ARQ,2009-12-31,2010-01-28,2009-12-25,2021-07-29,413000000,16283000000,,5820000000,10463000000,,15.246,-74000000.0,1695000000,1695000000,2051000000.0,173000000.0,2.108,1.326,2415000000,101000000,2314000000,2415000000,174000000,138000000.0,0,0.019,0.16,280000000.0,418000000.0,0.145,418000000.0,280000000.0,241000000.0,0.37,0.37,0.37,6998000000,,6998000000,12321405474.0,-4.0,-4.269,256000000.0,0.558,1.0,841000000.0,0.291,3541000000,39000000.0,10701000000,,1458000000,0,0,0,9276000000,2761000000,6515000000,11601405474.0,174000000.0,12000000.0,-18000000.0,0.0,-74000000.0,-93000000.0,-64000000.0,0.0,330000000.0,1000000.0,172000000.0,172000000.0,172000000.0,0.0,1000000.0,0.059,572000000.0,269000000.0,1221000000,0.432,1.658,-3.807,-3.806,3008000000,0.0,25.27,1.099,1.099,3231000000,-2102000000.0,2892000000.0,2892000000.0,138000000.0,,,,,0.0,368000000.0,1.0,459097961,459000000,462000000.0,6.301,12742000000,2639000000,69000000.0,2486000000,27.76,3059000000
47,TEL,ARQ,2009-09-30,2009-11-18,2009-09-25,2021-07-29,455000000,16220000000,,5579000000,10641000000,,15.186,-54000000.0,1521000000,1521000000,2007000000.0,93000000.0,2.133,1.31,2417000000,101000000,2316000000,2417000000,203000000,133000000.0,0,0.02,0.16,134000000.0,267000000.0,0.099,267000000.0,134000000.0,94000000.0,0.22,0.22,0.22,7016000000,,7016000000,12087812495.0,-3.0,-3.835,488000000.0,1.056,1.0,691000000.0,0.256,3567000000,40000000.0,10934000000,,1435000000,0,0,0,9194000000,2615000000,6579000000,11191812495.0,263000000.0,0.0,0.0,-141000000.0,-73000000.0,-216000000.0,-53000000.0,0.0,542000000.0,-10000000.0,93000000.0,93000000.0,93000000.0,-10000000.0,0.0,0.034,515000000.0,176000000.0,1068000000,0.727,1.595,-3.437,-3.44,3111000000,0.0,24.39,1.091,1.092,3186000000,-2274000000.0,2698000000.0,2698000000.0,131000000.0,,,,,0.0,338000000.0,1.0,458868901,462000000,462000000.0,5.84,12653000000,2679000000,1000000.0,2500000000,27.387,2964000000
48,TEL,ARQ,2009-06-30,2009-07-31,2009-06-26,2021-07-29,598000000,16292000000,,5558000000,10734000000,,15.439,-57000000.0,1258000000,1258000000,1921000000.0,-74000000.0,2.117,1.303,2579000000,1000000,2578000000,2579000000,168000000,120000000.0,0,0.022,0.0,-29000000.0,91000000.0,0.036,91000000.0,-29000000.0,-71000000.0,-0.16,-0.16,-0.16,7071000000,,7071000000,11168666563.0,-3.0,-3.706,273000000.0,0.596,1.0,587000000.0,0.234,3567000000,42000000.0,11421000000,,1640000000,0,0,0,9211000000,2625000000,6586000000,9847666563.0,536000000.0,681000000.0,1000000.0,-336000000.0,-74000000.0,-415000000.0,616000000.0,0.0,330000000.0,5000000.0,-74000000.0,-74000000.0,-74000000.0,100000000.0,0.0,-0.03,523000000.0,64000000.0,951000000,0.0,1.393,-3.129,-3.13,3106000000,0.0,21.47,0.858,0.857,3041000000,-2361000000.0,2508000000.0,2508000000.0,130000000.0,,,,,0.0,330000000.0,1.0,458671009,458000000,459000000.0,5.476,12725000000,2780000000,3000000.0,2657000000,27.784,2933000000
49,TEL,ARQ,2009-03-31,2009-05-04,2009-03-27,2021-07-29,454000000,16820000000,,5487000000,11333000000,,15.439,-92000000.0,722000000,722000000,2016000000.0,-3238000000.0,1.955,1.377,2915000000,1000000,2914000000,2915000000,196000000,130000000.0,0,0.033,0.16,-3792000000.0,-3662000000.0,-1.491,-3662000000.0,-3792000000.0,-3832000000.0,-7.07,-7.07,-7.07,7071000000,,7071000000,10690018936.0,-4.0,-4.441,332000000.0,0.725,1.0,440000000.0,0.179,3898000000,40000000.0,12308000000,,1989000000,0,0,0,9740000000,2807000000,6933000000,8497018936.0,177000000.0,6000000.0,0.0,-97000000.0,-73000000.0,-166000000.0,-79000000.0,0.0,424000000.0,-2000000.0,-3238000000.0,-3238000000.0,-3238000000.0,-5000000.0,0.0,-1.318,4242000000.0,-3802000000.0,901000000,-0.023,1.202,-3.098,-3.087,3284000000,0.0,18.55,0.66,0.66,3015000000,-2286000000.0,2456000000.0,2456000000.0,0.0,,,,,0.0,362000000.0,1.0,458060320,458000000,458000000.0,5.362,12922000000,2873000000,-594000000.0,2596000000,28.214,2680000000
50,TEL,ARQ,2008-12-31,2009-02-03,2008-12-26,2021-07-29,592000000,20246000000,,5809000000,14437000000,,22.895,-112000000.0,545000000,545000000,2255000000.0,-37000000.0,2.138,0.926,3019000000,1000000,3018000000,3019000000,203000000,132000000.0,0,0.044,0.16,-18000000.0,114000000.0,0.041,114000000.0,-18000000.0,-60000000.0,-0.08,-0.08,-0.08,10509000000,,10509000000,8785408791.0,6.0,4.607,-79000000.0,-0.172,1.0,554000000.0,0.197,7488000000,42000000.0,12515000000,,2306000000,0,0,0,9727000000,2717000000,7010000000,6311408791.0,-541000000.0,23000000.0,-152000000.0,-229000000.0,-74000000.0,-457000000.0,-93000000.0,0.0,33000000.0,-24000000.0,-37000000.0,-37000000.0,-37000000.0,0.0,0.0,-0.013,575000000.0,-21000000.0,1232000000,-2.0,0.601,7.929,8.202,3406000000,0.0,13.78,0.448,0.449,3427000000,1026000000.0,2809000000.0,2809000000.0,0.0,,,,,0.0,489000000.0,1.0,458012249,459000000,459000000.0,6.12,12758000000,2256000000,-23000000.0,2584000000,27.795,3092000000
51,TEL,ARQ,2008-09-30,2009-01-16,2008-09-26,2021-07-29,929000000,21600000000,,7095000000,14505000000,,23.51,-164000000.0,1086000000,1086000000,2795000000.0,202000000.0,2.129,0.95,3181000000,20000000,3161000000,3181000000,247000000,145000000.0,0,0.038,0.16,298000000.0,443000000.0,0.12,443000000.0,298000000.0,252000000.0,0.45,0.45,0.45,11073000000,,11073000000,9334647750.0,4.0,3.024,474000000.0,1.006,1.0,911000000.0,0.246,7554000000,46000000.0,12809000000,,2312000000,0,0,0,10517000000,3332000000,7185000000,7239647750.0,374000000.0,464000000.0,-407000000.0,-18000000.0,-66000000.0,-542000000.0,296000000.0,0.0,638000000.0,-18000000.0,202000000.0,202000000.0,202000000.0,-95000000.0,0.0,0.055,675000000.0,236000000.0,1469000000,0.356,0.654,4.063,4.287,3517000000,0.0,15.82,0.488,0.515,3944000000,1141000000.0,3706000000.0,3706000000.0,0.0,,,,,0.0,423000000.0,1.0,457626280,471000000,474000000.0,7.868,14046000000,2119000000,50000000.0,2580000000,29.822,3763000000
52,TEL,ARQ,2008-09-30,2008-11-20,2008-09-26,2021-07-29,929000000,21600000000,,7095000000,14505000000,,23.51,-164000000.0,1086000000,1086000000,2795000000.0,202000000.0,2.129,0.95,3181000000,20000000,3161000000,3181000000,247000000,145000000.0,0,0.045,0.16,298000000.0,443000000.0,0.12,443000000.0,298000000.0,252000000.0,0.45,0.45,0.45,11073000000,,11073000000,8030412852.0,3.0,2.601,474000000.0,1.006,1.0,911000000.0,0.246,7554000000,46000000.0,12809000000,,2312000000,0,0,0,10517000000,3332000000,7185000000,5935412852.0,374000000.0,464000000.0,-407000000.0,-18000000.0,-66000000.0,-542000000.0,296000000.0,0.0,638000000.0,-18000000.0,202000000.0,202000000.0,202000000.0,-95000000.0,0.0,0.055,675000000.0,236000000.0,1469000000,0.356,0.536,3.331,3.515,3517000000,0.0,12.97,0.4,0.422,3944000000,1141000000.0,3706000000.0,3706000000.0,0.0,,,,,0.0,423000000.0,1.0,457626280,471000000,474000000.0,7.868,14046000000,2119000000,50000000.0,2580000000,29.822,3763000000
53,TEL,ARQ,2008-06-30,2008-08-01,2008-06-27,2021-07-29,1295000000,22114000000,,7137000000,14977000000,,24.249,-161000000.0,730000000,730000000,2911000000.0,330000000.0,2.087,0.907,3192000000,21000000,3171000000,3192000000,294000000,143000000.0,0,0.017,0.14,555000000.0,698000000.0,0.179,698000000.0,555000000.0,512000000.0,0.69,0.68,0.69,11591000000,,11591000000,17925464399.0,7.0,5.529,243000000.0,0.508,1.0,997000000.0,0.255,7719000000,43000000.0,13438000000,,2427000000,0,0,0,10513000000,3419000000,7094000000,15463464399.0,-32000000.0,0.0,-217000000.0,0.0,-69000000.0,-272000000.0,-166000000.0,0.0,404000000.0,2000000.0,330000000.0,330000000.0,330000000.0,-13000000.0,0.0,0.084,460000000.0,537000000.0,1573000000,0.203,1.334,8.422,8.754,3642000000,0.0,32.74,1.04,1.053,4141000000,928000000.0,3908000000.0,3908000000.0,0.0,,,,,0.0,437000000.0,1.0,472311069,478000000,482000000.0,8.176,14395000000,2223000000,182000000.0,2608000000,30.115,3718000000
54,TEL,ARQ,2008-03-31,2008-05-05,2008-03-28,2021-07-29,1291000000,22475000000,,7288000000,15187000000,,23.807,-127000000.0,748000000,748000000,2692000000.0,301000000.0,1.998,0.942,3195000000,22000000,3173000000,3195000000,325000000,131000000.0,0,0.011,0.14,521000000.0,652000000.0,0.178,652000000.0,521000000.0,472000000.0,0.62,0.62,0.62,11570000000,,11570000000,21180779371.0,22.0,14.206,-573000000.0,-1.179,1.0,970000000.0,0.265,7731000000,49000000.0,13543000000,,2427000000,0,0,0,10894000000,3648000000,7246000000,18733779371.0,-173000000.0,0.0,-351000000.0,-108000000.0,-66000000.0,-535000000.0,797000000.0,0.0,-446000000.0,11000000.0,301000000.0,301000000.0,301000000.0,1000000.0,0.0,0.082,469000000.0,501000000.0,1527000000,0.226,1.619,135.752,130.633,3618000000,0.0,39.19,1.304,1.326,4196000000,665000000.0,3662000000.0,3662000000.0,0.0,,,,,0.0,421000000.0,1.0,478024480,486000000,489000000.0,7.535,14744000000,2323000000,171000000.0,2806000000,30.337,3640000000
55,TEL,ARQ,2007-12-31,2008-02-07,2007-12-28,2021-07-29,1078000000,24968000000,,9779000000,15189000000,,23.042,-125000000.0,916000000,916000000,2758000000.0,949000000.0,1.585,1.184,3284000000,24000000,3260000000,3284000000,296000000,140000000.0,0,0.008,0.14,1156000000.0,1296000000.0,0.353,1296000000.0,1156000000.0,1106000000.0,1.91,1.9,1.91,11429000000,,11429000000,19486024528.0,,,268000000.0,0.54,1.0,917000000.0,0.25,7728000000,50000000.0,13439000000,,2343000000,0,0,0,13527000000,6169000000,7358000000,17118024528.0,-23000000.0,102000000.0,-213000000.0,-95000000.0,-70000000.0,-390000000.0,-32000000.0,0.0,393000000.0,6000000.0,949000000.0,949000000.0,949000000.0,-77000000.0,0.0,0.258,439000000.0,478000000.0,1459000000,0.073,1.498,,,3546000000,0.0,35.12,,,4156000000,432000000.0,3675000000.0,3675000000.0,0.0,,,,,0.0,418000000.0,1.0,487415277,496000000,499000000.0,7.409,17240000000,2374000000,157000000.0,2848000000,34.758,3610000000
56,TEL,ARQ,2007-09-30,2007-12-14,2007-09-28,2021-07-29,1052000000,23688000000,,9873000000,13815000000,,22.891,-110000000.0,936000000,936000000,2708000000.0,256000000.0,1.596,1.081,3378000000,5000000,3373000000,3378000000,191000000,138000000.0,0,0.004,0.14,458000000.0,596000000.0,0.165,596000000.0,458000000.0,402000000.0,0.52,0.52,0.52,11377000000,,11377000000,20500834171.0,120.0,29.038,545000000.0,1.097,1.0,911000000.0,0.252,7731000000,56000000.0,12214000000,,2047000000,0,0,0,12296000000,6185000000,6111000000,18058834171.0,187000000.0,-3000000.0,0.0,-338000000.0,0.0,-362000000.0,-131000000.0,0.0,655000000.0,24000000.0,256000000.0,256000000.0,256000000.0,8000000.0,0.0,0.071,468000000.0,443000000.0,1382000000,0.269,1.587,-32.597,-32.919,3505000000,0.0,36.54,1.342,1.349,3530000000,186000000.0,3619000000.0,3619000000.0,0.0,,,,,0.0,401000000.0,1.0,494220968,497000000,497000000.0,7.282,15957000000,1722000000,146000000.0,1513000000,32.107,3688000000
57,TEL,ARQ,2007-06-30,2007-08-13,2007-06-29,2021-07-29,883000000,23065000000,,9504000000,13561000000,,21.994,-135000000.0,750000000,750000000,2550000000.0,-1368000000.0,1.093,1.109,3711000000,2886000000,825000000,3711000000,217000000,112000000.0,0,0.0,0.0,-1165000000.0,-1053000000.0,-0.309,-1053000000.0,-1165000000.0,-1222000000.0,-2.75,-2.75,-2.75,10931000000,,10931000000,19363411520.0,,,173000000.0,0.348,1.0,862000000.0,0.253,7719000000,57000000.0,9613000000,,2070000000,0,0,0,12118000000,8694000000,3424000000,16402411520.0,246000000.0,0.0,0.0,-216000000.0,0.0,972000000.0,-1043000000.0,3000000.0,308000000.0,9000000.0,-1368000000.0,-1368000000.0,-1368000000.0,435000000.0,0.0,-0.401,1370000000.0,-508000000.0,1310000000,0.0,1.501,,,3429000000,0.0,32.99,,,2565000000,,3412000000.0,3412000000.0,0.0,,,,,0.0,426000000.0,1.0,497193438,497000000,497000000.0,6.865,15346000000,1835000000,146000000.0,391000000,30.877,810000000
58,TEL,ARQ,2007-03-31,2007-05-18,2007-03-30,2021-07-29,893000000,19364000000,,6118000000,13246000000,,23.369,,505000000,505000000,,,1.926,0.665,3696000000,597000000,3099000000,3696000000,183000000,,0,,0.0,,,,,,,,,,11619000000,,11619000000,,,,,,1.0,,,8166000000,,11212000000,,2198000000,0,0,0,7729000000,3177000000,4552000000,,,,,,,,,,,,,,,,,,,,1309000000,,,,,3465000000,,,,,2569000000,,,,,,,,,,,1.0,497193438,497193438,,,11198000000,1730000000,,387000000,22.522,2941000000
59,TEL,ARQ,2006-09-30,2007-04-20,2006-09-29,2021-07-29,670000000,19091000000,,6040000000,13051000000,,22.446,,470000000,470000000,,,1.924,0.709,3662000000,291000000,3371000000,3662000000,161000000,,0,,0.0,,,,,,,,,,11160000000,,11160000000,,,,,,1.0,,,8163000000,,10981000000,,1966000000,0,0,0,7915000000,3139000000,4776000000,,,,,,,,,,,,,,,,,,,,1300000000,,,,,3133000000,,,,,2544000000,,,,,,,,,,,1.0,497193438,497193438,,,10928000000,1869000000,,380000000,21.979,2901000000
60,TEL,ARQ,2006-09-30,2007-01-18,2006-09-29,2021-07-29,670000000,19268000000,,5923000000,13345000000,,22.426,,470000000,470000000,,,1.86,0.727,3662000000,291000000,3371000000,3662000000,196000000,,0,,0.0,,,,,,,,,,11150000000,,11150000000,,,,,,1.0,,,8163000000,,11113000000,,1966000000,0,0,0,8102000000,3184000000,4918000000,,,,,,,,,,,,,,,,,,,,1300000000,,,,,3133000000,,,,,2544000000,,,,,,,,,,,1.0,497193438,497193438,,,11105000000,2058000000,,493000000,22.335,2739000000
0,TEL,ART,2021-06-30,2021-07-29,2021-06-25,2021-07-29,-216000000,21058000000,20383250000.0,7394000000,13664000000,0.705,30.442,-479000000.0,1416000000,1416000000,9773000000.0,1697000000.0,1.586,1.085,4134000000,505000000,3629000000,4134000000,0,771000000.0,0,0.014,1.94,2150000000.0,2921000000.0,0.203,2921000000.0,2150000000.0,2096000000.0,5.12,5.07,5.12,10046000000,9739750000.0,10046000000,49270602572.0,23.0,16.868,2143000000.0,6.494,1.0,4593000000.0,0.32,6917000000,54000000.0,12197000000,12057500000.0,2392000000,0,0,0,10896000000,4662000000,6234000000,46552602572.0,942000000.0,-137000000.0,-362000000.0,-45000000.0,-642000000.0,-1078000000.0,-614000000.0,0.0,2622000000.0,12000000.0,1697000000.0,1697000000.0,1697000000.0,-8000000.0,0.0,0.118,2472000000.0,2121000000.0,1938000000,0.379,4.634,27.432,27.721,3723000000,0.0,141.93,3.24,3.26,2985000000,10892000000.0,14366000000.0,14366000000.0,652000000.0,0.083,0.174,0.178,0.15,93000000.0,1480000000.0,1.0,327996918,330000000,333000000.0,43.533,14141000000,2224000000,399000000.0,448000000,42.852,2732000000
1,TEL,ART,2021-03-31,2021-04-23,2021-03-26,2021-07-29,-246000000,20967000000,19828750000.0,7422000000,13545000000,0.659,29.211,-463000000.0,1748000000,1748000000,9037000000.0,1076000000.0,1.473,1.157,4521000000,919000000,3602000000,4521000000,0,737000000.0,0,0.014,1.92,1589000000.0,2326000000.0,0.178,2326000000.0,1589000000.0,1536000000.0,3.24,3.21,3.24,9669000000,9487250000.0,9669000000,47260861615.0,30.0,20.319,1857000000.0,5.61,1.0,4032000000.0,0.309,6890000000,53000000.0,11811000000,12000750000.0,2134000000,0,0,0,11184000000,5039000000,6145000000,44487861615.0,952000000.0,-87000000.0,-227000000.0,29000000.0,-636000000.0,-861000000.0,-521000000.0,0.0,2320000000.0,14000000.0,1076000000.0,1076000000.0,1076000000.0,-26000000.0,0.0,0.082,2491000000.0,1541000000.0,1793000000,0.593,4.601,41.346,41.58,3662000000,0.0,134.72,3.404,3.412,2921000000,10541000000.0,13069000000.0,13069000000.0,630000000.0,0.054,0.113,0.132,0.122,86000000.0,1435000000.0,1.0,330224626,331000000,334000000.0,39.483,14077000000,2204000000,460000000.0,417000000,42.529,2383000000
2,TEL,ART,2020-12-31,2021-01-28,2020-12-25,2021-07-29,-305000000,20266000000,19428750000.0,6481000000,13785000000,0.645,29.792,-509000000.0,1098000000,1098000000,8675000000.0,114000000.0,1.587,1.043,4201000000,685000000,3516000000,4201000000,0,724000000.0,0,0.016,1.9,561000000.0,1285000000.0,0.103,1285000000.0,561000000.0,510000000.0,0.34,0.33,0.34,9861000000,9336500000.0,9861000000,42760018365.0,76.0,33.276,1712000000.0,5.172,1.0,3851000000.0,0.307,7000000000,51000000.0,12286000000,12094250000.0,2066000000,0,0,0,10287000000,4083000000,6204000000,39657018365.0,356000000.0,-331000000.0,-387000000.0,1000000.0,-630000000.0,-1043000000.0,-822000000.0,0.0,2221000000.0,0.0,114000000.0,114000000.0,114000000.0,-21000000.0,0.0,0.009,3337000000.0,514000000.0,1629000000,5.588,4.022,347.869,352.5,3768000000,0.0,119.85,3.166,3.167,2640000000,10672000000.0,12526000000.0,12526000000.0,614000000.0,0.006,0.012,0.046,0.045,71000000.0,1386000000.0,1.0,330888764,331000000,333000000.0,37.843,13266000000,2198000000,396000000.0,410000000,40.079,2398000000
3,TEL,ART,2020-09-30,2020-11-10,2020-09-25,2021-07-29,-445000000,19242000000,19356250000.0,5784000000,13458000000,0.629,28.262,-543000000.0,945000000,945000000,8437000000.0,-241000000.0,1.567,1.039,4146000000,694000000,3452000000,4146000000,0,711000000.0,0,0.018,1.88,590000000.0,1301000000.0,0.107,1301000000.0,590000000.0,542000000.0,-0.73,-0.73,-0.73,9383000000,9510500000.0,9383000000,38550766309.0,65.0,29.632,1449000000.0,4.364,1.0,3735000000.0,0.307,6817000000,48000000.0,11936000000,12111500000.0,1950000000,0,0,0,9747000000,3690000000,6057000000,35349766309.0,18000000.0,-339000000.0,-468000000.0,22000000.0,-625000000.0,-1105000000.0,-865000000.0,0.0,1992000000.0,-4000000.0,-241000000.0,-241000000.0,-241000000.0,-18000000.0,0.0,-0.02,3198000000.0,537000000.0,1276000000,-2.575,3.767,-146.68,-146.411,3650000000,0.0,106.88,2.904,2.915,2377000000,10348000000.0,12172000000.0,12172000000.0,613000000.0,-0.012,-0.025,0.049,0.048,74000000.0,1392000000.0,1.0,330742574,332000000,332000000.0,36.663,12425000000,2178000000,783000000.0,395000000,37.425,2094000000
4,TEL,ART,2020-06-30,2020-07-30,2020-06-26,2021-07-29,-509000000,18840000000,19469250000.0,5319000000,13521000000,0.627,27.382,-585000000.0,474000000,474000000,8393000000.0,-99000000.0,1.427,1.073,4086000000,691000000,3395000000,4086000000,0,705000000.0,0,0.021,1.86,685000000.0,1390000000.0,0.114,1390000000.0,685000000.0,636000000.0,-0.29,-0.31,-0.29,9036000000,9807250000.0,9036000000,33051432238.0,48.0,23.778,1565000000.0,4.742,1.0,3818000000.0,0.313,6755000000,49000000.0,11970000000,12091500000.0,2227000000,0,0,0,9696000000,3727000000,5969000000,29439432238.0,-72000000.0,-328000000.0,-642000000.0,-9000000.0,-620000000.0,-1304000000.0,-901000000.0,0.0,2150000000.0,-17000000.0,-99000000.0,-99000000.0,-99000000.0,-12000000.0,0.0,-0.008,3184000000.0,634000000.0,1271000000,-6.414,3.258,-297.368,-307.586,3598000000,0.0,89.2,2.411,2.411,2146000000,10125000000.0,12211000000.0,12211000000.0,624000000.0,-0.005,-0.01,0.057,0.056,73000000.0,1412000000.0,1.0,330038478,330000000,330000000.0,37.003,12085000000,2286000000,735000000.0,405000000,36.621,1592000000
5,TEL,ART,2020-03-31,2020-05-04,2020-03-27,2021-07-29,-571000000,19367000000,19696250000.0,5715000000,13652000000,0.663,27.144,-624000000.0,796000000,796000000,8831000000.0,699000000.0,1.444,1.125,4355000000,603000000,3752000000,4355000000,0,703000000.0,0,0.026,1.84,1053000000.0,1756000000.0,0.135,1756000000.0,1053000000.0,1004000000.0,2.08,2.04,2.08,9066000000,10203750000.0,9066000000,26470233259.0,25.0,15.074,1837000000.0,5.5,1.0,4221000000.0,0.323,6782000000,49000000.0,12185000000,12119000000.0,2001000000,0,0,0,10196000000,3959000000,6237000000,22911233259.0,231000000.0,-642000000.0,-665000000.0,379000000.0,-616000000.0,-936000000.0,-1274000000.0,0.0,2461000000.0,-20000000.0,699000000.0,699000000.0,699000000.0,6000000.0,0.0,0.054,3201000000.0,1020000000.0,1390000000,0.885,2.527,32.777,33.394,3558000000,0.0,69.46,1.755,1.777,2461000000,11122000000.0,13052000000.0,13052000000.0,636000000.0,0.035,0.069,0.087,0.081,74000000.0,1447000000.0,1.0,329847873,334000000,334000000.0,39.078,12585000000,2382000000,305000000.0,354000000,37.68,1756000000
6,TEL,ART,2019-12-31,2020-01-29,2019-12-27,2021-07-29,-414000000,19976000000,19670000000.0,5566000000,14410000000,0.675,31.513,-672000000.0,742000000,742000000,8959000000.0,1594000000.0,1.635,0.892,3973000000,561000000,3412000000,3973000000,0,696000000.0,0,0.019,1.82,2001000000.0,2697000000.0,0.203,2697000000.0,2001000000.0,1948000000.0,4.75,4.7,4.75,10557000000,10435750000.0,10557000000,36000315845.0,18.0,13.348,1864000000.0,5.564,1.0,4310000000.0,0.325,7448000000,53000000.0,12355000000,11970250000.0,2003000000,0,0,0,9419000000,3404000000,6015000000,32769315845.0,237000000.0,-389000000.0,-619000000.0,23000000.0,-612000000.0,-1238000000.0,-1061000000.0,0.0,2536000000.0,0.0,1594000000.0,1594000000.0,1594000000.0,-8000000.0,0.0,0.12,2345000000.0,1965000000.0,1433000000,0.383,3.104,20.558,20.646,3659000000,0.0,98.07,2.47,2.476,2338000000,12206000000.0,13269000000.0,13269000000.0,644000000.0,0.081,0.153,0.167,0.151,74000000.0,1468000000.0,1.0,334142101,335000000,337000000.0,39.609,12528000000,2360000000,354000000.0,389000000,37.397,2162000000
7,TEL,ART,2019-09-30,2019-11-12,2019-09-27,2021-07-29,-503000000,19694000000,19473000000.0,5554000000,14140000000,0.691,31.272,-706000000.0,927000000,927000000,9054000000.0,1844000000.0,1.569,0.863,3965000000,570000000,3395000000,3965000000,0,690000000.0,0,0.019,1.8,1897000000.0,2587000000.0,0.192,2587000000.0,1897000000.0,1829000000.0,5.46,5.42,5.46,10570000000,10355500000.0,10570000000,34204346210.0,18.0,13.222,1716000000.0,5.077,1.0,4394000000.0,0.327,7336000000,68000000.0,11856000000,11852250000.0,1836000000,0,0,0,9124000000,3540000000,5584000000,31166346210.0,79000000.0,14000000.0,-1006000000.0,4000000.0,-608000000.0,-1643000000.0,-692000000.0,0.0,2422000000.0,-8000000.0,1844000000.0,1844000000.0,1844000000.0,102000000.0,0.0,0.137,2416000000.0,1978000000.0,1357000000,0.33,2.949,16.901,17.066,3574000000,0.0,93.18,2.318,2.342,2320000000,12256000000.0,13448000000.0,13448000000.0,644000000.0,0.095,0.178,0.16,0.141,75000000.0,1490000000.0,1.0,334474632,338000000,340000000.0,39.787,12358000000,2776000000,-15000000.0,395000000,36.562,2014000000
8,TEL,ART,2019-06-30,2019-07-26,2019-06-28,2021-07-29,-201000000,19748000000,19646000000.0,5422000000,14326000000,0.669,31.519,-799000000.0,546000000,546000000,8697000000.0,3133000000.0,1.468,0.859,4036000000,602000000,3434000000,4036000000,0,668000000.0,0,0.019,1.78,2006000000.0,2674000000.0,0.203,2674000000.0,2006000000.0,1924000000.0,9.11,9.04,9.11,10622000000,10420750000.0,10622000000,34950336912.0,17.0,13.07,1669000000.0,4.953,1.0,4450000000.0,0.338,7464000000,82000000.0,12080000000,11823250000.0,1961000000,0,0,0,9126000000,3694000000,5432000000,31460336912.0,-224000000.0,-139000000.0,-1122000000.0,34000000.0,-607000000.0,-1729000000.0,-958000000.0,0.0,2468000000.0,-5000000.0,3133000000.0,3133000000.0,3133000000.0,114000000.0,0.0,0.238,2348000000.0,2102000000.0,1438000000,0.195,2.962,10.042,10.28,3636000000,0.0,93.65,2.393,2.401,2463000000,11893000000.0,13147000000.0,13147000000.0,626000000.0,0.159,0.301,0.17,0.153,77000000.0,1492000000.0,1.0,335935258,337000000,339000000.0,39.012,12284000000,2845000000,-1209000000.0,443000000,36.451,1728000000
9,TEL,ART,2019-03-31,2019-04-26,2019-03-29,2021-07-29,-160000000,19262000000,19462250000.0,5446000000,13816000000,0.695,29.568,-860000000.0,565000000,565000000,8965000000.0,2830000000.0,1.408,0.927,3982000000,612000000,3370000000,3982000000,0,667000000.0,0,0.019,1.76,2041000000.0,2708000000.0,0.2,2708000000.0,2041000000.0,1947000000.0,8.16,8.1,8.16,9994000000,10138250000.0,9994000000,35254216907.0,17.0,13.019,1717000000.0,5.08,1.0,4557000000.0,0.337,7222000000,94000000.0,11590000000,11526000000.0,1970000000,0,0,0,9268000000,3867000000,5401000000,31837216907.0,6000000.0,144000000.0,-1214000000.0,44000000.0,-606000000.0,-1810000000.0,-737000000.0,0.0,2577000000.0,-24000000.0,2830000000.0,2830000000.0,2830000000.0,113000000.0,0.0,0.209,2417000000.0,2140000000.0,1485000000,0.216,3.186,11.25,11.582,3596000000,0.0,94.51,2.354,2.362,2463000000,11710000000.0,13522000000.0,13522000000.0,649000000.0,0.145,0.279,0.177,0.151,81000000.0,1545000000.0,1.0,336866119,338000000,340000000.0,40.006,12040000000,2607000000,-883000000.0,529000000,35.621,1579000000
10,TEL,ART,2018-12-31,2019-01-24,2018-12-28,2021-07-29,-257000000,19188000000,19458500000.0,5378000000,13810000000,0.712,29.93,-881000000.0,505000000,505000000,9173000000.0,2881000000.0,1.549,0.875,3967000000,585000000,3382000000,3967000000,0,667000000.0,0,0.022,1.72,2123000000.0,2790000000.0,0.201,2790000000.0,2123000000.0,2015000000.0,8.26,8.19,8.26,10236000000,10009750000.0,10236000000,30150175222.0,14.0,10.807,1517000000.0,4.436,1.0,4682000000.0,0.338,7296000000,108000000.0,11883000000,11383000000.0,1986000000,0,0,0,8952000000,3471000000,5481000000,26688175222.0,-199000000.0,135000000.0,-1178000000.0,1000000.0,-597000000.0,-1807000000.0,-773000000.0,0.0,2398000000.0,-17000000.0,2881000000.0,2881000000.0,2881000000.0,125000000.0,0.0,0.208,2448000000.0,2234000000.0,1538000000,0.208,2.607,9.264,9.535,3550000000,0.0,78.76,1.926,1.944,2380000000,11886000000.0,13855000000.0,13855000000.0,665000000.0,0.148,0.288,0.187,0.153,89000000.0,1600000000.0,1.0,338854434,342000000,344000000.0,40.512,11892000000,2580000000,-866000000.0,542000000,34.772,1907000000
11,TEL,ART,2018-09-30,2018-11-13,2018-09-28,2021-07-29,-306000000,20386000000,19364250000.0,6199000000,14187000000,0.722,30.946,-912000000.0,848000000,848000000,9243000000.0,2565000000.0,1.406,0.882,4000000000,963000000,3037000000,4000000000,0,667000000.0,0,0.022,1.68,2328000000.0,2995000000.0,0.214,2995000000.0,2328000000.0,2221000000.0,7.33,7.27,7.33,10831000000,9858500000.0,10831000000,29503871880.0,13.0,9.851,1539000000.0,4.397,1.0,4745000000.0,0.339,7388000000,107000000.0,11740000000,11162000000.0,1857000000,0,0,0,9555000000,4410000000,5145000000,26351871880.0,-370000000.0,-153000000.0,-779000000.0,-319000000.0,-588000000.0,-1722000000.0,-1094000000.0,0.0,2451000000.0,-5000000.0,2565000000.0,2565000000.0,2565000000.0,19000000.0,0.0,0.183,2414000000.0,2331000000.0,1548000000,0.229,2.433,10.274,10.48,3497000000,0.0,76.82,1.884,1.922,2361000000,12114000000.0,13988000000.0,13988000000.0,680000000.0,0.132,0.26,0.209,0.166,95000000.0,1594000000.0,1.0,343034000,350000000,353000000.0,39.966,12998000000,2144000000,-344000000.0,519000000,37.137,1789000000
12,TEL,ART,2018-06-30,2018-07-26,2018-06-29,2021-07-29,-299000000,19013000000,19118500000.0,5941000000,13072000000,0.756,27.198,-910000000.0,770000000,770000000,9669000000.0,1338000000.0,1.468,1.003,4008000000,714000000,3294000000,4008000000,124000000,680000000.0,0,0.017,1.64,2333000000.0,3013000000.0,0.209,3013000000.0,2333000000.0,2218000000.0,3.81,3.78,3.81,9492000000,9588500000.0,9492000000,36083720832.0,15.0,11.976,1490000000.0,4.269,1.0,4776000000.0,0.331,7314000000,115000000.0,10891000000,11024500000.0,1961000000,0,0,0,9521000000,4046000000,5475000000,32845720832.0,15000000.0,-173000000.0,-722000000.0,14000000.0,-576000000.0,-1325000000.0,-1069000000.0,0.0,2400000000.0,9000000.0,1338000000.0,1338000000.0,1338000000.0,-2000000.0,0.0,0.093,2461000000.0,2315000000.0,1583000000,0.43,3.46,24.548,24.74,3633000000,0.0,94.26,2.274,2.277,2591000000,10432000000.0,14445000000.0,14445000000.0,707000000.0,0.07,0.14,0.212,0.162,100000000.0,1615000000.0,1.0,348458740,349000000,352000000.0,41.39,11699000000,1672000000,880000000.0,538000000,33.521,1895000000
13,TEL,ART,2018-03-31,2018-04-25,2018-03-30,2021-07-29,-49000000,19247000000,18995250000.0,5960000000,13287000000,0.74,27.009,-842000000.0,559000000,559000000,9351000000.0,1319000000.0,1.431,1.03,4010000000,675000000,3335000000,4010000000,147000000,664000000.0,0,0.017,1.6,2311000000.0,2975000000.0,0.212,2975000000.0,2311000000.0,2189000000.0,3.74,3.71,3.74,9480000000,9500750000.0,9480000000,36497120613.0,16.0,12.268,1281000000.0,3.65,1.0,4697000000.0,0.334,7516000000,122000000.0,11018000000,10946250000.0,2045000000,0,0,0,9767000000,4164000000,5603000000,33046120613.0,-214000000.0,-246000000.0,-650000000.0,-32000000.0,-564000000.0,-1286000000.0,-1077000000.0,0.0,2123000000.0,26000000.0,1319000000.0,1319000000.0,1319000000.0,-5000000.0,0.0,0.094,2404000000.0,2293000000.0,1613000000,0.428,3.486,25.054,25.235,3676000000,0.0,94.38,2.352,2.358,2643000000,9957000000.0,14048000000.0,14048000000.0,696000000.0,0.069,0.139,0.211,0.165,104000000.0,1618000000.0,1.0,350139019,351000000,354000000.0,40.023,11731000000,1631000000,870000000.0,540000000,33.422,1796000000
14,TEL,ART,2017-12-31,2018-01-24,2017-12-29,2021-07-29,-84000000,18811000000,18697500000.0,5733000000,13078000000,0.724,27.361,-798000000.0,704000000,704000000,8968000000.0,1234000000.0,1.577,0.953,4005000000,688000000,3317000000,4005000000,127000000,643000000.0,0,0.015,1.57,2160000000.0,2803000000.0,0.207,2803000000.0,2160000000.0,2035000000.0,3.48,3.46,3.48,9631000000,9319000000.0,9631000000,39261020020.0,18.0,14.007,1469000000.0,4.173,1.0,4562000000.0,0.337,7478000000,125000000.0,10999000000,10729250000.0,1984000000,0,0,0,9180000000,3635000000,5545000000,35960020020.0,39000000.0,-246000000.0,-542000000.0,-99000000.0,-555000000.0,-1239000000.0,-1019000000.0,0.0,2267000000.0,30000000.0,1234000000.0,1234000000.0,1234000000.0,-6000000.0,0.0,0.091,2420000000.0,2142000000.0,1556000000,0.451,3.734,29.141,29.422,3527000000,0.0,102.39,2.658,2.664,2378000000,10047000000.0,13530000000.0,13530000000.0,676000000.0,0.066,0.132,0.201,0.16,104000000.0,1602000000.0,1.0,351206368,352000000,352000000.0,38.438,11333000000,1615000000,801000000.0,541000000,32.196,2098000000
15,TEL,ART,2017-09-30,2017-11-14,2017-09-29,2021-07-29,-160000000,19403000000,18398500000.0,5926000000,13477000000,0.713,27.468,-683000000.0,1218000000,1218000000,8663000000.0,1683000000.0,1.54,0.99,4344000000,710000000,3634000000,4344000000,75000000,635000000.0,0,0.016,1.54,2068000000.0,2703000000.0,0.206,2703000000.0,2068000000.0,1938000000.0,4.74,4.7,4.74,9751000000,9120500000.0,9751000000,36116602479.0,17.0,13.362,1638000000.0,4.614,1.0,4450000000.0,0.339,7492000000,130000000.0,11190000000,10555000000.0,1813000000,0,0,0,9652000000,3847000000,5805000000,32990602479.0,571000000.0,-246000000.0,-497000000.0,259000000.0,-546000000.0,-814000000.0,-932000000.0,0.0,2321000000.0,-4000000.0,1683000000.0,1683000000.0,1683000000.0,-10000000.0,0.0,0.128,2403000000.0,2047000000.0,1436000000,0.325,3.383,19.602,19.793,3400000000,0.0,93.82,2.516,2.54,2290000000,10175000000.0,13113000000.0,13113000000.0,658000000.0,0.091,0.185,0.196,0.158,99000000.0,1591000000.0,1.0,351637204,355000000,358000000.0,36.938,11911000000,2141000000,255000000.0,529000000,33.552,2079000000
16,TEL,ART,2017-06-30,2017-07-26,2017-06-30,2021-07-29,-506000000,18520000000,17949750000.0,5354000000,13166000000,0.724,25.749,-643000000.0,755000000,755000000,8574000000.0,1686000000.0,1.383,1.026,3991000000,878000000,3113000000,3991000000,62000000,616000000.0,0,0.019,1.51,2031000000.0,2647000000.0,0.204,2647000000.0,2031000000.0,1902000000.0,4.75,4.72,4.75,9141000000,8804000000.0,9141000000,31736427504.0,16.0,11.99,1489000000.0,4.194,1.0,4415000000.0,0.34,7306000000,129000000.0,10578000000,10406000000.0,1787000000,0,0,0,9379000000,3872000000,5507000000,28500427504.0,61000000.0,-427000000.0,-407000000.0,-42000000.0,-537000000.0,-1009000000.0,-1062000000.0,0.0,2132000000.0,0.0,1686000000.0,1686000000.0,1686000000.0,-5000000.0,0.0,0.13,2403000000.0,2012000000.0,1309000000,0.318,3.118,16.904,16.979,3165000000,0.0,80.65,2.194,2.204,2271000000,9747000000.0,12989000000.0,12989000000.0,655000000.0,0.094,0.192,0.195,0.156,98000000.0,1585000000.0,1.0,353384098,355000000,358000000.0,36.589,11214000000,2287000000,216000000.0,480000000,31.589,1482000000
17,TEL,ART,2017-03-31,2017-04-26,2017-03-31,2021-07-29,-584000000,18056000000,17694750000.0,5146000000,12910000000,0.72,24.587,-632000000.0,773000000,773000000,8444000000.0,2090000000.0,1.308,1.063,3952000000,879000000,3073000000,3952000000,129000000,607000000.0,0,0.019,1.48,1344000000.0,1951000000.0,0.153,1951000000.0,1344000000.0,1216000000.0,5.87,5.82,5.87,8753000000,8585000000.0,8753000000,30391843082.0,23.0,15.578,1695000000.0,4.761,1.0,4299000000.0,0.337,7150000000,128000000.0,10150000000,10383500000.0,1660000000,0,0,0,9303000000,3935000000,5368000000,27212843082.0,-377000000.0,-1277000000.0,-369000000.0,108000000.0,-527000000.0,-810000000.0,-1893000000.0,0.0,2327000000.0,-1000000.0,2090000000.0,2090000000.0,2090000000.0,-50000000.0,0.0,0.164,2371000000.0,1928000000.0,1226000000,0.252,3.109,13.02,13.058,3046000000,0.0,76.65,2.136,2.141,2244000000,9661000000.0,12743000000.0,12743000000.0,646000000.0,0.118,0.243,0.129,0.105,95000000.0,1540000000.0,1.0,355027307,356000000,359000000.0,35.795,10906000000,2280000000,-874000000.0,473000000,30.635,1211000000
18,TEL,ART,2016-12-31,2017-01-26,2016-12-30,2021-07-29,-698000000,17615000000,17641000000.0,4809000000,12806000000,0.707,24.823,-608000000.0,665000000,665000000,8315000000.0,2065000000.0,1.369,0.993,4028000000,1052000000,2976000000,4028000000,149000000,599000000.0,0,0.019,1.44,1410000000.0,2009000000.0,0.161,2009000000.0,1410000000.0,1282000000.0,5.77,5.72,5.77,8837000000,8248250000.0,8837000000,29914038716.0,21.0,14.89,1352000000.0,3.798,1.0,4153000000.0,0.333,7163000000,128000000.0,10302000000,10688500000.0,1636000000,0,0,0,8778000000,3513000000,5265000000,26551038716.0,-1558000000.0,-1022000000.0,-1550000000.0,191000000.0,-514000000.0,-1893000000.0,-1614000000.0,0.0,1960000000.0,-11000000.0,2065000000.0,2065000000.0,2065000000.0,-42000000.0,0.0,0.166,2163000000.0,1990000000.0,1123000000,0.25,3.005,12.858,12.951,2956000000,0.0,74.73,2.13,2.134,2034000000,9256000000.0,12468000000.0,12468000000.0,640000000.0,0.117,0.25,0.132,0.113,93000000.0,1495000000.0,1.0,355292904,356000000,359000000.0,35.022,10452000000,2290000000,-783000000.0,460000000,29.36,1296000000
19,TEL,ART,2016-09-30,2016-11-15,2016-09-30,2021-07-29,-542000000,17608000000,18043000000.0,4775000000,12833000000,0.678,23.183,-620000000.0,647000000,647000000,8205000000.0,2009000000.0,1.557,1.075,4070000000,331000000,3739000000,4070000000,208000000,585000000.0,0,0.021,1.4,1357000000.0,1942000000.0,0.159,1942000000.0,1357000000.0,1230000000.0,5.49,5.44,5.49,8485000000,8183250000.0,8485000000,27319818162.0,20.0,14.068,1302000000.0,3.557,1.0,4033000000.0,0.33,7371000000,127000000.0,10594000000,10984250000.0,1596000000,0,0,0,9123000000,3066000000,6057000000,23896818162.0,-2682000000.0,-1022000000.0,-2697000000.0,181000000.0,-509000000.0,-3030000000.0,-1581000000.0,0.0,1922000000.0,7000000.0,2009000000.0,2009000000.0,2009000000.0,-68000000.0,0.0,0.164,2131000000.0,1902000000.0,1090000000,0.255,2.816,11.895,12.25,3052000000,0.0,67.25,1.953,2.011,2058000000,8682000000.0,12238000000.0,12238000000.0,644000000.0,0.111,0.246,0.124,0.111,91000000.0,1463000000.0,1.0,355343021,366000000,369000000.0,33.437,10237000000,2111000000,-779000000.0,454000000,27.97,1709000000
20,TEL,ART,2016-06-30,2016-07-22,2016-06-24,2021-07-29,-375000000,17500000000,18793000000.0,4929000000,12571000000,0.633,23.151,-585000000.0,694000000,694000000,7993000000.0,2612000000.0,1.489,1.117,4036000000,302000000,3734000000,4036000000,160000000,599000000.0,0,0.022,1.36,2158000000.0,2757000000.0,0.232,2757000000.0,2158000000.0,2033000000.0,6.9,6.81,6.9,8265000000,8458250000.0,8265000000,25126544517.0,12.0,9.114,1277000000.0,3.577,1.0,3897000000.0,0.328,7043000000,125000000.0,10488000000,11142250000.0,1610000000,0,0,0,9235000000,3311000000,5924000000,21784544517.0,-7000000.0,2290000000.0,-3086000000.0,19000000.0,-509000000.0,-3579000000.0,1744000000.0,0.0,1862000000.0,-34000000.0,2612000000.0,2612000000.0,2612000000.0,210000000.0,0.0,0.22,2105000000.0,1792000000.0,1157000000,0.197,2.636,8.34,8.88,2976000000,0.0,61.27,1.832,1.84,2169000000,8245000000.0,11890000000.0,11890000000.0,627000000.0,0.139,0.309,0.194,0.181,90000000.0,1408000000.0,1.0,355549935,357000000,361000000.0,33.305,10457000000,2208000000,-579000000.0,525000000,29.291,1618000000
21,TEL,ART,2016-03-31,2016-04-21,2016-03-25,2021-07-29,-449000000,17841000000,19528250000.0,5414000000,12427000000,0.609,20.346,-567000000.0,1150000000,1150000000,7964000000.0,2082000000.0,1.748,1.409,3884000000,152000000,3732000000,3884000000,110000000,599000000.0,0,0.022,1.32,2749000000.0,3348000000.0,0.282,3348000000.0,2749000000.0,2622000000.0,5.31,5.24,5.31,7406000000,8674250000.0,7406000000,24584349698.0,9.0,7.343,1173000000.0,3.223,1.0,3923000000.0,0.33,6108000000,127000000.0,11370000000,11842000000.0,1635000000,0,0,0,10435000000,3097000000,7338000000,21850349698.0,453000000.0,3216000000.0,-3185000000.0,-236000000.0,-511000000.0,-3935000000.0,2681000000.0,0.0,1740000000.0,-33000000.0,2082000000.0,2082000000.0,2082000000.0,300000000.0,0.0,0.175,2114000000.0,1809000000.0,1116000000,0.249,2.95,10.495,11.507,2899000000,0.0,61.1,1.838,1.871,2774000000,7406000000.0,11887000000.0,11887000000.0,625000000.0,0.107,0.24,0.232,0.231,88000000.0,1434000000.0,1.0,357616198,364000000,368000000.0,32.657,11733000000,2458000000,540000000.0,1843000000,32.234,2317000000
22,TEL,ART,2015-12-31,2016-01-22,2015-12-25,2021-07-29,-463000000,19223000000,20128750000.0,6505000000,12718000000,0.597,22.278,-584000000.0,2223000000,2223000000,8005000000.0,2301000000.0,1.992,1.241,3870000000,500000000,3370000000,3870000000,113000000,587000000.0,0,0.022,1.28,2937000000.0,3524000000.0,0.293,3524000000.0,2937000000.0,2805000000.0,5.74,5.66,5.74,8577000000,9070000000.0,8577000000,23088302888.0,8.0,6.552,1400000000.0,3.636,1.0,4012000000.0,0.334,6119000000,132000000.0,11485000000,12266750000.0,1700000000,0,0,0,10646000000,3266000000,7380000000,21441302888.0,1355000000.0,2743000000.0,-1996000000.0,-231000000.0,-511000000.0,-2743000000.0,2166000000.0,0.0,1984000000.0,-52000000.0,2301000000.0,2301000000.0,2301000000.0,8000000.0,0.0,0.191,2290000000.0,1722000000.0,1108000000,0.223,2.5,9.318,10.105,2866000000,0.0,58.0,1.784,1.858,2850000000,7026000000.0,12017000000.0,12017000000.0,629000000.0,0.114,0.254,0.239,0.244,86000000.0,1458000000.0,1.0,369677636,385000000,390000000.0,31.213,13104000000,2454000000,504000000.0,2265000000,34.036,3239000000
23,TEL,ART,2015-09-30,2015-11-10,2015-09-25,2021-07-29,-373000000,20608000000,20361250000.0,7887000000,12721000000,0.601,23.667,-583000000.0,3329000000,3329000000,8146000000.0,2420000000.0,2.205,1.15,3903000000,500000000,3403000000,3903000000,185000000,616000000.0,0,0.019,1.24,2893000000.0,3509000000.0,0.287,3509000000.0,2893000000.0,2757000000.0,5.98,5.89,5.98,9585000000,9216750000.0,9585000000,25877035992.0,9.0,7.374,1330000000.0,3.284,1.0,4087000000.0,0.334,6379000000,136000000.0,11226000000,12436500000.0,1615000000,0,0,0,11023000000,3577000000,7446000000,25303035992.0,872000000.0,1232000000.0,-920000000.0,-184000000.0,-502000000.0,-1606000000.0,636000000.0,0.0,1913000000.0,-71000000.0,2420000000.0,2420000000.0,2420000000.0,0.0,0.0,0.198,2338000000.0,1749000000.0,1143000000,0.207,2.64,10.456,10.953,2920000000,0.0,65.5,2.068,2.169,3084000000,6673000000.0,12233000000.0,12233000000.0,627000000.0,0.119,0.263,0.233,0.236,89000000.0,1504000000.0,1.0,386305893,405000000,411000000.0,30.205,14229000000,2489000000,337000000.0,2283000000,35.133,4310000000
24,TEL,ART,2015-06-30,2015-07-23,2015-06-26,2021-07-29,-373000000,20441000000,20247250000.0,7736000000,12705000000,0.654,22.485,-508000000.0,701000000,701000000,8773000000.0,2043000000.0,1.914,1.238,4026000000,631000000,3395000000,4026000000,179000000,615000000.0,0,0.02,1.2,2115000000.0,2730000000.0,0.206,2730000000.0,2115000000.0,1973000000.0,5.0,4.93,5.0,9129000000,9072250000.0,9129000000,27926788024.0,13.0,10.23,1530000000.0,3.768,1.0,4468000000.0,0.337,6438000000,142000000.0,13287000000,12571250000.0,1717000000,0,0,0,11306000000,4041000000,7265000000,24601788024.0,-912000000.0,-2254000000.0,-524000000.0,898000000.0,-489000000.0,-124000000.0,-2769000000.0,0.0,2038000000.0,-57000000.0,2043000000.0,2043000000.0,2043000000.0,-247000000.0,0.0,0.154,2553000000.0,1915000000.0,1206000000,0.24,2.695,12.042,12.228,2925000000,0.0,61.14,1.858,1.875,3147000000,5633000000.0,13241000000.0,13241000000.0,673000000.0,0.101,0.225,0.168,0.16,85000000.0,1704000000.0,1.0,402384495,406000000,412000000.0,32.613,14003000000,2673000000,-70000000.0,2235000000,34.49,3695000000
25,TEL,ART,2015-03-31,2015-04-23,2015-03-27,2021-07-29,-416000000,20243000000,19854750000.0,7612000000,12631000000,0.69,22.086,-549000000.0,697000000,697000000,9079000000.0,2137000000.0,1.838,1.251,4126000000,736000000,3390000000,4126000000,96000000,621000000.0,0,0.119,8.16,2219000000.0,2840000000.0,0.207,2840000000.0,2219000000.0,2080000000.0,5.23,5.15,5.23,8989000000,9000500000.0,8989000000,31382149469.0,14.0,11.05,1393000000.0,3.423,1.0,4624000000.0,0.337,6462000000,139000000.0,13069000000,11967250000.0,1684000000,0,0,0,11248000000,4141000000,7107000000,27953149469.0,-732000000.0,-2257000000.0,-336000000.0,1003000000.0,-474000000.0,182000000.0,-2807000000.0,0.0,1942000000.0,-49000000.0,2137000000.0,2137000000.0,2137000000.0,-287000000.0,0.0,0.156,2643000000.0,1981000000.0,1233000000,1.56,3.11,13.081,13.145,2878000000,0.0,68.75,2.04,2.042,3042000000,5324000000.0,13703000000.0,13703000000.0,685000000.0,0.108,0.237,0.185,0.162,85000000.0,1794000000.0,1.0,406591265,407000000,413000000.0,33.668,13781000000,2635000000,-57000000.0,2207000000,33.86,3471000000
26,TEL,ART,2014-12-31,2015-01-28,2014-12-26,2021-07-29,-223000000,20153000000,19451000000.0,6045000000,14108000000,0.722,22.516,-560000000.0,868000000,868000000,9306000000.0,1900000000.0,1.56,1.198,4223000000,937000000,3286000000,4223000000,121000000,643000000.0,0,0.12,8.12,2017000000.0,2660000000.0,0.189,2660000000.0,2017000000.0,1885000000.0,4.64,4.57,4.64,9164000000,8851500000.0,9164000000,30754597479.0,15.0,11.562,1433000000.0,3.521,1.0,4746000000.0,0.338,7468000000,132000000.0,12164000000,11338750000.0,1942000000,0,0,0,10983000000,3876000000,7107000000,27399597479.0,-529000000.0,-2039000000.0,-408000000.0,991000000.0,-458000000.0,118000000.0,-2603000000.0,0.0,1993000000.0,-37000000.0,1900000000.0,1900000000.0,1900000000.0,-2000000.0,0.0,0.135,2703000000.0,2043000000.0,1382000000,1.75,2.99,14.421,14.537,3118000000,0.0,67.45,1.95,1.954,3305000000,4725000000.0,14052000000.0,14052000000.0,695000000.0,0.098,0.215,0.178,0.144,87000000.0,1874000000.0,1.0,406220867,407000000,413000000.0,34.526,12685000000,2427000000,-15000000.0,2219000000,31.167,2169000000
27,TEL,ART,2014-09-30,2014-11-12,2014-09-26,2021-07-29,-17000000,20152000000,19023500000.0,7544000000,12608000000,0.731,21.968,-544000000.0,2457000000,2457000000,9220000000.0,1781000000.0,1.908,1.237,3948000000,667000000,3281000000,3948000000,179000000,617000000.0,0,0.131,8.08,2119000000.0,2736000000.0,0.197,2736000000.0,2119000000.0,1988000000.0,4.34,4.27,4.34,9007000000,8714500000.0,9007000000,26525968281.0,13.0,9.695,1539000000.0,3.754,1.0,4692000000.0,0.337,5924000000,131000000.0,11765000000,11065250000.0,1745000000,0,0,0,11139000000,3954000000,7185000000,25034968281.0,1054000000.0,-528000000.0,-422000000.0,939000000.0,-443000000.0,65000000.0,-1075000000.0,0.0,2083000000.0,-19000000.0,1781000000.0,1781000000.0,1781000000.0,0.0,0.0,0.128,2647000000.0,2045000000.0,1391000000,1.862,2.78,14.057,14.184,3126000000,0.0,61.56,1.8,1.814,3476000000,4253000000.0,13912000000.0,13912000000.0,675000000.0,0.094,0.204,0.192,0.152,84000000.0,1882000000.0,1.0,406675898,410000000,417000000.0,33.932,14228000000,2394000000,207000000.0,2285000000,34.702,3590000000
28,TEL,ART,2014-06-30,2014-07-24,2014-06-27,2021-07-29,357000000,18871000000,18600750000.0,6873000000,11998000000,0.74,21.619,-634000000.0,1613000000,1613000000,9119000000.0,1506000000.0,1.781,1.134,3000000000,625000000,2375000000,3000000000,119000000,607000000.0,0,0.127,8.04,2072000000.0,2679000000.0,0.195,2679000000.0,2072000000.0,1944000000.0,3.66,3.6,3.66,8842000000,8557750000.0,8842000000,27297522833.0,13.0,10.189,1293000000.0,3.161,1.0,4650000000.0,0.338,5527000000,128000000.0,10871000000,10768500000.0,1810000000,0,0,0,10023000000,3860000000,6163000000,25910522833.0,351000000.0,-6000000.0,-477000000.0,-12000000.0,-427000000.0,-917000000.0,-659000000.0,0.0,1927000000.0,0.0,1505000000.0,1505000000.0,1505000000.0,6000000.0,1000000.0,0.109,2661000000.0,1989000000.0,1433000000,2.197,2.93,17.216,17.298,3154000000,0.0,63.31,1.882,1.881,3527000000,3590000000.0,13769000000.0,13769000000.0,671000000.0,0.081,0.176,0.192,0.15,83000000.0,1872000000.0,1.0,409264300,409000000,416000000.0,33.665,13344000000,2339000000,439000000.0,2333000000,32.626,3013000000
29,TEL,ART,2014-03-31,2014-04-24,2014-03-28,2021-07-29,318000000,18628000000,18405500000.0,6566000000,12062000000,0.741,20.471,-607000000.0,1429000000,1429000000,9060000000.0,1438000000.0,1.607,1.219,2995000000,625000000,2370000000,2995000000,58000000,600000000.0,0,0.016,1.0,1990000000.0,2590000000.0,0.19,2590000000.0,1990000000.0,1856000000.0,3.48,3.43,3.48,8393000000,8317750000.0,8393000000,26400170980.0,13.0,10.193,1436000000.0,3.502,1.0,4578000000.0,0.336,5552000000,134000000.0,10555000000,10624500000.0,1850000000,0,0,0,10229000000,4087000000,6142000000,24834170980.0,356000000.0,8000000.0,-634000000.0,-13000000.0,-412000000.0,-1058000000.0,-611000000.0,0.0,2043000000.0,-18000000.0,1437000000.0,1437000000.0,1437000000.0,4000000.0,1000000.0,0.105,2685000000.0,1893000000.0,1421000000,0.287,2.959,17.282,17.46,3181000000,0.0,60.76,1.821,1.827,3415000000,3187000000.0,13638000000.0,13638000000.0,667000000.0,0.078,0.173,0.187,0.146,81000000.0,1845000000.0,1.0,408725658,410000000,417000000.0,33.263,13076000000,2351000000,419000000.0,2317000000,31.893,2479000000
30,TEL,ART,2013-12-31,2014-01-23,2013-12-27,2021-07-29,327000000,18443000000,18283500000.0,6358000000,12085000000,0.737,20.964,-573000000.0,1397000000,1397000000,9015000000.0,1353000000.0,1.865,1.14,2998000000,383000000,2615000000,2998000000,76000000,604000000.0,0,0.016,0.96,1834000000.0,2438000000.0,0.181,2438000000.0,1834000000.0,1695000000.0,3.26,3.21,3.26,8616000000,8151250000.0,8616000000,25878433948.0,14.0,10.615,1466000000.0,3.567,1.0,4457000000.0,0.331,5565000000,139000000.0,11070000000,10642250000.0,1836000000,0,0,0,9821000000,3409000000,6412000000,24277433948.0,425000000.0,8000000.0,-632000000.0,-6000000.0,-398000000.0,-1035000000.0,-563000000.0,0.0,2039000000.0,-16000000.0,1352000000.0,1352000000.0,1352000000.0,2000000.0,1000000.0,0.1,2715000000.0,1742000000.0,1361000000,0.294,2.818,17.957,18.153,3164000000,0.0,59.18,1.802,1.805,3280000000,2825000000.0,13472000000.0,13472000000.0,668000000.0,0.074,0.166,0.172,0.136,79000000.0,1812000000.0,1.0,410230381,411000000,418000000.0,32.779,12878000000,2390000000,343000000.0,2300000000,31.333,2949000000
31,TEL,ART,2013-09-30,2013-11-15,2013-09-27,2021-07-29,303000000,18461000000,18206750000.0,6309000000,12152000000,0.729,20.048,-576000000.0,1403000000,1403000000,8951000000.0,1277000000.0,1.608,1.202,3014000000,711000000,2303000000,3014000000,68000000,607000000.0,0,0.018,0.92,1389000000.0,1996000000.0,0.15,1996000000.0,1389000000.0,1247000000.0,3.05,3.02,3.05,8380000000,8029500000.0,8380000000,23110501561.0,17.0,11.578,1470000000.0,3.517,1.0,4329000000.0,0.326,5570000000,142000000.0,10578000000,10735250000.0,1762000000,0,0,0,10075000000,3924000000,6151000000,21499501561.0,-186000000.0,8000000.0,-630000000.0,-665000000.0,-384000000.0,-1678000000.0,-545000000.0,0.0,2046000000.0,-9000000.0,1276000000.0,1276000000.0,1276000000.0,0.0,1000000.0,0.096,2773000000.0,1556000000.0,1383000000,0.302,2.566,16.849,17.177,3166000000,0.0,52.39,1.619,1.649,3325000000,2472000000.0,13280000000.0,13280000000.0,675000000.0,0.07,0.159,0.129,0.105,78000000.0,1773000000.0,1.0,410374147,418000000,423000000.0,31.77,12891000000,2480000000,-29000000.0,2300000000,30.84,2385000000
32,TEL,ART,2013-06-30,2013-07-25,2013-06-28,2021-07-29,72000000,18090000000,18418000000.0,6018000000,12072000000,0.717,18.993,-531000000.0,1262000000,1262000000,8975000000.0,1285000000.0,1.503,1.294,3018000000,711000000,2307000000,3018000000,93000000,613000000.0,0,0.017,0.88,1328000000.0,1941000000.0,0.147,1941000000.0,1328000000.0,1175000000.0,3.06,3.02,3.06,7882000000,7927250000.0,7882000000,22722308865.0,17.0,11.706,1635000000.0,3.94,1.0,4237000000.0,0.321,5548000000,153000000.0,10295000000,11031750000.0,1762000000,0,0,0,10202000000,4003000000,6199000000,20966308865.0,-40000000.0,14000000.0,-625000000.0,-715000000.0,-370000000.0,-1710000000.0,-497000000.0,0.0,2166000000.0,1000000.0,1285000000.0,1285000000.0,1285000000.0,0.0,0.0,0.097,2745000000.0,1492000000.0,1357000000,0.288,2.66,16.316,16.569,3071000000,0.0,50.7,1.587,1.593,3241000000,2085000000.0,13212000000.0,13212000000.0,674000000.0,0.07,0.162,0.12,0.101,75000000.0,1774000000.0,1.0,413536664,415000000,421000000.0,31.836,12542000000,2482000000,-110000000.0,2240000000,30.222,2015000000
33,TEL,ART,2013-03-31,2013-04-24,2013-03-29,2021-07-29,134000000,18140000000,18631000000.0,5864000000,12276000000,0.712,18.398,-496000000.0,1073000000,1073000000,9139000000.0,1149000000.0,1.503,1.347,3030000000,715000000,2315000000,3030000000,106000000,640000000.0,0,0.02,0.84,1199000000.0,1839000000.0,0.139,1839000000.0,1199000000.0,1034000000.0,2.71,2.68,2.71,7727000000,7890250000.0,7727000000,19471418130.0,16.0,10.588,1559000000.0,3.712,1.0,4123000000.0,0.311,5570000000,165000000.0,10626000000,11369750000.0,1803000000,0,0,0,10407000000,3901000000,6506000000,17514418130.0,-1793000000.0,-990000000.0,-435000000.0,-1575000000.0,-356000000.0,-2368000000.0,-1471000000.0,0.0,2055000000.0,-9000000.0,1149000000.0,1149000000.0,1149000000.0,0.0,0.0,0.087,2699000000.0,1424000000.0,1348000000,0.31,2.267,15.243,15.557,3114000000,0.0,42.16,1.321,1.335,3177000000,1750000000.0,13262000000.0,13262000000.0,680000000.0,0.062,0.146,0.105,0.09,73000000.0,1741000000.0,1.0,415427375,420000000,424000000.0,31.576,12570000000,2627000000,-115000000.0,2347000000,29.929,1963000000
34,TEL,ART,2012-12-31,2013-01-25,2012-12-28,2021-07-29,256000000,18136000000,18853250000.0,5753000000,12383000000,0.703,19.263,-509000000.0,972000000,972000000,9154000000.0,1130000000.0,1.849,1.23,3038000000,351000000,2687000000,3038000000,112000000,618000000.0,0,0.021,0.81,1219000000.0,1837000000.0,0.139,1837000000.0,1219000000.0,1045000000.0,2.65,2.63,2.65,8129000000,7877000000.0,8129000000,18653690303.0,15.0,10.154,1623000000.0,3.846,1.0,4092000000.0,0.309,5649000000,174000000.0,11442000000,11682000000.0,1808000000,0,0,0,10002000000,3111000000,6891000000,16587690303.0,-417000000.0,-990000000.0,-271000000.0,-437000000.0,-344000000.0,-1063000000.0,-1489000000.0,0.0,2132000000.0,3000000.0,1129000000.0,1129000000.0,1129000000.0,0.0,1000000.0,0.085,2642000000.0,1450000000.0,1264000000,0.306,2.041,14.692,14.894,3187000000,0.0,39.47,1.252,1.257,3165000000,1473000000.0,13246000000.0,13246000000.0,682000000.0,0.06,0.143,0.104,0.092,71000000.0,1730000000.0,1.0,420260712,422000000,426000000.0,31.389,12487000000,2605000000,-84000000.0,2329000000,29.59,2642000000
35,TEL,ART,2012-09-30,2012-11-13,2012-09-28,2021-07-29,229000000,19306000000,18700000000.0,6503000000,12803000000,0.71,18.711,-510000000.0,1589000000,1589000000,9236000000.0,1115000000.0,1.624,1.421,3711000000,1015000000,2696000000,3711000000,121000000,609000000.0,0,0.023,0.78,1537000000.0,2146000000.0,0.162,2146000000.0,1537000000.0,1361000000.0,2.61,2.59,2.61,7971000000,7740000000.0,7971000000,16595112920.0,11.0,7.733,1437000000.0,3.373,1.0,4046000000.0,0.305,5660000000,176000000.0,11764000000,11559500000.0,1808000000,0,0,0,11329000000,4004000000,7325000000,14473112920.0,371000000.0,-990000000.0,-125000000.0,406000000.0,-332000000.0,-65000000.0,-1510000000.0,0.0,1947000000.0,-1000000.0,1112000000.0,1112000000.0,1112000000.0,0.0,3000000.0,0.084,2528000000.0,1518000000.0,1292000000,0.299,1.816,13.015,13.123,3213000000,0.0,34.25,1.09,1.099,3523000000,1196000000.0,13282000000.0,13282000000.0,688000000.0,0.059,0.144,0.133,0.116,68000000.0,1685000000.0,1.0,422572640,426000000,430000000.0,31.178,13646000000,2749000000,249000000.0,2759000000,32.033,2499000000
36,TEL,ART,2012-06-30,2012-07-26,2012-06-29,2021-07-29,226000000,18942000000,18304250000.0,6432000000,12510000000,0.763,18.07,-571000000.0,1302000000,1302000000,9714000000.0,1046000000.0,1.58,1.448,3759000000,1066000000,2693000000,3759000000,99000000,600000000.0,0,0.023,0.75,1601000000.0,2201000000.0,0.158,2201000000.0,1601000000.0,1428000000.0,2.43,2.42,2.43,7734000000,7615750000.0,7734000000,16347976770.0,10.0,7.428,1293000000.0,3.021,1.0,4254000000.0,0.305,5682000000,173000000.0,11647000000,11501250000.0,1868000000,0,0,0,11202000000,4070000000,7132000000,13890976770.0,91000000.0,-1005000000.0,-284000000.0,456000000.0,-319000000.0,-163000000.0,-1578000000.0,0.0,1864000000.0,-32000000.0,1042000000.0,1042000000.0,1042000000.0,-3000000.0,4000000.0,0.075,2655000000.0,1599000000.0,1383000000,0.309,1.796,13.331,13.362,3136000000,0.0,32.47,0.994,0.995,3563000000,800000000.0,13968000000.0,13968000000.0,732000000.0,0.057,0.137,0.139,0.115,125000000.0,1729000000.0,1.0,427809571,428000000,431000000.0,32.636,13260000000,2639000000,386000000.0,2766000000,30.981,2362000000
37,TEL,ART,2012-03-31,2012-04-30,2012-03-30,2021-07-29,389000000,19029000000,18076750000.0,8311000000,10718000000,0.785,17.972,-560000000.0,2866000000,2866000000,9837000000.0,1204000000.0,1.901,1.478,3972000000,1285000000,2687000000,3972000000,98000000,572000000.0,0,0.02,0.72,1735000000.0,2307000000.0,0.162,2307000000.0,1735000000.0,1570000000.0,2.78,2.76,2.78,7674000000,7576000000.0,7674000000,16695383042.0,10.0,7.237,1237000000.0,2.897,1.0,4361000000.0,0.307,3889000000,165000000.0,11875000000,11467250000.0,1833000000,0,0,0,11346000000,4371000000,6975000000,15589383042.0,1628000000.0,-29000000.0,-538000000.0,1222000000.0,-308000000.0,355000000.0,-524000000.0,0.0,1797000000.0,0.0,1198000000.0,1198000000.0,1198000000.0,-3000000.0,6000000.0,0.084,2662000000.0,1699000000.0,1367000000,0.259,2.031,13.013,13.115,3107000000,0.0,36.46,1.098,1.097,3455000000,601000000.0,14198000000.0,14198000000.0,747000000.0,0.066,0.158,0.151,0.122,108000000.0,1758000000.0,1.0,427574960,427000000,431000000.0,33.251,15140000000,2692000000,372000000.0,2597000000,35.457,3940000000
38,TEL,ART,2011-12-31,2012-01-27,2011-12-30,2021-07-29,250000000,17523000000,17839500000.0,6577000000,10946000000,0.808,17.838,-532000000.0,1390000000,1390000000,10037000000.0,1246000000.0,1.722,1.31,2846000000,896000000,1950000000,2846000000,97000000,584000000.0,0,0.02,0.7,1759000000.0,2343000000.0,0.162,2343000000.0,1759000000.0,1595000000.0,2.85,2.83,2.85,7581000000,7488750000.0,7581000000,16073944776.0,9.0,6.86,1300000000.0,3.059,1.0,4384000000.0,0.304,4207000000,164000000.0,10952000000,11389250000.0,1918000000,0,0,0,9933000000,3820000000,6113000000,14617944776.0,-17000000.0,-29000000.0,-769000000.0,-386000000.0,-302000000.0,-1472000000.0,-376000000.0,118000000.0,1832000000.0,-1000000.0,1240000000.0,1240000000.0,1240000000.0,-3000000.0,6000000.0,0.086,2665000000.0,1719000000.0,1393000000,0.246,1.928,11.789,12.035,3090000000,0.0,34.3,1.014,1.011,3309000000,344000000.0,14421000000.0,14421000000.0,754000000.0,0.07,0.166,0.154,0.122,91000000.0,1776000000.0,1.0,426179148,425000000,429000000.0,33.932,13316000000,2725000000,355000000.0,2472000000,31.332,2757000000
39,TEL,ART,2011-09-30,2011-11-18,2011-09-30,2021-07-29,428000000,17723000000,17984250000.0,6632000000,11091000000,0.796,17.064,-516000000.0,1219000000,1219000000,9890000000.0,1250000000.0,1.95,1.37,2669000000,1000000,2668000000,2669000000,145000000,574000000.0,0,0.021,0.68,1782000000.0,2356000000.0,0.165,2356000000.0,1782000000.0,1621000000.0,2.84,2.81,2.84,7474000000,7428250000.0,7474000000,15414446026.0,9.0,6.543,1263000000.0,2.884,1.0,4422000000.0,0.309,4241000000,161000000.0,11531000000,11558750000.0,1939000000,0,0,0,10239000000,3401000000,6838000000,13964446026.0,-771000000.0,-746000000.0,-785000000.0,-416000000.0,-296000000.0,-1512000000.0,-1043000000.0,155000000.0,1779000000.0,5000000.0,1245000000.0,1245000000.0,1245000000.0,0.0,5000000.0,0.087,2681000000.0,1741000000.0,1483000000,0.239,1.868,11.216,11.585,3163000000,0.0,32.9,0.976,1.007,3491000000,84000000.0,14312000000.0,14312000000.0,733000000.0,0.069,0.168,0.154,0.125,73000000.0,1780000000.0,1.0,424451247,438000000,443000000.0,32.676,13482000000,2768000000,376000000.0,2455000000,30.781,3231000000
40,TEL,ART,2011-06-30,2011-07-22,2011-06-24,2021-07-29,576000000,18032000000,17801500000.0,6860000000,11172000000,0.76,17.334,-442000000.0,1212000000,1212000000,9355000000.0,1222000000.0,1.859,1.379,2655000000,1000000,2654000000,2655000000,104000000,552000000.0,0,0.018,0.66,1780000000.0,2332000000.0,0.172,2332000000.0,1780000000.0,1622000000.0,2.74,2.72,2.74,7575000000,7321750000.0,7575000000,17222757754.0,10.0,7.385,1181000000.0,2.703,1.0,4183000000.0,0.309,4273000000,158000000.0,11511000000,11264000000.0,1996000000,0,0,0,10446000000,3691000000,6755000000,15779757754.0,-603000000.0,-751000000.0,-569000000.0,-416000000.0,-291000000.0,-1307000000.0,-955000000.0,155000000.0,1623000000.0,36000000.0,1216000000.0,1216000000.0,1216000000.0,0.0,6000000.0,0.09,2525000000.0,1658000000.0,1612000000,0.241,2.083,12.977,13.288,3147000000,0.0,36.41,1.166,1.175,3669000000,-242000000.0,13538000000.0,13538000000.0,689000000.0,0.068,0.166,0.158,0.131,63000000.0,1688000000.0,1.0,433390765,437000000,442000000.0,30.979,13759000000,2710000000,406000000.0,2358000000,31.485,3169000000
41,TEL,ART,2011-03-31,2011-04-26,2011-03-25,2021-07-29,447000000,18080000000,17410750000.0,6743000000,11337000000,0.741,16.535,-436000000.0,1239000000,1239000000,8850000000.0,1196000000.0,1.798,1.467,2744000000,185000000,2559000000,2744000000,132000000,535000000.0,0,0.018,0.64,1823000000.0,2358000000.0,0.183,2358000000.0,1823000000.0,1667000000.0,2.66,2.64,2.66,7325000000,7126000000.0,7325000000,16909014644.0,9.0,7.171,1124000000.0,2.537,1.0,4043000000.0,0.314,4272000000,156000000.0,11563000000,10931000000.0,1912000000,0,0,0,10744000000,3750000000,6994000000,15404014644.0,-600000000.0,-752000000.0,-527000000.0,-321000000.0,-284000000.0,-1150000000.0,-1033000000.0,155000000.0,1560000000.0,23000000.0,1191000000.0,1191000000.0,1191000000.0,0.0,5000000.0,0.092,2389000000.0,1654000000.0,1558000000,0.241,2.103,12.934,13.169,3129000000,0.0,35.03,1.195,1.204,3645000000,-596000000.0,12893000000.0,12893000000.0,648000000.0,0.068,0.167,0.167,0.141,63000000.0,1611000000.0,1.0,439737786,443000000,449000000.0,29.104,13808000000,2810000000,476000000.0,2508000000,31.169,2993000000
42,TEL,ART,2010-12-31,2011-01-24,2010-12-24,2021-07-29,240000000,18102000000,17028750000.0,6788000000,11314000000,0.727,16.529,-404000000.0,1407000000,1407000000,8421000000.0,1202000000.0,1.755,1.466,3215000000,660000000,2555000000,3215000000,159000000,515000000.0,0,0.017,0.64,1884000000.0,2399000000.0,0.194,2399000000.0,1884000000.0,1733000000.0,2.66,2.63,2.66,7339000000,6991750000.0,7339000000,18352980943.0,10.0,7.65,1099000000.0,2.475,1.0,3957000000.0,0.32,4412000000,151000000.0,11630000000,10609000000.0,1836000000,0,0,0,10756000000,3868000000,6888000000,16544980943.0,-288000000.0,-807000000.0,-479000000.0,149000000.0,-286000000.0,-633000000.0,-1171000000.0,37000000.0,1503000000.0,13000000.0,1196000000.0,1196000000.0,1196000000.0,0.0,6000000.0,0.097,2310000000.0,1647000000.0,1485000000,0.241,2.254,13.834,13.962,3075000000,0.0,37.14,1.337,1.332,3561000000,-895000000.0,12378000000.0,12378000000.0,610000000.0,0.07,0.171,0.178,0.152,63000000.0,1572000000.0,1.0,445476062,444000000,449000000.0,27.878,13690000000,2682000000,537000000.0,2498000000,30.833,2920000000
43,TEL,ART,2010-09-30,2010-11-10,2010-09-24,2021-07-29,246000000,16992000000,16574000000.0,6731000000,10261000000,0.728,15.558,-369000000.0,1990000000,1990000000,8293000000.0,1109000000.0,1.945,1.41,2413000000,106000000,2307000000,2413000000,164000000,520000000.0,0,0.02,0.64,1751000000.0,2271000000.0,0.188,2271000000.0,1751000000.0,1596000000.0,2.43,2.41,2.43,7048000000,6906500000.0,7048000000,14984808456.0,9.0,6.598,1310000000.0,2.892,1.0,3777000000.0,0.313,3603000000,155000000.0,10352000000,10376750000.0,1583000000,0,0,0,9936000000,3460000000,6476000000,14561808456.0,469000000.0,-78000000.0,-476000000.0,0.0,-289000000.0,-779000000.0,-442000000.0,0.0,1679000000.0,11000000.0,1103000000.0,1103000000.0,1103000000.0,0.0,6000000.0,0.091,2261000000.0,1516000000.0,1386000000,0.263,2.066,13.202,13.506,2867000000,0.0,32.82,1.206,1.232,3386000000,-1161000000.0,12070000000.0,12070000000.0,585000000.0,0.067,0.16,0.169,0.145,63000000.0,1538000000.0,1.0,443687034,453000000,457000000.0,26.645,13389000000,2695000000,493000000.0,2437000000,29.556,3271000000
44,TEL,ART,2010-06-30,2010-07-23,2010-06-25,2021-07-29,207000000,16469000000,16381000000.0,6333000000,10136000000,0.71,15.06,-298000000.0,1815000000,1815000000,8156000000.0,903000000.0,1.898,1.424,2415000000,107000000,2308000000,2415000000,165000000,528000000.0,0,0.025,0.64,1403000000.0,1931000000.0,0.166,1931000000.0,1403000000.0,1248000000.0,1.99,1.97,1.99,6792000000,6898500000.0,6792000000,12239029976.0,9.0,6.338,1449000000.0,3.213,1.0,3475000000.0,0.299,3553000000,155000000.0,10179000000,10522250000.0,1586000000,0,0,0,9669000000,3337000000,6332000000,11639029976.0,557000000.0,-58000000.0,-373000000.0,-141000000.0,-291000000.0,-803000000.0,-375000000.0,0.0,1747000000.0,-12000000.0,899000000.0,899000000.0,899000000.0,-10000000.0,4000000.0,0.077,2165000000.0,1310000000.0,1394000000,0.322,1.714,12.947,13.085,2787000000,0.0,26.04,1.001,1.01,3372000000,-1459000000.0,11631000000.0,11631000000.0,558000000.0,0.055,0.13,0.133,0.121,0.0,1487000000.0,1.0,446967357,451000000,456000000.0,25.789,12916000000,2572000000,349000000.0,2420000000,28.639,2996000000
45,TEL,ART,2010-03-31,2010-04-29,2010-03-26,2021-07-29,317000000,16552000000,16336750000.0,6111000000,10441000000,0.677,14.853,-263000000.0,1839000000,1839000000,7978000000.0,498000000.0,1.863,1.437,2414000000,101000000,2313000000,2414000000,162000000,519000000.0,0,0.015,0.48,862000000.0,1381000000.0,0.125,1381000000.0,862000000.0,703000000.0,1.1,1.09,1.1,6788000000,6968250000.0,6788000000,15229326574.0,18.0,11.028,1439000000.0,3.149,1.0,3077000000.0,0.278,3572000000,159000000.0,10275000000,10832750000.0,1550000000,0,0,0,9756000000,3280000000,6476000000,14654326574.0,1117000000.0,638000000.0,-164000000.0,-477000000.0,-293000000.0,-944000000.0,364000000.0,0.0,1702000000.0,-5000000.0,495000000.0,495000000.0,495000000.0,90000000.0,3000000.0,0.045,2170000000.0,907000000.0,1304000000,0.436,2.159,29.605,29.373,2896000000,0.0,32.31,1.326,1.336,3252000000,-1798000000.0,11055000000.0,11055000000.0,541000000.0,0.03,0.071,0.08,0.078,0.0,1442000000.0,1.0,453553902,457000000,461000000.0,24.19,12980000000,2692000000,208000000.0,2539000000,28.403,2831000000
46,TEL,ART,2009-12-31,2010-01-28,2009-12-25,2021-07-29,413000000,16283000000,16403750000.0,5820000000,10463000000,0.643,15.246,-277000000.0,1695000000,1695000000,7995000000.0,-3046000000.0,2.108,1.326,2415000000,101000000,2314000000,2415000000,174000000,521000000.0,0,0.019,0.48,-3407000000.0,-2886000000.0,-0.273,-2886000000.0,-3407000000.0,-3568000000.0,-6.64,-6.64,-6.64,6998000000,7039000000.0,6998000000,12321405474.0,-4.0,-4.269,1349000000.0,2.939,1.0,2559000000.0,0.242,3541000000,161000000.0,10701000000,11341000000.0,1458000000,0,0,0,9276000000,2761000000,6515000000,11601405474.0,1150000000.0,699000000.0,-17000000.0,-574000000.0,-294000000.0,-890000000.0,420000000.0,0.0,1626000000.0,-6000000.0,-3047000000.0,-3047000000.0,-3047000000.0,85000000.0,1000000.0,-0.289,5852000000.0,-3293000000.0,1221000000,-0.072,1.658,-3.807,-3.806,3008000000,0.0,25.27,1.099,1.099,3231000000,-2102000000.0,10554000000.0,10554000000.0,399000000.0,-0.186,-0.433,-0.3,-0.323,0.0,1398000000.0,1.0,459097961,459000000,462000000.0,22.993,12742000000,2639000000,-521000000.0,2486000000,27.76,3059000000
47,TEL,ART,2009-09-30,2009-11-18,2009-09-25,2021-07-29,455000000,16220000000,17394500000.0,5579000000,10641000000,0.59,15.285,-315000000.0,1521000000,1521000000,7720000000.0,-3256000000.0,2.133,1.31,2417000000,101000000,2316000000,2417000000,203000000,515000000.0,0,0.02,0.48,-3667000000.0,-3152000000.0,-0.307,-3152000000.0,-3667000000.0,-3832000000.0,-7.09,-7.09,-7.09,7016000000,7916750000.0,7016000000,12087812495.0,-3.0,-3.835,1014000000.0,2.209,1.0,2536000000.0,0.247,3567000000,165000000.0,10934000000,11794500000.0,1435000000,0,0,0,9194000000,2615000000,6579000000,11191812495.0,435000000.0,710000000.0,-151000000.0,-803000000.0,-294000000.0,-1254000000.0,391000000.0,0.0,1329000000.0,-31000000.0,-3256000000.0,-3256000000.0,-3256000000.0,156000000.0,0.0,-0.317,6010000000.0,-3474000000.0,1068000000,-0.068,1.595,-3.437,-3.44,3111000000,0.0,24.39,1.091,1.092,3186000000,-2274000000.0,10256000000.0,10256000000.0,536000000.0,-0.187,-0.411,-0.311,-0.358,0.0,1408000000.0,1.0,458868901,459000000,459000000.0,22.344,12653000000,2679000000,-576000000.0,2500000000,27.566,2964000000
48,TEL,ART,2009-06-30,2009-07-31,2009-06-26,2021-07-29,598000000,16292000000,18739500000.0,5558000000,10734000000,0.613,15.439,-425000000.0,1258000000,1258000000,8987000000.0,-3147000000.0,2.117,1.303,2579000000,1000000,2578000000,2579000000,168000000,527000000.0,0,0.022,0.48,-3541000000.0,-3014000000.0,-0.263,-3014000000.0,-3541000000.0,-3711000000.0,-6.86,-6.86,-6.86,7071000000,8931000000.0,7071000000,11168666563.0,-3.0,-3.706,1000000000.0,2.183,1.0,2492000000.0,0.217,3567000000,170000000.0,11421000000,12263250000.0,1640000000,0,0,0,9211000000,2625000000,6586000000,9847666563.0,546000000.0,1174000000.0,-558000000.0,-680000000.0,-287000000.0,-1580000000.0,740000000.0,0.0,1425000000.0,-39000000.0,-3147000000.0,-3147000000.0,-3147000000.0,0.0,0.0,-0.274,6015000000.0,-3523000000.0,951000000,-0.07,1.393,-3.129,-3.13,3106000000,0.0,21.47,0.858,0.857,3041000000,-2361000000.0,11479000000.0,11479000000.0,130000000.0,-0.168,-0.352,-0.289,-0.308,0.0,1604000000.0,1.0,458671009,458000000,459000000.0,25.063,12725000000,2780000000,-564000000.0,2657000000,27.784,2933000000
49,TEL,ART,2009-03-31,2009-05-04,2009-03-27,2021-07-29,454000000,16820000000,20195000000.0,5487000000,11333000000,0.638,15.439,-529000000.0,722000000,722000000,9977000000.0,-2743000000.0,1.955,1.377,2915000000,1000000,2914000000,2915000000,196000000,550000000.0,0,0.033,0.62,-2957000000.0,-2407000000.0,-0.187,-2407000000.0,-2957000000.0,-3128000000.0,-6.01,-6.02,-6.01,7071000000,10061000000.0,7071000000,10690018936.0,-4.0,-4.441,970000000.0,2.118,1.0,2902000000.0,0.225,3898000000,171000000.0,12308000000,12767500000.0,1989000000,0,0,0,9740000000,2807000000,6933000000,8497018936.0,-22000000.0,493000000.0,-776000000.0,-344000000.0,-282000000.0,-1437000000.0,-42000000.0,0.0,1499000000.0,-42000000.0,-2743000000.0,-2743000000.0,-2743000000.0,-113000000.0,0.0,-0.213,5952000000.0,-3050000000.0,901000000,-0.103,1.202,-3.098,-3.087,3284000000,0.0,18.55,0.66,0.66,3015000000,-2286000000.0,12879000000.0,12879000000.0,0.0,-0.136,-0.273,-0.232,-0.23,0.0,1711000000.0,1.0,458060320,458000000,458000000.0,28.12,12922000000,2873000000,-385000000.0,2596000000,28.214,2680000000
50,TEL,ART,2008-12-31,2009-02-03,2008-12-26,2021-07-29,592000000,20246000000,21608750000.0,5809000000,14437000000,0.652,22.895,-564000000.0,545000000,545000000,10653000000.0,796000000.0,2.138,0.926,3019000000,1000000,3018000000,3019000000,203000000,551000000.0,0,0.044,0.6,1356000000.0,1907000000.0,0.135,1907000000.0,1356000000.0,1176000000.0,1.68,1.67,1.68,10509000000,11185750000.0,10509000000,8785408791.0,6.0,4.607,65000000.0,0.142,1.0,3432000000.0,0.244,7488000000,180000000.0,12515000000,13076250000.0,2306000000,0,0,0,9727000000,2717000000,7010000000,6311408791.0,-372000000.0,487000000.0,-1127000000.0,-355000000.0,-275000000.0,-1806000000.0,834000000.0,0.0,629000000.0,-29000000.0,796000000.0,796000000.0,796000000.0,-107000000.0,0.0,0.057,2179000000.0,1253000000.0,1232000000,0.357,0.601,7.929,8.202,3406000000,0.0,13.78,0.448,0.449,3427000000,1026000000.0,14085000000.0,14085000000.0,0.0,0.037,0.071,0.104,0.096,0.0,1770000000.0,1.0,458012249,459000000,459000000.0,30.686,12758000000,2256000000,380000000.0,2584000000,27.795,3092000000
51,TEL,ART,2008-09-30,2009-01-16,2008-09-26,2021-07-29,929000000,21600000000,22789250000.0,7095000000,14505000000,0.651,22.925,-577000000.0,1086000000,1086000000,11064000000.0,1782000000.0,2.129,0.95,3181000000,20000000,3161000000,3181000000,247000000,559000000.0,0,0.038,0.6,2528000000.0,3087000000.0,0.208,3087000000.0,2528000000.0,2340000000.0,3.69,3.67,3.69,11073000000,11415750000.0,11073000000,9334647750.0,4.0,3.024,412000000.0,0.853,1.0,3770000000.0,0.254,7554000000,188000000.0,12809000000,13307250000.0,2312000000,0,0,0,10517000000,3332000000,7185000000,7239647750.0,146000000.0,566000000.0,-1188000000.0,-221000000.0,-271000000.0,-1739000000.0,895000000.0,0.0,989000000.0,1000000.0,1782000000.0,1782000000.0,1782000000.0,-188000000.0,0.0,0.12,2024000000.0,1746000000.0,1469000000,0.163,0.654,4.063,4.287,3517000000,0.0,15.82,0.488,0.515,3944000000,1141000000.0,14834000000.0,14834000000.0,0.0,0.078,0.156,0.19,0.17,0.0,1680000000.0,1.0,457626280,483000000,486000000.0,30.712,14046000000,2119000000,558000000.0,2580000000,29.081,3763000000
52,TEL,ART,2008-09-30,2008-11-20,2008-09-26,2021-07-29,929000000,21600000000,22789250000.0,7095000000,14505000000,0.651,22.925,-577000000.0,1086000000,1086000000,11064000000.0,1782000000.0,2.129,0.95,3181000000,20000000,3161000000,3181000000,247000000,559000000.0,0,0.045,0.58,2528000000.0,3087000000.0,0.208,3087000000.0,2528000000.0,2340000000.0,3.69,3.67,3.69,11073000000,11415750000.0,11073000000,8030412852.0,3.0,2.601,412000000.0,0.853,1.0,3770000000.0,0.254,7554000000,188000000.0,12809000000,13307250000.0,2312000000,0,0,0,10517000000,3332000000,7185000000,5935412852.0,146000000.0,566000000.0,-1188000000.0,-221000000.0,-271000000.0,-1739000000.0,895000000.0,0.0,989000000.0,1000000.0,1782000000.0,1782000000.0,1782000000.0,-188000000.0,0.0,0.12,2024000000.0,1746000000.0,1469000000,0.157,0.536,3.331,3.515,3517000000,0.0,12.97,0.4,0.422,3944000000,1141000000.0,14834000000.0,14834000000.0,0.0,0.078,0.156,0.19,0.17,0.0,1680000000.0,1.0,457626280,483000000,486000000.0,30.712,14046000000,2119000000,558000000.0,2580000000,29.081,3763000000
53,TEL,ART,2008-06-30,2008-08-01,2008-06-27,2021-07-29,1295000000,22114000000,23311250000.0,7137000000,14977000000,0.638,24.249,-523000000.0,730000000,730000000,11069000000.0,1836000000.0,2.087,0.907,3192000000,21000000,3171000000,3192000000,294000000,552000000.0,0,0.017,0.56,2690000000.0,3242000000.0,0.218,3242000000.0,2690000000.0,2492000000.0,3.74,3.72,3.74,11591000000,11491750000.0,11591000000,17925464399.0,7.0,5.529,483000000.0,1.01,1.0,3795000000.0,0.255,7719000000,198000000.0,13438000000,13158500000.0,2427000000,0,0,0,10513000000,3419000000,7094000000,15463464399.0,-41000000.0,99000000.0,-781000000.0,-541000000.0,-205000000.0,-1559000000.0,468000000.0,0.0,1006000000.0,43000000.0,1836000000.0,1836000000.0,1836000000.0,-81000000.0,0.0,0.124,1836000000.0,1959000000.0,1573000000,0.15,1.334,8.422,8.754,3642000000,0.0,32.74,1.04,1.053,4141000000,928000000.0,14864000000.0,14864000000.0,0.0,0.079,0.16,0.204,0.181,0.0,1677000000.0,1.0,472311069,478000000,482000000.0,31.096,14395000000,2223000000,656000000.0,2608000000,30.115,3718000000
54,TEL,ART,2008-03-31,2008-05-05,2008-03-28,2021-07-29,1291000000,22475000000,23549000000.0,7288000000,15187000000,0.61,23.807,-497000000.0,748000000,748000000,10708000000.0,138000000.0,1.998,0.942,3195000000,22000000,3173000000,3195000000,325000000,521000000.0,0,0.011,0.42,970000000.0,1491000000.0,0.104,1491000000.0,970000000.0,758000000.0,0.3,0.29,0.3,11570000000,11326750000.0,11570000000,21180779371.0,22.0,14.206,413000000.0,0.85,1.0,3660000000.0,0.255,7731000000,212000000.0,13543000000,12202250000.0,2427000000,0,0,0,10894000000,3648000000,7246000000,18733779371.0,237000000.0,99000000.0,-564000000.0,-757000000.0,-136000000.0,-315000000.0,-409000000.0,3000000.0,910000000.0,50000000.0,138000000.0,138000000.0,138000000.0,367000000.0,0.0,0.01,2746000000.0,914000000.0,1527000000,1.4,1.619,135.752,130.633,3618000000,0.0,39.19,1.304,1.326,4196000000,665000000.0,14368000000.0,14368000000.0,0.0,0.006,0.012,0.079,0.068,0.0,1666000000.0,1.0,478024480,486000000,489000000.0,29.564,14744000000,2323000000,620000000.0,2806000000,30.337,3640000000
55,TEL,ART,2007-12-31,2008-02-07,2007-12-28,2021-07-29,1078000000,24968000000,22771250000.0,9779000000,15189000000,,23.042,,916000000,916000000,,,1.585,1.184,3284000000,24000000,3260000000,3284000000,296000000,,0,0.008,0.28,,,,,,,,,,11429000000,11339000000.0,11429000000,19486024528.0,,,,,1.0,,,7728000000,,13439000000,11619500000.0,2343000000,0,0,0,13527000000,6169000000,7358000000,17118024528.0,,,,,,,,,,,,,,,,,,,1459000000,,1.498,,,3546000000,,35.12,,,4156000000,432000000.0,,,,,,,,,,1.0,487415277,496000000,,,17240000000,2374000000,,2848000000,34.758,3610000000
56,TEL,ART,2007-09-30,2007-12-14,2007-09-28,2021-07-29,1052000000,23688000000,21478000000.0,9873000000,13815000000,0.627,22.891,-820000000.0,936000000,936000000,10012000000.0,-554000000.0,1.596,1.081,3378000000,5000000,3373000000,3378000000,191000000,535000000.0,0,0.004,0.14,171000000.0,706000000.0,0.052,706000000.0,171000000.0,-60000000.0,-1.11,-1.11,-1.11,11377000000,11263500000.0,11377000000,20500834171.0,120.0,29.038,718000000.0,1.445,1.0,3448000000.0,0.256,7731000000,231000000.0,12214000000,11663500000.0,2047000000,0,0,0,12296000000,6185000000,6111000000,18058834171.0,474000000.0,224000000.0,0.0,-522000000.0,0.0,407000000.0,-1524000000.0,0.0,1538000000.0,46000000.0,-554000000.0,-554000000.0,-554000000.0,410000000.0,0.0,-0.041,2695000000.0,753000000.0,1382000000,-0.126,1.587,-32.597,-32.919,3505000000,0.0,36.54,1.342,1.349,3530000000,186000000.0,13460000000.0,13460000000.0,0.0,-0.026,-0.049,0.015,0.013,0.0,1664000000.0,1.0,494220968,497000000,497000000.0,27.082,15957000000,1722000000,494000000.0,1513000000,32.107,3688000000
57,TEL,ART,2007-06-30,2007-08-13,2007-06-29,2021-07-29,883000000,23065000000,,9504000000,13561000000,,21.994,,750000000,750000000,,,1.093,1.109,3711000000,2886000000,825000000,3711000000,217000000,,0,0.0,0.0,,,,,,,,,,10931000000,,10931000000,19363411520.0,,,,,1.0,,,7719000000,,9613000000,,2070000000,0,0,0,12118000000,8694000000,3424000000,16402411520.0,,,,,,,,,,,,,,,,,,,1310000000,,1.501,,,3429000000,,32.99,,,2565000000,,,,,,,,,,,1.0,497193438,497000000,,,15346000000,1835000000,,391000000,30.877,810000000
58,TEL,ART,2007-03-31,2007-05-18,2007-03-30,2021-07-29,893000000,19364000000,,6118000000,13246000000,,23.369,-876000000.0,505000000,505000000,9943000000.0,1225000000.0,1.926,0.665,3696000000,597000000,3099000000,3696000000,183000000,557000000.0,0,,0.0,1532000000.0,2089000000.0,0.156,2089000000.0,1532000000.0,1294000000.0,,,,11619000000,,11619000000,,,,657000000.0,1.321,1.0,3445000000.0,0.257,8166000000,238000000.0,11212000000,,2198000000,0,0,0,7729000000,3177000000,4552000000,,190000000.0,208000000.0,0.0,96000000.0,0.0,-698000000.0,-667000000.0,-3000000.0,1533000000.0,8000000.0,1225000000.0,1225000000.0,1225000000.0,-95000000.0,0.0,0.091,2054000000.0,1391000000.0,1309000000,,,,,3465000000,0.0,,,,2569000000,,13388000000.0,13388000000.0,0.0,,,,0.114,0.0,1710000000.0,1.0,497193438,497193438,,26.927,11198000000,1730000000,69000000.0,387000000,22.522,2941000000
59,TEL,ART,2006-09-30,2007-04-20,2006-09-29,2021-07-29,670000000,19091000000,,6040000000,13051000000,,22.446,-548000000.0,470000000,470000000,9447000000.0,1193000000.0,1.924,0.709,3662000000,291000000,3371000000,3662000000,161000000,531000000.0,0,,0.0,1481000000.0,2012000000.0,0.157,2012000000.0,1481000000.0,1225000000.0,,,,11160000000,,11160000000,,,,1122000000.0,2.257,1.0,3365000000.0,0.263,8163000000,256000000.0,10981000000,,1966000000,0,0,0,7915000000,3139000000,4776000000,,194000000.0,-26000000.0,0.0,-849000000.0,0.0,-935000000.0,-548000000.0,-1000000.0,1670000000.0,-1000000.0,1193000000.0,1193000000.0,1193000000.0,-38000000.0,0.0,0.093,1956000000.0,1409000000.0,1300000000,,,,,3133000000,0.0,,,,2544000000,,12812000000.0,12812000000.0,0.0,,,,0.116,0.0,1627000000.0,1.0,497193438,497193438,,25.769,10928000000,1869000000,32000000.0,380000000,21.979,2901000000
60,TEL,ART,2006-09-30,2007-01-18,2006-09-29,2021-07-29,670000000,19268000000,,5923000000,13345000000,,22.426,-548000000.0,470000000,470000000,9447000000.0,1189000000.0,1.86,0.727,3662000000,291000000,3371000000,3662000000,196000000,531000000.0,0,,0.0,1481000000.0,2012000000.0,0.157,2012000000.0,1481000000.0,1225000000.0,,,,11150000000,,11150000000,,,,1124000000.0,2.261,1.0,3365000000.0,0.263,8163000000,256000000.0,11113000000,,1966000000,0,0,0,8102000000,3184000000,4918000000,,194000000.0,-26000000.0,0.0,-849000000.0,0.0,-937000000.0,-548000000.0,-1000000.0,1672000000.0,-1000000.0,1189000000.0,1189000000.0,1189000000.0,-38000000.0,0.0,0.093,1956000000.0,1409000000.0,1300000000,,,,,3133000000,0.0,,,,2544000000,,12812000000.0,12812000000.0,0.0,,,,0.116,0.0,1627000000.0,1.0,497193438,497193438,,25.769,11105000000,2058000000,36000000.0,493000000,22.335,2739000000
