None,ticker,dimension,calendardate,datekey,reportperiod,lastupdated,accoci,assets,assetsavg,assetsc,assetsnc,assetturnover,bvps,capex,cashneq,cashnequsd,cor,consolinc,currentratio,de,debt,debtc,debtnc,debtusd,deferredrev,depamor,deposits,divyield,dps,ebit,ebitda,ebitdamargin,ebitdausd,ebitusd,ebt,eps,epsdil,epsusd,equity,equityavg,equityusd,ev,evebit,evebitda,fcf,fcfps,fxusd,gp,grossmargin,intangibles,intexp,invcap,invcapavg,inventory,investments,investmentsc,investmentsnc,liabilities,liabilitiesc,liabilitiesnc,marketcap,ncf,ncfbus,ncfcommon,ncfdebt,ncfdiv,ncff,ncfi,ncfinv,ncfo,ncfx,netinc,netinccmn,netinccmnusd,netincdis,netincnci,netmargin,opex,opinc,payables,payoutratio,pb,pe,pe1,ppnenet,prefdivis,price,ps,ps1,receivables,retearn,revenue,revenueusd,rnd,roa,roe,roic,ros,sbcomp,sgna,sharefactor,sharesbas,shareswa,shareswadil,sps,tangibles,taxassets,taxexp,taxliabilities,tbvps,workingcapital
0,AYE,MRY,2010-12-31,2010-12-31,2010-12-31,2019-05-23,-63700000.0,12075800000.0,11837250000.0,1515600000.0,10560200000.0,0.33,20.269,-950500000.0,490200000.0,490200000.0,2654400000.0,411700000.0,1.916,2.509,4701500000.0,15500000.0,4686000000.0,4701500000.0,0.0,323500000.0,0.0,0.025,0.6,944800000.0,1268300000.0,0.325,1268300000.0,944800000.0,628400000.0,2.42,2.42,2.42,3441700000.0,3351275000.0,3441700000.0,8221827008.0,9.0,6.483,-134500000.0,-0.792,1.0,1248500000.0,0.32,367300000.0,316400000.0,15128900000.0,14840650000.0,259700000.0,74300000.0,24500000.0,49800000.0,8634100000.0,790900000.0,7843200000.0,4119327008.0,203600000.0,299300000.0,1300000.0,113900000.0,-101800000.0,13200000.0,-625600000.0,0.0,816000000.0,0.0,411700000.0,411700000.0,411700000.0,0.0,0.0,0.105,317000000.0,931500000.0,383400000.0,0.248,1.197,10.006,10.017,9301900000.0,0.0,24.24,1.055,1.055,408000000.0,1307000000.0,3902900000.0,3902900000.0,0.0,0.035,0.123,0.064,0.242,0.0,0.0,1.0,169939233.0,169800000,170300000.0,22.985,11708500000.0,48900000.0,216700000.0,1880900000.0,68.955,724700000.0
1,AYE,MRY,2009-12-31,2009-12-31,2009-12-31,2019-05-23,-89900000.0,11589100000.0,11213498250.0,1345300000.0,10243800000.0,0.306,18.367,-1168200000.0,286600000.0,286600000.0,2289300000.0,394100000.0,1.365,2.718,4557800000.0,140800000.0,4417000000.0,4557800000.0,0.0,282100000.0,0.0,0.026,0.6,925500000.0,1207600000.0,0.352,1207600000.0,925500000.0,634400000.0,2.32,2.31,2.32,3113200000.0,3053006500.0,3113200000.0,8191135108.0,9.0,6.783,-368600000.0,-2.175,1.0,1137500000.0,0.332,367300000.0,291100000.0,14507400000.0,14029288500.0,317000000.0,31300000.0,4600000.0,26700000.0,8461000000.0,985600000.0,7475400000.0,3981335108.0,-75500000.0,0.0,2300000.0,322600000.0,-101700000.0,209700000.0,-1084800000.0,0.0,799600000.0,0.0,392800000.0,392800000.0,392800000.0,0.0,1300000.0,0.115,217700000.0,919800000.0,443100000.0,0.259,1.279,10.136,10.121,8957100000.0,0.0,23.48,1.162,1.161,355000000.0,1022700000.0,3426800000.0,3426800000.0,0.0,0.035,0.129,0.066,0.27,0.0,0.0,1.0,169562824.0,169500000,170000000.0,20.217,11221800000.0,129900000.0,241600000.0,1735900000.0,66.205,359700000.0
2,AYE,MRY,2008-12-31,2008-12-31,2008-12-31,2019-05-23,-43300000.0,10811000000.0,10343161000.0,1495700000.0,9315300000.0,0.327,16.919,-994100000.0,362100000.0,362100000.0,2366200000.0,395800000.0,1.49,2.791,4209800000.0,93900000.0,4115900000.0,4209800000.0,0.0,273900000.0,0.0,0.018,0.6,831400000.0,1105300000.0,0.326,1105300000.0,831400000.0,599500000.0,2.35,2.33,2.35,2850800000.0,2766249500.0,2850800000.0,9627518519.0,12.0,8.71,-132700000.0,-0.788,1.0,1019700000.0,0.301,367300000.0,231900000.0,13287800000.0,13025585500.0,243300000.0,150900000.0,113100000.0,37800000.0,7955300000.0,1003600000.0,6951700000.0,5724158519.0,103300000.0,-50000000.0,25300000.0,135500000.0,-101100000.0,64200000.0,-822300000.0,0.0,861400000.0,0.0,395400000.0,395400000.0,395400000.0,0.0,400000.0,0.117,210200000.0,809500000.0,478800000.0,0.255,2.008,14.477,14.409,8002200000.0,0.0,33.86,1.691,1.685,359200000.0,731600000.0,3385900000.0,3385900000.0,0.0,0.038,0.143,0.064,0.246,0.0,0.0,1.0,169053707.0,168500000,170000000.0,20.094,10443700000.0,114400000.0,204100000.0,1538300000.0,61.98,492100000.0
3,AYE,MRY,2007-12-31,2007-12-31,2007-12-31,2019-05-23,-40232000.0,9906589000.0,9354638500.0,1314959000.0,8591630000.0,0.354,15.273,-848400000.0,258750000.0,258750000.0,2222800000.0,416000000.0,1.67,2.907,4088079000.0,105367000.0,3982712000.0,4088079000.0,0.0,277000000.0,0.0,0.002,0.15,850300000.0,1127300000.0,0.341,1127300000.0,850300000.0,663000000.0,2.48,2.43,2.48,2535352000.0,2359578750.0,2535352000.0,14374567196.0,17.0,12.751,107400000.0,0.647,1.0,1084200000.0,0.328,367287000.0,187300000.0,12581128000.0,11921204250.0,175581000.0,27904000.0,29000.0,27875000.0,7371237000.0,787503000.0,6583734000.0,10574339196.0,144700000.0,0.0,26400000.0,444700000.0,-25000000.0,420300000.0,-1231400000.0,-3300000.0,955800000.0,0.0,412200000.0,412200000.0,412200000.0,0.0,3800000.0,0.125,266900000.0,817300000.0,380688000.0,0.06,4.171,25.653,25.649,7196580000.0,0.0,63.61,3.198,3.193,349488000.0,444177000.0,3307000000.0,3307000000.0,0.0,0.044,0.175,0.071,0.257,0.0,0.0,1.0,166237057.0,166000000,169500000.0,19.922,9539302000.0,334783000.0,250800000.0,1566936000.0,57.466,527456000.0
4,AYE,MRY,2006-12-31,2006-12-31,2006-12-31,2019-05-23,-107188000.0,8552446000.0,8467106750.0,909422000.0,7643024000.0,0.369,12.671,-447325000.0,114138000.0,114138000.0,2114575000.0,319321000.0,1.108,3.111,3611182000.0,201189000.0,3409993000.0,3611182000.0,0.0,273134000.0,0.0,0.0,0.0,764300000.0,1037434000.0,0.332,1037434000.0,764300000.0,492864000.0,1.94,1.89,1.94,2080395000.0,1950289000.0,2080395000.0,11257393689.0,15.0,10.851,315779000.0,1.923,1.0,1006914000.0,0.323,367287000.0,271436000.0,10861424000.0,10703593500.0,171068000.0,28259000.0,0.0,28259000.0,6472051000.0,820779000.0,5651272000.0,7587214689.0,-148074000.0,-13900000.0,24691000.0,-531625000.0,0.0,-507334000.0,-403844000.0,-4278000.0,763104000.0,0.0,319321000.0,319321000.0,319321000.0,-586000.0,0.0,0.102,274594000.0,732320000.0,236706000.0,0.0,3.647,23.76,23.665,6512893000.0,0.0,45.91,2.431,2.415,335072000.0,74698000.0,3121489000.0,3121489000.0,0.0,0.038,0.164,0.071,0.245,0.0,0.0,1.0,165262790.0,164184000,168679000.0,19.012,8185159000.0,172134000.0,173543000.0,1146065000.0,49.854,88643000.0
5,AYE,MRY,2005-12-31,2005-12-31,2005-12-31,2019-05-23,-142721000.0,8558812000.0,8733263750.0,1173818000.0,7384994000.0,0.348,10.936,-306461000.0,262212000.0,262212000.0,2165227000.0,63065000.0,0.912,4.049,4118127000.0,477217000.0,3640910000.0,4118127000.0,0.0,308141000.0,0.0,0.0,0.0,564283000.0,872424000.0,0.287,872424000.0,564283000.0,127836000.0,0.4,0.4,0.4,1695295000.0,1610290250.0,1695295000.0,9060527556.0,16.0,10.385,179659000.0,1.159,1.0,872660000.0,0.287,394683000.0,436447000.0,10733590000.0,11411236000.0,165342000.0,28555000.0,0.0,28555000.0,6863517000.0,1286454000.0,5577063000.0,5154283556.0,72730000.0,0.0,2941000.0,-557809000.0,0.0,-604879000.0,191489000.0,-2644000.0,486120000.0,0.0,63065000.0,63065000.0,63065000.0,6152000.0,0.0,0.021,335869000.0,536791000.0,316713000.0,0.0,3.04,81.73,79.125,6277428000.0,0.0,31.65,1.697,1.615,374228000.0,-244625000.0,3037887000.0,3037887000.0,0.0,0.007,0.039,0.049,0.186,10632000.0,0.0,1.0,162852561.0,155016000,158634000.0,19.597,8164129000.0,139162000.0,64771000.0,937644000.0,52.666,-112636000.0
6,AYE,MRY,2004-12-31,2004-12-31,2004-12-31,2019-05-23,-108741000.0,9045140000.0,9504312500.0,1305132000.0,7740008000.0,0.29,10.455,-265618000.0,189482000.0,189482000.0,1962088000.0,-310598000.0,1.298,5.681,4949694000.0,385142000.0,4564552000.0,4949694000.0,0.0,299425000.0,0.0,0.0,0.0,169267000.0,468692000.0,0.17,468692000.0,169267000.0,-230929000.0,-2.4,-1.83,-2.4,1353816000.0,1388888750.0,1353816000.0,7710941253.0,46.0,16.452,258077000.0,1.993,1.0,794033000.0,0.288,400502000.0,400196000.0,12399144000.0,13195569250.0,161866000.0,29991000.0,0.0,29991000.0,7691324000.0,1005706000.0,6685618000.0,2705350253.0,-339130000.0,0.0,151587000.0,-748063000.0,0.0,-600924000.0,-261901000.0,2130000.0,523695000.0,0.0,-310598000.0,-310598000.0,-310598000.0,440330000.0,0.0,-0.113,204803000.0,589230000.0,223584000.0,0.0,1.998,-8.71,-8.213,6303018000.0,0.0,19.71,0.982,0.926,323276000.0,-307690000.0,2756121000.0,2756121000.0,0.0,-0.033,-0.224,0.013,0.061,21884000.0,0.0,1.0,137257750.0,129486000,156492000.0,21.285,8644638000.0,91490000.0,79669000.0,831547000.0,66.761,299426000.0
7,AYE,MRY,2003-12-31,2003-12-31,2003-12-31,2019-05-23,-92204000.0,10171896000.0,10455589000.0,1517284000.0,8654612000.0,0.209,11.95,-572895000.0,528612000.0,528612000.0,2094210000.0,-354979000.0,1.185,5.71,5758373000.0,598453000.0,5159920000.0,5758373000.0,0.0,326935000.0,0.0,0.0,0.0,-134357000.0,192578000.0,0.088,192578000.0,-134357000.0,-557149000.0,-2.8,-2.8,-2.8,1515859000.0,1656249750.0,1515859000.0,7034576031.0,-52.0,36.528,-202829000.0,-1.599,1.0,88084000.0,0.04,408997000.0,422792000.0,13711717000.0,10263242250.0,207748000.0,51479000.0,0.0,51479000.0,8656037000.0,1280943000.0,7375094000.0,1620208031.0,324381000.0,57645000.0,0.0,500534000.0,0.0,500534000.0,-546219000.0,11707000.0,370066000.0,0.0,-354979000.0,-354979000.0,-354979000.0,25339000.0,0.0,-0.163,284463000.0,-196379000.0,281514000.0,0.0,1.069,-4.564,-4.557,7453477000.0,0.0,12.76,0.742,0.742,393620000.0,2910000.0,2182294000.0,2182294000.0,0.0,-0.034,-0.214,-0.013,-0.062,10647000.0,0.0,1.0,126975551.0,126848000,126848000.0,17.204,9762899000.0,91015000.0,-202170000.0,1048376000.0,76.965,236341000.0
8,AYE,MRY,2002-12-31,2002-12-31,2002-12-31,2019-05-23,-30412000.0,10973148000.0,11182694750.0,1454613000.0,9518535000.0,0.245,15.371,-403142000.0,204231000.0,204231000.0,2840439000.0,-632690000.0,0.243,4.681,5206365000.0,5051367000.0,154998000.0,5206365000.0,0.0,308552000.0,0.0,0.171,1.29,-678493000.0,-369941000.0,-0.135,-369941000.0,-678493000.0,-945802000.0,-5.04,-5.04,-5.04,1931507000.0,2192802000.0,1931507000.0,5854020041.0,-9.0,-15.824,-77338000.0,-0.615,1.0,-96687000.0,-0.035,405935000.0,267309000.0,9578514000.0,12614410250.0,186035000.0,56393000.0,0.0,56393000.0,9041641000.0,5990833000.0,3050808000.0,950185041.0,166251000.0,22337000.0,3992000.0,365775000.0,-150551000.0,219216000.0,-378769000.0,2780000.0,325804000.0,0.0,-632690000.0,-632690000.0,-632690000.0,36427000.0,0.0,-0.231,375932000.0,-472619000.0,380019000.0,-0.256,0.492,-1.502,-1.5,7239034000.0,0.0,7.56,0.346,0.346,546370000.0,357889000.0,2743752000.0,2743752000.0,0.0,-0.057,-0.289,-0.054,-0.247,0.0,0.0,1.0,125685852.0,125657979,125657979.0,21.835,10567213000.0,231793000.0,-313112000.0,1079151000.0,84.095,-4536220000.0
9,AYE,MRY,2001-12-31,2001-12-31,2001-12-31,2019-05-23,-20231000.0,11032462000.0,9364739500.0,1259762000.0,9772700000.0,0.366,22.563,-463250000.0,37980000.0,37980000.0,1333118000.0,417775000.0,0.467,3.071,4827512000.0,1591782000.0,3235730000.0,4827512000.0,0.0,301536000.0,0.0,0.047,1.72,949280000.0,1250816000.0,0.365,1250816000.0,949280000.0,665998000.0,3.48,3.47,3.48,2709969000.0,2225325000.0,2709969000.0,9140540703.0,10.0,7.308,-127165000.0,-1.059,1.0,2092005000.0,0.611,646660000.0,283282000.0,12479472000.0,10819720000.0,187355000.0,66422000.0,0.0,66422000.0,8322493000.0,2695862000.0,5626631000.0,4529289703.0,19959000.0,-1652607000.0,670478000.0,1346727000.0,-194699000.0,1822506000.0,-2138632000.0,-21168000.0,336085000.0,0.0,417775000.0,417775000.0,417775000.0,0.0,0.0,0.122,1131904000.0,960101000.0,368148000.0,0.494,1.671,10.841,10.408,6853015000.0,0.0,36.22,1.322,1.27,525966000.0,1152487000.0,3425123000.0,3425123000.0,0.0,0.045,0.188,0.088,0.277,0.0,0.0,1.0,125049412.0,120104328,120542151.0,28.518,10385802000.0,277617000.0,248223000.0,1278248000.0,86.473,-1436100000.0
10,AYE,MRY,2000-12-31,2000-12-31,2000-12-31,2019-05-23,0.0,7697017000.0,,1127895000.0,6569122000.0,,15.762,-402376000.0,18021000.0,18021000.0,1042877000.0,236629000.0,0.634,3.535,3476360000.0,882413000.0,2593947000.0,3476360000.0,0.0,247933000.0,0.0,0.036,1.72,653380000.0,901313000.0,0.34,901313000.0,653380000.0,424056000.0,2.14,2.14,2.14,1740681000.0,,1740681000.0,,,,134870000.0,1.221,1.0,1610180000.0,0.607,216411000.0,229324000.0,9159968000.0,,142418000.0,45496000.0,0.0,45496000.0,6153168000.0,1778977000.0,4374191000.0,,-47963000.0,-228826000.0,0.0,227239000.0,-187490000.0,50022000.0,-635231000.0,-4029000.0,537246000.0,0.0,236629000.0,236629000.0,236629000.0,0.0,0.0,0.089,889156000.0,721024000.0,386746000.0,0.804,,,22.518,5539338000.0,0.0,48.188,,2.006,549687000.0,943281000.0,2653057000.0,2653057000.0,0.0,,,,0.246,0.0,0.0,1.0,,110436317,110693104.0,24.023,7480606000.0,92561000.0,187427000.0,919532000.0,67.737,-651082000.0
11,AYE,MRY,1999-12-31,1999-12-31,1999-12-31,2019-05-23,,,,,,,,-395385000.0,,,1522491000.0,258421000.0,,,,,,,,257456000.0,,0.064,1.72,609672000.0,867128000.0,0.309,867128000.0,609672000.0,422862000.0,2.22,2.22,2.22,,,,,,,226724000.0,1.951,1.0,1285950000.0,0.458,,186810000.0,,,,,,,,,,,48425000.0,-98714000.0,-398407000.0,651401000.0,-203225000.0,-59596000.0,-514088000.0,-3849000.0,622109000.0,0.0,258421000.0,258421000.0,258421000.0,0.0,0.0,0.092,646862000.0,639088000.0,,0.775,,,12.134,,0.0,26.938,,1.115,,,2808441000.0,2808441000.0,0.0,,,,0.217,0.0,0.0,,,116237443,116237443.0,24.161,,,164441000.0,,,
0,AYE,MRQ,2010-12-31,2010-12-31,2010-12-31,2019-05-23,-63700000.0,12075800000.0,,1515600000.0,10560200000.0,,20.233,-223900000.0,490200000.0,490200000.0,582400000.0,88200000.0,1.916,2.509,4701500000.0,15500000.0,4686000000.0,4701500000.0,0.0,81800000.0,0.0,0.025,0.15,193400000.0,275200000.0,0.318,275200000.0,193400000.0,117100000.0,0.51,0.52,0.51,3441700000.0,,3441700000.0,8221827008.0,9.0,6.483,-55200000.0,-0.325,1.0,282200000.0,0.326,367300000.0,76300000.0,15128900000.0,,259700000.0,74300000.0,24500000.0,49800000.0,8634100000.0,790900000.0,7843200000.0,4119327008.0,26600000.0,-14500000.0,500000.0,131800000.0,-25500000.0,106900000.0,-249000000.0,0.0,168700000.0,0.0,88200000.0,88200000.0,88200000.0,0.0,0.0,0.102,92400000.0,189800000.0,383400000.0,0.294,1.197,10.006,10.017,9301900000.0,0.0,24.24,1.055,1.055,408000000.0,1307000000.0,864600000.0,864600000.0,0.0,,,,,-17500000.0,0.0,1.0,169939233.0,170100000,170900000.0,5.083,11708500000.0,48900000.0,28900000.0,1880900000.0,68.833,724700000.0
1,AYE,MRQ,2010-09-30,2010-09-30,2010-09-30,2019-05-23,-33100000.0,11842100000.0,,1400400000.0,10441700000.0,,20.209,-215600000.0,463600000.0,463600000.0,692200000.0,115100000.0,1.867,2.451,4566100000.0,15500000.0,4550600000.0,4566100000.0,0.0,81300000.0,0.0,0.024,0.15,257000000.0,338300000.0,0.324,338300000.0,257000000.0,173400000.0,0.68,0.68,0.68,3431500000.0,,3431500000.0,8310160315.0,8.0,6.326,67700000.0,0.399,1.0,351500000.0,0.337,367300000.0,83600000.0,14827400000.0,,250100000.0,116500000.0,45000000.0,71500000.0,8410600000.0,749900000.0,7660700000.0,4158960315.0,-14000000.0,0.0,300000.0,-66100000.0,-25400000.0,-91500000.0,-205800000.0,0.0,283300000.0,0.0,115100000.0,115100000.0,115100000.0,0.0,0.0,0.11,98900000.0,252600000.0,370000000.0,0.221,1.212,9.609,9.578,9140700000.0,0.0,24.52,1.067,1.068,358900000.0,1269900000.0,1043700000.0,1043700000.0,0.0,,,,,8600000.0,0.0,1.0,169615021.0,169800000,170300000.0,6.147,11474800000.0,56000000.0,58300000.0,1851700000.0,67.578,650500000.0
2,AYE,MRQ,2010-06-30,2010-06-30,2010-06-30,2019-05-23,-64200000.0,11730900000.0,,1447500000.0,10283400000.0,,19.481,-244100000.0,477600000.0,477600000.0,637200000.0,120200000.0,1.681,2.548,4628800000.0,165600000.0,4463200000.0,4628800000.0,0.0,80500000.0,0.0,0.029,0.15,273600000.0,354100000.0,0.374,354100000.0,273600000.0,194000000.0,0.71,0.71,0.71,3305900000.0,,3305900000.0,7885689667.0,8.0,6.288,-58700000.0,-0.346,1.0,308500000.0,0.326,367300000.0,79600000.0,14653600000.0,,276900000.0,61400000.0,12600000.0,48800000.0,8425000000.0,861200000.0,7563800000.0,3506889667.0,291700000.0,317200000.0,500000.0,54200000.0,-25500000.0,29200000.0,77100000.0,900000.0,185400000.0,0.0,120200000.0,120200000.0,120200000.0,0.0,0.0,0.127,37800000.0,270700000.0,359800000.0,0.211,1.061,8.885,8.876,8991900000.0,0.0,20.68,0.961,0.962,408400000.0,1180200000.0,945700000.0,945700000.0,0.0,,,,,8900000.0,0.0,1.0,169578804.0,169700000,170100000.0,5.573,11363600000.0,58200000.0,73800000.0,1760600000.0,66.963,586300000.0
3,AYE,MRQ,2010-03-31,2010-03-31,2010-03-31,2019-05-23,-43800000.0,11700200000.0,,1279300000.0,10420900000.0,,19.01,-266900000.0,185900000.0,185900000.0,742500000.0,88200000.0,1.334,2.627,4564700000.0,167000000.0,4397700000.0,4564700000.0,0.0,79900000.0,0.0,0.026,0.15,220900000.0,300800000.0,0.287,300800000.0,220900000.0,144000000.0,0.52,0.52,0.52,3226000000.0,,3226000000.0,8171300892.0,10.0,7.119,-88300000.0,-0.52,1.0,306400000.0,0.292,367300000.0,76900000.0,14752700000.0,,299900000.0,105200000.0,24400000.0,80800000.0,8474200000.0,959000000.0,7515200000.0,3900100892.0,-100700000.0,-3400000.0,0.0,-6000000.0,-25400000.0,-31400000.0,-247900000.0,-900000.0,178600000.0,0.0,88200000.0,88200000.0,88200000.0,0.0,0.0,0.084,87900000.0,218500000.0,437600000.0,0.288,1.209,11.236,11.22,9098200000.0,0.0,23.0,1.108,1.109,400200000.0,1085500000.0,1048900000.0,1048900000.0,0.0,,,,,0.0,0.0,1.0,169569604.0,169700000,170100000.0,6.181,11332900000.0,126600000.0,55800000.0,1751600000.0,66.782,320300000.0
4,AYE,MRQ,2009-12-31,2009-12-31,2009-12-31,2019-05-23,-89900000.0,11589100000.0,,1345300000.0,10243800000.0,,18.367,-298100000.0,286600000.0,286600000.0,566500000.0,109800000.0,1.365,2.718,4557800000.0,140800000.0,4417000000.0,4557800000.0,0.0,75100000.0,0.0,0.026,0.15,245400000.0,320500000.0,0.372,320500000.0,245400000.0,155800000.0,0.65,0.64,0.65,3113200000.0,,3113200000.0,8191135108.0,9.0,6.783,17800000.0,0.105,1.0,294600000.0,0.342,367300000.0,89600000.0,14507400000.0,,317000000.0,31300000.0,4600000.0,26700000.0,8461000000.0,985600000.0,7475400000.0,3981335108.0,8300000.0,0.0,700000.0,58100000.0,-25500000.0,34500000.0,-342100000.0,0.0,315900000.0,0.0,109300000.0,109300000.0,109300000.0,0.0,500000.0,0.127,49600000.0,245000000.0,443100000.0,0.231,1.279,10.136,10.121,8957100000.0,0.0,23.48,1.162,1.161,355000000.0,1022700000.0,861100000.0,861100000.0,0.0,,,,,-11900000.0,0.0,1.0,169562824.0,169500000,170300000.0,5.08,11221800000.0,129900000.0,46500000.0,1735900000.0,66.205,359700000.0
5,AYE,MRQ,2009-09-30,2009-09-30,2009-09-30,2019-05-23,-66500000.0,11263100000.0,,1372600000.0,9890500000.0,,17.974,-319900000.0,278300000.0,278300000.0,530800000.0,77400000.0,1.442,2.691,4488100000.0,160700000.0,4327400000.0,4488100000.0,0.0,71300000.0,0.0,0.023,0.15,207400000.0,278700000.0,0.351,278700000.0,207400000.0,122300000.0,0.45,0.45,0.45,3048400000.0,,3048400000.0,8585848313.0,11.0,8.262,-77200000.0,-0.455,1.0,262900000.0,0.331,367300000.0,85100000.0,14153600000.0,,327800000.0,68300000.0,40400000.0,27900000.0,8202100000.0,952000000.0,7250100000.0,4494678313.0,46300000.0,0.0,400000.0,159200000.0,-25400000.0,99500000.0,-295900000.0,0.0,242700000.0,0.0,77000000.0,77000000.0,77000000.0,0.0,400000.0,0.097,57000000.0,205900000.0,427000000.0,0.333,1.474,14.997,14.983,8722600000.0,0.0,26.52,1.373,1.374,314000000.0,938900000.0,793700000.0,793700000.0,0.0,,,,,3300000.0,0.0,1.0,169482591.0,169600000,170000000.0,4.68,10895800000.0,79400000.0,45300000.0,1614700000.0,64.244,420600000.0
6,AYE,MRQ,2009-06-30,2009-06-30,2009-06-30,2019-05-23,-33610000.0,11047704000.0,,1404150000.0,9643554000.0,,17.969,-296100000.0,232038000.0,232038000.0,576000000.0,72900000.0,1.52,2.625,4323208000.0,179669000.0,4143539000.0,4323208000.0,0.0,67200000.0,0.0,0.023,0.15,180600000.0,247800000.0,0.304,247800000.0,180600000.0,121500000.0,0.43,0.43,0.43,3045700000.0,,3045700000.0,8392199943.0,11.0,8.235,-62500000.0,-0.369,1.0,238700000.0,0.293,367287000.0,59100000.0,13847665000.0,,318355000.0,141238000.0,108415000.0,32823000.0,7996449000.0,923922000.0,7072527000.0,4345092943.0,26100000.0,0.0,1200000.0,67000000.0,-25400000.0,42800000.0,-250300000.0,1300000.0,233600000.0,0.0,72600000.0,72600000.0,72600000.0,0.0,300000.0,0.089,59600000.0,179100000.0,413431000.0,0.349,1.427,13.94,13.865,8455665000.0,0.0,25.65,1.305,1.306,346666000.0,887298000.0,814700000.0,814700000.0,0.0,,,,,28600000.0,0.0,1.0,169399335.0,169500000,169900000.0,4.806,10680417000.0,102413000.0,48900000.0,1564293000.0,63.011,480228000.0
7,AYE,MRQ,2009-03-31,2009-03-31,2009-03-31,2019-05-23,-21424000.0,10954089000.0,,1493833000.0,9460256000.0,,17.737,-254100000.0,205878000.0,205878000.0,615900000.0,134100000.0,1.457,2.644,4252985000.0,198441000.0,4054544000.0,4252985000.0,0.0,68500000.0,0.0,0.026,0.15,292100000.0,360600000.0,0.377,360600000.0,292100000.0,234800000.0,0.79,0.79,0.79,3004726000.0,,3004726000.0,7812454762.0,9.0,6.836,-246700000.0,-1.456,1.0,341300000.0,0.357,367287000.0,57300000.0,13608489000.0,,286943000.0,184835000.0,143735000.0,41100000.0,7944285000.0,1025420000.0,6918865000.0,3925319762.0,-156200000.0,0.0,0.0,38300000.0,-25400000.0,32900000.0,-196500000.0,-1300000.0,7400000.0,0.0,133900000.0,133900000.0,133900000.0,0.0,200000.0,0.14,51500000.0,289800000.0,459340000.0,0.19,1.306,9.982,9.902,8204926000.0,0.0,23.17,1.132,1.132,419027000.0,840122000.0,957200000.0,957200000.0,0.0,,,,,-20000000.0,0.0,1.0,169413887.0,169400000,169900000.0,5.651,10586802000.0,87059000.0,100900000.0,1511915000.0,62.496,468413000.0
8,AYE,MRQ,2008-12-31,2008-12-31,2008-12-31,2019-05-23,-43300000.0,10811000000.0,,1495700000.0,9315300000.0,,16.829,-279800000.0,362100000.0,362100000.0,598600000.0,15900000.0,1.49,2.791,4209800000.0,93900000.0,4115900000.0,4209800000.0,0.0,67400000.0,0.0,0.018,0.15,84700000.0,152100000.0,0.215,152100000.0,84700000.0,27800000.0,0.1,0.1,0.1,2850800000.0,,2850800000.0,9627518519.0,12.0,8.71,-7500000.0,-0.044,1.0,109200000.0,0.154,367300000.0,56900000.0,13287800000.0,,243300000.0,150900000.0,113100000.0,37800000.0,7955300000.0,1003600000.0,6951700000.0,5724158519.0,250100000.0,0.0,3800000.0,231300000.0,-25400000.0,209700000.0,-231900000.0,4100000.0,272300000.0,0.0,16200000.0,16200000.0,16200000.0,0.0,-300000.0,0.023,31800000.0,77400000.0,478800000.0,1.5,2.008,14.477,14.409,8002200000.0,0.0,33.86,1.691,1.685,359200000.0,731600000.0,707800000.0,707800000.0,0.0,,,,,-9800000.0,0.0,1.0,169053707.0,169400000,170000000.0,4.178,10443700000.0,114400000.0,11600000.0,1538300000.0,61.651,492100000.0
9,AYE,MRQ,2008-09-30,2008-09-30,2008-09-30,2019-05-23,-28566000.0,10189087000.0,,1257461000.0,8931626000.0,,17.016,-235909000.0,112071000.0,112071000.0,614000000.0,89200000.0,1.654,2.545,4015431000.0,92479000.0,3922952000.0,4015431000.0,0.0,67417000.0,0.0,0.016,0.15,191200000.0,258617000.0,0.304,258617000.0,191200000.0,133300000.0,0.53,0.52,0.53,2874041000.0,,2874041000.0,10237617697.0,11.0,8.564,39054000.0,0.231,1.0,235600000.0,0.277,367287000.0,57900000.0,12964951000.0,,224527000.0,118344000.0,90343000.0,28001000.0,7315046000.0,760209000.0,6554837000.0,6209010697.0,-8670000.0,0.0,4752000.0,-143953000.0,-25287000.0,-164448000.0,-119185000.0,-2626000.0,274963000.0,0.0,89000000.0,89000000.0,89000000.0,0.0,200000.0,0.105,48700000.0,186900000.0,303803000.0,0.283,2.16,12.681,12.549,7755831000.0,0.0,36.77,1.792,1.793,336297000.0,747564000.0,849600000.0,849600000.0,0.0,,,,,3447000.0,0.0,1.0,168860775.0,168900000,170000000.0,5.03,9821800000.0,173354000.0,44300000.0,1566004000.0,58.152,497252000.0
10,AYE,MRQ,2008-06-30,2008-06-30,2008-06-30,2019-05-23,-109448000.0,10452078000.0,,1605553000.0,8846525000.0,,16.176,-238575000.0,120620000.0,120620000.0,585269000.0,154471000.0,1.62,2.841,4149227000.0,98845000.0,4050382000.0,4149227000.0,0.0,68794000.0,0.0,0.009,0.15,302650000.0,371444000.0,0.39,371444000.0,302650000.0,243946000.0,0.92,0.91,0.92,2721380000.0,,2721380000.0,12391406824.0,13.0,9.95,-30498000.0,-0.181,1.0,368231000.0,0.386,367287000.0,58704000.0,13122367000.0,,226102000.0,342811000.0,314978000.0,27833000.0,7730698000.0,991031000.0,6739667000.0,8420016824.0,30905000.0,0.0,8492000.0,83199000.0,-25252000.0,67829000.0,-245001000.0,101000.0,208077000.0,0.0,154126000.0,154126000.0,154126000.0,0.0,345000.0,0.162,69897000.0,298334000.0,359652000.0,0.163,3.094,16.328,16.217,7580663000.0,0.0,50.11,2.433,2.436,400524000.0,683925000.0,953500000.0,953500000.0,0.0,,,,,3618000.0,0.0,1.0,168030669.0,168236000,170106000.0,5.668,10084791000.0,307352000.0,89820000.0,1592272000.0,59.944,614522000.0
11,AYE,MRQ,2008-03-31,2008-03-31,2008-03-31,2019-05-23,-78748000.0,9920479000.0,,1200685000.0,8719794000.0,,15.629,-239816000.0,89715000.0,89715000.0,568345000.0,136331000.0,1.506,2.788,4061105000.0,99561000.0,3961544000.0,4061105000.0,0.0,70289000.0,0.0,0.006,0.15,252849000.0,323138000.0,0.369,323138000.0,252849000.0,194418000.0,0.81,0.8,0.81,2618777000.0,,2618777000.0,12274119588.0,14.0,10.788,-133756000.0,-0.798,1.0,306681000.0,0.35,367287000.0,58431000.0,12727224000.0,,183136000.0,33077000.0,5266000.0,27811000.0,7301702000.0,797358000.0,6504344000.0,8444790588.0,-169035000.0,-50000000.0,8256000.0,-35046000.0,-25161000.0,-48881000.0,-226214000.0,-1575000.0,106060000.0,0.0,136125000.0,136125000.0,136125000.0,0.0,206000.0,0.156,59835000.0,246846000.0,296731000.0,0.185,3.225,19.255,19.202,7388009000.0,0.0,50.5,2.533,2.538,399716000.0,555065000.0,875026000.0,875026000.0,0.0,,,,,2735000.0,0.0,1.0,167223576.0,167560000,169950000.0,5.222,9553192000.0,306346000.0,58293000.0,1508137000.0,57.014,403327000.0
12,AYE,MRQ,2007-12-31,2007-12-31,2007-12-31,2019-05-23,-40232000.0,9906589000.0,,1314959000.0,8591630000.0,,15.218,-258095000.0,258750000.0,258750000.0,555977000.0,114196000.0,1.67,2.907,4088079000.0,105367000.0,3982712000.0,4088079000.0,0.0,67545000.0,0.0,0.002,0.15,174692000.0,242237000.0,0.308,242237000.0,174692000.0,169715000.0,0.67,0.65,0.67,2535352000.0,,2535352000.0,14374567196.0,17.0,12.751,-24495000.0,-0.147,1.0,230324000.0,0.293,367287000.0,4977000.0,12581128000.0,,175581000.0,27904000.0,29000.0,27875000.0,7371237000.0,787503000.0,6583734000.0,10574339196.0,65775000.0,0.0,16065000.0,92129000.0,-25000000.0,82542000.0,-250367000.0,651000.0,233600000.0,0.0,110396000.0,110396000.0,110396000.0,0.0,3800000.0,0.14,63494000.0,166830000.0,380688000.0,0.224,4.171,25.653,25.649,7196580000.0,0.0,63.61,3.198,3.193,349488000.0,444177000.0,786301000.0,786301000.0,0.0,,,,,-8090000.0,0.0,1.0,166237057.0,166603000,169887000.0,4.72,9539302000.0,334783000.0,59319000.0,1566936000.0,57.258,527456000.0
13,AYE,MRQ,2007-09-30,2007-09-30,2007-09-30,2019-05-23,-51544000.0,9544342000.0,,1065178000.0,8479164000.0,,14.574,-239046000.0,193063000.0,193063000.0,547779000.0,115018000.0,1.21,2.943,3993291000.0,184555000.0,3808736000.0,3993291000.0,0.0,66748000.0,0.0,0.0,0.0,241823000.0,308571000.0,0.364,308571000.0,241823000.0,182241000.0,0.69,0.67,0.69,2420756000.0,,2420756000.0,12557196504.0,15.0,11.177,84207000.0,0.507,1.0,298813000.0,0.353,367287000.0,59582000.0,12096681000.0,,171278000.0,28221000.0,0.0,28221000.0,7123586000.0,880602000.0,6242984000.0,8678923504.0,50310000.0,0.0,1291000.0,-38174000.0,0.0,-62031000.0,-210912000.0,-2692000.0,323253000.0,0.0,115018000.0,115018000.0,115018000.0,0.0,0.0,0.136,70399000.0,228414000.0,301609000.0,0.0,3.585,23.687,23.755,6939914000.0,0.0,52.26,2.664,2.665,359109000.0,358778000.0,846592000.0,846592000.0,0.0,,,,,2531000.0,0.0,1.0,166072015.0,166101000,169456000.0,5.097,9177055000.0,185841000.0,67223000.0,1390361000.0,55.25,184576000.0
14,AYE,MRQ,2007-06-30,2007-06-30,2007-06-30,2019-05-23,-49896000.0,9333343000.0,,1027203000.0,8306140000.0,,13.904,-182820000.0,142753000.0,142753000.0,577119000.0,77044000.0,1.231,3.049,4021026000.0,201410000.0,3819616000.0,4021026000.0,0.0,70726000.0,0.0,0.0,0.0,193134000.0,263860000.0,0.319,263860000.0,193134000.0,129922000.0,0.46,0.45,0.46,2305198000.0,,2305198000.0,12082986150.0,15.0,10.981,62280000.0,0.376,1.0,249363000.0,0.302,367287000.0,63212000.0,12009953000.0,,179051000.0,27868000.0,0.0,27868000.0,7028145000.0,834376000.0,6193769000.0,8573862150.0,74111000.0,0.0,4464000.0,426818000.0,0.0,431283000.0,-602272000.0,-267000.0,245100000.0,0.0,77044000.0,77044000.0,77044000.0,0.0,0.0,0.093,62481000.0,186882000.0,288143000.0,0.0,3.719,23.712,23.734,6713469000.0,0.0,51.74,2.656,2.658,381174000.0,243762000.0,826482000.0,826482000.0,0.0,,,,,2736000.0,0.0,1.0,165710517.0,165794000,169469000.0,4.985,8966056000.0,177396000.0,52878000.0,1292434000.0,54.079,192827000.0
15,AYE,MRQ,2007-03-31,2007-03-31,2007-03-31,2019-05-23,-108940000.0,8634280000.0,,939620000.0,7694660000.0,,13.155,-168439000.0,68642000.0,68642000.0,541925000.0,109742000.0,1.206,2.966,3577766000.0,187136000.0,3390630000.0,3577766000.0,0.0,71981000.0,0.0,0.0,0.0,240649000.0,312630000.0,0.369,312630000.0,240649000.0,181120000.0,0.66,0.65,0.66,2177009000.0,,2177009000.0,11577888696.0,15.0,11.252,-14592000.0,-0.088,1.0,305700000.0,0.361,367287000.0,59529000.0,10997055000.0,,170217000.0,28114000.0,0.0,28114000.0,6457271000.0,779062000.0,5678209000.0,8080844696.0,-45496000.0,0.0,4580000.0,-36073000.0,0.0,-31494000.0,-167849000.0,-992000.0,153847000.0,0.0,109742000.0,109742000.0,109742000.0,0.0,0.0,0.129,64664000.0,241036000.0,243002000.0,0.0,3.712,25.598,25.728,6576779000.0,0.0,49.14,2.587,2.604,377531000.0,166717000.0,847625000.0,847625000.0,0.0,,,,,2823000.0,0.0,1.0,164445354.0,165494000,169181000.0,5.122,8266993000.0,208781000.0,71378000.0,1215632000.0,49.953,160558000.0
16,AYE,MRQ,2006-12-31,2006-12-31,2006-12-31,2019-05-23,-107188000.0,8552446000.0,,909422000.0,7643024000.0,,12.586,-136735000.0,114138000.0,114138000.0,507899000.0,64597000.0,1.108,3.111,3611182000.0,201189000.0,3409993000.0,3611182000.0,0.0,68815000.0,0.0,0.0,0.0,169562000.0,238377000.0,0.323,238377000.0,169562000.0,108012000.0,0.39,0.38,0.39,2080395000.0,,2080395000.0,11257393689.0,15.0,10.851,10697000.0,0.065,1.0,229064000.0,0.311,367287000.0,61550000.0,10861424000.0,,171068000.0,28259000.0,0.0,28259000.0,6472051000.0,820779000.0,5651272000.0,7587214689.0,-135450000.0,0.0,2581000.0,-320434000.0,0.0,-317853000.0,34971000.0,-97000.0,147432000.0,0.0,64597000.0,64597000.0,64597000.0,-2789000.0,0.0,0.088,71174000.0,157890000.0,236706000.0,0.0,3.647,23.76,23.665,6512893000.0,0.0,45.91,2.431,2.415,335072000.0,74698000.0,736963000.0,736963000.0,0.0,,,,,-10988000.0,0.0,1.0,165262790.0,165297000,168955000.0,4.458,8185159000.0,172134000.0,43415000.0,1146065000.0,49.518,88643000.0
17,AYE,MRQ,2006-09-30,2006-09-30,2006-09-30,2019-05-23,-112825000.0,8510325000.0,,1082234000.0,7428091000.0,,12.165,-113833000.0,249588000.0,249588000.0,537353000.0,110207000.0,0.955,3.244,3919767000.0,494212000.0,3425555000.0,3919767000.0,0.0,68308000.0,0.0,0.0,0.0,217163000.0,285471000.0,0.35,285471000.0,217163000.0,151090000.0,0.67,0.65,0.67,2005025000.0,,2005025000.0,10319251108.0,15.0,10.743,183023000.0,1.11,1.0,279292000.0,0.342,394683000.0,66073000.0,10652377000.0,,160535000.0,28081000.0,0.0,28081000.0,6505300000.0,1133444000.0,5371856000.0,6611601108.0,44319000.0,0.0,11866000.0,-1182000.0,0.0,10684000.0,-263221000.0,-2480000.0,296856000.0,0.0,110207000.0,110207000.0,110207000.0,539000.0,0.0,0.135,68127000.0,211165000.0,202211000.0,0.0,3.298,25.641,25.586,6411723000.0,0.0,40.17,2.127,2.13,312190000.0,10101000.0,816645000.0,816645000.0,0.0,,,,,3060000.0,0.0,1.0,164590518.0,164813000,168629000.0,4.955,8115642000.0,97689000.0,40883000.0,1022332000.0,49.242,-51210000.0
18,AYE,MRQ,2006-06-30,2006-06-30,2006-06-30,2019-05-23,-118817000.0,8341941000.0,,952775000.0,7389166000.0,,11.475,-101997000.0,205269000.0,205269000.0,539354000.0,31133000.0,0.849,3.445,3912919000.0,494889000.0,3418030000.0,3912919000.0,0.0,68169000.0,0.0,0.0,0.0,124299000.0,192468000.0,0.266,192468000.0,124299000.0,47874000.0,0.19,0.18,0.19,1876506000.0,,1876506000.0,9896625027.0,16.0,10.749,106631000.0,0.652,1.0,182881000.0,0.253,394683000.0,76425000.0,10532945000.0,,186539000.0,28020000.0,0.0,28020000.0,6465435000.0,1121963000.0,5343472000.0,6055019027.0,-18142000.0,0.0,1779000.0,-158241000.0,0.0,-156256000.0,-70514000.0,24000.0,208628000.0,0.0,31133000.0,31133000.0,31133000.0,898000.0,0.0,0.043,67458000.0,115423000.0,211734000.0,0.0,3.227,33.025,33.098,6350550000.0,0.0,37.07,1.93,1.932,320517000.0,-100107000.0,722235000.0,722235000.0,0.0,,,,,3776000.0,0.0,1.0,163340141.0,163526000,168608000.0,4.417,7947258000.0,109783000.0,16741000.0,968917000.0,48.599,-169188000.0
19,AYE,MRQ,2006-03-31,2006-03-31,2006-03-31,2019-05-23,-124951000.0,8463715000.0,,1053796000.0,7409919000.0,,11.278,-94760000.0,223411000.0,223411000.0,529969000.0,113384000.0,0.922,3.602,4065017000.0,492059000.0,3572958000.0,4065017000.0,0.0,67842000.0,0.0,0.0,0.0,253276000.0,321118000.0,0.38,321118000.0,253276000.0,185888000.0,0.7,0.67,0.7,1839230000.0,,1839230000.0,9379629153.0,15.0,10.137,15428000.0,0.095,1.0,315677000.0,0.373,394683000.0,67388000.0,10767628000.0,,166208000.0,28320000.0,0.0,28320000.0,6624485000.0,1143010000.0,5481475000.0,5523714153.0,-38801000.0,-13900000.0,8465000.0,-51768000.0,0.0,-43909000.0,-105080000.0,-1725000.0,110188000.0,0.0,113384000.0,113384000.0,113384000.0,766000.0,0.0,0.134,67835000.0,247842000.0,211416000.0,0.0,3.003,41.281,41.79,6312463000.0,0.0,33.85,1.765,1.764,356838000.0,-131240000.0,845646000.0,845646000.0,0.0,,,,,4152000.0,0.0,1.0,163182102.0,163080000,168504000.0,5.185,8069032000.0,142403000.0,72504000.0,961301000.0,49.479,-89214000.0
20,AYE,MRQ,2005-12-31,2005-12-31,2005-12-31,2019-05-23,-142721000.0,8558812000.0,,1173818000.0,7384994000.0,,10.405,-102074000.0,262212000.0,262212000.0,570823000.0,3130000.0,0.912,4.049,4118127000.0,477217000.0,3640910000.0,4118127000.0,0.0,77648000.0,0.0,0.0,0.0,83855000.0,161503000.0,0.223,161503000.0,83855000.0,13282000.0,0.01,0.02,0.01,1695295000.0,,1695295000.0,9060527556.0,16.0,10.385,51212000.0,0.314,1.0,153320000.0,0.212,394683000.0,70573000.0,10733590000.0,,165342000.0,28555000.0,0.0,28555000.0,6863517000.0,1286454000.0,5577063000.0,5154283556.0,-81840000.0,0.0,1049000.0,-138149000.0,0.0,-187100000.0,-48026000.0,303000.0,153286000.0,0.0,3130000.0,3130000.0,3130000.0,-5670000.0,0.0,0.004,79676000.0,73644000.0,316713000.0,0.0,3.04,81.73,79.125,6277428000.0,0.0,31.65,1.697,1.615,374228000.0,-244625000.0,724143000.0,724143000.0,0.0,,,,,2080000.0,0.0,1.0,162852561.0,162927000,136485000.0,4.445,8164129000.0,139162000.0,10152000.0,937644000.0,50.109,-112636000.0
21,AYE,MRQ,2005-09-30,2005-09-30,2005-09-30,2019-05-23,-145351000.0,8679340000.0,,1291273000.0,7388067000.0,,10.351,-77746000.0,344052000.0,344052000.0,570934000.0,35700000.0,1.626,4.153,4250296000.0,78415000.0,4171881000.0,4250296000.0,0.0,76724000.0,0.0,0.0,0.0,168931000.0,245655000.0,0.291,245655000.0,168931000.0,57128000.0,0.22,0.21,0.22,1684273000.0,,1684273000.0,9190490262.0,13.0,9.067,65613000.0,0.403,1.0,274130000.0,0.324,400108000.0,111803000.0,11391297000.0,,158321000.0,28711000.0,0.0,28711000.0,6995067000.0,794179000.0,6200888000.0,4999382262.0,158262000.0,0.0,696000.0,-136555000.0,0.0,-135863000.0,150766000.0,-2180000.0,143359000.0,0.0,35700000.0,35700000.0,35700000.0,7758000.0,0.0,0.042,103043000.0,171087000.0,252945000.0,0.0,2.968,37.772,29.825,6244930000.0,0.0,30.72,1.665,1.665,396315000.0,-247753000.0,845064000.0,845064000.0,0.0,,,,,2162000.0,0.0,1.0,162740308.0,162711000,166784000.0,5.194,8279232000.0,158469000.0,21428000.0,903791000.0,50.883,497094000.0
22,AYE,MRQ,2005-06-30,2005-06-30,2005-06-30,2019-05-23,-118626000.0,8817520000.0,,1136410000.0,7681110000.0,,10.652,-73661000.0,185790000.0,185790000.0,527026000.0,-18407000.0,1.114,4.282,4376898000.0,384953000.0,3991945000.0,4376898000.0,0.0,77358000.0,0.0,0.0,0.0,119685000.0,197043000.0,0.276,197043000.0,119685000.0,-8592000.0,-0.12,-0.12,-0.12,1669508000.0,,1669508000.0,8602613574.0,31.0,15.315,17592000.0,0.112,1.0,187624000.0,0.263,400297000.0,128277000.0,11588456000.0,,184567000.0,28835000.0,0.0,28835000.0,7148012000.0,1019875000.0,6128137000.0,4099218574.0,9034000.0,0.0,753000.0,-15904000.0,0.0,-15155000.0,-67064000.0,46000.0,91253000.0,0.0,-18407000.0,-18407000.0,-18407000.0,12308000.0,0.0,-0.026,75553000.0,112071000.0,201760000.0,0.0,2.455,-14.63,-11.73,6287771000.0,0.0,25.22,1.423,1.372,353640000.0,-283455000.0,714650000.0,714650000.0,0.0,,,,,3190000.0,0.0,1.0,162538405.0,156731000,156731000.0,4.56,8417223000.0,114591000.0,9815000.0,849844000.0,53.705,116535000.0
23,AYE,MRQ,2005-03-31,2005-03-31,2005-03-31,2019-05-23,-118719000.0,8877383000.0,,1159140000.0,7718243000.0,,10.13,-52980000.0,176756000.0,176756000.0,496444000.0,42642000.0,1.105,5.377,4680151000.0,385177000.0,4294974000.0,4680151000.0,0.0,76411000.0,0.0,0.0,0.0,191812000.0,268223000.0,0.356,268223000.0,191812000.0,66018000.0,0.31,0.29,0.31,1392085000.0,,1392085000.0,7600443930.0,41.0,15.917,45242000.0,0.329,1.0,257586000.0,0.342,400486000.0,125794000.0,11931601000.0,,167113000.0,29663000.0,0.0,29663000.0,7485298000.0,1048691000.0,6436607000.0,2840231930.0,-12726000.0,0.0,443000.0,-267201000.0,0.0,-266761000.0,155813000.0,-813000.0,98222000.0,0.0,42642000.0,42642000.0,42642000.0,-8244000.0,0.0,0.057,77597000.0,179989000.0,202114000.0,0.0,2.04,-9.429,-8.829,6287294000.0,0.0,20.66,1.024,1.023,357586000.0,-265047000.0,754030000.0,754030000.0,0.0,,,,,3200000.0,0.0,1.0,137474924.0,137418000,165674000.0,5.487,8476897000.0,139068000.0,23376000.0,854014000.0,61.687,110449000.0
24,AYE,MRQ,2004-12-31,2004-12-31,2004-12-31,2019-05-23,-108741000.0,9045140000.0,,1305132000.0,7740008000.0,,9.89,-66380000.0,189482000.0,189482000.0,475812000.0,72422000.0,1.298,5.681,4949694000.0,385142000.0,4564552000.0,4949694000.0,0.0,76531000.0,0.0,0.0,0.0,226113000.0,302644000.0,0.44,302644000.0,226113000.0,126895000.0,0.62,1.14,0.62,1353816000.0,,1353816000.0,7710941253.0,46.0,16.452,125482000.0,0.917,1.0,212685000.0,0.309,400502000.0,99218000.0,12399144000.0,,161866000.0,29991000.0,0.0,29991000.0,7691324000.0,1005706000.0,6685618000.0,2705350253.0,-43219000.0,-14070000.0,151587000.0,-295059000.0,0.0,-147920000.0,-87161000.0,7000.0,191862000.0,0.0,72422000.0,72422000.0,72422000.0,8841000.0,0.0,0.105,-18526000.0,231211000.0,223584000.0,0.0,1.998,-8.71,-8.213,6303018000.0,0.0,19.71,0.982,0.926,323276000.0,-307690000.0,688497000.0,688497000.0,0.0,,,,,4956000.0,0.0,1.0,137257750.0,136884000,156492000.0,5.03,8644638000.0,91490000.0,54473000.0,831547000.0,63.153,299426000.0
25,AYE,MRQ,2004-09-30,2004-09-30,2004-09-30,2019-05-23,-95171000.0,9080601000.0,,1148085000.0,7932516000.0,,8.937,-80724000.0,232701000.0,232701000.0,490827000.0,-376843000.0,1.143,6.993,5238292000.0,388496000.0,4849796000.0,5238292000.0,0.0,54412000.0,0.0,0.0,0.0,-260605000.0,-206193000.0,-0.285,-206193000.0,-260605000.0,-350717000.0,-2.96,-2.4,-2.96,1136024000.0,,1136024000.0,7186785613.0,109.0,19.289,76001000.0,0.598,1.0,232452000.0,0.321,401891000.0,90112000.0,12679888000.0,,146835000.0,30562000.0,0.0,30562000.0,7944577000.0,1004413000.0,6940164000.0,2028721613.0,-74045000.0,390000.0,0.0,-135677000.0,0.0,-135677000.0,-95093000.0,3776000.0,156725000.0,0.0,-376843000.0,-376843000.0,-376843000.0,427487000.0,0.0,-0.521,73369000.0,159083000.0,234233000.0,0.0,1.786,-5.114,-5.115,6308660000.0,0.0,15.96,0.742,0.742,315832000.0,-380111000.0,723279000.0,723279000.0,0.0,,,,,2371000.0,0.0,1.0,127112883.0,127117000,154218000.0,5.69,8678710000.0,96763000.0,26126000.0,773821000.0,68.273,143672000.0
26,AYE,MRQ,2004-06-30,2004-06-30,2004-06-30,2019-05-23,-89837000.0,9868936000.0,,1210307000.0,8658629000.0,,11.926,-64741000.0,306746000.0,306746000.0,502749000.0,-39456000.0,1.498,5.517,5464810000.0,157434000.0,5307376000.0,5464810000.0,0.0,85191000.0,0.0,0.0,0.0,27632000.0,112823000.0,0.185,112823000.0,27632000.0,-63404000.0,-0.31,-0.31,-0.31,1514272000.0,,1514272000.0,7117388958.0,19.0,10.096,-6030000.0,-0.047,1.0,106246000.0,0.174,407270000.0,91036000.0,13811943000.0,,200686000.0,30736000.0,0.0,30736000.0,8354664000.0,807787000.0,7546877000.0,1956595958.0,-82262000.0,2091000.0,0.0,-89269000.0,0.0,-89269000.0,-51704000.0,1463000.0,58711000.0,0.0,-39456000.0,-39456000.0,-39456000.0,6644000.0,0.0,-0.065,76059000.0,30187000.0,312838000.0,0.0,1.292,-27.624,-27.518,7449808000.0,0.0,15.41,0.748,0.748,347734000.0,-3268000.0,608995000.0,608995000.0,0.0,,,,,7796000.0,0.0,1.0,126969238.0,126971000,126971000.0,4.796,9461666000.0,111709000.0,-23948000.0,1024789000.0,74.518,402520000.0
27,AYE,MRQ,2004-03-31,2004-03-31,2004-03-31,2019-05-23,-89898000.0,10022573000.0,,1383690000.0,8638883000.0,,12.219,-53773000.0,389008000.0,389008000.0,492700000.0,33278000.0,1.564,5.46,5549801000.0,230392000.0,5319409000.0,5549801000.0,0.0,83291000.0,0.0,0.0,0.0,176126000.0,259417000.0,0.353,259417000.0,176126000.0,56296000.0,0.26,0.25,0.26,1551443000.0,,1551443000.0,6970509253.0,127.0,17.993,62624000.0,0.493,1.0,242650000.0,0.33,407372000.0,119830000.0,13891302000.0,,160758000.0,32679000.0,0.0,32679000.0,8471130000.0,884692000.0,7586438000.0,1740748253.0,-139604000.0,11589000.0,0.0,-228058000.0,0.0,-228058000.0,-27943000.0,-3116000.0,116397000.0,0.0,33278000.0,33278000.0,33278000.0,-2641000.0,0.0,0.045,73901000.0,168749000.0,274689000.0,0.0,1.122,-6.622,-6.623,7459438000.0,0.0,13.71,0.736,0.736,534763000.0,36188000.0,735350000.0,735350000.0,0.0,,,,,6761000.0,0.0,1.0,126969238.0,126969238,152941183.0,5.792,9615201000.0,154680000.0,23018000.0,1081678000.0,75.729,498998000.0
28,AYE,MRQ,2003-12-31,2003-12-31,2003-12-31,2019-05-23,-92204000.0,10171896000.0,,1517284000.0,8654612000.0,,11.937,-48856000.0,528612000.0,528612000.0,471216000.0,-13654000.0,1.185,5.71,5758373000.0,598453000.0,5159920000.0,5758373000.0,0.0,83811000.0,0.0,0.0,0.0,122724000.0,206535000.0,0.31,206535000.0,122724000.0,6474000.0,-0.11,-0.11,-0.11,1515859000.0,,1515859000.0,7034576031.0,-52.0,36.528,-337000.0,-0.003,1.0,195448000.0,0.293,408997000.0,116250000.0,13711717000.0,,207748000.0,51479000.0,0.0,51479000.0,8656037000.0,1280943000.0,7375094000.0,1620208031.0,-271490000.0,1751000.0,0.0,-266960000.0,0.0,-266960000.0,-53049000.0,2557000.0,48519000.0,0.0,-13654000.0,-13654000.0,-13654000.0,8056000.0,0.0,-0.02,70996000.0,124452000.0,281514000.0,0.0,1.069,-4.564,-4.557,7453477000.0,0.0,12.76,0.742,0.742,393620000.0,2910000.0,666664000.0,666664000.0,0.0,,,,,10647000.0,0.0,1.0,126975551.0,126991472,126991472.0,5.25,9762899000.0,91015000.0,20128000.0,1048376000.0,76.878,236341000.0
29,AYE,MRQ,2003-09-30,2003-09-30,2003-09-30,2019-05-23,-29765000.0,10123039000.0,,1790931000.0,8332108000.0,,12.541,-65065000.0,800102000.0,800102000.0,499878000.0,-50997000.0,0.283,5.358,6029805000.0,5587699000.0,442106000.0,6029805000.0,0.0,86039000.0,0.0,0.0,0.0,40167000.0,126206000.0,0.209,126206000.0,40167000.0,-74708000.0,-0.4,-0.4,-0.4,1592211000.0,,1592211000.0,6162690536.0,-9.0,-18.016,204055000.0,1.607,1.0,103285000.0,0.171,405935000.0,114875000.0,8614825000.0,,222204000.0,54233000.0,0.0,54233000.0,8530828000.0,6331982000.0,2198846000.0,1160556536.0,424493000.0,9726000.0,0.0,229096000.0,0.0,229096000.0,-73723000.0,324000.0,269120000.0,0.0,-50997000.0,-50997000.0,-50997000.0,4156000.0,0.0,-0.085,74333000.0,28952000.0,326556000.0,0.0,0.729,-1.863,-1.858,7108579000.0,0.0,9.14,0.554,0.554,425071000.0,16564000.0,603163000.0,603163000.0,0.0,,,,,0.0,0.0,1.0,126975551.0,126959283,126959283.0,4.751,9717104000.0,118876000.0,-23711000.0,1027297000.0,76.537,-4541051000.0
30,AYE,MRQ,2003-06-30,2003-06-30,2003-06-30,2019-05-23,-30360000.0,10498207000.0,,1511010000.0,8987197000.0,,12.95,-73924000.0,375609000.0,375609000.0,575728000.0,-231519000.0,0.237,5.389,5789977000.0,5636781000.0,153196000.0,5789977000.0,0.0,79474000.0,0.0,0.051,0.0,-284235000.0,-204761000.0,-0.57,-204761000.0,-284235000.0,-398897000.0,-1.82,-1.82,-1.82,1643085000.0,,1643085000.0,5965880449.0,-6.0,-8.088,-99897000.0,-0.787,1.0,-216514000.0,-0.603,405935000.0,114662000.0,9129754000.0,,215392000.0,54356000.0,0.0,54356000.0,8855122000.0,6376886000.0,2478236000.0,1062045449.0,24213000.0,45835000.0,0.0,-41167000.0,0.0,-41167000.0,91353000.0,-622000.0,-25973000.0,0.0,-231519000.0,-231519000.0,-231519000.0,0.0,0.0,-0.645,72509000.0,-289023000.0,314378000.0,0.0,0.646,-1.272,-1.278,7118789000.0,0.0,8.45,0.523,0.528,485321000.0,67561000.0,359214000.0,359214000.0,0.0,,,,,0.0,0.0,1.0,125685852.0,126883664,126883664.0,2.831,10092272000.0,167042000.0,-167378000.0,1006546000.0,79.54,-4865876000.0
31,AYE,MRQ,2003-03-31,2003-03-31,2003-03-31,2019-05-23,-30386000.0,11029214000.0,,1657114000.0,9372100000.0,,14.807,-385050000.0,351396000.0,351396000.0,714127000.0,-58809000.0,0.255,4.886,5833683000.0,5677604000.0,156079000.0,5833683000.0,0.0,77611000.0,0.0,0.138,0.0,-1262000.0,76349000.0,0.107,76349000.0,-1262000.0,-96827000.0,-0.46,-0.46,-0.46,1873844000.0,,1873844000.0,5684344141.0,-8.0,-13.182,-306650000.0,-2.423,1.0,1564000.0,0.002,405935000.0,95565000.0,9596673000.0,,183021000.0,56409000.0,0.0,56409000.0,9155370000.0,6508893000.0,2646477000.0,780509141.0,147165000.0,333000.0,0.0,579565000.0,0.0,579565000.0,-510800000.0,9448000.0,78400000.0,0.0,-58809000.0,-58809000.0,-58809000.0,0.0,0.0,-0.082,63952000.0,-62388000.0,337325000.0,0.0,0.417,-1.225,-1.227,7123381000.0,0.0,6.21,0.318,0.32,543703000.0,299080000.0,715691000.0,715691000.0,0.0,,,,,0.0,0.0,1.0,125685852.0,126553119,126553119.0,5.655,10623279000.0,62945000.0,-38018000.0,1138637000.0,83.943,-4851779000.0
32,AYE,MRQ,2002-12-31,2002-12-31,2002-12-31,2019-05-23,-30412000.0,10973148000.0,,1454613000.0,9518535000.0,,15.299,-72842000.0,204231000.0,204231000.0,1449831000.0,-281774000.0,0.243,4.681,5206365000.0,5051367000.0,154998000.0,5206365000.0,0.0,75326000.0,0.0,0.171,0.0,-415190000.0,-339864000.0,-0.815,-339864000.0,-415190000.0,-453323000.0,-2.24,-2.24,-2.24,1931507000.0,,1931507000.0,5854020041.0,-9.0,-15.824,-118942000.0,-0.942,1.0,-1032913000.0,-2.477,405935000.0,38133000.0,9578514000.0,,186035000.0,56393000.0,0.0,56393000.0,9041641000.0,5990833000.0,3050808000.0,950185041.0,-31096000.0,5781000.0,3345000.0,82796000.0,-5507000.0,80029000.0,-65025000.0,2780000.0,-46100000.0,0.0,-281774000.0,-281774000.0,-281774000.0,36427000.0,0.0,-0.676,-675548000.0,-357365000.0,380019000.0,0.0,0.492,-1.502,-1.5,7239034000.0,0.0,7.56,0.346,0.346,546370000.0,357889000.0,416918000.0,416918000.0,0.0,,,,,0.0,0.0,1.0,125685852.0,126249768,126249768.0,3.302,10567213000.0,231793000.0,-171549000.0,1079151000.0,83.701,-4536220000.0
33,AYE,MRQ,2002-09-30,2002-09-30,2002-09-30,2019-05-23,5997000.0,10979432000.0,,1592205000.0,9387227000.0,,17.882,-141820000.0,235327000.0,235327000.0,455720000.0,-263016000.0,,3.885,5113500000.0,,,5113500000.0,0.0,77359000.0,0.0,0.131,0.43,-346716000.0,-269357000.0,-0.501,-269357000.0,-346716000.0,-427899000.0,-2.09,-2.09,-2.09,2247615000.0,,2247615000.0,6550319661.0,-63.0,15.214,62849000.0,0.5,1.0,81416000.0,0.152,409493000.0,81183000.0,15448112000.0,,227842000.0,58497000.0,0.0,58497000.0,8731817000.0,,,1646484661.0,151538000.0,654000.0,647000.0,135799000.0,-47410000.0,88035000.0,-141166000.0,0.0,204669000.0,0.0,-263016000.0,-263016000.0,-263016000.0,0.0,0.0,-0.49,400233000.0,-318817000.0,438949000.0,-0.206,0.733,-5.75,-5.721,6909996000.0,0.0,13.1,0.521,0.521,560216000.0,639661000.0,537136000.0,537136000.0,0.0,,,,,0.0,0.0,1.0,125685852.0,125691877,125691877.0,4.273,10569939000.0,316868000.0,-164883000.0,1216345000.0,84.094,
34,AYE,MRQ,2002-06-30,2002-06-30,2002-06-30,2019-05-23,-1427000.0,11287155000.0,,1653243000.0,9633912000.0,,20.508,-106313000.0,82277000.0,82277000.0,424605000.0,-33461000.0,,3.388,4986112000.0,,,4986112000.0,0.0,76496000.0,0.0,0.067,0.43,25161000.0,101657000.0,0.13,101657000.0,25161000.0,-53026000.0,-0.27,-0.27,-0.27,2572479000.0,,2572479000.0,7933993771.0,14.0,8.876,-144726000.0,-1.154,1.0,359986000.0,0.459,415935000.0,78187000.0,15775055000.0,,207047000.0,87929000.0,0.0,87929000.0,8714676000.0,,,3231661771.0,-12458000.0,0.0,0.0,180535000.0,-49260000.0,132268000.0,-106313000.0,0.0,-38413000.0,0.0,-33461000.0,-33461000.0,-33461000.0,0.0,0.0,-0.043,332252000.0,27734000.0,552237000.0,-1.593,1.256,22.694,22.788,6846799000.0,0.0,25.75,0.905,0.905,634754000.0,983488000.0,784591000.0,784591000.0,0.0,,,,,0.0,0.0,1.0,125501428.0,125436520,125436520.0,6.255,10871220000.0,93294000.0,-19565000.0,1223236000.0,86.667,
35,AYE,MRQ,2002-03-31,2002-03-31,2002-03-31,2019-05-23,511000.0,11491044000.0,,1689745000.0,9801299000.0,,16.125,-82167000.0,94969000.0,94969000.0,510283000.0,-54439000.0,0.286,4.69,4797301000.0,3044630000.0,1752671000.0,4797301000.0,0.0,79371000.0,1535000.0,0.042,0.43,58252000.0,137623000.0,0.137,137623000.0,58252000.0,-11554000.0,-0.43,-0.43,-0.43,2019607000.0,,2019607000.0,9782044186.0,12.0,8.747,123481000.0,0.986,1.0,494824000.0,0.492,632484000.0,69806000.0,9655960000.0,,185678000.0,60221000.0,0.0,60221000.0,9471437000.0,5904932000.0,3566505000.0,5170793186.0,58267000.0,15902000.0,0.0,-33355000.0,-48374000.0,-81116000.0,-66265000.0,0.0,205648000.0,0.0,-54439000.0,-54439000.0,-54439000.0,0.0,0.0,-0.054,318995000.0,175829000.0,461897000.0,-1.0,2.56,17.729,17.447,6851541000.0,0.0,41.35,0.903,0.905,560471000.0,1200256000.0,1005107000.0,1005107000.0,0.0,,,,,0.0,0.0,1.0,125049412.0,125248884,125248884.0,8.025,10858560000.0,134955000.0,42885000.0,1278528000.0,86.696,-4215187000.0
36,AYE,MRQ,2001-12-31,2001-12-31,2001-12-31,2019-05-23,-20231000.0,11032462000.0,,1259762000.0,9772700000.0,,21.66,1474296000.0,37980000.0,37980000.0,389836000.0,64567000.0,0.467,3.071,4827512000.0,1591782000.0,3235730000.0,4827512000.0,0.0,301536000.0,0.0,0.047,0.43,159078000.0,460614000.0,0.553,460614000.0,159078000.0,86476000.0,0.5,0.5,0.5,2709969000.0,,2709969000.0,9140540703.0,10.0,7.308,1616116000.0,12.917,1.0,442854000.0,0.532,646660000.0,72602000.0,12479472000.0,,187355000.0,66422000.0,0.0,66422000.0,8322493000.0,2695862000.0,5626631000.0,4529289703.0,9088000.0,-1652607000.0,1097000.0,117026000.0,-49769000.0,68354000.0,-201086000.0,-21168000.0,141820000.0,0.0,64567000.0,64567000.0,64567000.0,0.0,0.0,0.078,296404000.0,146450000.0,368148000.0,0.86,1.671,10.841,10.408,6853015000.0,0.0,36.22,1.322,1.27,525966000.0,1152487000.0,832690000.0,832690000.0,0.0,,,,,0.0,0.0,1.0,125049412.0,125113731,125407938.0,6.655,10385802000.0,277617000.0,21909000.0,1278248000.0,83.011,-1436100000.0
37,AYE,MRQ,2001-09-30,2001-09-30,2001-09-30,2019-05-23,-2200000.0,10976071000.0,,2774304000.0,8201767000.0,,12.325,-1740619000.0,96927000.0,96927000.0,322956000.0,165734000.0,0.712,6.132,4708178000.0,1945049000.0,2763129000.0,4708178000.0,0.0,-141251000.0,17250000.0,0.047,0.43,335207000.0,193956000.0,0.205,193956000.0,335207000.0,260425000.0,1.33,1.32,1.33,1539003000.0,,1539003000.0,9144409864.0,9.0,8.744,-1541043000.0,-12.342,1.0,624330000.0,0.659,586463000.0,74782000.0,11103593000.0,,134764000.0,58047000.0,0.0,58047000.0,9437068000.0,3897266000.0,5539802000.0,4582376864.0,1288000.0,1626810000.0,7700000.0,-43224000.0,-48955000.0,-84479000.0,-113809000.0,0.0,199576000.0,0.0,165734000.0,165734000.0,165734000.0,0.0,0.0,0.175,291693000.0,332637000.0,422889000.0,0.323,2.977,10.747,10.166,6771465000.0,0.0,36.7,0.842,0.842,502297000.0,1141693000.0,947286000.0,947286000.0,0.0,,,,,0.0,0.0,1.0,124860405.0,124866568,125302357.0,7.586,10389608000.0,212505000.0,94691000.0,1164925000.0,83.206,-1122962000.0
38,AYE,MRQ,2001-06-30,2001-06-30,2001-06-30,2019-05-23,-4841000.0,10870207000.0,,2727075000.0,8143132000.0,,12.914,-119899000.0,188152000.0,188152000.0,2401893000.0,115797000.0,0.72,6.024,4750185000.0,1869423000.0,2880762000.0,4750185000.0,0.0,75864000.0,7250000.0,0.036,0.43,250228000.0,326092000.0,0.111,326092000.0,250228000.0,177972000.0,0.97,0.96,0.97,1547622000.0,,1547622000.0,,,,-230966000.0,-1.927,1.0,538481000.0,0.183,594874000.0,72256000.0,11048387000.0,,159024000.0,59034000.0,0.0,59034000.0,9322585000.0,3788979000.0,5533606000.0,6024514541.0,6703000.0,-1053030000.0,661681000.0,668182000.0,-48487000.0,1281376000.0,-1163606000.0,0.0,-111067000.0,0.0,115797000.0,115797000.0,115797000.0,0.0,0.0,0.039,289297000.0,249184000.0,389291000.0,0.443,3.893,17.89,16.246,6705568000.0,0.0,48.25,1.085,1.041,597875000.0,1029648000.0,2940374000.0,2940374000.0,0.0,,,,,0.0,0.0,1.0,124860405.0,119842121,120406218.0,24.535,10275333000.0,91893000.0,62175000.0,931467000.0,85.741,-1061904000.0
39,AYE,MRQ,2001-03-31,2001-03-31,2001-03-31,2019-05-23,,,,,,,,-77028000.0,,,1207036000.0,71677000.0,,,,,,,,65387000.0,,0.037,0.43,204741000.0,270128000.0,0.16,270128000.0,204741000.0,141099000.0,0.65,0.65,0.65,,,,,,,28728000.0,0.26,1.0,486340000.0,0.287,,63642000.0,,,,,,,,,,,2880000.0,-573780000.0,0.0,604743000.0,-47488000.0,557255000.0,-660131000.0,0.0,105756000.0,0.0,71677000.0,71677000.0,71677000.0,0.0,0.0,0.042,254510000.0,231830000.0,,0.662,,,17.457,,0.0,46.26,,1.468,,,1693376000.0,1693376000.0,0.0,,,,,0.0,0.0,1.0,,110436317,110436317.0,15.334,,,69422000.0,,,
40,AYE,MRQ,2000-12-31,2000-12-31,2000-12-31,2019-05-23,0.0,7697017000.0,,1127895000.0,6569122000.0,,15.762,-121277000.0,18021000.0,18021000.0,-755215000.0,73188000.0,0.634,3.535,3476360000.0,882413000.0,2593947000.0,3476360000.0,0.0,62662000.0,0.0,0.036,0.43,192961000.0,255623000.0,-1.859,255623000.0,192961000.0,129202000.0,0.66,0.66,0.66,1740681000.0,,1740681000.0,,,,60317000.0,0.546,1.0,617701000.0,-4.492,216411000.0,63759000.0,9159968000.0,,142418000.0,45496000.0,0.0,45496000.0,6153168000.0,1778977000.0,4374191000.0,,-1929000.0,-1828000.0,0.0,-14364000.0,-45027000.0,-62171000.0,-121352000.0,-4029000.0,181594000.0,0.0,73188000.0,73188000.0,73188000.0,0.0,0.0,-0.532,422055000.0,195646000.0,386746000.0,0.652,,,22.518,5539338000.0,0.0,48.188,,2.006,549687000.0,943281000.0,-137514000.0,-137514000.0,0.0,,,,,0.0,0.0,1.0,,110436317,111463465.0,-1.245,7480606000.0,92561000.0,56014000.0,919532000.0,67.737,-651082000.0
41,AYE,MRQ,2000-09-30,2000-09-30,2000-09-30,2019-05-23,,,,,,,,-75044000.0,,,740821000.0,76095000.0,,,,,,,,58817000.0,,0.045,0.43,170211000.0,229028000.0,0.216,229028000.0,170211000.0,112863000.0,0.69,0.69,0.69,,,,,,,100245000.0,0.908,1.0,317637000.0,0.3,,57348000.0,,,,,,,,,,,9710000.0,-226998000.0,0.0,189627000.0,-49975000.0,139533000.0,-305112000.0,0.0,175289000.0,0.0,76095000.0,76095000.0,76095000.0,0.0,0.0,0.072,150562000.0,167075000.0,,0.623,,,,,0.0,38.188,,,,,1058458000.0,1058458000.0,0.0,,,,,0.0,0.0,1.0,,110436317,110436317.0,9.584,,,36768000.0,,,
42,AYE,MRQ,2000-06-30,2000-06-30,2000-06-30,2019-05-23,,,,,,,,,,,547822000.0,71456000.0,,,,,,,,,,0.063,0.43,165869000.0,,,,165869000.0,111133000.0,0.65,0.65,0.65,,,,,,,,,1.0,317501000.0,0.367,,54736000.0,,,,,,,,,,,,,,,,,,,,,71456000.0,71456000.0,71456000.0,0.0,0.0,0.083,156575000.0,160926000.0,,0.662,,,,,0.0,27.375,,,,,865323000.0,865323000.0,0.0,,,,,,0.0,1.0,,110436317,110436317.0,7.835,,,39677000.0,,,
0,AYE,MRT,2010-12-31,2010-12-31,2010-12-31,2019-05-23,-63700000.0,12075800000.0,11837250000.0,1515600000.0,10560200000.0,0.33,20.269,-950500000.0,490200000.0,490200000.0,2654400000.0,411700000.0,1.916,2.509,4701500000.0,15500000.0,4686000000.0,4701500000.0,0.0,323500000.0,0.0,0.025,0.6,944800000.0,1268300000.0,0.325,1268300000.0,944800000.0,628400000.0,2.42,2.42,2.42,3441700000.0,3351275000.0,3441700000.0,8221827008.0,9.0,6.483,-134500000.0,-0.792,1.0,1248500000.0,0.32,367300000.0,316400000.0,15128900000.0,14840650000.0,259700000.0,74300000.0,24500000.0,49800000.0,8634100000.0,790900000.0,7843200000.0,4119327008.0,203600000.0,299300000.0,1300000.0,113900000.0,-101800000.0,13200000.0,-625600000.0,0.0,816000000.0,0.0,411700000.0,411700000.0,411700000.0,0.0,0.0,0.105,317000000.0,931500000.0,383400000.0,0.248,1.197,10.006,10.017,9301900000.0,0.0,24.24,1.055,1.055,408000000.0,1307000000.0,3902900000.0,3902900000.0,0.0,0.035,0.123,0.064,0.242,0.0,0.0,1.0,169939233.0,169800000,170300000.0,22.985,11708500000.0,48900000.0,216700000.0,1880900000.0,68.955,724700000.0
1,AYE,MRT,2010-09-30,2010-09-30,2010-09-30,2019-05-23,-33100000.0,11842100000.0,11715575000.0,1400400000.0,10441700000.0,0.333,20.209,-1024700000.0,463600000.0,463600000.0,2638400000.0,433300000.0,1.867,2.451,4566100000.0,15500000.0,4550600000.0,4566100000.0,0.0,316800000.0,0.0,0.024,0.6,996900000.0,1313700000.0,0.337,1313700000.0,996900000.0,667200000.0,2.56,2.55,2.56,3431500000.0,3269150000.0,3431500000.0,8310160315.0,8.0,6.326,-61500000.0,-0.362,1.0,1261000000.0,0.323,367300000.0,329700000.0,14827400000.0,14685275000.0,250100000.0,116500000.0,45000000.0,71500000.0,8410600000.0,749900000.0,7660700000.0,4158960315.0,185300000.0,313800000.0,1500000.0,40200000.0,-101800000.0,-59200000.0,-718700000.0,0.0,963200000.0,0.0,432800000.0,432800000.0,432800000.0,0.0,500000.0,0.111,274200000.0,986800000.0,370000000.0,0.234,1.212,9.609,9.578,9140700000.0,0.0,24.52,1.067,1.068,358900000.0,1269900000.0,3899400000.0,3899400000.0,0.0,0.037,0.132,0.068,0.256,5600000.0,0.0,1.0,169615021.0,169800000,170300000.0,22.965,11474800000.0,56000000.0,234400000.0,1851700000.0,67.578,650500000.0
2,AYE,MRT,2010-06-30,2010-06-30,2010-06-30,2019-05-23,-64200000.0,11730900000.0,11570825000.0,1447500000.0,10283400000.0,0.315,19.481,-1129000000.0,477600000.0,477600000.0,2477000000.0,395600000.0,1.681,2.548,4628800000.0,165600000.0,4463200000.0,4628800000.0,0.0,306800000.0,0.0,0.029,0.6,947300000.0,1254100000.0,0.344,1254100000.0,947300000.0,616100000.0,2.33,2.32,2.33,3305900000.0,3173375000.0,3305900000.0,7885689667.0,8.0,6.288,-206400000.0,-1.216,1.0,1172400000.0,0.321,367300000.0,331200000.0,14653600000.0,14516825000.0,276900000.0,61400000.0,12600000.0,48800000.0,8425000000.0,861200000.0,7563800000.0,3506889667.0,245600000.0,313800000.0,1600000.0,265500000.0,-101800000.0,131800000.0,-808800000.0,0.0,922600000.0,0.0,394700000.0,394700000.0,394700000.0,0.0,900000.0,0.108,232300000.0,940100000.0,359800000.0,0.258,1.061,8.885,8.876,8991900000.0,0.0,20.68,0.961,0.962,408400000.0,1180200000.0,3649400000.0,3649400000.0,0.0,0.034,0.124,0.065,0.26,300000.0,0.0,1.0,169578804.0,169700000,170100000.0,21.505,11363600000.0,58200000.0,221400000.0,1760600000.0,66.963,586300000.0
3,AYE,MRT,2010-03-31,2010-03-31,2010-03-31,2019-05-23,-43800000.0,11700200000.0,11400026000.0,1279300000.0,10420900000.0,0.309,19.01,-1181000000.0,185900000.0,185900000.0,2415800000.0,348300000.0,1.334,2.627,4564700000.0,167000000.0,4397700000.0,4564700000.0,0.0,293500000.0,0.0,0.026,0.6,854300000.0,1147800000.0,0.326,1147800000.0,854300000.0,543600000.0,2.05,2.04,2.05,3226000000.0,3108325000.0,3226000000.0,8171300892.0,10.0,7.119,-210200000.0,-1.239,1.0,1102600000.0,0.313,367300000.0,310700000.0,14752700000.0,14315341250.0,299900000.0,105200000.0,24400000.0,80800000.0,8474200000.0,959000000.0,7515200000.0,3900100892.0,-20000000.0,-3400000.0,2300000.0,278300000.0,-101700000.0,145400000.0,-1136200000.0,400000.0,970800000.0,0.0,347100000.0,347100000.0,347100000.0,0.0,1200000.0,0.099,254100000.0,848500000.0,437600000.0,0.293,1.209,11.236,11.22,9098200000.0,0.0,23.0,1.108,1.109,400200000.0,1085500000.0,3518400000.0,3518400000.0,0.0,0.03,0.112,0.06,0.243,20000000.0,0.0,1.0,169569604.0,169700000,170100000.0,20.733,11332900000.0,126600000.0,196500000.0,1751600000.0,66.782,320300000.0
4,AYE,MRT,2009-12-31,2009-12-31,2009-12-31,2019-05-23,-89900000.0,11589100000.0,11213498250.0,1345300000.0,10243800000.0,0.306,18.367,-1168200000.0,286600000.0,286600000.0,2289300000.0,394100000.0,1.365,2.718,4557800000.0,140800000.0,4417000000.0,4557800000.0,0.0,282100000.0,0.0,0.026,0.6,925500000.0,1207600000.0,0.352,1207600000.0,925500000.0,634400000.0,2.32,2.31,2.32,3113200000.0,3053006500.0,3113200000.0,8191135108.0,9.0,6.783,-368600000.0,-2.175,1.0,1137500000.0,0.332,367300000.0,291100000.0,14507400000.0,14029288500.0,317000000.0,31300000.0,4600000.0,26700000.0,8461000000.0,985600000.0,7475400000.0,3981335108.0,-75500000.0,0.0,2300000.0,322600000.0,-101700000.0,209700000.0,-1084800000.0,0.0,799600000.0,0.0,392800000.0,392800000.0,392800000.0,0.0,1300000.0,0.115,217700000.0,919800000.0,443100000.0,0.259,1.279,10.136,10.121,8957100000.0,0.0,23.48,1.162,1.161,355000000.0,1022700000.0,3426800000.0,3426800000.0,0.0,0.035,0.129,0.066,0.27,0.0,0.0,1.0,169562824.0,169500000,170000000.0,20.217,11221800000.0,129900000.0,241600000.0,1735900000.0,66.205,359700000.0
5,AYE,MRT,2009-09-30,2009-09-30,2009-09-30,2019-05-23,-66500000.0,11263100000.0,11018973250.0,1372600000.0,9890500000.0,0.297,17.974,-1149900000.0,278300000.0,278300000.0,2321300000.0,300300000.0,1.442,2.691,4488100000.0,160700000.0,4327400000.0,4488100000.0,0.0,274400000.0,0.0,0.023,0.6,764800000.0,1039200000.0,0.317,1039200000.0,764800000.0,506400000.0,1.77,1.77,1.77,3048400000.0,2987406500.0,3048400000.0,8585848313.0,11.0,8.262,-393900000.0,-2.323,1.0,952100000.0,0.291,367300000.0,258400000.0,14153600000.0,13724388500.0,327800000.0,68300000.0,40400000.0,27900000.0,8202100000.0,952000000.0,7250100000.0,4494678313.0,166300000.0,0.0,5400000.0,495800000.0,-101600000.0,384900000.0,-974600000.0,4100000.0,756000000.0,0.0,299700000.0,299700000.0,299700000.0,0.0,600000.0,0.092,199900000.0,752200000.0,427000000.0,0.339,1.474,14.997,14.983,8722600000.0,0.0,26.52,1.373,1.374,314000000.0,938900000.0,3273400000.0,3273400000.0,0.0,0.027,0.1,0.056,0.234,2100000.0,0.0,1.0,169482591.0,169600000,170000000.0,19.301,10895800000.0,79400000.0,206700000.0,1614700000.0,64.244,420600000.0
6,AYE,MRT,2009-06-30,2009-06-30,2009-06-30,2019-05-23,-33610000.0,11047704000.0,10750470000.0,1404150000.0,9643554000.0,0.31,17.969,-1065909000.0,232038000.0,232038000.0,2404500000.0,312100000.0,1.52,2.625,4323208000.0,179669000.0,4143539000.0,4323208000.0,0.0,270517000.0,0.0,0.023,0.6,748600000.0,1019117000.0,0.306,1019117000.0,748600000.0,517400000.0,1.85,1.84,1.85,3045700000.0,2943816750.0,3045700000.0,8392199943.0,11.0,8.235,-277646000.0,-1.638,1.0,924800000.0,0.278,367287000.0,231200000.0,13847665000.0,13427226250.0,318355000.0,141238000.0,108415000.0,32823000.0,7996449000.0,923922000.0,7072527000.0,4345092943.0,111330000.0,0.0,9752000.0,192647000.0,-101487000.0,120952000.0,-797885000.0,1474000.0,788263000.0,0.0,311700000.0,311700000.0,311700000.0,0.0,400000.0,0.094,191600000.0,733200000.0,413431000.0,0.324,1.427,13.94,13.865,8455665000.0,0.0,25.65,1.305,1.306,346666000.0,887298000.0,3329300000.0,3329300000.0,0.0,0.029,0.106,0.056,0.225,2247000.0,0.0,1.0,169399335.0,169500000,169900000.0,19.642,10680417000.0,102413000.0,205700000.0,1564293000.0,63.011,480228000.0
7,AYE,MRT,2009-03-31,2009-03-31,2009-03-31,2019-05-23,-21424000.0,10954089000.0,10601563500.0,1493833000.0,9460256000.0,0.327,17.737,-1008384000.0,205878000.0,205878000.0,2413769000.0,393671000.0,1.457,2.644,4252985000.0,198441000.0,4054544000.0,4252985000.0,0.0,272111000.0,0.0,0.026,0.6,870650000.0,1142761000.0,0.33,1142761000.0,870650000.0,639846000.0,2.34,2.32,2.34,3004726000.0,2862736750.0,3004726000.0,7812454762.0,9.0,6.836,-245644000.0,-1.45,1.0,1054331000.0,0.304,367287000.0,230804000.0,13608489000.0,13245901750.0,286943000.0,184835000.0,143735000.0,41100000.0,7944285000.0,1025420000.0,6918865000.0,3925319762.0,116135000.0,0.0,17044000.0,208846000.0,-101339000.0,145981000.0,-792586000.0,275000.0,762740000.0,0.0,393226000.0,393226000.0,393226000.0,0.0,445000.0,0.113,201897000.0,852434000.0,459340000.0,0.256,1.306,9.982,9.902,8204926000.0,0.0,23.17,1.132,1.132,419027000.0,840122000.0,3468100000.0,3468100000.0,0.0,0.037,0.137,0.066,0.251,-22735000.0,0.0,1.0,169413887.0,169400000,169900000.0,20.473,10586802000.0,87059000.0,246620000.0,1511915000.0,62.496,468413000.0
8,AYE,MRT,2008-12-31,2008-12-31,2008-12-31,2019-05-23,-43300000.0,10811000000.0,10343161000.0,1495700000.0,9315300000.0,0.327,16.919,-994100000.0,362100000.0,362100000.0,2366200000.0,395800000.0,1.49,2.791,4209800000.0,93900000.0,4115900000.0,4209800000.0,0.0,273900000.0,0.0,0.018,0.6,831400000.0,1105300000.0,0.326,1105300000.0,831400000.0,599500000.0,2.35,2.33,2.35,2850800000.0,2766249500.0,2850800000.0,9627518519.0,12.0,8.71,-132700000.0,-0.788,1.0,1019700000.0,0.301,367300000.0,231900000.0,13287800000.0,13025585500.0,243300000.0,150900000.0,113100000.0,37800000.0,7955300000.0,1003600000.0,6951700000.0,5724158519.0,103300000.0,-50000000.0,25300000.0,135500000.0,-101100000.0,64200000.0,-822300000.0,0.0,861400000.0,0.0,395400000.0,395400000.0,395400000.0,0.0,400000.0,0.117,210200000.0,809500000.0,478800000.0,0.255,2.008,14.477,14.409,8002200000.0,0.0,33.86,1.691,1.685,359200000.0,731600000.0,3385900000.0,3385900000.0,0.0,0.038,0.143,0.064,0.246,0.0,0.0,1.0,169053707.0,168500000,170000000.0,20.094,10443700000.0,114400000.0,204100000.0,1538300000.0,61.98,492100000.0
9,AYE,MRT,2008-09-30,2008-09-30,2008-09-30,2019-05-23,-28566000.0,10189087000.0,10117058250.0,1257461000.0,8931626000.0,0.342,17.016,-972395000.0,112071000.0,112071000.0,2323591000.0,494198000.0,1.654,2.545,4015431000.0,92479000.0,3922952000.0,4015431000.0,0.0,274045000.0,0.0,0.016,0.6,921391000.0,1195436000.0,0.345,1195436000.0,921391000.0,741379000.0,2.93,2.88,2.93,2874041000.0,2687387500.0,2874041000.0,10237617697.0,11.0,8.564,-149695000.0,-0.886,1.0,1140836000.0,0.329,367287000.0,180012000.0,12964951000.0,12848917500.0,224527000.0,118344000.0,90343000.0,28001000.0,7315046000.0,760209000.0,6554837000.0,6209010697.0,-81025000.0,-50000000.0,37565000.0,-3671000.0,-100700000.0,-62958000.0,-840767000.0,-3449000.0,822700000.0,0.0,489647000.0,489647000.0,489647000.0,0.0,4551000.0,0.141,241926000.0,898910000.0,303803000.0,0.205,2.16,12.681,12.549,7755831000.0,0.0,36.77,1.792,1.793,336297000.0,747564000.0,3464427000.0,3464427000.0,0.0,0.048,0.182,0.072,0.266,1710000.0,0.0,1.0,168860775.0,168900000,170000000.0,20.512,9821800000.0,173354000.0,251732000.0,1566004000.0,58.152,497252000.0
10,AYE,MRT,2008-06-30,2008-06-30,2008-06-30,2019-05-23,-109448000.0,10452078000.0,9955872000.0,1605553000.0,8846525000.0,0.348,16.176,-975532000.0,120620000.0,120620000.0,2257370000.0,520016000.0,1.62,2.841,4149227000.0,98845000.0,4050382000.0,4149227000.0,0.0,273376000.0,0.0,0.009,0.45,972014000.0,1245390000.0,0.36,1245390000.0,972014000.0,790320000.0,3.09,3.03,3.09,2721380000.0,2574066250.0,2721380000.0,12391406824.0,13.0,9.95,-104542000.0,-0.621,1.0,1204049000.0,0.348,367287000.0,181694000.0,13122367000.0,12631850000.0,226102000.0,342811000.0,314978000.0,27833000.0,7730698000.0,991031000.0,6739667000.0,8420016824.0,-22045000.0,-50000000.0,34104000.0,102108000.0,-75413000.0,39459000.0,-932494000.0,-3515000.0,870990000.0,0.0,515665000.0,515665000.0,515665000.0,0.0,4351000.0,0.149,263625000.0,940424000.0,359652000.0,0.146,3.094,16.328,16.217,7580663000.0,0.0,50.11,2.433,2.436,400524000.0,683925000.0,3461419000.0,3461419000.0,0.0,0.052,0.2,0.077,0.281,794000.0,0.0,1.0,168030669.0,168236000,170106000.0,20.575,10084791000.0,307352000.0,274655000.0,1592272000.0,59.944,614522000.0
11,AYE,MRT,2008-03-31,2008-03-31,2008-03-31,2019-05-23,-78748000.0,9920479000.0,9676188250.0,1200685000.0,8719794000.0,0.345,15.629,-919777000.0,89715000.0,89715000.0,2249220000.0,442589000.0,1.506,2.788,4061105000.0,99561000.0,3961544000.0,4061105000.0,0.0,275308000.0,0.0,0.006,0.3,862498000.0,1137806000.0,0.341,1137806000.0,862498000.0,676296000.0,2.63,2.57,2.63,2618777000.0,2470020750.0,2618777000.0,12274119588.0,14.0,10.788,-11764000.0,-0.07,1.0,1085181000.0,0.325,367287000.0,186202000.0,12727224000.0,12353746500.0,183136000.0,33077000.0,5266000.0,27811000.0,7301702000.0,797358000.0,6504344000.0,8444790588.0,21161000.0,-50000000.0,30076000.0,445727000.0,-50161000.0,402913000.0,-1289765000.0,-3883000.0,908013000.0,0.0,438583000.0,438583000.0,438583000.0,0.0,4006000.0,0.132,256209000.0,828972000.0,296731000.0,0.114,3.225,19.255,19.202,7388009000.0,0.0,50.5,2.533,2.538,399716000.0,555065000.0,3334401000.0,3334401000.0,0.0,0.045,0.178,0.07,0.259,-88000.0,0.0,1.0,167223576.0,167560000,169950000.0,19.9,9553192000.0,306346000.0,237713000.0,1508137000.0,57.014,403327000.0
12,AYE,MRT,2007-12-31,2007-12-31,2007-12-31,2019-05-23,-40232000.0,9906589000.0,9354638500.0,1314959000.0,8591630000.0,0.354,15.273,-848400000.0,258750000.0,258750000.0,2222800000.0,416000000.0,1.67,2.907,4088079000.0,105367000.0,3982712000.0,4088079000.0,0.0,277000000.0,0.0,0.002,0.15,850300000.0,1127300000.0,0.341,1127300000.0,850300000.0,663000000.0,2.48,2.43,2.48,2535352000.0,2359578750.0,2535352000.0,14374567196.0,17.0,12.751,107400000.0,0.647,1.0,1084200000.0,0.328,367287000.0,187300000.0,12581128000.0,11921204250.0,175581000.0,27904000.0,29000.0,27875000.0,7371237000.0,787503000.0,6583734000.0,10574339196.0,144700000.0,0.0,26400000.0,444700000.0,-25000000.0,420300000.0,-1231400000.0,-3300000.0,955800000.0,0.0,412200000.0,412200000.0,412200000.0,0.0,3800000.0,0.125,266900000.0,817300000.0,380688000.0,0.06,4.171,25.653,25.649,7196580000.0,0.0,63.61,3.198,3.193,349488000.0,444177000.0,3307000000.0,3307000000.0,0.0,0.044,0.175,0.071,0.257,0.0,0.0,1.0,166237057.0,166000000,169500000.0,19.922,9539302000.0,334783000.0,250800000.0,1566936000.0,57.466,527456000.0
13,AYE,MRT,2007-09-30,2007-09-30,2007-09-30,2019-05-23,-51544000.0,9544342000.0,9016102750.0,1065178000.0,8479164000.0,0.361,14.574,-727040000.0,193063000.0,193063000.0,2174722000.0,366401000.0,1.21,2.943,3993291000.0,184555000.0,3808736000.0,3993291000.0,0.0,278270000.0,0.0,0.0,0.0,845168000.0,1123438000.0,0.345,1123438000.0,845168000.0,601295000.0,2.2,2.15,2.2,2420756000.0,2245839500.0,2420756000.0,12557196504.0,15.0,11.177,142592000.0,0.858,1.0,1082940000.0,0.332,367287000.0,243873000.0,12096681000.0,11491278250.0,171278000.0,28221000.0,0.0,28221000.0,7123586000.0,880602000.0,6242984000.0,8678923504.0,-56525000.0,0.0,12916000.0,32137000.0,0.0,19905000.0,-946062000.0,-4048000.0,869632000.0,0.0,366401000.0,366401000.0,366401000.0,-2789000.0,0.0,0.112,268718000.0,814222000.0,301609000.0,0.0,3.585,23.687,23.755,6939914000.0,0.0,52.26,2.664,2.665,359109000.0,358778000.0,3257662000.0,3257662000.0,0.0,0.041,0.163,0.074,0.259,-2898000.0,0.0,1.0,166072015.0,166101000,169456000.0,19.613,9177055000.0,185841000.0,234894000.0,1390361000.0,55.25,184576000.0
14,AYE,MRT,2007-06-30,2007-06-30,2007-06-30,2019-05-23,-49896000.0,9333343000.0,8757598500.0,1027203000.0,8306140000.0,0.369,13.904,-601827000.0,142753000.0,142753000.0,2164296000.0,361590000.0,1.231,3.049,4021026000.0,201410000.0,3819616000.0,4021026000.0,0.0,279830000.0,0.0,0.0,0.0,820508000.0,1100338000.0,0.341,1100338000.0,820508000.0,570144000.0,2.18,2.13,2.18,2305198000.0,2141906750.0,2305198000.0,12082986150.0,15.0,10.981,241408000.0,1.456,1.0,1063419000.0,0.329,367287000.0,250364000.0,12009953000.0,11130202250.0,179051000.0,27868000.0,0.0,27868000.0,7028145000.0,834376000.0,6193769000.0,8573862150.0,-62516000.0,0.0,23491000.0,69129000.0,0.0,92620000.0,-998371000.0,-3836000.0,843235000.0,0.0,361590000.0,361590000.0,361590000.0,-2250000.0,0.0,0.112,266446000.0,796973000.0,288143000.0,0.0,3.719,23.712,23.734,6713469000.0,0.0,51.74,2.656,2.658,381174000.0,243762000.0,3227715000.0,3227715000.0,0.0,0.041,0.169,0.074,0.254,-2369000.0,0.0,1.0,165710517.0,165794000,169469000.0,19.468,8966056000.0,177396000.0,208554000.0,1292434000.0,54.079,192827000.0
15,AYE,MRT,2007-03-31,2007-03-31,2007-03-31,2019-05-23,-108940000.0,8634280000.0,8509748000.0,939620000.0,7694660000.0,0.367,13.155,-521004000.0,68642000.0,68642000.0,2126531000.0,315679000.0,1.206,2.966,3577766000.0,187136000.0,3390630000.0,3577766000.0,0.0,277273000.0,0.0,0.0,0.0,751673000.0,1028946000.0,0.329,1028946000.0,751673000.0,488096000.0,1.91,1.86,1.91,2177009000.0,2034733750.0,2177009000.0,11577888696.0,15.0,11.252,285759000.0,1.727,1.0,996937000.0,0.319,367287000.0,263577000.0,10997055000.0,10760950250.0,170217000.0,28114000.0,0.0,28114000.0,6457271000.0,779062000.0,5678209000.0,8080844696.0,-154769000.0,0.0,20806000.0,-515930000.0,0.0,-494919000.0,-466613000.0,-3545000.0,806763000.0,0.0,315679000.0,315679000.0,315679000.0,-1352000.0,0.0,0.101,271423000.0,725514000.0,243002000.0,0.0,3.712,25.598,25.728,6576779000.0,0.0,49.14,2.587,2.604,377531000.0,166717000.0,3123468000.0,3123468000.0,0.0,0.037,0.155,0.07,0.241,-1329000.0,0.0,1.0,164445354.0,165494000,169181000.0,18.874,8266993000.0,208781000.0,172417000.0,1215632000.0,49.953,160558000.0
16,AYE,MRT,2006-12-31,2006-12-31,2006-12-31,2019-05-23,-107188000.0,8552446000.0,8467106750.0,909422000.0,7643024000.0,0.369,12.671,-447325000.0,114138000.0,114138000.0,2114575000.0,319321000.0,1.108,3.111,3611182000.0,201189000.0,3409993000.0,3611182000.0,0.0,273134000.0,0.0,0.0,0.0,764300000.0,1037434000.0,0.332,1037434000.0,764300000.0,492864000.0,1.94,1.89,1.94,2080395000.0,1950289000.0,2080395000.0,11257393689.0,15.0,10.851,315779000.0,1.923,1.0,1006914000.0,0.323,367287000.0,271436000.0,10861424000.0,10703593500.0,171068000.0,28259000.0,0.0,28259000.0,6472051000.0,820779000.0,5651272000.0,7587214689.0,-148074000.0,-13900000.0,24691000.0,-531625000.0,0.0,-507334000.0,-403844000.0,-4278000.0,763104000.0,0.0,319321000.0,319321000.0,319321000.0,-586000.0,0.0,0.102,274594000.0,732320000.0,236706000.0,0.0,3.647,23.76,23.665,6512893000.0,0.0,45.91,2.431,2.415,335072000.0,74698000.0,3121489000.0,3121489000.0,0.0,0.038,0.164,0.071,0.245,0.0,0.0,1.0,165262790.0,164184000,168679000.0,19.012,8185159000.0,172134000.0,173543000.0,1146065000.0,49.854,88643000.0
17,AYE,MRT,2006-09-30,2006-09-30,2006-09-30,2019-05-23,-112825000.0,8510325000.0,8468698250.0,1082234000.0,7428091000.0,0.367,12.165,-412664000.0,249588000.0,249588000.0,2177499000.0,257854000.0,0.955,3.244,3919767000.0,494212000.0,3425555000.0,3919767000.0,0.0,281967000.0,0.0,0.0,0.0,678593000.0,960560000.0,0.309,960560000.0,678593000.0,398134000.0,1.57,1.52,1.57,2005025000.0,1854014000.0,2005025000.0,10319251108.0,15.0,10.743,356294000.0,2.162,1.0,931170000.0,0.3,394683000.0,280459000.0,10652377000.0,10671635000.0,160535000.0,28081000.0,0.0,28081000.0,6505300000.0,1133444000.0,5371856000.0,6611601108.0,-94464000.0,-13900000.0,23159000.0,-349340000.0,0.0,-376581000.0,-486841000.0,-3878000.0,768958000.0,0.0,257854000.0,257854000.0,257854000.0,-3467000.0,0.0,0.083,283096000.0,648074000.0,202211000.0,0.0,3.298,25.641,25.586,6411723000.0,0.0,40.17,2.127,2.13,312190000.0,10101000.0,3108669000.0,3108669000.0,0.0,0.03,0.139,0.064,0.218,13068000.0,0.0,1.0,164590518.0,164813000,168629000.0,18.862,8115642000.0,97689000.0,140280000.0,1022332000.0,49.242,-51210000.0
18,AYE,MRT,2006-06-30,2006-06-30,2006-06-30,2019-05-23,-118817000.0,8341941000.0,8510952000.0,952775000.0,7389166000.0,0.369,11.475,-376577000.0,205269000.0,205269000.0,2211080000.0,183347000.0,0.849,3.445,3912919000.0,494889000.0,3418030000.0,3912919000.0,0.0,290383000.0,0.0,0.0,0.0,630361000.0,920744000.0,0.294,920744000.0,630361000.0,304172000.0,1.12,1.08,1.12,1876506000.0,1773826000.0,1876506000.0,9896625027.0,16.0,10.749,238884000.0,1.461,1.0,926008000.0,0.295,394683000.0,326189000.0,10532945000.0,10856365000.0,186539000.0,28020000.0,0.0,28020000.0,6465435000.0,1121963000.0,5343472000.0,6055019027.0,19479000.0,-13900000.0,11989000.0,-484713000.0,0.0,-523128000.0,-72854000.0,-3578000.0,615461000.0,0.0,183347000.0,183347000.0,183347000.0,3752000.0,0.0,0.058,318012000.0,607996000.0,211734000.0,0.0,3.227,33.025,33.098,6350550000.0,0.0,37.07,1.93,1.932,320517000.0,-100107000.0,3137088000.0,3137088000.0,0.0,0.022,0.103,0.058,0.201,12170000.0,0.0,1.0,163340141.0,163526000,168608000.0,19.184,7947258000.0,109783000.0,120825000.0,968917000.0,48.599,-169188000.0
19,AYE,MRT,2006-03-31,2006-03-31,2006-03-31,2019-05-23,-124951000.0,8463715000.0,8629846750.0,1053796000.0,7409919000.0,0.363,11.278,-348241000.0,223411000.0,223411000.0,2198752000.0,133807000.0,0.922,3.602,4065017000.0,492059000.0,3572958000.0,4065017000.0,0.0,299572000.0,0.0,0.0,0.0,625747000.0,925319000.0,0.296,925319000.0,625747000.0,247706000.0,0.81,0.78,0.81,1839230000.0,1722076500.0,1839230000.0,9379629153.0,15.0,10.137,149845000.0,0.919,1.0,930751000.0,0.297,394683000.0,378041000.0,10767628000.0,11120242750.0,166208000.0,28320000.0,0.0,28320000.0,6624485000.0,1143010000.0,5481475000.0,5523714153.0,46655000.0,-13900000.0,10963000.0,-342376000.0,0.0,-382027000.0,-69404000.0,-3556000.0,498086000.0,0.0,133807000.0,133807000.0,133807000.0,15162000.0,0.0,0.043,326107000.0,604644000.0,211416000.0,0.0,3.003,41.281,41.79,6312463000.0,0.0,33.85,1.765,1.764,356838000.0,-131240000.0,3129503000.0,3129503000.0,0.0,0.016,0.078,0.056,0.2,11584000.0,0.0,1.0,163182102.0,163080000,168504000.0,19.19,8069032000.0,142403000.0,113899000.0,961301000.0,49.479,-89214000.0
20,AYE,MRT,2005-12-31,2005-12-31,2005-12-31,2019-05-23,-142721000.0,8558812000.0,8733263750.0,1173818000.0,7384994000.0,0.348,10.936,-306461000.0,262212000.0,262212000.0,2165227000.0,63065000.0,0.912,4.049,4118127000.0,477217000.0,3640910000.0,4118127000.0,0.0,308141000.0,0.0,0.0,0.0,564283000.0,872424000.0,0.287,872424000.0,564283000.0,127836000.0,0.4,0.4,0.4,1695295000.0,1610290250.0,1695295000.0,9060527556.0,16.0,10.385,179659000.0,1.159,1.0,872660000.0,0.287,394683000.0,436447000.0,10733590000.0,11411236000.0,165342000.0,28555000.0,0.0,28555000.0,6863517000.0,1286454000.0,5577063000.0,5154283556.0,72730000.0,0.0,2941000.0,-557809000.0,0.0,-604879000.0,191489000.0,-2644000.0,486120000.0,0.0,63065000.0,63065000.0,63065000.0,6152000.0,0.0,0.021,335869000.0,536791000.0,316713000.0,0.0,3.04,81.73,79.125,6277428000.0,0.0,31.65,1.697,1.615,374228000.0,-244625000.0,3037887000.0,3037887000.0,0.0,0.007,0.039,0.049,0.186,10632000.0,0.0,1.0,162852561.0,155016000,158634000.0,19.597,8164129000.0,139162000.0,64771000.0,937644000.0,52.666,-112636000.0
21,AYE,MRT,2005-09-30,2005-09-30,2005-09-30,2019-05-23,-145351000.0,8679340000.0,8854845750.0,1291273000.0,7388067000.0,0.339,10.351,-270767000.0,344052000.0,344052000.0,2070216000.0,132357000.0,1.626,4.153,4250296000.0,78415000.0,4171881000.0,4250296000.0,0.0,307024000.0,0.0,0.0,0.0,706541000.0,1013565000.0,0.338,1013565000.0,706541000.0,241449000.0,1.03,1.52,1.03,1684273000.0,1524920500.0,1684273000.0,9190490262.0,13.0,9.067,253929000.0,1.561,1.0,932025000.0,0.31,400108000.0,465092000.0,11391297000.0,11827624500.0,158321000.0,28711000.0,0.0,28711000.0,6995067000.0,794179000.0,6200888000.0,4999382262.0,111351000.0,-14070000.0,153479000.0,-714719000.0,0.0,-565699000.0,152354000.0,-2940000.0,524696000.0,0.0,132357000.0,132357000.0,132357000.0,20663000.0,0.0,0.044,237667000.0,694358000.0,252945000.0,0.0,2.968,37.772,29.825,6244930000.0,0.0,30.72,1.665,1.665,396315000.0,-247753000.0,3002241000.0,3002241000.0,0.0,0.015,0.087,0.06,0.235,13508000.0,0.0,1.0,162740308.0,162711000,166784000.0,18.451,8279232000.0,158469000.0,109092000.0,903791000.0,50.883,497094000.0
22,AYE,MRT,2005-06-30,2005-06-30,2005-06-30,2019-05-23,-118626000.0,8817520000.0,8955161000.0,1136410000.0,7681110000.0,0.322,10.652,-273745000.0,185790000.0,185790000.0,1990109000.0,-280186000.0,1.114,4.282,4376898000.0,384953000.0,3991945000.0,4376898000.0,0.0,284712000.0,0.0,0.0,0.0,277005000.0,561717000.0,0.195,561717000.0,277005000.0,-166396000.0,-2.15,-1.09,-2.15,1669508000.0,1387858250.0,1669508000.0,8602613574.0,31.0,15.315,264317000.0,1.686,1.0,890347000.0,0.309,400297000.0,443401000.0,11588456000.0,12149772250.0,184567000.0,28835000.0,0.0,28835000.0,7148012000.0,1019875000.0,6128137000.0,4099218574.0,-120956000.0,-13680000.0,152783000.0,-713841000.0,0.0,-565513000.0,-93505000.0,3016000.0,538062000.0,0.0,-280186000.0,-280186000.0,-280186000.0,440392000.0,0.0,-0.097,207993000.0,682354000.0,201760000.0,0.0,2.455,-14.63,-11.73,6287771000.0,0.0,25.22,1.423,1.372,353640000.0,-283455000.0,2880456000.0,2880456000.0,0.0,-0.031,-0.202,0.023,0.096,13717000.0,0.0,1.0,162538405.0,156731000,156731000.0,18.378,8417223000.0,114591000.0,113790000.0,849844000.0,53.705,116535000.0
23,AYE,MRT,2005-03-31,2005-03-31,2005-03-31,2019-05-23,-118719000.0,8877383000.0,9218015000.0,1159140000.0,7718243000.0,0.301,10.13,-264825000.0,176756000.0,176756000.0,1965832000.0,-301235000.0,1.105,5.377,4680151000.0,385177000.0,4294974000.0,4680151000.0,0.0,292545000.0,0.0,0.0,0.0,184952000.0,477497000.0,0.172,477497000.0,184952000.0,-221208000.0,-2.34,-1.28,-2.34,1392085000.0,1349049250.0,1392085000.0,7600443930.0,41.0,15.917,240695000.0,1.752,1.0,808969000.0,0.292,400486000.0,406160000.0,11931601000.0,12705644000.0,167113000.0,29663000.0,0.0,29663000.0,7485298000.0,1048691000.0,6436607000.0,2840231930.0,-212252000.0,-11589000.0,152030000.0,-787206000.0,0.0,-639627000.0,-78145000.0,4433000.0,505520000.0,0.0,-301235000.0,-301235000.0,-301235000.0,434728000.0,0.0,-0.109,208499000.0,600470000.0,202114000.0,0.0,2.04,-9.429,-8.829,6287294000.0,0.0,20.66,1.024,1.023,357586000.0,-265047000.0,2774801000.0,2774801000.0,0.0,-0.033,-0.223,0.015,0.067,18323000.0,0.0,1.0,137474924.0,137418000,165674000.0,20.192,8476897000.0,139068000.0,80027000.0,854014000.0,61.687,110449000.0
24,AYE,MRT,2004-12-31,2004-12-31,2004-12-31,2019-05-23,-108741000.0,9045140000.0,9504312500.0,1305132000.0,7740008000.0,0.29,10.455,-265618000.0,189482000.0,189482000.0,1962088000.0,-310598000.0,1.298,5.681,4949694000.0,385142000.0,4564552000.0,4949694000.0,0.0,299425000.0,0.0,0.0,0.0,169267000.0,468692000.0,0.17,468692000.0,169267000.0,-230929000.0,-2.4,-1.83,-2.4,1353816000.0,1388888750.0,1353816000.0,7710941253.0,46.0,16.452,258077000.0,1.993,1.0,794033000.0,0.288,400502000.0,400196000.0,12399144000.0,13195569250.0,161866000.0,29991000.0,0.0,29991000.0,7691324000.0,1005706000.0,6685618000.0,2705350253.0,-339130000.0,0.0,151587000.0,-748063000.0,0.0,-600924000.0,-261901000.0,2130000.0,523695000.0,0.0,-310598000.0,-310598000.0,-310598000.0,440330000.0,0.0,-0.113,204803000.0,589230000.0,223584000.0,0.0,1.998,-8.71,-8.213,6303018000.0,0.0,19.71,0.982,0.926,323276000.0,-307690000.0,2756121000.0,2756121000.0,0.0,-0.033,-0.224,0.013,0.061,21884000.0,0.0,1.0,137257750.0,129486000,156492000.0,21.285,8644638000.0,91490000.0,79669000.0,831547000.0,66.761,299426000.0
25,AYE,MRT,2004-09-30,2004-09-30,2004-09-30,2019-05-23,-95171000.0,9080601000.0,9786001500.0,1148085000.0,7932516000.0,0.279,8.937,-248094000.0,232701000.0,232701000.0,1957492000.0,-396675000.0,1.143,6.993,5238292000.0,388496000.0,4849796000.0,5238292000.0,0.0,306705000.0,0.0,0.0,0.0,65877000.0,372582000.0,0.136,372582000.0,65877000.0,-351351000.0,-3.12,-2.57,-3.12,1136024000.0,1429399500.0,1136024000.0,7186785613.0,109.0,19.289,132258000.0,1.04,1.0,776796000.0,0.284,401891000.0,417228000.0,12679888000.0,13523712500.0,146835000.0,30562000.0,0.0,30562000.0,7944577000.0,1004413000.0,6940164000.0,2028721613.0,-567401000.0,15821000.0,0.0,-719964000.0,0.0,-719964000.0,-227789000.0,4680000.0,380352000.0,0.0,-396675000.0,-396675000.0,-396675000.0,439546000.0,0.0,-0.145,294325000.0,482471000.0,234233000.0,0.0,1.786,-5.114,-5.115,6308660000.0,0.0,15.96,0.742,0.742,315832000.0,-380111000.0,2734288000.0,2734288000.0,0.0,-0.041,-0.278,0.005,0.024,27575000.0,0.0,1.0,127112883.0,127117000,154218000.0,21.51,8678710000.0,96763000.0,45324000.0,773821000.0,68.273,143672000.0
26,AYE,MRT,2004-06-30,2004-06-30,2004-06-30,2019-05-23,-89837000.0,9868936000.0,10046611000.0,1210307000.0,8658629000.0,0.26,11.926,-232435000.0,306746000.0,306746000.0,1966543000.0,-70829000.0,1.498,5.517,5464810000.0,157434000.0,5307376000.0,5464810000.0,0.0,338332000.0,0.0,0.0,0.0,366649000.0,704981000.0,0.27,704981000.0,366649000.0,-75342000.0,-0.56,-0.57,-0.56,1514272000.0,1543446250.0,1514272000.0,7117388958.0,19.0,10.096,260312000.0,2.05,1.0,647629000.0,0.248,407270000.0,441991000.0,13811943000.0,12507446750.0,200686000.0,30736000.0,0.0,30736000.0,8354664000.0,807787000.0,7546877000.0,1956595958.0,-68863000.0,25157000.0,0.0,-355191000.0,0.0,-355191000.0,-206419000.0,1228000.0,492747000.0,0.0,-70829000.0,-70829000.0,-70829000.0,16215000.0,0.0,-0.027,295289000.0,352340000.0,312838000.0,0.0,1.292,-27.624,-27.518,7449808000.0,0.0,15.41,0.748,0.748,347734000.0,-3268000.0,2614172000.0,2614172000.0,0.0,-0.007,-0.046,0.029,0.14,25204000.0,0.0,1.0,126969238.0,126971000,126971000.0,20.589,9461666000.0,111709000.0,-4513000.0,1024789000.0,74.518,402520000.0
27,AYE,MRT,2004-03-31,2004-03-31,2004-03-31,2019-05-23,-89898000.0,10022573000.0,10203928750.0,1383690000.0,8638883000.0,0.232,12.219,-241618000.0,389008000.0,389008000.0,2039522000.0,-262892000.0,1.564,5.46,5549801000.0,230392000.0,5319409000.0,5549801000.0,0.0,332615000.0,0.0,0.0,0.0,54782000.0,387397000.0,0.164,387397000.0,54782000.0,-410835000.0,-2.07,-2.08,-2.07,1551443000.0,1575649500.0,1551443000.0,6970509253.0,127.0,17.993,166445000.0,1.311,1.0,324869000.0,0.137,407372000.0,465617000.0,13891302000.0,11336899500.0,160758000.0,32679000.0,0.0,32679000.0,8471130000.0,884692000.0,7586438000.0,1740748253.0,37612000.0,68901000.0,0.0,-307089000.0,0.0,-307089000.0,-63362000.0,-857000.0,408063000.0,0.0,-262892000.0,-262892000.0,-262892000.0,9571000.0,0.0,-0.111,291739000.0,33130000.0,274689000.0,0.0,1.122,-6.622,-6.623,7459438000.0,0.0,13.71,0.736,0.736,534763000.0,36188000.0,2364391000.0,2364391000.0,0.0,-0.026,-0.167,0.005,0.023,17408000.0,0.0,1.0,126969238.0,126969238,152941183.0,18.622,9615201000.0,154680000.0,-147943000.0,1081678000.0,75.729,498998000.0
28,AYE,MRT,2003-12-31,2003-12-31,2003-12-31,2019-05-23,-92204000.0,10171896000.0,10455589000.0,1517284000.0,8654612000.0,0.209,11.95,-572895000.0,528612000.0,528612000.0,2094210000.0,-354979000.0,1.185,5.71,5758373000.0,598453000.0,5159920000.0,5758373000.0,0.0,326935000.0,0.0,0.0,0.0,-134357000.0,192578000.0,0.088,192578000.0,-134357000.0,-557149000.0,-2.8,-2.8,-2.8,1515859000.0,1656249750.0,1515859000.0,7034576031.0,-52.0,36.528,-202829000.0,-1.599,1.0,88084000.0,0.04,408997000.0,422792000.0,13711717000.0,10263242250.0,207748000.0,51479000.0,0.0,51479000.0,8656037000.0,1280943000.0,7375094000.0,1620208031.0,324381000.0,57645000.0,0.0,500534000.0,0.0,500534000.0,-546219000.0,11707000.0,370066000.0,0.0,-354979000.0,-354979000.0,-354979000.0,25339000.0,0.0,-0.163,284463000.0,-196379000.0,281514000.0,0.0,1.069,-4.564,-4.557,7453477000.0,0.0,12.76,0.742,0.742,393620000.0,2910000.0,2182294000.0,2182294000.0,0.0,-0.034,-0.214,-0.013,-0.062,10647000.0,0.0,1.0,126975551.0,126848000,126848000.0,17.204,9762899000.0,91015000.0,-202170000.0,1048376000.0,76.965,236341000.0
29,AYE,MRT,2003-09-30,2003-09-30,2003-09-30,2019-05-23,-29765000.0,10123039000.0,10655902000.0,1790931000.0,8332108000.0,0.197,12.541,-596881000.0,800102000.0,800102000.0,3239564000.0,-623099000.0,0.283,5.358,6029805000.0,5587699000.0,442106000.0,6029805000.0,0.0,318450000.0,0.0,0.0,0.0,-660520000.0,-342070000.0,-0.163,-342070000.0,-660520000.0,-1023755000.0,-4.92,-4.92,-4.92,1592211000.0,1760161750.0,1592211000.0,6162690536.0,-9.0,-18.016,-321434000.0,-2.532,1.0,-1144578000.0,-0.546,405935000.0,363235000.0,8614825000.0,9229941500.0,222204000.0,54233000.0,0.0,54233000.0,8530828000.0,6331982000.0,2198846000.0,1160556536.0,564775000.0,61675000.0,3345000.0,850290000.0,-5507000.0,847523000.0,-558195000.0,11930000.0,275447000.0,0.0,-623099000.0,-623099000.0,-623099000.0,40583000.0,0.0,-0.297,-464754000.0,-679824000.0,326556000.0,0.0,0.729,-1.863,-1.858,7108579000.0,0.0,9.14,0.554,0.554,425071000.0,16564000.0,2094986000.0,2094986000.0,0.0,-0.058,-0.354,-0.072,-0.315,0.0,0.0,1.0,126975551.0,126959283,126959283.0,16.501,9717104000.0,118876000.0,-400656000.0,1027297000.0,76.537,-4541051000.0
30,AYE,MRT,2003-06-30,2003-06-30,2003-06-30,2019-05-23,-30360000.0,10498207000.0,10870000250.0,1511010000.0,8987197000.0,0.187,12.95,-673636000.0,375609000.0,375609000.0,3195406000.0,-835118000.0,0.237,5.389,5789977000.0,5636781000.0,153196000.0,5789977000.0,0.0,309770000.0,0.0,0.051,0.43,-1047403000.0,-737633000.0,-0.364,-737633000.0,-1047403000.0,-1376946000.0,-6.61,-6.61,-6.61,1643085000.0,1924012750.0,1643085000.0,5965880449.0,-6.0,-8.088,-462640000.0,-3.646,1.0,-1166447000.0,-0.575,405935000.0,329543000.0,9129754000.0,10938263250.0,215392000.0,54356000.0,0.0,54356000.0,8855122000.0,6376886000.0,2478236000.0,1062045449.0,291820000.0,52603000.0,3992000.0,756993000.0,-52917000.0,706462000.0,-625638000.0,11606000.0,210996000.0,0.0,-835118000.0,-835118000.0,-835118000.0,36427000.0,0.0,-0.412,-138854000.0,-1027593000.0,314378000.0,-0.065,0.646,-1.272,-1.278,7118789000.0,0.0,8.45,0.523,0.528,485321000.0,67561000.0,2028959000.0,2028959000.0,0.0,-0.077,-0.434,-0.096,-0.516,0.0,0.0,1.0,125685852.0,126883664,126883664.0,15.991,10092272000.0,167042000.0,-541828000.0,1006546000.0,79.54,-4865876000.0
31,AYE,MRT,2003-03-31,2003-03-31,2003-03-31,2019-05-23,-30386000.0,11029214000.0,11067237250.0,1657114000.0,9372100000.0,0.222,14.807,-706025000.0,351396000.0,351396000.0,3044283000.0,-637060000.0,0.255,4.886,5833683000.0,5677604000.0,156079000.0,5833683000.0,0.0,306792000.0,0.0,0.138,0.86,-738007000.0,-431215000.0,-0.176,-431215000.0,-738007000.0,-1031075000.0,-5.06,-5.06,-5.06,1873844000.0,2156361250.0,1873844000.0,5684344141.0,-8.0,-13.182,-507469000.0,-4.01,1.0,-589947000.0,-0.24,405935000.0,293068000.0,9596673000.0,12599588500.0,183021000.0,56409000.0,0.0,56409000.0,9155370000.0,6508893000.0,2646477000.0,780509141.0,255149000.0,6768000.0,3992000.0,978695000.0,-102177000.0,879897000.0,-823304000.0,12228000.0,198556000.0,0.0,-637060000.0,-637060000.0,-637060000.0,36427000.0,0.0,-0.26,120889000.0,-710836000.0,337325000.0,-0.17,0.417,-1.225,-1.227,7123381000.0,0.0,6.21,0.318,0.32,543703000.0,299080000.0,2454336000.0,2454336000.0,0.0,-0.058,-0.295,-0.059,-0.301,0.0,0.0,1.0,125685852.0,126553119,126553119.0,19.394,10623279000.0,62945000.0,-394015000.0,1138637000.0,83.943,-4851779000.0
32,AYE,MRT,2002-12-31,2002-12-31,2002-12-31,2019-05-23,-30412000.0,10973148000.0,11182694750.0,1454613000.0,9518535000.0,0.245,15.371,-403142000.0,204231000.0,204231000.0,2840439000.0,-632690000.0,0.243,4.681,5206365000.0,5051367000.0,154998000.0,5206365000.0,0.0,308552000.0,0.0,0.171,1.29,-678493000.0,-369941000.0,-0.135,-369941000.0,-678493000.0,-945802000.0,-5.04,-5.04,-5.04,1931507000.0,2192802000.0,1931507000.0,5854020041.0,-9.0,-15.824,-77338000.0,-0.615,1.0,-96687000.0,-0.035,405935000.0,267309000.0,9578514000.0,12614410250.0,186035000.0,56393000.0,0.0,56393000.0,9041641000.0,5990833000.0,3050808000.0,950185041.0,166251000.0,22337000.0,3992000.0,365775000.0,-150551000.0,219216000.0,-378769000.0,2780000.0,325804000.0,0.0,-632690000.0,-632690000.0,-632690000.0,36427000.0,0.0,-0.231,375932000.0,-472619000.0,380019000.0,-0.256,0.492,-1.502,-1.5,7239034000.0,0.0,7.56,0.346,0.346,546370000.0,357889000.0,2743752000.0,2743752000.0,0.0,-0.057,-0.289,-0.054,-0.247,0.0,0.0,1.0,125685852.0,125657979,125657979.0,21.835,10567213000.0,231793000.0,-313112000.0,1079151000.0,84.095,-4536220000.0
33,AYE,MRT,2002-09-30,2002-09-30,2002-09-30,2019-05-23,5997000.0,10979432000.0,11197523250.0,1592205000.0,9387227000.0,0.282,17.882,1143996000.0,235327000.0,235327000.0,1780444000.0,-286349000.0,,3.885,5113500000.0,,,5113500000.0,0.0,534762000.0,0.0,0.131,1.72,-104225000.0,430537000.0,0.136,430537000.0,-104225000.0,-406003000.0,-2.29,-2.29,-2.29,2247615000.0,2387417500.0,2247615000.0,6550319661.0,-63.0,15.214,1657720000.0,13.189,1.0,1379080000.0,0.436,409493000.0,301778000.0,15448112000.0,13339649750.0,227842000.0,58497000.0,0.0,58497000.0,8731817000.0,,,1646484661.0,206435000.0,-1636051000.0,1744000.0,400005000.0,-194813000.0,207541000.0,-514830000.0,-21168000.0,513724000.0,0.0,-286349000.0,-286349000.0,-286349000.0,0.0,0.0,-0.091,1347884000.0,31196000.0,438949000.0,-0.751,0.733,-5.75,-5.721,6909996000.0,0.0,13.1,0.521,0.521,560216000.0,639661000.0,3159524000.0,3159524000.0,0.0,-0.026,-0.12,-0.008,-0.033,0.0,0.0,1.0,125685852.0,125691877,125691877.0,25.137,10569939000.0,316868000.0,-119654000.0,1216345000.0,84.094,
34,AYE,MRT,2002-06-30,2002-06-30,2002-06-30,2019-05-23,-1427000.0,11287155000.0,11196683000.0,1653243000.0,9633912000.0,0.319,20.508,-454803000.0,82277000.0,82277000.0,1647680000.0,142401000.0,,3.388,4986112000.0,,,4986112000.0,0.0,316152000.0,0.0,0.067,1.72,577698000.0,893850000.0,0.25,893850000.0,577698000.0,282321000.0,1.13,1.12,1.13,2572479000.0,2210264500.0,2572479000.0,7933993771.0,14.0,8.876,53828000.0,0.429,1.0,1921994000.0,0.538,415935000.0,295377000.0,15775055000.0,12253520000.0,207047000.0,87929000.0,0.0,87929000.0,8714676000.0,,,3231661771.0,56185000.0,-9895000.0,8797000.0,220982000.0,-196358000.0,35027000.0,-487473000.0,-21168000.0,508631000.0,0.0,142401000.0,142401000.0,142401000.0,0.0,0.0,0.04,1239344000.0,682650000.0,552237000.0,1.522,1.256,22.694,22.788,6846799000.0,0.0,25.75,0.905,0.905,634754000.0,983488000.0,3569674000.0,3569674000.0,0.0,0.013,0.064,0.047,0.162,0.0,0.0,1.0,125501428.0,125436520,125436520.0,28.458,10871220000.0,93294000.0,139920000.0,1223236000.0,86.667,
35,AYE,MRT,2002-03-31,2002-03-31,2002-03-31,2019-05-23,511000.0,11491044000.0,11092446000.0,1689745000.0,9801299000.0,0.516,16.125,-468389000.0,94969000.0,94969000.0,3624968000.0,291659000.0,0.286,4.69,4797301000.0,3044630000.0,1752671000.0,4797301000.0,0.0,315520000.0,1535000.0,0.042,1.72,802765000.0,1118285000.0,0.195,1118285000.0,802765000.0,513319000.0,2.37,2.35,2.37,2019607000.0,1954050250.0,2019607000.0,9782044186.0,12.0,8.747,-32412000.0,-0.259,1.0,2100489000.0,0.367,632484000.0,289446000.0,9655960000.0,11071853000.0,185678000.0,60221000.0,0.0,60221000.0,9471437000.0,5904932000.0,3566505000.0,5170793186.0,75346000.0,-1062925000.0,670478000.0,708629000.0,-195585000.0,1184135000.0,-1544766000.0,-21168000.0,435977000.0,0.0,291659000.0,291659000.0,291659000.0,0.0,0.0,0.051,1196389000.0,904100000.0,461897000.0,0.726,2.56,17.729,17.447,6851541000.0,0.0,41.35,0.903,0.905,560471000.0,1200256000.0,5725457000.0,5725457000.0,0.0,0.026,0.149,0.073,0.14,0.0,0.0,1.0,125049412.0,125248884,125248884.0,45.713,10858560000.0,134955000.0,221660000.0,1278528000.0,86.696,-4215187000.0
36,AYE,MRT,2001-12-31,2001-12-31,2001-12-31,2019-05-23,-20231000.0,11032462000.0,9364739500.0,1259762000.0,9772700000.0,0.366,22.563,-463250000.0,37980000.0,37980000.0,1333118000.0,417775000.0,0.467,3.071,4827512000.0,1591782000.0,3235730000.0,4827512000.0,0.0,301536000.0,0.0,0.047,1.72,949280000.0,1250816000.0,0.365,1250816000.0,949280000.0,665998000.0,3.48,3.47,3.48,2709969000.0,2225325000.0,2709969000.0,9140540703.0,10.0,7.308,-127165000.0,-1.059,1.0,2092005000.0,0.611,646660000.0,283282000.0,12479472000.0,10819720000.0,187355000.0,66422000.0,0.0,66422000.0,8322493000.0,2695862000.0,5626631000.0,4529289703.0,19959000.0,-1652607000.0,670478000.0,1346727000.0,-194699000.0,1822506000.0,-2138632000.0,-21168000.0,336085000.0,0.0,417775000.0,417775000.0,417775000.0,0.0,0.0,0.122,1131904000.0,960101000.0,368148000.0,0.494,1.671,10.841,10.408,6853015000.0,0.0,36.22,1.322,1.27,525966000.0,1152487000.0,3425123000.0,3425123000.0,0.0,0.045,0.188,0.088,0.277,0.0,0.0,1.0,125049412.0,120104328,120542151.0,28.518,10385802000.0,277617000.0,248223000.0,1278248000.0,86.473,-1436100000.0
37,AYE,MRT,2001-09-30,2001-09-30,2001-09-30,2019-05-23,-2200000.0,10976071000.0,,2774304000.0,8201767000.0,,12.325,-2058823000.0,96927000.0,96927000.0,3176670000.0,426396000.0,0.712,6.132,4708178000.0,1945049000.0,2763129000.0,4708178000.0,0.0,62662000.0,17250000.0,0.047,1.72,983137000.0,1045799000.0,0.192,1045799000.0,983137000.0,708698000.0,3.61,3.59,3.61,1539003000.0,,1539003000.0,9144409864.0,9.0,8.744,-1682964000.0,-13.478,1.0,2266852000.0,0.416,586463000.0,274439000.0,11103593000.0,,134764000.0,58047000.0,0.0,58047000.0,9437068000.0,3897266000.0,5539802000.0,4582376864.0,8942000.0,-1828000.0,669381000.0,1215337000.0,-189957000.0,1691981000.0,-2058898000.0,-4029000.0,375859000.0,0.0,426396000.0,426396000.0,426396000.0,0.0,0.0,0.078,1257555000.0,1009297000.0,422889000.0,0.476,2.977,10.747,10.166,6771465000.0,0.0,36.7,0.842,0.842,502297000.0,1141693000.0,5443522000.0,5443522000.0,0.0,,,,0.181,0.0,0.0,1.0,124860405.0,124866568,125302357.0,43.595,10389608000.0,212505000.0,282302000.0,1164925000.0,83.206,-1122962000.0
38,AYE,MRT,2001-06-30,2001-06-30,2001-06-30,2019-05-23,-4841000.0,10870207000.0,,2727075000.0,8143132000.0,,12.914,-393248000.0,188152000.0,188152000.0,3594535000.0,336757000.0,0.72,6.024,4750185000.0,1869423000.0,2880762000.0,4750185000.0,0.0,262730000.0,7250000.0,0.036,1.72,818141000.0,1080871000.0,0.195,1080871000.0,818141000.0,561136000.0,2.97,2.96,2.97,1547622000.0,,1547622000.0,,,,-41676000.0,-0.348,1.0,1960159000.0,0.353,594874000.0,257005000.0,11048387000.0,,159024000.0,59034000.0,0.0,59034000.0,9322585000.0,3788979000.0,5533606000.0,6024514541.0,17364000.0,-1855636000.0,661681000.0,1448188000.0,-190977000.0,1915993000.0,-2250201000.0,-4029000.0,351572000.0,0.0,336757000.0,336757000.0,336757000.0,0.0,0.0,0.061,1116424000.0,843735000.0,389291000.0,0.579,3.893,17.89,16.246,6705568000.0,0.0,48.25,1.085,1.041,597875000.0,1029648000.0,5554694000.0,5554694000.0,0.0,,,,0.147,0.0,0.0,1.0,124860405.0,119842121,120406218.0,46.35,10275333000.0,91893000.0,224379000.0,931467000.0,85.741,-1061904000.0
39,AYE,MRT,2001-03-31,2001-03-31,2001-03-31,2019-05-23,,,,,,,,,,,1740464000.0,292416000.0,,,,,,,,,,0.037,1.72,733782000.0,,,,733782000.0,494297000.0,2.65,2.65,2.65,,,,,,,,,1.0,1739179000.0,0.5,,239485000.0,,,,,,,,,,,,,,,,,,,,,292416000.0,292416000.0,292416000.0,0.0,0.0,0.084,983702000.0,755477000.0,,0.649,,,17.457,,0.0,46.26,,1.468,,,3479643000.0,3479643000.0,0.0,,,,0.211,,0.0,1.0,,110436317,110436317.0,31.508,,,201881000.0,,,
40,AYE,MRT,2000-12-31,2000-12-31,2000-12-31,2019-05-23,0.0,7697017000.0,,1127895000.0,6569122000.0,,15.762,-402376000.0,18021000.0,18021000.0,1042877000.0,236629000.0,0.634,3.535,3476360000.0,882413000.0,2593947000.0,3476360000.0,0.0,247933000.0,0.0,0.036,1.72,653380000.0,901313000.0,0.34,901313000.0,653380000.0,424056000.0,2.14,2.14,2.14,1740681000.0,,1740681000.0,,,,134870000.0,1.221,1.0,1610180000.0,0.607,216411000.0,229324000.0,9159968000.0,,142418000.0,45496000.0,0.0,45496000.0,6153168000.0,1778977000.0,4374191000.0,,-47963000.0,-228826000.0,0.0,227239000.0,-187490000.0,50022000.0,-635231000.0,-4029000.0,537246000.0,0.0,236629000.0,236629000.0,236629000.0,0.0,0.0,0.089,889156000.0,721024000.0,386746000.0,0.804,,,22.518,5539338000.0,0.0,48.188,,2.006,549687000.0,943281000.0,2653057000.0,2653057000.0,0.0,,,,0.246,0.0,0.0,1.0,,110436317,110693104.0,24.023,7480606000.0,92561000.0,187427000.0,919532000.0,67.737,-651082000.0
41,AYE,MRT,2000-09-30,2000-09-30,2000-09-30,2019-05-23,,,,,,,,,,,,,,,,,,,,,,0.045,1.72,,,,,,,,,,,,,,,,,,1.0,,,,,,,,,,,,,,,,,,,,,,,,,,,,,,,,,,,,,,,,38.188,,,,,,,,,,,,,,1.0,,110436317,,,,,,,,
42,AYE,MRT,2000-06-30,2000-06-30,2000-06-30,2019-05-23,,,,,,,,,,,,,,,,,,,,,,0.063,1.72,,,,,,,,,,,,,,,,,,1.0,,,,,,,,,,,,,,,,,,,,,,,,,,,,,,,,,,,,,,,,27.375,,,,,,,,,,,,,,1.0,,110436317,,,,,,,,
43,AYE,MRT,1999-12-31,1999-12-31,1999-12-31,2019-05-23,,,,,,,,-395385000.0,,,1522491000.0,258421000.0,,,,,,,,257456000.0,,0.064,1.72,609672000.0,867128000.0,0.309,867128000.0,609672000.0,422862000.0,2.22,2.22,2.22,,,,,,,226724000.0,1.951,1.0,1285950000.0,0.458,,186810000.0,,,,,,,,,,,48425000.0,-98714000.0,-398407000.0,651401000.0,-203225000.0,-59596000.0,-514088000.0,-3849000.0,622109000.0,0.0,258421000.0,258421000.0,258421000.0,0.0,0.0,0.092,646862000.0,639088000.0,,0.775,,,12.134,,0.0,26.938,,1.115,,,2808441000.0,2808441000.0,0.0,,,,0.217,0.0,0.0,,,116237443,116237443.0,24.161,,,164441000.0,,,
