None,ticker,dimension,calendardate,datekey,reportperiod,lastupdated,accoci,assets,assetsavg,assetsc,assetsnc,assetturnover,bvps,capex,cashneq,cashnequsd,cor,consolinc,currentratio,de,debt,debtc,debtnc,debtusd,deferredrev,depamor,deposits,divyield,dps,ebit,ebitda,ebitdamargin,ebitdausd,ebitusd,ebt,eps,epsdil,epsusd,equity,equityavg,equityusd,ev,evebit,evebitda,fcf,fcfps,fxusd,gp,grossmargin,intangibles,intexp,invcap,invcapavg,inventory,investments,investmentsc,investmentsnc,liabilities,liabilitiesc,liabilitiesnc,marketcap,ncf,ncfbus,ncfcommon,ncfdebt,ncfdiv,ncff,ncfi,ncfinv,ncfo,ncfx,netinc,netinccmn,netinccmnusd,netincdis,netincnci,netmargin,opex,opinc,payables,payoutratio,pb,pe,pe1,ppnenet,prefdivis,price,ps,ps1,receivables,retearn,revenue,revenueusd,rnd,roa,roe,roic,ros,sbcomp,sgna,sharefactor,sharesbas,shareswa,shareswadil,sps,tangibles,taxassets,taxexp,taxliabilities,tbvps,workingcapital
0,JPM,MRY,2020-12-31,2020-12-31,2020-12-31,2021-09-07,7986000000.0,3384757000000.0,3245844750000.0,,,0.037,90.629,0.0,527609000000.0,527609000000.0,0.0,29131000000.0,,11.116,542102000000.0,,,542102000000.0,0.0,8614000000.0,2144257000000.0,0.028,3.6,33686000000.0,42300000000.0,0.354,42300000000.0,33686000000.0,33686000000.0,8.89,8.88,8.89,279354000000.0,269048750000.0,279354000000.0,457420163215.0,14.0,10.814,-79910000000.0,-25.925,1.0,119543000000.0,1.0,53428000000.0,0.0,3345822000000.0,3295815000000.0,0.0,2534569000000.0,,,3105403000000.0,,,387335163215.0,263978000000.0,0.0,-6517000000.0,9597000000.0,-12690000000.0,596645000000.0,-261912000000.0,-254571000000.0,-79910000000.0,9155000000.0,27410000000.0,27410000000.0,27410000000.0,0.0,1721000000.0,0.229,66656000000.0,52887000000.0,231285000000.0,0.405,1.387,14.131,14.294,27109000000.0,0.0,127.07,3.24,3.276,90503000000.0,236990000000.0,119543000000.0,119543000000.0,0.0,0.008,0.102,0.01,0.282,0.0,60715000000.0,1.0,3048203063.0,3082400000.0,3087400000.0,38.782,3331329000000.0,0.0,6276000000.0,0.0,1080.758,
1,JPM,MRY,2019-12-31,2019-12-31,2019-12-31,2021-09-07,1569000000.0,2687379000000.0,2729151750000.0,,,0.042,81.121,0.0,263631000000.0,263631000000.0,0.0,36431000000.0,,9.283,516093000000.0,,,516093000000.0,0.0,8368000000.0,1562431000000.0,0.024,3.3,42756000000.0,51124000000.0,0.443,51124000000.0,42756000000.0,42756000000.0,10.75,10.72,10.75,261330000000.0,262182500000.0,261330000000.0,773759998406.0,18.0,15.135,4092000000.0,1.27,1.0,115399000000.0,1.0,53341000000.0,0.0,2886500000000.0,2964097250000.0,0.0,2271733000000.0,,,2426049000000.0,,,437225998406.0,-15162000000.0,0.0,-24001000000.0,-35739000000.0,-12343000000.0,32987000000.0,-52059000000.0,-47024000000.0,4092000000.0,-182000000.0,34642000000.0,34642000000.0,34642000000.0,0.0,1789000000.0,0.3,65269000000.0,50130000000.0,210407000000.0,0.307,1.673,12.621,12.967,25813000000.0,0.0,139.4,3.789,3.892,72861000000.0,223211000000.0,115399000000.0,115399000000.0,0.0,0.013,0.132,0.014,0.371,0.0,60182000000.0,1.0,3136484924.0,3221500000.0,3230400000.0,35.822,2634038000000.0,0.0,8114000000.0,0.0,817.643,
2,JPM,MRY,2018-12-31,2018-12-31,2018-12-31,2021-09-07,-1507000000.0,2622532000000.0,2609387500000.0,,,0.042,75.526,0.0,278793000000.0,278793000000.0,0.0,32474000000.0,,9.224,533627000000.0,,,533627000000.0,0.0,7791000000.0,1470666000000.0,0.025,2.48,38999000000.0,46790000000.0,0.43,46790000000.0,38999000000.0,38999000000.0,9.04,9.0,9.04,256515000000.0,257282500000.0,256515000000.0,421896594974.0,11.0,9.017,15614000000.0,4.597,1.0,108783000000.0,1.0,54349000000.0,0.0,2823017000000.0,2695020000000.0,0.0,2080234000000.0,,,2366017000000.0,,,324626594974.0,-152511000000.0,0.0,-19983000000.0,37240000000.0,-10109000000.0,34158000000.0,-199420000000.0,-194434000000.0,15614000000.0,-2863000000.0,30709000000.0,30709000000.0,30709000000.0,0.0,1765000000.0,0.282,63148000000.0,45635000000.0,196710000000.0,0.274,1.266,10.571,10.799,14934000000.0,0.0,97.62,2.984,3.048,73200000000.0,199202000000.0,108783000000.0,108783000000.0,0.0,0.012,0.119,0.014,0.359,0.0,57417000000.0,1.0,3325410725.0,3396400000.0,3414000000.0,32.029,2568183000000.0,0.0,8290000000.0,0.0,756.149,
3,JPM,MRY,2017-12-31,2017-12-31,2017-12-31,2021-09-07,-119000000.0,2533600000000.0,2551534500000.0,,,0.039,71.994,0.0,431304000000.0,431304000000.0,0.0,24441000000.0,,8.909,494798000000.0,,,494798000000.0,0.0,6179000000.0,1443982000000.0,0.019,2.04,34026000000.0,40205000000.0,0.399,40205000000.0,34026000000.0,34026000000.0,6.35,6.31,6.35,255693000000.0,257105250000.0,255693000000.0,425190453204.0,12.0,10.576,-10827000000.0,-3.048,1.0,100705000000.0,1.0,54392000000.0,0.0,2542702000000.0,2559808500000.0,0.0,1852429000000.0,,,2277907000000.0,,,371052453204.0,40150000000.0,0.0,-15410000000.0,-17007000000.0,-8993000000.0,14642000000.0,28249000000.0,28812000000.0,-10827000000.0,8086000000.0,22567000000.0,22567000000.0,22567000000.0,0.0,1874000000.0,0.224,59515000000.0,41190000000.0,189383000000.0,0.321,1.451,16.442,16.841,14159000000.0,0.0,106.94,3.685,3.771,67729000000.0,177676000000.0,100705000000.0,100705000000.0,0.0,0.009,0.088,0.013,0.338,0.0,53436000000.0,1.0,3469725577.0,3551600000.0,3576800000.0,28.355,2479208000000.0,0.0,11459000000.0,0.0,698.054,
4,JPM,MRY,2016-12-31,2016-12-31,2016-12-31,2021-09-07,-1175000000.0,2490972000000.0,2475476250000.0,,,0.039,69.474,0.0,389635000000.0,389635000000.0,0.0,24733000000.0,,8.8,495354000000.0,,,495354000000.0,0.0,5478000000.0,1375179000000.0,0.021,1.84,32637000000.0,38115000000.0,0.395,38115000000.0,32637000000.0,32637000000.0,6.24,6.19,6.24,254190000000.0,252775250000.0,254190000000.0,405824424549.0,12.0,10.647,21884000000.0,5.981,1.0,96569000000.0,1.0,54246000000.0,0.0,2542445000000.0,2537475750000.0,0.0,1868554000000.0,,,2236782000000.0,,,308768424549.0,29471000000.0,0.0,-9082000000.0,24667000000.0,-8476000000.0,98271000000.0,-89202000000.0,-86377000000.0,21884000000.0,-1482000000.0,22834000000.0,22834000000.0,22834000000.0,0.0,1899000000.0,0.236,56672000000.0,39897000000.0,190543000000.0,0.295,1.215,13.522,13.829,14131000000.0,0.0,86.29,3.197,3.269,52330000000.0,162440000000.0,96569000000.0,96569000000.0,0.0,0.009,0.09,0.013,0.338,0.0,51117000000.0,1.0,3578264278.0,3658800000.0,3690000000.0,26.394,2436726000000.0,0.0,9803000000.0,0.0,665.99,
5,JPM,MRY,2015-12-31,2015-12-31,2015-12-31,2021-09-07,192000000.0,2351698000000.0,2448891500000.0,,,0.038,66.175,0.0,360505000000.0,360505000000.0,0.0,24442000000.0,,8.499,477996000000.0,,,477996000000.0,0.0,4940000000.0,1279715000000.0,0.025,1.68,28911000000.0,33851000000.0,0.362,33851000000.0,28911000000.0,28911000000.0,6.05,6.0,6.05,247573000000.0,242592500000.0,247573000000.0,365704999175.0,13.0,10.803,73466000000.0,19.637,1.0,93543000000.0,1.0,48340000000.0,0.0,2420849000000.0,2497856750000.0,0.0,1776314000000.0,,,2104125000000.0,,,243064999175.0,-7341000000.0,0.0,-5616000000.0,-84879000000.0,-7873000000.0,-187511000000.0,106980000000.0,103277000000.0,73466000000.0,-276000000.0,22651000000.0,22651000000.0,22651000000.0,0.0,1791000000.0,0.242,59014000000.0,34529000000.0,177638000000.0,0.278,0.982,10.731,10.914,14362000000.0,0.0,66.03,2.598,2.641,46605000000.0,146420000000.0,93543000000.0,93543000000.0,0.0,0.009,0.093,0.012,0.309,0.0,49421000000.0,1.0,3681129777.0,3741200000.0,3773600000.0,25.003,2303358000000.0,0.0,6260000000.0,0.0,615.674,
6,JPM,MRY,2014-12-31,2014-12-31,2014-12-31,2021-09-07,2189000000.0,2572274000000.0,2524150250000.0,,,0.038,61.572,0.0,512308000000.0,512308000000.0,0.0,21745000000.0,,10.1,565046000000.0,,,565046000000.0,0.0,4759000000.0,1363427000000.0,0.025,1.56,29031000000.0,33790000000.0,0.355,33790000000.0,29031000000.0,29031000000.0,5.33,5.29,5.33,231727000000.0,227493250000.0,231727000000.0,353570851725.0,12.0,10.464,36593000000.0,9.723,1.0,95112000000.0,1.0,48839000000.0,0.0,2576173000000.0,2605335250000.0,0.0,1823817000000.0,,,2340547000000.0,,,233935851725.0,-11940000000.0,0.0,-4760000000.0,33387000000.0,-6990000000.0,118228000000.0,-165636000000.0,-167817000000.0,36593000000.0,-1125000000.0,20077000000.0,20077000000.0,20077000000.0,0.0,1668000000.0,0.211,61274000000.0,33838000000.0,206939000000.0,0.293,1.01,11.652,11.741,15133000000.0,0.0,62.58,2.46,2.476,70079000000.0,129977000000.0,95112000000.0,95112000000.0,0.0,0.008,0.088,0.011,0.305,0.0,50128000000.0,1.0,3738188746.0,3763500000.0,3797500000.0,25.272,2523435000000.0,0.0,8954000000.0,0.0,670.502,
7,JPM,MRY,2013-12-31,2013-12-31,2013-12-31,2021-09-07,1199000000.0,2415689000000.0,2426960250000.0,,,0.04,55.832,0.0,355822000000.0,355822000000.0,0.0,17886000000.0,,10.439,534894000000.0,,,534894000000.0,0.0,5306000000.0,1287765000000.0,0.023,1.36,25346000000.0,30652000000.0,0.315,30652000000.0,25346000000.0,25346000000.0,4.38,4.34,4.38,211178000000.0,208543250000.0,211178000000.0,384005389094.0,15.0,12.528,107953000000.0,28.541,1.0,97367000000.0,1.0,49699000000.0,0.0,2545062000000.0,2605612000000.0,0.0,1820016000000.0,,,2204511000000.0,,,219837389094.0,-13952000000.0,0.0,-4789000000.0,-33034000000.0,-6056000000.0,28324000000.0,-150501000000.0,-149673000000.0,107953000000.0,272000000.0,16557000000.0,16557000000.0,16557000000.0,0.0,1329000000.0,0.17,70467000000.0,26900000000.0,194491000000.0,0.311,1.041,13.278,13.352,14891000000.0,0.0,58.48,2.258,2.272,65160000000.0,115756000000.0,97367000000.0,97367000000.0,0.0,0.007,0.079,0.01,0.26,0.0,50069000000.0,1.0,3759189280.0,3782400000.0,3814900000.0,25.742,2365990000000.0,0.0,8789000000.0,0.0,625.526,
8,JPM,MRY,2012-12-31,2012-12-31,2012-12-31,2021-09-07,4102000000.0,2359141000000.0,2322683750000.0,,,0.042,53.57,0.0,175537000000.0,175537000000.0,0.0,21284000000.0,,10.561,571130000000.0,,,571130000000.0,0.0,5147000000.0,1193593000000.0,0.026,1.15,27510000000.0,32657000000.0,0.337,32657000000.0,27510000000.0,27510000000.0,5.22,5.2,5.22,204069000000.0,196150750000.0,204069000000.0,585544208190.0,21.0,17.93,25079000000.0,6.583,1.0,97031000000.0,1.0,50410000000.0,0.0,2704324000000.0,2678323750000.0,0.0,1955967000000.0,,,2155072000000.0,,,167144208190.0,-5879000000.0,88000000.0,-1653000000.0,25659000000.0,-5194000000.0,87707000000.0,-119825000000.0,-116513000000.0,25079000000.0,1160000000.0,19877000000.0,19877000000.0,19877000000.0,0.0,1407000000.0,0.205,64729000000.0,32302000000.0,195240000000.0,0.22,0.819,8.409,8.423,14519000000.0,0.0,43.969,1.723,1.726,60933000000.0,104223000000.0,97031000000.0,97031000000.0,0.0,0.009,0.101,0.01,0.284,2545000000.0,49740000000.0,1.0,3801401625.0,3809400000.0,3822200000.0,25.471,2308731000000.0,0.0,7633000000.0,0.0,606.062,
9,JPM,MRY,2011-12-31,2011-12-31,2011-12-31,2021-09-07,944000000.0,2265792000000.0,2249989250000.0,,,0.043,47.065,0.0,144881000000.0,144881000000.0,0.0,18976000000.0,,11.343,543846000000.0,,,543846000000.0,0.0,5105000000.0,1127806000000.0,0.024,0.8,25341000000.0,30446000000.0,0.313,30446000000.0,25341000000.0,25341000000.0,4.5,4.48,4.5,183573000000.0,182334250000.0,183573000000.0,533363208694.0,21.0,17.518,95932000000.0,24.595,1.0,97234000000.0,1.0,51395000000.0,0.0,2613362000000.0,2636386750000.0,0.0,1889866000000.0,,,2082219000000.0,,,126342208694.0,32035000000.0,102000000.0,-8863000000.0,-83120000000.0,-3895000000.0,107706000000.0,-170752000000.0,-170791000000.0,95932000000.0,-851000000.0,17568000000.0,17568000000.0,17568000000.0,0.0,1408000000.0,0.181,62911000000.0,34323000000.0,202895000000.0,0.178,0.688,7.192,7.389,14041000000.0,0.0,33.25,1.299,1.334,61478000000.0,88315000000.0,97234000000.0,97234000000.0,0.0,0.008,0.096,0.01,0.261,2675000000.0,48504000000.0,1.0,3799765675.0,3900400000.0,3920300000.0,24.929,2214397000000.0,0.0,7773000000.0,0.0,567.736,
10,JPM,MRY,2010-12-31,2010-12-31,2010-12-31,2021-09-07,1001000000.0,2117605000000.0,2102253750000.0,,,0.049,44.513,0.0,49240000000.0,49240000000.0,0.0,17370000000.0,,11.025,616985000000.0,,,616985000000.0,0.0,4965000000.0,930369000000.0,0.005,0.2,23253000000.0,28218000000.0,0.275,28218000000.0,23253000000.0,23253000000.0,3.98,3.96,3.98,176106000000.0,171444250000.0,176106000000.0,770793476133.0,33.0,27.316,-3752000000.0,-0.948,1.0,102694000000.0,1.0,52893000000.0,0.0,2632457000000.0,2609338000000.0,0.0,1826679000000.0,,,1941499000000.0,,,165827476133.0,1361000000.0,-4910000000.0,-2999000000.0,-35529000000.0,-1486000000.0,-49217000000.0,54002000000.0,59026000000.0,-3752000000.0,328000000.0,15764000000.0,15764000000.0,15764000000.0,0.0,1606000000.0,0.154,61196000000.0,41498000000.0,170330000000.0,0.05,0.942,10.519,10.658,13355000000.0,0.0,42.42,1.615,1.634,70147000000.0,73998000000.0,102694000000.0,102694000000.0,0.0,0.007,0.092,0.009,0.226,3251000000.0,45702000000.0,1.0,3909181427.0,3956300000.0,3976900000.0,25.957,2064712000000.0,0.0,7489000000.0,0.0,521.88,
11,JPM,MRY,2009-12-31,2009-12-31,2009-12-31,2021-09-07,-91000000.0,2031989000000.0,2044707000000.0,,,0.049,42.81,0.0,89436000000.0,89436000000.0,0.0,11728000000.0,,11.288,625265000000.0,,,625265000000.0,0.0,4358000000.0,938367000000.0,0.013,0.53,13189000000.0,17547000000.0,0.175,17547000000.0,13189000000.0,13189000000.0,2.27,2.26,2.27,165365000000.0,163144500000.0,165365000000.0,770406025057.0,58.0,43.905,122797000000.0,31.79,1.0,100434000000.0,1.0,52978000000.0,0.0,2514840000000.0,2570243250000.0,0.0,1703939000000.0,,,1866624000000.0,,,164010025057.0,-689000000.0,-97000000.0,5756000000.0,-16530000000.0,-3422000000.0,-153079000000.0,29355000000.0,30214000000.0,122797000000.0,238000000.0,8774000000.0,8774000000.0,8774000000.0,0.0,2954000000.0,0.087,52352000000.0,48082000000.0,162696000000.0,0.233,0.992,18.693,18.335,11118000000.0,0.0,41.62,1.633,1.601,67427000000.0,62481000000.0,100434000000.0,100434000000.0,0.0,0.004,0.054,0.005,0.131,3355000000.0,43227000000.0,1.0,3940654134.0,3862800000.0,3879700000.0,26.0,1979011000000.0,0.0,4415000000.0,0.0,512.326,
12,JPM,MRY,2008-12-31,2008-12-31,2008-12-31,2021-09-07,-5687000000.0,2175052000000.0,1961263250000.0,,,0.034,47.668,0.0,165034000000.0,165034000000.0,0.0,5605000000.0,,12.033,633474000000.0,,,633474000000.0,0.0,4528000000.0,1009277000000.0,0.048,1.52,3816000000.0,8344000000.0,0.124,8344000000.0,3816000000.0,3816000000.0,1.35,1.35,1.35,166884000000.0,142882500000.0,166884000000.0,730773233047.0,192.0,87.581,23930000000.0,6.835,1.0,67252000000.0,1.0,53608000000.0,0.0,2589884000000.0,2407830750000.0,0.0,1774178000000.0,,,2008168000000.0,,,117681233047.0,-13249000000.0,2128000000.0,11500000000.0,31532000000.0,-5911000000.0,246999000000.0,-283671000000.0,-313715000000.0,23930000000.0,-507000000.0,4742000000.0,4742000000.0,4742000000.0,0.0,863000000.0,0.071,43500000000.0,23752000000.0,187978000000.0,1.126,0.705,24.817,23.356,10045000000.0,0.0,31.53,1.75,1.641,60987000000.0,54013000000.0,67252000000.0,67252000000.0,0.0,0.002,0.033,0.002,0.057,2637000000.0,38065000000.0,1.0,3732357534.0,3501000000.0,3522000000.0,19.209,2121444000000.0,0.0,-926000000.0,0.0,605.954,
13,JPM,MRY,2007-12-31,2007-12-31,2007-12-31,2021-09-07,-917000000.0,1562147000000.0,1477170500000.0,,,0.048,36.199,0.0,51610000000.0,51610000000.0,0.0,15365000000.0,,11.678,431839000000.0,,,431839000000.0,0.0,3821000000.0,740728000000.0,0.033,1.44,22367000000.0,26188000000.0,0.367,26188000000.0,22367000000.0,22367000000.0,4.38,4.33,4.38,123221000000.0,120028500000.0,123221000000.0,519667261652.0,23.0,19.844,-110560000000.0,-32.479,1.0,71372000000.0,1.0,51369000000.0,0.0,1891007000000.0,1791712500000.0,0.0,1350712000000.0,,,1438926000000.0,,,146622261652.0,-268000000.0,-70000000.0,-8178000000.0,79310000000.0,-5051000000.0,184056000000.0,-74188000000.0,-69145000000.0,-110560000000.0,424000000.0,14927000000.0,14927000000.0,14927000000.0,0.0,438000000.0,0.209,41703000000.0,29669000000.0,94476000000.0,0.329,1.19,9.823,9.966,9319000000.0,0.0,43.65,2.054,2.082,24823000000.0,54715000000.0,71372000000.0,71372000000.0,0.0,0.01,0.124,0.012,0.313,2025000000.0,36286000000.0,1.0,3359043795.0,3404000000.0,3445000000.0,20.967,1510778000000.0,0.0,7440000000.0,0.0,443.824,
14,JPM,MRY,2006-12-31,2006-12-31,2006-12-31,2021-09-07,-1557000000.0,1351520000000.0,1322708000000.0,,,0.047,33.369,0.0,53959000000.0,53959000000.0,0.0,14444000000.0,,10.672,344705000000.0,,,344705000000.0,0.0,3577000000.0,638788000000.0,0.028,1.36,20677000000.0,24254000000.0,0.391,24254000000.0,20677000000.0,20677000000.0,4.16,4.04,4.16,115790000000.0,112093000000.0,115790000000.0,476851658407.0,23.0,19.661,-49579000000.0,-14.288,1.0,61999000000.0,1.0,52492000000.0,0.0,1589774000000.0,1557482000000.0,0.0,1155319000000.0,,,1235730000000.0,,,167550658407.0,3742000000.0,185000000.0,-2279000000.0,71359000000.0,-4846000000.0,152749000000.0,-99627000000.0,-101651000000.0,-49579000000.0,199000000.0,14440000000.0,14440000000.0,14440000000.0,-795000000.0,4000000.0,0.233,38843000000.0,23156000000.0,88096000000.0,0.327,1.447,11.603,11.611,8735000000.0,0.0,48.3,2.702,2.703,22891000000.0,43600000000.0,61999000000.0,61999000000.0,0.0,0.011,0.129,0.013,0.334,2368000000.0,33838000000.0,1.0,3468957731.0,3470000000.0,3574000000.0,17.867,1299028000000.0,0.0,6237000000.0,0.0,374.36,
15,JPM,MRY,2005-12-31,2005-12-31,2005-12-31,2021-09-07,-626000000.0,1198942000000.0,1187890750000.0,,,0.046,30.702,0.0,58331000000.0,58331000000.0,0.0,8483000000.0,,10.183,270153000000.0,,,270153000000.0,0.0,4318000000.0,554991000000.0,0.034,1.36,12055000000.0,16373000000.0,0.302,16373000000.0,12055000000.0,12055000000.0,2.43,2.38,2.43,107211000000.0,106017750000.0,107211000000.0,379949870164.0,32.0,23.206,-30236000000.0,-8.659,1.0,54248000000.0,1.0,51728000000.0,0.0,1359036000000.0,1361623500000.0,0.0,1009186000000.0,,,1091731000000.0,,,138877870164.0,1502000000.0,-1039000000.0,-2730000000.0,17594000000.0,-4878000000.0,45069000000.0,-12944000000.0,-16701000000.0,-30236000000.0,-387000000.0,8470000000.0,8470000000.0,8470000000.0,-229000000.0,13000000.0,0.156,38926000000.0,15322000000.0,78460000000.0,0.56,1.295,16.396,16.333,9081000000.0,0.0,39.69,2.56,2.555,22421000000.0,33848000000.0,54248000000.0,54248000000.0,0.0,0.007,0.08,0.009,0.222,1563000000.0,30515000000.0,1.0,3499064504.0,3492000000.0,3557000000.0,15.535,1147214000000.0,0.0,3585000000.0,0.0,328.526,
16,JPM,MRY,2004-12-31,2004-12-31,2004-12-31,2021-09-07,-208000000.0,1157248000000.0,978639500000.0,,,0.043,38.005,0.0,56848000000.0,56848000000.0,0.0,4466000000.0,,9.953,255149000000.0,,,255149000000.0,0.0,3835000000.0,521456000000.0,0.035,1.36,6010000000.0,9845000000.0,0.232,9845000000.0,6010000000.0,6010000000.0,1.59,1.55,1.59,105653000000.0,76387000000.0,105653000000.0,365647689510.0,61.0,37.14,-15147000000.0,-5.449,1.0,42372000000.0,1.0,52807000000.0,0.0,1302742000000.0,1138240500000.0,0.0,971439000000.0,,,1051595000000.0,,,138971689510.0,14900000000.0,13864000000.0,110000000.0,12027000000.0,-3927000000.0,59596000000.0,-29734000000.0,-46117000000.0,-15147000000.0,185000000.0,4414000000.0,4414000000.0,4414000000.0,-206000000.0,52000000.0,0.104,33972000000.0,8400000000.0,75722000000.0,0.855,1.315,31.484,24.535,9145000000.0,0.0,39.01,3.28,2.559,21409000000.0,30209000000.0,42372000000.0,42372000000.0,0.0,0.005,0.058,0.005,0.142,1296000000.0,25159000000.0,1.0,3562463202.0,2780000000.0,2851000000.0,15.242,1104441000000.0,0.0,1596000000.0,0.0,397.281,
17,JPM,MRY,2003-12-31,2003-12-31,2003-12-31,2021-09-07,-30000000.0,770912000000.0,780342750000.0,,,0.043,22.974,0.0,30443000000.0,30443000000.0,0.0,6719000000.0,,15.703,191457000000.0,,,191457000000.0,0.0,3101000000.0,326492000000.0,0.037,1.36,9977000000.0,13078000000.0,0.392,13078000000.0,9977000000.0,9977000000.0,3.32,3.24,3.32,46154000000.0,44754000000.0,46154000000.0,251337150892.0,25.0,19.218,14275000000.0,7.106,1.0,33384000000.0,1.0,10210000000.0,0.0,921716000000.0,954529250000.0,0.0,658843000000.0,,,724758000000.0,,,74939150892.0,1050000000.0,-575000000.0,1213000000.0,-46583000000.0,-2865000000.0,-26251000000.0,12744000000.0,11778000000.0,14275000000.0,282000000.0,6668000000.0,6668000000.0,6668000000.0,0.0,51000000.0,0.2,21816000000.0,11568000000.0,45066000000.0,0.41,1.624,11.239,11.063,6487000000.0,0.0,36.73,2.245,2.21,12356000000.0,29681000000.0,33384000000.0,33384000000.0,0.0,0.009,0.149,0.01,0.299,0.0,19728000000.0,1.0,2040270920.0,2009000000.0,2055000000.0,16.617,760702000000.0,0.0,3309000000.0,0.0,378.647,
18,JPM,MRY,2002-12-31,2002-12-31,2002-12-31,2021-09-07,1227000000.0,758800000000.0,738403250000.0,,,0.04,21.324,0.0,28160000000.0,28160000000.0,0.0,1663000000.0,,16.936,240210000000.0,,,240210000000.0,0.0,2979000000.0,304753000000.0,0.057,1.36,2468000000.0,5447000000.0,0.184,5447000000.0,2468000000.0,2468000000.0,0.81,0.8,0.81,42306000000.0,42402500000.0,42306000000.0,242028268824.0,98.0,44.433,-25134000000.0,-12.668,1.0,29614000000.0,1.0,12902000000.0,0.0,957948000000.0,932867500000.0,0.0,568856000000.0,,,716494000000.0,,,47916268824.0,-3382000000.0,-72000000.0,725000000.0,36149000000.0,-2784000000.0,44643000000.0,-23344000000.0,-19995000000.0,-25134000000.0,453000000.0,1612000000.0,1612000000.0,1612000000.0,0.0,51000000.0,0.054,22764000000.0,6850000000.0,104667000000.0,1.679,1.133,29.725,29.63,6829000000.0,0.0,24.0,1.618,1.608,14137000000.0,25851000000.0,29614000000.0,29614000000.0,0.0,0.002,0.038,0.003,0.083,0.0,18129000000.0,1.0,1996511201.0,1984000000.0,2009000000.0,14.926,745898000000.0,0.0,856000000.0,0.0,375.957,
19,JPM,MRY,2001-12-31,2001-12-31,2001-12-31,2021-09-07,-442000000.0,693575000000.0,729800250000.0,,,0.036,20.841,0.0,35343000000.0,35343000000.0,0.0,1694000000.0,,15.862,201412000000.0,,,201412000000.0,0.0,2891000000.0,293650000000.0,0.037,1.34,2475000000.0,5366000000.0,0.205,5366000000.0,2475000000.0,2475000000.0,0.83,0.8,0.83,41099000000.0,42406500000.0,41099000000.0,309847305655.0,125.0,57.743,-3107000000.0,-1.576,1.0,26162000000.0,1.0,8899000000.0,0.0,850745000000.0,919584750000.0,0.0,507011000000.0,,,651926000000.0,,,71718305655.0,-1372000000.0,-1481000000.0,558000000.0,-22227000000.0,-2697000000.0,-10683000000.0,12318000000.0,10368000000.0,-3107000000.0,100000000.0,1628000000.0,1628000000.0,1628000000.0,0.0,66000000.0,0.062,23596000000.0,2566000000.0,103876000000.0,1.614,1.745,44.053,43.795,6292000000.0,0.0,36.35,2.741,2.74,14799000000.0,26993000000.0,26162000000.0,26162000000.0,0.0,0.002,0.038,0.003,0.095,0.0,15823000000.0,1.0,1972993278.0,1972000000.0,2024000000.0,13.267,684676000000.0,0.0,847000000.0,0.0,347.199,
20,JPM,MRY,2000-12-31,2000-12-31,2000-12-31,2021-09-07,-241000000.0,715348000000.0,482173250000.0,,,0.066,22.472,0.0,32305000000.0,32305000000.0,0.0,5727000000.0,,15.883,223667000000.0,,,223667000000.0,0.0,2545000000.0,279365000000.0,0.049,2.233,8637000000.0,11182000000.0,0.352,11182000000.0,8637000000.0,8637000000.0,2.99,2.86,2.99,42338000000.0,30158750000.0,42338000000.0,140596835603.0,16.0,12.573,-13676000000.0,-7.259,1.0,31806000000.0,1.0,9471000000.0,0.0,897239000000.0,586125250000.0,0.0,544964000000.0,,,672460000000.0,,,59542835603.0,5280000000.0,-726000000.0,-672000000.0,31241000000.0,-2282000000.0,20052000000.0,-986000000.0,1950000000.0,-13676000000.0,-110000000.0,5631000000.0,5631000000.0,5631000000.0,0.0,96000000.0,0.177,23073000000.0,8733000000.0,117271000000.0,0.747,1.406,10.574,15.197,7087000000.0,0.0,45.44,1.872,2.692,20618000000.0,28096000000.0,31806000000.0,31806000000.0,0.0,0.012,0.187,0.015,0.272,0.0,16387000000.0,1.0,1310361699.0,1884000000.0,1969000000.0,16.882,705877000000.0,0.0,3006000000.0,0.0,374.669,
21,JPM,MRY,1999-12-31,1999-12-31,1999-12-31,2021-09-07,-1428000000.0,667003000000.0,439043250000.0,,,0.067,28.336,0.0,49113000000.0,49113000000.0,0.0,7501000000.0,,18.011,191147000000.0,,,191147000000.0,0.0,1945000000.0,287064000000.0,0.02,1.06,11383000000.0,13328000000.0,0.452,13328000000.0,11383000000.0,11383000000.0,3.87,3.69,3.87,35056000000.0,25843250000.0,35056000000.0,118561895841.0,10.0,8.896,50000000.0,0.04,1.0,29484000000.0,1.0,9632000000.0,0.0,799405000000.0,513471750000.0,0.0,484092000000.0,,,631397000000.0,,,64076895841.0,421000000.0,-2907000000.0,-3738000000.0,4216000000.0,-2133000000.0,20821000000.0,-20498000000.0,-12552000000.0,50000000.0,48000000.0,7395000000.0,7395000000.0,7395000000.0,0.0,106000000.0,0.251,17995000000.0,11489000000.0,106918000000.0,0.274,1.828,8.665,13.383,6436000000.0,0.0,51.793,2.173,2.173,20554000000.0,28455000000.0,29484000000.0,29484000000.0,0.0,0.017,0.286,0.022,0.386,0.0,13903000000.0,1.0,1237164934.0,1237164934.0,,23.832,657371000000.0,0.0,3988000000.0,0.0,531.353,
22,JPM,MRY,1998-12-31,1998-12-31,1998-12-31,2021-09-07,392000000.0,365875000000.0,363758750000.0,,,0.067,18.79,0.0,24280000000.0,24280000000.0,0.0,4745000000.0,,14.325,76257000000.0,,,76257000000.0,0.0,1915000000.0,212437000000.0,0.02,0.927,7214000000.0,9129000000.0,0.376,9129000000.0,7214000000.0,7214000000.0,2.37,2.27,2.37,23838000000.0,22926750000.0,23838000000.0,114490727048.0,16.0,12.541,5217000000.0,4.112,1.0,24300000000.0,1.0,0.0,0.0,417852000000.0,420608000000.0,0.0,309871000000.0,,,341487000000.0,,,60050727048.0,809000000.0,-1718000000.0,-97000000.0,3477000000.0,-1985000000.0,13570000000.0,-18043000000.0,-14008000000.0,5217000000.0,65000000.0,4612000000.0,4612000000.0,4612000000.0,0.0,133000000.0,0.19,16953000000.0,7347000000.0,14291000000.0,0.391,2.519,13.021,19.972,4055000000.0,0.0,47.333,2.471,2.471,1223000000.0,13544000000.0,24300000000.0,24300000000.0,0.0,0.013,0.201,0.017,0.297,0.0,12166000000.0,1.0,1268677332.0,1268677332.0,,19.154,365875000000.0,0.0,2602000000.0,0.0,288.391,
23,JPM,MRY,1997-12-31,1997-12-31,1997-12-31,2021-09-07,112000000.0,365521000000.0,356116500000.0,,,0.045,17.196,0.0,18590000000.0,18590000000.0,0.0,3708000000.0,,15.786,84577000000.0,,,84577000000.0,0.0,951000000.0,193688000000.0,0.022,0.807,5728000000.0,6679000000.0,0.417,6679000000.0,5728000000.0,5728000000.0,2.767,2.673,2.767,21742000000.0,21110750000.0,21742000000.0,122267492334.0,21.0,18.306,5461000000.0,4.319,1.0,16004000000.0,1.0,0.0,0.0,431508000000.0,424704250000.0,0.0,320889000000.0,,,343229000000.0,,,46149492334.0,1099000000.0,-4306000000.0,-1618000000.0,5654000000.0,-1212000000.0,14281000000.0,-18660000000.0,-14418000000.0,5461000000.0,17000000.0,3526000000.0,3526000000.0,3526000000.0,0.0,182000000.0,0.22,10094000000.0,5910000000.0,12526000000.0,0.292,2.123,13.088,13.191,3780000000.0,0.0,36.5,2.884,2.884,1719000000.0,11086000000.0,16004000000.0,16004000000.0,0.0,0.01,0.167,0.013,0.358,0.0,6996000000.0,1.0,1264369653.0,1264369653.0,,12.658,365521000000.0,0.0,2202000000.0,0.0,289.093,
24,JPM,MRY,1996-12-31,1996-12-31,1996-12-31,2021-09-07,-288000000.0,336099000000.0,320044000000.0,,,0.047,15.677,0.0,22949000000.0,22949000000.0,0.0,2461000000.0,,14.983,83189000000.0,,,83189000000.0,0.0,869000000.0,180921000000.0,0.029,0.877,3592000000.0,4461000000.0,0.298,4461000000.0,3592000000.0,3592000000.0,1.713,1.647,1.713,20994000000.0,20915000000.0,20994000000.0,,,,-983000000.0,-0.734,1.0,14978000000.0,1.0,0.0,0.0,396339000000.0,371502500000.0,0.0,289011000000.0,,,314555000000.0,,,38532590170.0,-189000000.0,0.0,-529000000.0,18268000000.0,-1188000000.0,26894000000.0,-26110000000.0,-25205000000.0,-983000000.0,10000000.0,2242000000.0,2242000000.0,2242000000.0,0.0,219000000.0,0.15,11167000000.0,3811000000.0,12309000000.0,0.512,1.835,17.187,17.392,3642000000.0,0.0,29.793,2.573,2.664,2276000000.0,8627000000.0,14978000000.0,14978000000.0,0.0,0.007,0.107,0.01,0.24,0.0,6706000000.0,1.0,1293329274.0,1339200000.0,1360200000.0,11.184,336099000000.0,0.0,1350000000.0,0.0,250.97,
25,JPM,MRY,1995-12-31,1995-12-31,1995-12-31,2021-09-07,-237000000.0,303989000000.0,,,,,15.756,0.0,23262000000.0,23262000000.0,0.0,2959000000.0,,13.59,65939000000.0,,,65939000000.0,0.0,866000000.0,171534000000.0,0.047,0.93,4574000000.0,5440000000.0,0.383,5440000000.0,4574000000.0,4574000000.0,2.11,2.013,2.11,20836000000.0,,20836000000.0,,,,-356000000.0,-0.269,1.0,14202000000.0,1.0,0.0,0.0,346666000000.0,,0.0,257690000000.0,,,283153000000.0,,,,1249000000.0,1040000000.0,-724000000.0,7286000000.0,-978000000.0,13424000000.0,-11812000000.0,-11571000000.0,-356000000.0,-7000000.0,2732000000.0,2732000000.0,2732000000.0,0.0,227000000.0,0.192,9390000000.0,4812000000.0,11339000000.0,0.441,,,9.281,3757000000.0,0.0,19.583,,1.823,1896000000.0,7997000000.0,14202000000.0,14202000000.0,0.0,,,,0.322,0.0,6759000000.0,1.0,,1322400000.0,1360500000.0,10.74,303989000000.0,0.0,1842000000.0,0.0,229.877,
26,JPM,MRY,1994-12-31,1994-12-31,1994-12-31,2021-09-07,,,,,,,,0.0,,,0.0,2486000000.0,,,,,,,,765000000.0,,0.046,0.547,3696000000.0,4461000000.0,0.319,4461000000.0,3696000000.0,3696000000.0,1.673,1.657,1.673,,,,,,,5104000000.0,3.847,1.0,13963000000.0,1.0,,0.0,,,,,,,,,,,625000000.0,-721000000.0,-182000000.0,11846000000.0,-914000000.0,7648000000.0,-12127000000.0,-11156000000.0,5104000000.0,0.0,2221000000.0,2221000000.0,2221000000.0,0.0,265000000.0,0.159,10002000000.0,3961000000.0,,0.327,,,7.147,,0.0,11.957,,1.136,,,13963000000.0,13963000000.0,0.0,,,,0.265,0.0,6553000000.0,1.0,,1326600000.0,1352700000.0,10.525,,,1475000000.0,,,
0,JPM,MRQ,2021-06-30,2021-06-30,2021-06-30,2021-09-07,2570000000.0,3684256000000.0,,,,,94.311,0.0,705421000000.0,705421000000.0,0.0,11948000000.0,,11.865,597301000000.0,,,597301000000.0,0.0,2003000000.0,2305217000000.0,0.023,0.9,14645000000.0,16648000000.0,0.546,16648000000.0,14645000000.0,14645000000.0,3.79,3.78,3.79,286386000000.0,,286386000000.0,398191506540.0,7.0,6.025,13530000000.0,4.456,1.0,30479000000.0,1.0,54655000000.0,0.0,3521481000000.0,,0.0,2563042000000.0,,,3397870000000.0,,,470839506540.0,-5651000000.0,0.0,-6194000000.0,-48985000000.0,-3121000000.0,-37943000000.0,17698000000.0,20551000000.0,13530000000.0,1064000000.0,11496000000.0,11496000000.0,11496000000.0,0.0,452000000.0,0.377,17667000000.0,12812000000.0,297082000000.0,0.237,1.644,10.222,10.356,26631000000.0,0.0,155.54,3.888,3.9,125253000000.0,256983000000.0,30479000000.0,30479000000.0,0.0,,,,,0.0,16403000000.0,1.0,3027128112.0,3036600000.0,3041900000.0,10.037,3629601000000.0,0.0,3149000000.0,0.0,1195.285,
1,JPM,MRQ,2021-03-31,2021-03-31,2021-03-31,2021-09-07,1041000000.0,3689336000000.0,,,,,91.334,0.0,711072000000.0,711072000000.0,0.0,14300000000.0,,12.143,638424000000.0,,,638424000000.0,0.0,2070000000.0,2278112000000.0,0.024,0.9,17248000000.0,19318000000.0,0.599,19318000000.0,17248000000.0,17248000000.0,4.51,4.5,4.51,280714000000.0,,280714000000.0,479023824752.0,10.0,8.429,-43872000000.0,-14.274,1.0,32266000000.0,1.0,54588000000.0,0.0,3562100000000.0,,0.0,2581749000000.0,,,3408622000000.0,,,464530824752.0,183463000000.0,0.0,-4806000000.0,107410000000.0,-3193000000.0,218911000000.0,15391000000.0,16044000000.0,-43872000000.0,-6967000000.0,13851000000.0,13851000000.0,13851000000.0,0.0,449000000.0,0.429,18725000000.0,13541000000.0,285066000000.0,0.2,1.655,11.964,12.063,26926000000.0,0.0,152.23,3.755,3.782,114754000000.0,248151000000.0,32266000000.0,32266000000.0,0.0,,,,,0.0,17189000000.0,1.0,3051506436.0,3073500000.0,3078900000.0,10.498,3634748000000.0,0.0,3397000000.0,0.0,1182.609,
2,JPM,MRQ,2020-12-31,2020-12-31,2020-12-31,2021-09-07,7986000000.0,3384757000000.0,,,,,90.708,0.0,527609000000.0,527609000000.0,0.0,12136000000.0,,11.116,542102000000.0,,,542102000000.0,0.0,2127000000.0,2144257000000.0,0.028,0.9,14627000000.0,16754000000.0,0.573,16754000000.0,14627000000.0,14627000000.0,3.79,3.79,3.79,279354000000.0,,279354000000.0,457420163215.0,14.0,10.814,-28052000000.0,-9.109,1.0,29224000000.0,1.0,53428000000.0,0.0,3345822000000.0,,0.0,2534569000000.0,,,3105403000000.0,,,387335163215.0,40087000000.0,0.0,0.0,-18855000000.0,-3139000000.0,125958000000.0,-63706000000.0,-59763000000.0,-28052000000.0,5887000000.0,11698000000.0,11698000000.0,11698000000.0,0.0,438000000.0,0.4,16048000000.0,13176000000.0,231285000000.0,0.237,1.387,14.131,14.294,27109000000.0,0.0,127.07,3.24,3.276,90503000000.0,236990000000.0,29224000000.0,29224000000.0,0.0,,,,,0.0,14705000000.0,1.0,3048203063.0,3079700000.0,3085300000.0,9.489,3331329000000.0,0.0,2929000000.0,0.0,1081.706,
3,JPM,MRQ,2020-09-30,2020-09-30,2020-09-30,2021-09-07,8940000000.0,3246076000000.0,,,,,88.087,0.0,487522000000.0,487522000000.0,0.0,9443000000.0,,10.973,557607000000.0,,,557607000000.0,0.0,2141000000.0,2001416000000.0,0.037,0.9,11233000000.0,13374000000.0,0.459,13374000000.0,11233000000.0,11233000000.0,2.93,2.92,2.93,271113000000.0,,271113000000.0,400327883963.0,14.0,10.532,-14826000000.0,-4.817,1.0,29147000000.0,1.0,51594000000.0,0.0,3264567000000.0,,0.0,2603343000000.0,,,2974963000000.0,,,293392883963.0,-6207000000.0,0.0,0.0,-46234000000.0,-3209000000.0,19251000000.0,-14589000000.0,-13309000000.0,-14826000000.0,3957000000.0,9015000000.0,9015000000.0,9015000000.0,0.0,428000000.0,0.309,16875000000.0,12272000000.0,234256000000.0,0.307,1.082,12.326,12.519,26672000000.0,0.0,96.27,2.47,2.494,76945000000.0,228014000000.0,29147000000.0,29147000000.0,0.0,,,,,0.0,14984000000.0,1.0,3047604487.0,3077800000.0,3082800000.0,9.47,3194482000000.0,0.0,2218000000.0,0.0,1037.911,
4,JPM,MRQ,2020-06-30,2020-06-30,2020-06-30,2021-09-07,8789000000.0,3213115000000.0,,,,,85.969,0.0,493729000000.0,493729000000.0,0.0,4687000000.0,,11.149,600664000000.0,,,600664000000.0,0.0,2149000000.0,1931029000000.0,0.037,0.9,5238000000.0,7387000000.0,0.223,7387000000.0,5238000000.0,5238000000.0,1.39,1.38,1.39,264466000000.0,,264466000000.0,503528971811.0,17.0,13.352,82919000000.0,26.954,1.0,33075000000.0,1.0,51669000000.0,0.0,3268381000000.0,,0.0,2430943000000.0,,,2948649000000.0,,,286602971811.0,126195000000.0,0.0,0.0,7164000000.0,-3154000000.0,89131000000.0,-47646000000.0,-46651000000.0,82919000000.0,1791000000.0,4265000000.0,4265000000.0,4265000000.0,0.0,422000000.0,0.129,16942000000.0,16133000000.0,230916000000.0,0.647,1.084,12.252,12.626,26301000000.0,0.0,94.06,2.41,2.433,72260000000.0,221732000000.0,33075000000.0,33075000000.0,0.0,,,,,0.0,15659000000.0,1.0,3047022877.0,3076300000.0,3081000000.0,10.752,3161446000000.0,0.0,973000000.0,0.0,1027.678,
5,JPM,MRQ,2020-03-31,2020-03-31,2020-03-31,2021-09-07,7418000000.0,3139431000000.0,,,,,84.392,0.0,367534000000.0,367534000000.0,0.0,2865000000.0,,11.016,584460000000.0,,,584460000000.0,0.0,2197000000.0,1836009000000.0,0.038,0.9,2776000000.0,4973000000.0,0.176,4973000000.0,2776000000.0,2776000000.0,0.79,0.78,0.79,261262000000.0,,261262000000.0,529212114738.0,15.0,12.236,-120089000000.0,-38.791,1.0,28286000000.0,1.0,51867000000.0,0.0,3304490000000.0,,0.0,2400274000000.0,,,2878169000000.0,,,276750114738.0,103903000000.0,0.0,-6517000000.0,67522000000.0,-3188000000.0,362305000000.0,-135833000000.0,-134710000000.0,-120089000000.0,-2480000000.0,2431000000.0,2431000000.0,2431000000.0,0.0,434000000.0,0.086,16791000000.0,11495000000.0,253874000000.0,1.139,1.059,9.772,10.127,25882000000.0,0.0,90.03,2.415,2.432,122064000000.0,220226000000.0,28286000000.0,28286000000.0,0.0,,,,,0.0,15367000000.0,1.0,3073976616.0,3095800000.0,3100700000.0,9.137,3087564000000.0,0.0,345000000.0,0.0,997.34,
6,JPM,MRQ,2019-12-31,2019-12-31,2019-12-31,2021-09-07,1569000000.0,2687379000000.0,,,,,83.229,0.0,263631000000.0,263631000000.0,0.0,8520000000.0,,9.283,516093000000.0,,,516093000000.0,0.0,2139000000.0,1562431000000.0,0.024,0.9,10136000000.0,12275000000.0,0.434,12275000000.0,10136000000.0,10136000000.0,2.58,2.57,2.58,261330000000.0,,261330000000.0,773759998406.0,18.0,15.135,82811000000.0,26.374,1.0,28285000000.0,1.0,53341000000.0,0.0,2886500000000.0,,0.0,2271733000000.0,,,2426049000000.0,,,437225998406.0,7034000000.0,0.0,-6751000000.0,-73809000000.0,-3287000000.0,-63019000000.0,-15558000000.0,-14806000000.0,82811000000.0,2800000000.0,8091000000.0,8091000000.0,8091000000.0,0.0,429000000.0,0.286,16293000000.0,11992000000.0,210407000000.0,0.349,1.673,12.621,12.967,25813000000.0,0.0,139.4,3.789,3.892,72861000000.0,223211000000.0,28285000000.0,28285000000.0,0.0,,,,,0.0,14830000000.0,1.0,3136484924.0,3139900000.0,3147600000.0,9.008,2634038000000.0,0.0,2045000000.0,0.0,838.892,
7,JPM,MRQ,2019-09-30,2019-09-30,2019-09-30,2021-09-07,1800000000.0,2764661000000.0,,,,,82.647,0.0,256597000000.0,256597000000.0,0.0,9080000000.0,,9.458,593131000000.0,,,593131000000.0,0.0,2145000000.0,1525261000000.0,0.027,0.8,10931000000.0,13076000000.0,0.446,13076000000.0,10931000000.0,10931000000.0,2.69,2.68,2.69,264348000000.0,,264348000000.0,658716008355.0,16.0,13.35,16015000000.0,5.007,1.0,29291000000.0,1.0,53078000000.0,0.0,3048117000000.0,,0.0,2217836000000.0,,,2500313000000.0,,,376312008355.0,-11441000000.0,0.0,-6949000000.0,37859000000.0,-2975000000.0,39537000000.0,-63925000000.0,-61305000000.0,16015000000.0,-3068000000.0,8606000000.0,8606000000.0,8606000000.0,0.0,474000000.0,0.294,16372000000.0,12919000000.0,225063000000.0,0.297,1.424,11.337,11.572,25117000000.0,0.0,117.69,3.329,3.331,88988000000.0,217888000000.0,29291000000.0,29291000000.0,0.0,,,,,0.0,15138000000.0,1.0,3197484989.0,3198500000.0,3207200000.0,9.158,2711583000000.0,0.0,2325000000.0,0.0,847.767,
8,JPM,MRQ,2019-06-30,2019-06-30,2019-06-30,2021-09-07,1114000000.0,2727379000000.0,,,,,80.974,0.0,268038000000.0,268038000000.0,0.0,9652000000.0,,9.362,550442000000.0,,,550442000000.0,0.0,2046000000.0,1524361000000.0,0.026,0.8,10882000000.0,12928000000.0,0.45,12928000000.0,10882000000.0,10882000000.0,2.83,2.82,2.83,263215000000.0,,263215000000.0,644947178158.0,16.0,13.294,-13854000000.0,-4.262,1.0,28747000000.0,1.0,53302000000.0,0.0,2956481000000.0,,0.0,2172885000000.0,,,2464164000000.0,,,362676178158.0,-34566000000.0,0.0,-5210000000.0,-44731000000.0,-3048000000.0,-12966000000.0,-8877000000.0,-8983000000.0,-13854000000.0,1131000000.0,9192000000.0,9192000000.0,9192000000.0,0.0,460000000.0,0.32,16256000000.0,12491000000.0,216137000000.0,0.283,1.378,11.147,11.373,24665000000.0,0.0,111.8,3.268,3.274,88399000000.0,212093000000.0,28747000000.0,28747000000.0,0.0,,,,,0.0,14974000000.0,1.0,3243972971.0,3250600000.0,3259700000.0,8.844,2674077000000.0,0.0,1690000000.0,0.0,822.641,
9,JPM,MRQ,2019-03-31,2019-03-31,2019-03-31,2021-09-07,-558000000.0,2737188000000.0,,,,,78.786,0.0,302604000000.0,302604000000.0,0.0,9179000000.0,,9.534,584875000000.0,,,584875000000.0,0.0,2038000000.0,1493441000000.0,0.027,0.8,10807000000.0,12845000000.0,0.441,12845000000.0,10807000000.0,10807000000.0,2.65,2.65,2.65,259837000000.0,,259837000000.0,586285489923.0,15.0,12.304,-80880000000.0,-24.524,1.0,29123000000.0,1.0,54168000000.0,0.0,2965291000000.0,,0.0,2165805000000.0,,,2477351000000.0,,,331451489923.0,23811000000.0,0.0,-5091000000.0,44942000000.0,-3033000000.0,69435000000.0,36301000000.0,38070000000.0,-80880000000.0,-1045000000.0,8753000000.0,8753000000.0,8753000000.0,0.0,426000000.0,0.301,16395000000.0,12728000000.0,216173000000.0,0.302,1.276,10.616,10.873,24160000000.0,0.0,101.23,3.013,3.035,72240000000.0,205437000000.0,29123000000.0,29123000000.0,0.0,,,,,0.0,15287000000.0,1.0,3274241726.0,3298000000.0,3308200000.0,8.831,2683020000000.0,0.0,2054000000.0,0.0,813.529,
10,JPM,MRQ,2018-12-31,2018-12-31,2018-12-31,2021-09-07,-1507000000.0,2622532000000.0,,,,,76.891,0.0,278793000000.0,278793000000.0,0.0,7066000000.0,,9.224,533627000000.0,,,533627000000.0,0.0,2075000000.0,1470666000000.0,0.025,0.8,8417000000.0,10492000000.0,0.406,10492000000.0,8417000000.0,8417000000.0,2.0,2.0,2.0,256515000000.0,,256515000000.0,421896594974.0,11.0,9.017,1849000000.0,0.554,1.0,25863000000.0,1.0,54349000000.0,0.0,2823017000000.0,,0.0,2080234000000.0,,,2366017000000.0,,,324626594974.0,-140304000000.0,0.0,-5928000000.0,16341000000.0,-3120000000.0,17839000000.0,-159638000000.0,-156639000000.0,1849000000.0,-354000000.0,6642000000.0,6642000000.0,6642000000.0,0.0,424000000.0,0.257,15474000000.0,10389000000.0,196710000000.0,0.4,1.266,10.571,10.799,14934000000.0,0.0,97.62,2.984,3.048,73200000000.0,199202000000.0,25863000000.0,25863000000.0,0.0,,,,,0.0,14056000000.0,1.0,3325410725.0,3336100000.0,3347400000.0,7.752,2568183000000.0,0.0,1775000000.0,0.0,769.816,
11,JPM,MRQ,2018-09-30,2018-09-30,2018-09-30,2021-09-07,-2425000000.0,2615183000000.0,,,,,76.703,0.0,419097000000.0,419097000000.0,0.0,8380000000.0,,9.099,516367000000.0,,,516367000000.0,0.0,1992000000.0,1458762000000.0,0.02,0.56,10257000000.0,12249000000.0,0.449,12249000000.0,10257000000.0,10257000000.0,2.35,2.34,2.35,258956000000.0,,258956000000.0,486387162634.0,13.0,10.636,13189000000.0,3.907,1.0,27260000000.0,1.0,54697000000.0,0.0,2657756000000.0,,0.0,1932481000000.0,,,2356227000000.0,,,379242162634.0,13917000000.0,0.0,-4416000000.0,1357000000.0,-2273000000.0,2553000000.0,-808000000.0,-733000000.0,13189000000.0,-1017000000.0,7948000000.0,7948000000.0,7948000000.0,0.0,432000000.0,0.292,15623000000.0,11637000000.0,209707000000.0,0.238,1.465,13.619,13.879,14180000000.0,0.0,112.84,3.532,3.548,78792000000.0,195180000000.0,27260000000.0,27260000000.0,0.0,,,,,0.0,14225000000.0,1.0,3360884107.0,3376100000.0,3394300000.0,8.074,2560486000000.0,0.0,2309000000.0,0.0,758.415,
12,JPM,MRQ,2018-06-30,2018-06-30,2018-06-30,2021-09-07,-1138000000.0,2590050000000.0,,,,,75.386,0.0,405180000000.0,405180000000.0,0.0,8316000000.0,,9.06,512325000000.0,,,512325000000.0,0.0,1927000000.0,1452122000000.0,0.021,0.56,10136000000.0,12063000000.0,0.435,12063000000.0,10136000000.0,10136000000.0,2.31,2.29,2.31,257458000000.0,,257458000000.0,456172755272.0,12.0,10.333,35685000000.0,10.449,1.0,27753000000.0,1.0,54535000000.0,0.0,2642660000000.0,,0.0,1921729000000.0,,,2332592000000.0,,,354777755272.0,-9632000000.0,0.0,-4968000000.0,299000000.0,-2480000000.0,-46823000000.0,6047000000.0,7310000000.0,35685000000.0,-4541000000.0,7880000000.0,7880000000.0,7880000000.0,0.0,436000000.0,0.284,15971000000.0,11782000000.0,196984000000.0,0.242,1.378,13.561,13.801,14132000000.0,0.0,104.2,3.357,3.367,75669000000.0,189881000000.0,27753000000.0,27753000000.0,0.0,,,,,0.0,14411000000.0,1.0,3404776922.0,3415200000.0,3434700000.0,8.126,2535515000000.0,0.0,2256000000.0,0.0,742.421,
13,JPM,MRQ,2018-03-31,2018-03-31,2018-03-31,2021-09-07,-1063000000.0,2609785000000.0,,,,,74.083,0.0,414812000000.0,414812000000.0,0.0,8712000000.0,,9.186,516207000000.0,,,516207000000.0,0.0,1797000000.0,1486961000000.0,0.019,0.56,10188000000.0,11985000000.0,0.429,11985000000.0,10188000000.0,10188000000.0,2.38,2.37,2.38,256201000000.0,,256201000000.0,442089475255.0,12.0,10.314,-35109000000.0,-10.152,1.0,27907000000.0,1.0,54533000000.0,0.0,2656647000000.0,,0.0,1935259000000.0,,,2353584000000.0,,,377412475255.0,-16492000000.0,0.0,-4671000000.0,19243000000.0,-2236000000.0,60589000000.0,-45021000000.0,-44372000000.0,-35109000000.0,3049000000.0,8238000000.0,8238000000.0,8238000000.0,0.0,474000000.0,0.295,16080000000.0,11827000000.0,192295000000.0,0.235,1.473,15.196,15.554,14382000000.0,0.0,109.97,3.64,3.668,72659000000.0,183855000000.0,27907000000.0,27907000000.0,0.0,,,,,0.0,14725000000.0,1.0,3431958491.0,3458300000.0,3479500000.0,8.07,2555252000000.0,0.0,1950000000.0,0.0,738.875,
14,JPM,MRQ,2017-12-31,2017-12-31,2017-12-31,2021-09-07,-119000000.0,2533600000000.0,,,,,73.187,0.0,431304000000.0,431304000000.0,0.0,4232000000.0,,8.909,494798000000.0,,,494798000000.0,0.0,1632000000.0,1443982000000.0,0.019,0.56,7803000000.0,9435000000.0,0.386,9435000000.0,7803000000.0,7803000000.0,1.09,1.09,1.09,255693000000.0,,255693000000.0,425190453204.0,12.0,10.576,12554000000.0,3.593,1.0,24457000000.0,1.0,54392000000.0,0.0,2542702000000.0,,0.0,1852429000000.0,,,2277907000000.0,,,371052453204.0,-27852000000.0,0.0,-4808000000.0,-20123000000.0,-2515000000.0,-21763000000.0,-19457000000.0,-18239000000.0,12554000000.0,814000000.0,3781000000.0,3781000000.0,3781000000.0,0.0,451000000.0,0.155,14895000000.0,9562000000.0,189383000000.0,0.514,1.451,16.442,16.841,14159000000.0,0.0,106.94,3.685,3.771,67729000000.0,177676000000.0,24457000000.0,24457000000.0,0.0,,,,,0.0,13421000000.0,1.0,3469725577.0,3493700000.0,3516200000.0,7.0,2479208000000.0,0.0,4022000000.0,0.0,709.622,
15,JPM,MRQ,2017-09-30,2017-09-30,2017-09-30,2021-09-07,-309000000.0,2563074000000.0,,,,,73.099,0.0,457804000000.0,457804000000.0,0.0,6732000000.0,,8.92,511942000000.0,,,511942000000.0,0.0,1579000000.0,1439027000000.0,0.021,0.5,9086000000.0,10665000000.0,0.417,10665000000.0,9086000000.0,9086000000.0,1.77,1.76,1.77,258382000000.0,,258382000000.0,398672290799.0,12.0,9.862,-4895000000.0,-1.385,1.0,25578000000.0,1.0,48117000000.0,0.0,2569095000000.0,,0.0,1876800000000.0,,,2304692000000.0,,,336096290799.0,8630000000.0,0.0,-4763000000.0,-2850000000.0,-2092000000.0,-11506000000.0,23167000000.0,23062000000.0,-4895000000.0,1864000000.0,6262000000.0,6262000000.0,6262000000.0,0.0,470000000.0,0.245,14570000000.0,11008000000.0,196764000000.0,0.282,1.301,13.421,13.664,14218000000.0,0.0,95.51,3.343,3.358,61757000000.0,175827000000.0,25578000000.0,25578000000.0,0.0,,,,,0.0,13264000000.0,1.0,3518964410.0,3534700000.0,3559600000.0,7.236,2514957000000.0,0.0,2824000000.0,0.0,711.505,
16,JPM,MRQ,2017-06-30,2017-06-30,2017-06-30,2021-09-07,-392000000.0,2563174000000.0,,,,,72.321,0.0,449161000000.0,449161000000.0,0.0,7029000000.0,,8.916,511737000000.0,,,511737000000.0,0.0,1504000000.0,1439473000000.0,0.021,0.5,9275000000.0,10779000000.0,0.419,10779000000.0,9275000000.0,9275000000.0,1.83,1.82,1.83,258483000000.0,,258483000000.0,376389267411.0,11.0,9.497,4073000000.0,1.14,1.0,25731000000.0,1.0,48127000000.0,0.0,2577623000000.0,,0.0,1880903000000.0,,,2304691000000.0,,,324726267411.0,-11360000000.0,0.0,-3007000000.0,-6486000000.0,-2341000000.0,4306000000.0,-22573000000.0,-23147000000.0,4073000000.0,2834000000.0,6555000000.0,6555000000.0,6555000000.0,0.0,474000000.0,0.255,14767000000.0,10964000000.0,189160000000.0,0.273,1.256,13.205,13.402,14206000000.0,0.0,91.4,3.26,3.279,64038000000.0,171488000000.0,25731000000.0,25731000000.0,0.0,,,,,0.0,13195000000.0,1.0,3552803801.0,3574100000.0,3599000000.0,7.199,2515047000000.0,0.0,2720000000.0,0.0,703.687,
17,JPM,MRQ,2017-03-31,2017-03-31,2017-03-31,2021-09-07,-923000000.0,2546290000000.0,,,,,71.04,0.0,460395000000.0,460395000000.0,0.0,6448000000.0,,8.952,512058000000.0,,,512058000000.0,0.0,1464000000.0,1422999000000.0,0.021,0.48,7868000000.0,9332000000.0,0.374,9332000000.0,7868000000.0,7868000000.0,1.66,1.65,1.66,255863000000.0,,255863000000.0,419480243974.0,13.0,10.74,-22559000000.0,-6.263,1.0,24939000000.0,1.0,48139000000.0,0.0,2549814000000.0,,0.0,1855878000000.0,,,2290427000000.0,,,313761243974.0,70732000000.0,0.0,-2832000000.0,12452000000.0,-2045000000.0,43605000000.0,47112000000.0,47136000000.0,-22559000000.0,2574000000.0,5975000000.0,5975000000.0,5975000000.0,0.0,473000000.0,0.24,15283000000.0,9656000000.0,183200000000.0,0.289,1.226,13.203,13.411,14227000000.0,0.0,87.84,3.193,3.219,60038000000.0,166663000000.0,24939000000.0,24939000000.0,0.0,,,,,0.0,13556000000.0,1.0,3571963160.0,3601700000.0,3630400000.0,6.924,2498151000000.0,0.0,1893000000.0,0.0,693.603,
18,JPM,MRQ,2016-12-31,2016-12-31,2016-12-31,2021-09-07,-1175000000.0,2490972000000.0,,,,,70.385,0.0,389635000000.0,389635000000.0,0.0,6727000000.0,,8.8,495354000000.0,,,495354000000.0,0.0,1446000000.0,1375179000000.0,0.021,0.48,8202000000.0,9648000000.0,0.397,9648000000.0,8202000000.0,8202000000.0,1.73,1.71,1.73,254190000000.0,,254190000000.0,405824424549.0,12.0,10.647,40599000000.0,11.242,1.0,24277000000.0,1.0,54246000000.0,0.0,2542445000000.0,,0.0,1868554000000.0,,,2236782000000.0,,,308768424549.0,28571000000.0,0.0,-2251000000.0,-11628000000.0,-2287000000.0,-33428000000.0,22900000000.0,24135000000.0,40599000000.0,-1500000000.0,6250000000.0,6250000000.0,6250000000.0,0.0,477000000.0,0.257,14734000000.0,9543000000.0,190543000000.0,0.277,1.215,13.522,13.829,14131000000.0,0.0,86.29,3.197,3.269,52330000000.0,162440000000.0,24277000000.0,24277000000.0,0.0,,,,,0.0,13192000000.0,1.0,3578264278.0,3611400000.0,3646500000.0,6.722,2436726000000.0,0.0,1952000000.0,0.0,674.732,
19,JPM,MRQ,2016-09-30,2016-09-30,2016-09-30,2021-09-07,1474000000.0,2521029000000.0,,,,,69.915,0.0,417590000000.0,417590000000.0,0.0,6286000000.0,,8.912,514646000000.0,,,514646000000.0,0.0,1407000000.0,1376138000000.0,0.027,0.48,8465000000.0,9872000000.0,0.4,9872000000.0,8465000000.0,8465000000.0,1.6,1.58,1.6,254331000000.0,,254331000000.0,374111905352.0,12.0,10.157,4192000000.0,1.152,1.0,24673000000.0,1.0,48189000000.0,0.0,2569896000000.0,,0.0,1867859000000.0,,,2266698000000.0,,,240521905352.0,1680000000.0,0.0,-2295000000.0,18596000000.0,-2069000000.0,57540000000.0,-60038000000.0,-59024000000.0,4192000000.0,-14000000.0,5812000000.0,5812000000.0,5812000000.0,0.0,474000000.0,0.236,14463000000.0,10210000000.0,190412000000.0,0.3,0.946,11.064,11.383,14208000000.0,0.0,66.59,2.527,2.545,64333000000.0,157870000000.0,24673000000.0,24673000000.0,0.0,,,,,0.0,12799000000.0,1.0,3611982360.0,3637700000.0,3669800000.0,6.783,2472840000000.0,0.0,2653000000.0,0.0,679.781,
20,JPM,MRQ,2016-06-30,2016-06-30,2016-06-30,2021-09-07,1618000000.0,2466096000000.0,,,,,68.677,0.0,365305000000.0,365305000000.0,0.0,6200000000.0,,8.77,498895000000.0,,,498895000000.0,0.0,1336000000.0,1330958000000.0,0.021,0.44,8868000000.0,10204000000.0,0.419,10204000000.0,8868000000.0,8868000000.0,1.56,1.55,1.56,252423000000.0,,252423000000.0,337762785600.0,12.0,9.818,-1524000000.0,-0.415,1.0,24380000000.0,1.0,48220000000.0,0.0,2551466000000.0,,0.0,1863544000000.0,,,2213673000000.0,,,227224785600.0,1498000000.0,0.0,-2840000000.0,9430000000.0,-2174000000.0,20575000000.0,-17483000000.0,-16745000000.0,-1524000000.0,-70000000.0,5728000000.0,5728000000.0,5728000000.0,0.0,472000000.0,0.235,13638000000.0,10742000000.0,184635000000.0,0.282,0.9,10.237,10.444,14262000000.0,0.0,62.14,2.436,2.448,64911000000.0,153749000000.0,24380000000.0,24380000000.0,0.0,,,,,0.0,12714000000.0,1.0,3656658925.0,3675500000.0,3706200000.0,6.633,2417876000000.0,0.0,3140000000.0,0.0,657.836,
21,JPM,MRQ,2016-03-31,2016-03-31,2016-03-31,2021-09-07,782000000.0,2423808000000.0,,,,,67.417,0.0,378408000000.0,378408000000.0,0.0,5520000000.0,,8.689,488946000000.0,,,488946000000.0,0.0,1289000000.0,1321816000000.0,0.022,0.44,7104000000.0,8393000000.0,0.361,8393000000.0,7104000000.0,7104000000.0,1.36,1.35,1.36,250157000000.0,,250157000000.0,334844087200.0,12.0,10.055,-21383000000.0,-5.763,1.0,23239000000.0,1.0,48250000000.0,0.0,2486096000000.0,,0.0,1816610000000.0,,,2173651000000.0,,,217353087200.0,-2278000000.0,0.0,-1696000000.0,8269000000.0,-1946000000.0,53584000000.0,-34581000000.0,-34743000000.0,-21383000000.0,102000000.0,5046000000.0,5046000000.0,5046000000.0,0.0,474000000.0,0.217,13837000000.0,9402000000.0,176934000000.0,0.324,0.869,9.771,9.953,14195000000.0,0.0,59.22,2.344,2.37,57649000000.0,149730000000.0,23239000000.0,23239000000.0,0.0,,,,,0.0,12412000000.0,1.0,3670264897.0,3710600000.0,3737600000.0,6.263,2375558000000.0,0.0,2058000000.0,0.0,640.209,
22,JPM,MRQ,2015-12-31,2015-12-31,2015-12-31,2021-09-07,192000000.0,2351698000000.0,,,,,64.519,0.0,360505000000.0,360505000000.0,0.0,5434000000.0,,8.499,477996000000.0,,,477996000000.0,0.0,1273000000.0,1279715000000.0,0.025,0.44,7090000000.0,8363000000.0,0.365,8363000000.0,7090000000.0,7090000000.0,1.33,1.32,1.33,247573000000.0,,247573000000.0,365704999175.0,13.0,10.803,16167000000.0,4.213,1.0,22885000000.0,1.0,48340000000.0,0.0,2420849000000.0,,0.0,1776314000000.0,,,2104125000000.0,,,243064999175.0,-768000000.0,0.0,-1219000000.0,-44336000000.0,-2195000000.0,-43998000000.0,27258000000.0,26469000000.0,16167000000.0,-195000000.0,5153000000.0,5153000000.0,5153000000.0,0.0,281000000.0,0.225,14263000000.0,8622000000.0,177638000000.0,0.331,0.982,10.731,10.914,14362000000.0,0.0,66.03,2.598,2.641,46605000000.0,146420000000.0,22885000000.0,22885000000.0,0.0,,,,,0.0,11892000000.0,1.0,3681129777.0,3837200000.0,3867800000.0,5.964,2303358000000.0,0.0,1937000000.0,0.0,600.271,
23,JPM,MRQ,2015-09-30,2015-09-30,2015-09-30,2021-09-07,751000000.0,2417121000000.0,,,,,66.514,0.0,397454000000.0,397454000000.0,0.0,6804000000.0,,8.837,520094000000.0,,,520094000000.0,0.0,1248000000.0,1273106000000.0,0.027,0.44,6196000000.0,7444000000.0,0.327,7444000000.0,6196000000.0,6196000000.0,1.7,1.68,1.7,245728000000.0,,245728000000.0,342458167000.0,12.0,10.462,25124000000.0,6.801,1.0,22780000000.0,1.0,48441000000.0,0.0,2491320000000.0,,0.0,1795210000000.0,,,2171393000000.0,,,225471167000.0,-2837000000.0,0.0,-1248000000.0,-19582000000.0,-1944000000.0,-30084000000.0,2251000000.0,1360000000.0,25124000000.0,-128000000.0,6270000000.0,6270000000.0,6270000000.0,0.0,534000000.0,0.275,15368000000.0,7412000000.0,187986000000.0,0.259,0.918,10.255,10.299,14709000000.0,0.0,60.97,2.414,2.411,57926000000.0,143050000000.0,22780000000.0,22780000000.0,0.0,,,,,0.0,12311000000.0,1.0,3698067361.0,3694400000.0,3725600000.0,6.166,2368680000000.0,0.0,-74000000.0,0.0,641.154,
24,JPM,MRQ,2015-06-30,2015-06-30,2015-06-30,2021-09-07,1102000000.0,2449599000000.0,,,,,65.053,0.0,422902000000.0,422902000000.0,0.0,6290000000.0,,9.156,539889000000.0,,,539889000000.0,0.0,1238000000.0,1287332000000.0,0.024,0.4,7863000000.0,9101000000.0,0.382,9101000000.0,7863000000.0,7863000000.0,1.56,1.54,1.56,241205000000.0,,241205000000.0,284135265352.0,10.0,8.378,17296000000.0,4.665,1.0,23812000000.0,1.0,48567000000.0,0.0,2518019000000.0,,0.0,1791946000000.0,,,2208394000000.0,,,251463265352.0,1274000000.0,0.0,-1249000000.0,-19756000000.0,-1964000000.0,-117766000000.0,101621000000.0,101542000000.0,17296000000.0,123000000.0,5776000000.0,5776000000.0,5776000000.0,0.0,514000000.0,0.243,14500000000.0,9312000000.0,191749000000.0,0.256,1.043,12.063,12.122,15073000000.0,0.0,67.76,2.644,2.642,69642000000.0,138294000000.0,23812000000.0,23812000000.0,0.0,,,,,0.0,12526000000.0,1.0,3711087151.0,3707800000.0,3743600000.0,6.422,2401032000000.0,0.0,2087000000.0,0.0,647.562,
25,JPM,MRQ,2015-03-31,2015-03-31,2015-03-31,2021-09-07,2430000000.0,2577148000000.0,,,,,63.314,0.0,529204000000.0,529204000000.0,0.0,5914000000.0,,9.926,561876000000.0,,,561876000000.0,0.0,1181000000.0,1367887000000.0,0.026,0.4,7762000000.0,8943000000.0,0.372,8943000000.0,7762000000.0,7762000000.0,1.46,1.45,1.46,235864000000.0,,235864000000.0,279056174582.0,9.0,8.166,14879000000.0,3.994,1.0,24066000000.0,1.0,48581000000.0,0.0,2561239000000.0,,0.0,1814598000000.0,,,2341284000000.0,,,225861174582.0,-5010000000.0,0.0,-1900000000.0,-1205000000.0,-1770000000.0,4337000000.0,-24150000000.0,-26094000000.0,14879000000.0,-76000000.0,5452000000.0,5452000000.0,5452000000.0,0.0,462000000.0,0.227,14883000000.0,9183000000.0,202157000000.0,0.274,0.958,10.944,11.015,14963000000.0,0.0,60.58,2.354,2.352,70006000000.0,134048000000.0,24066000000.0,24066000000.0,0.0,,,,,0.0,12692000000.0,1.0,3728312555.0,3725300000.0,3757500000.0,6.46,2528567000000.0,0.0,2310000000.0,0.0,678.755,
26,JPM,MRQ,2014-12-31,2014-12-31,2014-12-31,2021-09-07,2189000000.0,2572274000000.0,,,,,62.112,0.0,512308000000.0,512308000000.0,0.0,4931000000.0,,10.1,565046000000.0,,,565046000000.0,0.0,1186000000.0,1363427000000.0,0.025,0.4,6059000000.0,7245000000.0,0.318,7245000000.0,6059000000.0,6059000000.0,1.2,1.2,1.2,231727000000.0,,231727000000.0,353570851725.0,12.0,10.464,28746000000.0,7.705,1.0,22750000000.0,1.0,48839000000.0,0.0,2576173000000.0,,0.0,1823817000000.0,,,2340547000000.0,,,233935851725.0,2459000000.0,-24000000.0,-1510000000.0,6686000000.0,-1912000000.0,44167000000.0,-70006000000.0,-72202000000.0,28746000000.0,-448000000.0,4489000000.0,4489000000.0,4489000000.0,0.0,442000000.0,0.197,15409000000.0,7341000000.0,206939000000.0,0.333,1.01,11.652,11.741,15133000000.0,0.0,62.58,2.46,2.476,70079000000.0,129977000000.0,22750000000.0,22750000000.0,0.0,,,,,-1681000000.0,12167000000.0,1.0,3738188746.0,3730800000.0,3765100000.0,6.098,2523435000000.0,0.0,1570000000.0,0.0,676.379,
27,JPM,MRQ,2014-09-30,2014-09-30,2014-09-30,2021-09-07,3266000000.0,2527005000000.0,,,,,61.585,0.0,439684000000.0,439684000000.0,0.0,5565000000.0,,9.926,559319000000.0,,,559319000000.0,0.0,1147000000.0,1334534000000.0,0.026,0.4,7477000000.0,8624000000.0,0.352,8624000000.0,7477000000.0,7477000000.0,1.37,1.35,1.37,231277000000.0,,231277000000.0,390154562018.0,13.0,10.925,-2449000000.0,-0.652,1.0,24469000000.0,1.0,49244000000.0,0.0,2597396000000.0,,0.0,1846828000000.0,,,2295728000000.0,,,226579562018.0,-2151000000.0,43000000.0,-1489000000.0,-19623000000.0,-1718000000.0,-1375000000.0,2308000000.0,1878000000.0,-2449000000.0,-635000000.0,5128000000.0,5128000000.0,5128000000.0,0.0,437000000.0,0.21,15798000000.0,8671000000.0,211055000000.0,0.292,0.98,11.058,11.094,15177000000.0,0.0,60.24,2.353,2.35,75504000000.0,127234000000.0,24469000000.0,24469000000.0,0.0,,,,,539000000.0,12791000000.0,1.0,3761280910.0,3755400000.0,3788700000.0,6.516,2477761000000.0,0.0,2349000000.0,0.0,659.786,
28,JPM,MRQ,2014-06-30,2014-06-30,2014-06-30,2021-09-07,3438000000.0,2520336000000.0,,,,,60.126,0.0,421432000000.0,421432000000.0,0.0,5980000000.0,,10.087,585007000000.0,,,585007000000.0,0.0,1218000000.0,1319751000000.0,0.026,0.38,8143000000.0,9361000000.0,0.379,9361000000.0,8143000000.0,8143000000.0,1.47,1.46,1.47,227314000000.0,,227314000000.0,403953149865.0,17.0,14.172,-4371000000.0,-1.156,1.0,24678000000.0,1.0,49449000000.0,0.0,2634462000000.0,,0.0,1856581000000.0,,,2293022000000.0,,,218075149865.0,1202000000.0,-19000000.0,-1375000000.0,-1489000000.0,-1806000000.0,35118000000.0,-29528000000.0,-29663000000.0,-4371000000.0,-17000000.0,5568000000.0,5568000000.0,5568000000.0,0.0,412000000.0,0.226,15431000000.0,9247000000.0,203885000000.0,0.259,0.959,14.823,14.812,15216000000.0,0.0,57.62,2.297,2.295,77096000000.0,123497000000.0,24678000000.0,24678000000.0,0.0,,,,,524000000.0,12598000000.0,1.0,3784712771.0,3780600000.0,3812500000.0,6.528,2470887000000.0,0.0,2575000000.0,0.0,653.57,
29,JPM,MRQ,2014-03-31,2014-03-31,2014-03-31,2021-09-07,2276000000.0,2476986000000.0,,,,,57.999,0.0,398852000000.0,398852000000.0,0.0,5269000000.0,,10.277,584730000000.0,,,584730000000.0,0.0,1208000000.0,1282705000000.0,0.024,0.38,7353000000.0,8561000000.0,0.369,8561000000.0,7353000000.0,7353000000.0,1.29,1.28,1.29,219655000000.0,,219655000000.0,408970166756.0,17.0,13.872,14667000000.0,3.873,1.0,23215000000.0,1.0,49554000000.0,0.0,2613310000000.0,,0.0,1837919000000.0,,,2257331000000.0,,,229898166756.0,-13450000000.0,0.0,-386000000.0,47813000000.0,-1554000000.0,40318000000.0,-68410000000.0,-67830000000.0,14667000000.0,-25000000.0,4893000000.0,4893000000.0,4893000000.0,0.0,376000000.0,0.211,14636000000.0,8579000000.0,202499000000.0,0.295,1.047,15.08,15.065,14919000000.0,0.0,60.71,2.408,2.409,73122000000.0,119318000000.0,23215000000.0,23215000000.0,0.0,,,,,618000000.0,12572000000.0,1.0,3786825346.0,3787200000.0,3823600000.0,6.13,2427432000000.0,0.0,2460000000.0,0.0,640.957,
30,JPM,MRQ,2013-12-31,2013-12-31,2013-12-31,2021-09-07,1199000000.0,2415689000000.0,,,,,56.135,0.0,355822000000.0,355822000000.0,0.0,5241000000.0,,10.439,534894000000.0,,,534894000000.0,0.0,1246000000.0,1287765000000.0,0.023,0.38,7921000000.0,9167000000.0,0.383,9167000000.0,7921000000.0,7921000000.0,1.3,1.29,1.3,211178000000.0,,211178000000.0,384005389094.0,15.0,12.528,-6914000000.0,-1.838,1.0,23917000000.0,1.0,49699000000.0,0.0,2545062000000.0,,0.0,1820016000000.0,,,2204511000000.0,,,219837389094.0,9107000000.0,62000000.0,-299000000.0,-30311000000.0,-1782000000.0,-22919000000.0,38600000000.0,36963000000.0,-6914000000.0,340000000.0,4901000000.0,4901000000.0,4901000000.0,0.0,340000000.0,0.205,15552000000.0,8365000000.0,194491000000.0,0.292,1.041,13.278,13.352,14891000000.0,0.0,58.48,2.258,2.272,65160000000.0,115756000000.0,23917000000.0,23917000000.0,0.0,,,,,-1734000000.0,12223000000.0,1.0,3759189280.0,3762000000.0,3796900000.0,6.358,2365990000000.0,0.0,3020000000.0,0.0,628.918,
31,JPM,MRQ,2013-09-30,2013-09-30,2013-09-30,2021-09-07,390000000.0,2463309000000.0,,,,,54.863,0.0,402109000000.0,402109000000.0,0.0,-380000000.0,,10.919,566277000000.0,,,566277000000.0,0.0,1651000000.0,1281102000000.0,0.025,0.38,-236000000.0,1415000000.0,0.061,1415000000.0,-236000000.0,-236000000.0,-0.17,-0.17,-0.17,206670000000.0,,206670000000.0,466229395085.0,19.0,15.861,26383000000.0,7.004,1.0,23117000000.0,1.0,49917000000.0,0.0,2577560000000.0,,0.0,1818856000000.0,,,2256639000000.0,,,194571395085.0,1450000000.0,-17000000.0,-740000000.0,-50459000000.0,-1547000000.0,21135000000.0,-46856000000.0,-46259000000.0,26383000000.0,788000000.0,-650000000.0,-650000000.0,-650000000.0,0.0,270000000.0,-0.028,23626000000.0,-509000000.0,212283000000.0,-2.235,0.941,11.511,11.616,14876000000.0,0.0,51.69,2.004,2.005,66269000000.0,112135000000.0,23117000000.0,23117000000.0,0.0,,,,,507000000.0,12113000000.0,1.0,3764198009.0,3767000000.0,3767000000.0,6.137,2413392000000.0,0.0,414000000.0,0.0,640.667,
32,JPM,MRQ,2013-06-30,2013-06-30,2013-06-30,2021-09-07,136000000.0,2439494000000.0,,,,,55.319,0.0,340532000000.0,340532000000.0,0.0,6496000000.0,,10.659,612190000000.0,,,612190000000.0,0.0,1435000000.0,1202950000000.0,0.023,0.3,8903000000.0,10338000000.0,0.41,10338000000.0,8903000000.0,8903000000.0,1.61,1.6,1.61,209239000000.0,,209239000000.0,499011097413.0,16.0,13.524,68520000000.0,18.115,1.0,25211000000.0,1.0,50008000000.0,0.0,2661144000000.0,,0.0,1841397000000.0,,,2230255000000.0,,,199529097413.0,-16310000000.0,-8000000.0,-1172000000.0,16026000000.0,-1485000000.0,1928000000.0,-86790000000.0,-85850000000.0,68520000000.0,32000000.0,6101000000.0,6101000000.0,6101000000.0,0.0,395000000.0,0.242,15866000000.0,9345000000.0,211432000000.0,0.186,0.954,8.713,8.755,14574000000.0,0.0,52.79,2.013,2.014,81562000000.0,114216000000.0,25211000000.0,25211000000.0,0.0,,,,,586000000.0,12763000000.0,1.0,3779676026.0,3782400000.0,3814300000.0,6.665,2389486000000.0,0.0,2802000000.0,0.0,631.738,
33,JPM,MRQ,2013-03-31,2013-03-31,2013-03-31,2021-09-07,3491000000.0,2389349000000.0,,,,,54.237,0.0,303159000000.0,303159000000.0,0.0,6529000000.0,,10.538,602641000000.0,,,602641000000.0,0.0,974000000.0,1202507000000.0,0.025,0.3,8684000000.0,9658000000.0,0.384,9658000000.0,8684000000.0,8684000000.0,1.61,1.59,1.61,207086000000.0,,207086000000.0,577244581210.0,20.0,16.756,19964000000.0,5.229,1.0,25122000000.0,1.0,50149000000.0,0.0,2638682000000.0,,0.0,1845191000000.0,,,2182263000000.0,,,181651581210.0,-8199000000.0,-37000000.0,-2578000000.0,31710000000.0,-1242000000.0,28180000000.0,-55455000000.0,-54527000000.0,19964000000.0,-888000000.0,6131000000.0,6131000000.0,6131000000.0,0.0,398000000.0,0.244,15423000000.0,9699000000.0,193089000000.0,0.186,0.877,8.476,8.415,14541000000.0,0.0,47.46,1.89,1.886,74208000000.0,109402000000.0,25122000000.0,25122000000.0,0.0,,,,,641000000.0,12970000000.0,1.0,3827466945.0,3818200000.0,3847000000.0,6.58,2339200000000.0,0.0,2553000000.0,0.0,612.645,
34,JPM,MRQ,2012-12-31,2012-12-31,2012-12-31,2021-09-07,4102000000.0,2359141000000.0,,,,,53.612,0.0,175537000000.0,175537000000.0,0.0,5692000000.0,,10.561,571130000000.0,,,571130000000.0,0.0,1404000000.0,1193593000000.0,0.026,0.3,6579000000.0,7983000000.0,0.338,7983000000.0,6579000000.0,6579000000.0,1.4,1.39,1.4,204069000000.0,,204069000000.0,585544208190.0,21.0,17.93,-4511000000.0,-1.185,1.0,23653000000.0,1.0,50410000000.0,0.0,2704324000000.0,,0.0,1955967000000.0,,,2155072000000.0,,,167144208190.0,380000000.0,-2000000.0,0.0,-4831000000.0,-1478000000.0,54086000000.0,-50104000000.0,-48401000000.0,-4511000000.0,909000000.0,5321000000.0,5321000000.0,5321000000.0,0.0,371000000.0,0.225,16047000000.0,7606000000.0,195240000000.0,0.214,0.819,8.409,8.423,14519000000.0,0.0,43.969,1.723,1.726,60933000000.0,104223000000.0,23653000000.0,23653000000.0,0.0,,,,,522000000.0,11978000000.0,1.0,3801401625.0,3806400000.0,3821000000.0,6.214,2308731000000.0,0.0,1258000000.0,0.0,606.539,
35,JPM,MRQ,2012-09-30,2012-09-30,2012-09-30,2021-09-07,4426000000.0,2321284000000.0,,,,,52.505,0.0,157687000000.0,157687000000.0,0.0,5708000000.0,,10.624,576087000000.0,,,576087000000.0,0.0,1294000000.0,1139611000000.0,0.027,0.3,7624000000.0,8918000000.0,0.355,8918000000.0,7624000000.0,7624000000.0,1.41,1.4,1.41,199693000000.0,,199693000000.0,551972548035.0,22.0,18.152,-16659000000.0,-4.38,1.0,25146000000.0,1.0,50819000000.0,0.0,2688865000000.0,,0.0,1934674000000.0,,,2121591000000.0,,,153773548035.0,8477000000.0,0.0,0.0,4460000000.0,-1223000000.0,28754000000.0,-3759000000.0,-3402000000.0,-16659000000.0,141000000.0,5346000000.0,5346000000.0,5346000000.0,0.0,362000000.0,0.213,15371000000.0,9775000000.0,203042000000.0,0.213,0.77,8.551,8.558,14271000000.0,0.0,40.48,1.621,1.623,62989000000.0,99888000000.0,25146000000.0,25146000000.0,0.0,,,,,582000000.0,12154000000.0,1.0,3798753657.0,3803300000.0,3813900000.0,6.612,2270465000000.0,0.0,2278000000.0,0.0,596.972,
36,JPM,MRQ,2012-06-30,2012-06-30,2012-06-30,2021-09-07,2272000000.0,2290146000000.0,,,,,50.296,0.0,175249000000.0,175249000000.0,0.0,4960000000.0,,10.954,573448000000.0,,,573448000000.0,0.0,1217000000.0,1115886000000.0,0.022,0.3,6674000000.0,7891000000.0,0.356,7891000000.0,6674000000.0,6674000000.0,1.22,1.21,1.22,191572000000.0,,191572000000.0,549790193152.0,24.0,19.463,41983000000.0,11.022,1.0,22180000000.0,1.0,50944000000.0,0.0,2637401000000.0,,0.0,1876214000000.0,,,2098574000000.0,,,136012193152.0,-10517000000.0,120000000.0,-1437000000.0,-13003000000.0,-1469000000.0,-30485000000.0,-20600000000.0,-19825000000.0,41983000000.0,-1415000000.0,4634000000.0,4634000000.0,4634000000.0,0.0,326000000.0,0.209,14966000000.0,7214000000.0,207126000000.0,0.246,0.71,8.206,8.233,14206000000.0,0.0,35.73,1.455,1.456,67939000000.0,95518000000.0,22180000000.0,22180000000.0,0.0,,,,,609000000.0,12288000000.0,1.0,3806666475.0,3808900000.0,3820500000.0,5.823,2239202000000.0,0.0,2040000000.0,0.0,587.887,
37,JPM,MRQ,2012-03-31,2012-03-31,2012-03-31,2021-09-07,2645000000.0,2320164000000.0,,,,,49.562,0.0,170411000000.0,170411000000.0,0.0,4924000000.0,,11.259,584189000000.0,,,584189000000.0,0.0,1232000000.0,1128512000000.0,0.022,0.25,6634000000.0,7866000000.0,0.302,7866000000.0,6634000000.0,6634000000.0,1.2,1.19,1.2,189269000000.0,,189269000000.0,574487231514.0,24.0,19.542,4266000000.0,1.117,1.0,26052000000.0,1.0,51237000000.0,0.0,2682705000000.0,,0.0,1916644000000.0,,,2130895000000.0,,,175522231514.0,-4219000000.0,-30000000.0,-216000000.0,39033000000.0,-1024000000.0,35352000000.0,-45362000000.0,-44885000000.0,4266000000.0,1525000000.0,4577000000.0,4577000000.0,4577000000.0,0.0,347000000.0,0.176,18345000000.0,7707000000.0,204148000000.0,0.208,0.927,10.321,10.45,14213000000.0,0.0,45.98,1.79,1.791,64833000000.0,91888000000.0,26052000000.0,26052000000.0,0.0,,,,,832000000.0,13320000000.0,1.0,3817360407.0,3818800000.0,3833400000.0,6.822,2268927000000.0,0.0,2057000000.0,0.0,594.147,
38,JPM,MRQ,2011-12-31,2011-12-31,2011-12-31,2021-09-07,944000000.0,2265792000000.0,,,,,48.283,0.0,144881000000.0,144881000000.0,0.0,3728000000.0,,11.343,543846000000.0,,,543846000000.0,0.0,1288000000.0,1127806000000.0,0.024,0.25,4446000000.0,5734000000.0,0.267,5734000000.0,4446000000.0,4446000000.0,0.9,0.91,0.9,183573000000.0,,183573000000.0,533363208694.0,21.0,17.518,29414000000.0,7.736,1.0,21471000000.0,1.0,51395000000.0,0.0,2613362000000.0,,0.0,1889866000000.0,,,2082219000000.0,,,126342208694.0,2836000000.0,65000000.0,-863000000.0,-47305000000.0,-1269000000.0,-24659000000.0,-1085000000.0,-888000000.0,29414000000.0,-834000000.0,3427000000.0,3427000000.0,3427000000.0,0.0,301000000.0,0.16,14540000000.0,6931000000.0,202895000000.0,0.278,0.688,7.192,7.389,14041000000.0,0.0,33.25,1.299,1.334,61478000000.0,88315000000.0,21471000000.0,21471000000.0,0.0,,,,,580000000.0,11461000000.0,1.0,3799765675.0,3802000000.0,3811700000.0,5.647,2214397000000.0,0.0,1019000000.0,0.0,582.43,
39,JPM,MRQ,2011-09-30,2011-09-30,2011-09-30,2021-09-07,1964000000.0,2289240000000.0,,,,,47.23,0.0,185643000000.0,185643000000.0,0.0,4262000000.0,,11.558,592664000000.0,,,592664000000.0,0.0,1265000000.0,1092708000000.0,0.02,0.25,5492000000.0,6757000000.0,0.284,6757000000.0,5492000000.0,5492000000.0,1.02,1.02,1.02,182287000000.0,,182287000000.0,531813386331.0,19.0,16.322,7793000000.0,2.019,1.0,23763000000.0,1.0,51576000000.0,0.0,2644685000000.0,,0.0,1856819000000.0,,,2106953000000.0,,,117439386331.0,26300000000.0,51000000.0,-4425000000.0,-20708000000.0,-1061000000.0,43040000000.0,-23860000000.0,-24104000000.0,7793000000.0,-673000000.0,3936000000.0,3936000000.0,3936000000.0,0.0,326000000.0,0.166,15534000000.0,8229000000.0,199769000000.0,0.245,0.644,6.331,6.395,13812000000.0,0.0,30.12,1.153,1.141,72080000000.0,85726000000.0,23763000000.0,23763000000.0,0.0,,,,,538000000.0,11877000000.0,1.0,3899050011.0,3859600000.0,3872200000.0,6.157,2237664000000.0,0.0,1556000000.0,0.0,579.766,
40,JPM,MRQ,2011-06-30,2011-06-30,2011-06-30,2021-09-07,1638000000.0,2246764000000.0,,,,,46.2,0.0,200346000000.0,200346000000.0,0.0,5431000000.0,,11.286,614720000000.0,,,614720000000.0,0.0,1278000000.0,1048685000000.0,0.01,0.25,7763000000.0,9041000000.0,0.338,9041000000.0,7763000000.0,7763000000.0,1.28,1.27,1.28,182879000000.0,,182879000000.0,696157655180.0,25.0,21.159,64704000000.0,16.346,1.0,26779000000.0,1.0,52561000000.0,0.0,2608577000000.0,,0.0,1791777000000.0,,,2063885000000.0,,,162682655180.0,6997000000.0,1000000.0,-3480000000.0,-27042000000.0,-1319000000.0,21997000000.0,-79997000000.0,-80136000000.0,64704000000.0,293000000.0,5067000000.0,5067000000.0,5067000000.0,0.0,364000000.0,0.189,16842000000.0,9937000000.0,184490000000.0,0.195,0.89,8.731,8.692,13679000000.0,0.0,40.94,1.596,1.59,80292000000.0,82612000000.0,26779000000.0,26779000000.0,0.0,,,,,727000000.0,12331000000.0,1.0,3973684787.0,3958400000.0,3983200000.0,6.765,2194203000000.0,0.0,2696000000.0,0.0,554.316,
41,JPM,MRQ,2011-03-31,2011-03-31,2011-03-31,2021-09-07,712000000.0,2198161000000.0,,,,,45.358,0.0,104311000000.0,104311000000.0,0.0,5555000000.0,,11.172,637786000000.0,,,637786000000.0,0.0,1274000000.0,995829000000.0,0.004,0.05,7638000000.0,8912000000.0,0.353,8912000000.0,7638000000.0,7638000000.0,1.29,1.28,1.29,180598000000.0,,180598000000.0,751384805883.0,28.0,23.67,-5979000000.0,-1.502,1.0,25221000000.0,1.0,52713000000.0,0.0,2678923000000.0,,0.0,1841643000000.0,,,2017563000000.0,,,183639805883.0,-4098000000.0,-15000000.0,-95000000.0,11935000000.0,-246000000.0,67328000000.0,-65810000000.0,-65663000000.0,-5979000000.0,363000000.0,5136000000.0,5136000000.0,5136000000.0,0.0,419000000.0,0.204,15995000000.0,9226000000.0,171638000000.0,0.039,1.017,10.243,10.177,13422000000.0,0.0,46.1,1.832,1.831,79236000000.0,78342000000.0,25221000000.0,25221000000.0,0.0,,,,,830000000.0,12835000000.0,1.0,3983509889.0,3981600000.0,4014100000.0,6.334,2145448000000.0,0.0,2502000000.0,0.0,538.841,
42,JPM,MRQ,2010-12-31,2010-12-31,2010-12-31,2021-09-07,1001000000.0,2117605000000.0,,,,,44.959,0.0,49240000000.0,49240000000.0,0.0,4831000000.0,,11.025,616985000000.0,,,616985000000.0,0.0,1280000000.0,930369000000.0,0.005,0.05,6592000000.0,7872000000.0,0.302,7872000000.0,6592000000.0,6592000000.0,1.12,1.12,1.12,176106000000.0,,176106000000.0,770793476133.0,33.0,27.316,1111000000.0,0.284,1.0,26098000000.0,1.0,52893000000.0,0.0,2632457000000.0,,0.0,1826679000000.0,,,1941499000000.0,,,165827476133.0,3607000000.0,-264000000.0,-687000000.0,-43409000000.0,-484000000.0,-30644000000.0,33281000000.0,34918000000.0,1111000000.0,-141000000.0,4411000000.0,4411000000.0,4411000000.0,0.0,420000000.0,0.169,16043000000.0,10055000000.0,170330000000.0,0.045,0.942,10.519,10.658,13355000000.0,0.0,42.42,1.615,1.634,70147000000.0,73998000000.0,26098000000.0,26098000000.0,0.0,,,,,724000000.0,11187000000.0,1.0,3909181427.0,3917000000.0,3935500000.0,6.663,2064712000000.0,0.0,2181000000.0,0.0,527.116,
43,JPM,MRQ,2010-09-30,2010-09-30,2010-09-30,2021-09-07,3096000000.0,2141595000000.0,,,,,43.96,0.0,55037000000.0,55037000000.0,0.0,4418000000.0,,11.32,660003000000.0,,,660003000000.0,0.0,1273000000.0,903138000000.0,0.005,0.05,5804000000.0,7077000000.0,0.297,7077000000.0,5804000000.0,5804000000.0,1.02,1.01,1.02,173830000000.0,,173830000000.0,650264271206.0,32.0,25.493,-50590000000.0,-12.794,1.0,23824000000.0,1.0,52718000000.0,0.0,2693843000000.0,,0.0,1845113000000.0,,,1967765000000.0,,,150914271206.0,-8846000000.0,-4640000000.0,-2177000000.0,70396000000.0,-257000000.0,93751000000.0,-52953000000.0,-47882000000.0,-50590000000.0,946000000.0,4019000000.0,4019000000.0,4019000000.0,0.0,399000000.0,0.169,14398000000.0,9426000000.0,169365000000.0,0.049,0.868,10.55,10.514,11316000000.0,0.0,38.06,1.513,1.509,63224000000.0,69531000000.0,23824000000.0,23824000000.0,0.0,,,,,753000000.0,11098000000.0,1.0,3965167399.0,3954300000.0,3971900000.0,6.025,2088877000000.0,0.0,1785000000.0,0.0,528.255,
44,JPM,MRQ,2010-06-30,2010-06-30,2010-06-30,2021-09-07,2404000000.0,2014019000000.0,,,,,42.957,0.0,72236000000.0,72236000000.0,0.0,4795000000.0,,10.77,571586000000.0,,,571586000000.0,0.0,1208000000.0,887805000000.0,0.005,0.05,6675000000.0,7883000000.0,0.314,7883000000.0,6675000000.0,6675000000.0,1.1,1.09,1.1,171120000000.0,,171120000000.0,712786987230.0,37.0,29.431,28333000000.0,7.113,1.0,25101000000.0,1.0,52498000000.0,0.0,2460871000000.0,,0.0,1706334000000.0,,,1842899000000.0,,,145659987230.0,1384000000.0,-2000000.0,-135000000.0,-87598000000.0,-492000000.0,-114347000000.0,87536000000.0,86363000000.0,28333000000.0,-138000000.0,4363000000.0,4363000000.0,4363000000.0,0.0,432000000.0,0.174,14631000000.0,10470000000.0,160478000000.0,0.045,0.851,10.769,10.705,11267000000.0,0.0,36.61,1.42,1.422,61295000000.0,65465000000.0,25101000000.0,25101000000.0,0.0,,,,,833000000.0,11977000000.0,1.0,3978693997.0,3983500000.0,4005600000.0,6.301,1961521000000.0,0.0,2312000000.0,0.0,492.411,
45,JPM,MRQ,2010-03-31,2010-03-31,2010-03-31,2021-09-07,761000000.0,2135796000000.0,,,,,41.486,0.0,90436000000.0,90436000000.0,0.0,3326000000.0,,11.966,657563000000.0,,,657563000000.0,0.0,1204000000.0,925303000000.0,0.004,0.05,4185000000.0,5389000000.0,0.195,5389000000.0,4185000000.0,4185000000.0,0.75,0.74,0.75,164721000000.0,,164721000000.0,713422577083.0,48.0,35.991,17394000000.0,4.381,1.0,27671000000.0,1.0,52742000000.0,0.0,2650181000000.0,,0.0,1818512000000.0,,,1971075000000.0,,,177593577083.0,5216000000.0,-4000000.0,0.0,25082000000.0,-253000000.0,2023000000.0,-13862000000.0,-14373000000.0,17394000000.0,-339000000.0,2974000000.0,2974000000.0,2974000000.0,0.0,352000000.0,0.107,16124000000.0,11547000000.0,154185000000.0,0.067,1.078,17.352,17.192,11123000000.0,0.0,44.7,1.723,1.722,53991000000.0,61043000000.0,27671000000.0,27671000000.0,0.0,,,,,941000000.0,11440000000.0,1.0,3973010673.0,3970500000.0,3994700000.0,6.969,2083054000000.0,0.0,1211000000.0,0.0,524.633,
46,JPM,MRQ,2009-12-31,2009-12-31,2009-12-31,2021-09-07,-91000000.0,2031989000000.0,,,,,41.905,0.0,89436000000.0,89436000000.0,0.0,3278000000.0,,11.288,625265000000.0,,,625265000000.0,0.0,1612000000.0,938367000000.0,0.013,0.05,3547000000.0,5159000000.0,0.223,5159000000.0,3547000000.0,3547000000.0,0.75,0.75,0.75,165365000000.0,,165365000000.0,770406025057.0,58.0,43.905,11913000000.0,3.019,1.0,23164000000.0,1.0,52978000000.0,0.0,2514840000000.0,,0.0,1703939000000.0,,,1866624000000.0,,,164010025057.0,5138000000.0,-157000000.0,0.0,-62694000000.0,-489000000.0,1479000000.0,-8240000000.0,-7988000000.0,11913000000.0,-14000000.0,2949000000.0,2949000000.0,2949000000.0,0.0,329000000.0,0.127,12004000000.0,11160000000.0,162696000000.0,0.067,0.992,18.693,18.335,11118000000.0,0.0,41.62,1.633,1.601,67427000000.0,62481000000.0,23164000000.0,23164000000.0,0.0,,,,,920000000.0,9456000000.0,1.0,3940654134.0,3946200000.0,3973900000.0,5.87,1979011000000.0,0.0,598000000.0,0.0,501.498,
47,JPM,MRQ,2009-09-30,2009-09-30,2009-09-30,2021-09-07,283000000.0,2041009000000.0,,,,,41.203,0.0,80691000000.0,80691000000.0,0.0,3588000000.0,,11.579,687087000000.0,,,687087000000.0,0.0,997000000.0,867977000000.0,0.02,0.05,4791000000.0,5788000000.0,0.217,5788000000.0,4791000000.0,4791000000.0,0.82,0.82,0.82,162253000000.0,,162253000000.0,774861346275.0,84.0,58.688,7625000000.0,1.936,1.0,26622000000.0,1.0,53196000000.0,0.0,2594209000000.0,,0.0,1732542000000.0,,,1878756000000.0,,,172325346275.0,-4065000000.0,78000000.0,0.0,-10582000000.0,-252000000.0,-13310000000.0,1330000000.0,1582000000.0,7625000000.0,290000000.0,3240000000.0,3240000000.0,3240000000.0,0.0,348000000.0,0.122,13455000000.0,13167000000.0,171386000000.0,0.061,1.062,28.338,28.455,10675000000.0,0.0,43.82,1.824,1.826,59948000000.0,59573000000.0,26622000000.0,26622000000.0,0.0,,,,,763000000.0,11331000000.0,1.0,3932572941.0,3937900000.0,3962000000.0,6.76,1987813000000.0,0.0,1551000000.0,0.0,504.79,
48,JPM,MRQ,2009-06-30,2009-06-30,2009-06-30,2021-09-07,-3438000000.0,2026642000000.0,,,,,40.605,0.0,87015000000.0,87015000000.0,0.0,2721000000.0,,12.095,689551000000.0,,,689551000000.0,0.0,1063000000.0,866477000000.0,0.035,0.05,2423000000.0,3486000000.0,0.136,3486000000.0,2423000000.0,2423000000.0,0.28,0.28,0.28,154766000000.0,,154766000000.0,698702960391.0,272.0,104.051,52503000000.0,13.775,1.0,25623000000.0,1.0,53370000000.0,0.0,2575808000000.0,,0.0,1695751000000.0,,,1871876000000.0,,,128224960391.0,-1548000000.0,73000000.0,5756000000.0,-4625000000.0,-849000000.0,-86939000000.0,32639000000.0,33091000000.0,52503000000.0,249000000.0,1072000000.0,1072000000.0,1072000000.0,0.0,1649000000.0,0.042,13520000000.0,12103000000.0,171685000000.0,0.179,0.829,40.59,42.111,10668000000.0,0.0,34.11,1.552,1.574,61302000000.0,56355000000.0,25623000000.0,25623000000.0,0.0,,,,,884000000.0,10922000000.0,1.0,3759160375.0,3811500000.0,3824100000.0,6.723,1973272000000.0,0.0,1351000000.0,0.0,517.715,
49,JPM,MRQ,2009-03-31,2009-03-31,2009-03-31,2021-09-07,-4490000000.0,2079188000000.0,,,,,45.316,0.0,116546000000.0,116546000000.0,0.0,2141000000.0,,11.217,687024000000.0,,,687024000000.0,0.0,686000000.0,906969000000.0,0.057,0.38,2434000000.0,3120000000.0,0.125,3120000000.0,2434000000.0,2434000000.0,0.4,0.4,0.4,170194000000.0,,170194000000.0,568325598443.0,206.0,80.636,50756000000.0,13.514,1.0,25025000000.0,1.0,53550000000.0,0.0,2596116000000.0,,0.0,1740222000000.0,,,1908994000000.0,,,99885598443.0,-214000000.0,-91000000.0,0.0,61371000000.0,-1832000000.0,-54309000000.0,3626000000.0,3529000000.0,50756000000.0,-287000000.0,1519000000.0,1519000000.0,1519000000.0,0.0,622000000.0,0.061,13373000000.0,11652000000.0,165521000000.0,0.95,0.587,25.416,24.841,10336000000.0,0.0,26.58,1.325,1.324,52168000000.0,55487000000.0,25025000000.0,25025000000.0,0.0,,,,,788000000.0,11518000000.0,1.0,3757923192.0,3755700000.0,3758700000.0,6.663,2025638000000.0,0.0,915000000.0,0.0,539.35,
50,JPM,MRQ,2008-12-31,2008-12-31,2008-12-31,2021-09-07,-5687000000.0,2175052000000.0,,,,,44.656,0.0,165034000000.0,165034000000.0,0.0,702000000.0,,12.033,633474000000.0,,,633474000000.0,0.0,1278000000.0,1009277000000.0,0.048,0.38,-469000000.0,809000000.0,0.047,809000000.0,-469000000.0,-469000000.0,0.04,0.05,0.04,166884000000.0,,166884000000.0,730773233047.0,192.0,87.581,-8475000000.0,-2.268,1.0,17226000000.0,1.0,53608000000.0,0.0,2589884000000.0,,0.0,1774178000000.0,,,2008168000000.0,,,117681233047.0,-27455000000.0,-34000000.0,0.0,-71185000000.0,-1884000000.0,45314000000.0,-64142000000.0,-66271000000.0,-8475000000.0,-152000000.0,250000000.0,250000000.0,250000000.0,0.0,452000000.0,0.015,11255000000.0,5971000000.0,187978000000.0,9.5,0.705,24.817,23.356,10045000000.0,0.0,31.53,1.75,1.641,60987000000.0,54013000000.0,17226000000.0,17226000000.0,0.0,,,,,552000000.0,9506000000.0,1.0,3732357534.0,3737100000.0,3749400000.0,4.609,2121444000000.0,0.0,-719000000.0,0.0,567.671,
51,JPM,MRQ,2008-09-30,2008-09-30,2008-09-30,2021-09-07,-2227000000.0,2251469000000.0,,,,,42.34,0.0,88722000000.0,88722000000.0,0.0,527000000.0,,14.438,701814000000.0,,,701814000000.0,0.0,1115000000.0,969783000000.0,0.033,0.38,-1815000000.0,-700000000.0,-0.047,-700000000.0,-1815000000.0,-1815000000.0,0.09,0.09,0.09,145843000000.0,,145843000000.0,656028751422.0,83.0,53.601,8432000000.0,2.448,1.0,14737000000.0,1.0,51601000000.0,0.0,2812960000000.0,,0.0,1816131000000.0,,,2105626000000.0,,,160509751422.0,22095000000.0,1718000000.0,11500000000.0,82422000000.0,-1364000000.0,179731000000.0,-165447000000.0,-167446000000.0,8432000000.0,-621000000.0,318000000.0,318000000.0,318000000.0,0.0,209000000.0,0.022,11137000000.0,3600000000.0,260563000000.0,4.222,1.101,22.982,22.78,9962000000.0,0.0,46.7,2.381,2.386,104232000000.0,55217000000.0,14737000000.0,14737000000.0,0.0,,,,,697000000.0,9640000000.0,1.0,3437039645.0,3444600000.0,3444600000.0,4.278,2199868000000.0,0.0,-2133000000.0,0.0,638.643,
52,JPM,MRQ,2008-06-30,2008-06-30,2008-06-30,2021-09-07,-1566000000.0,1775670000000.0,,,,,38.87,0.0,49405000000.0,49405000000.0,0.0,2003000000.0,,12.333,544924000000.0,,,544924000000.0,0.0,1212000000.0,722905000000.0,0.044,0.38,2607000000.0,3819000000.0,0.208,3819000000.0,2607000000.0,2607000000.0,0.54,0.53,0.54,133176000000.0,,133176000000.0,535297727657.0,36.0,28.329,26396000000.0,7.704,1.0,18399000000.0,1.0,51652000000.0,0.0,2219537000000.0,,0.0,1506711000000.0,,,1642494000000.0,,,117567727657.0,-14633000000.0,-358000000.0,156000000.0,-19248000000.0,-1344000000.0,-55335000000.0,14411000000.0,-11044000000.0,26396000000.0,-105000000.0,1843000000.0,1843000000.0,1843000000.0,0.0,160000000.0,0.1,12177000000.0,6222000000.0,171004000000.0,0.704,0.883,11.711,11.591,10333000000.0,0.0,34.31,1.709,1.709,64294000000.0,56313000000.0,18399000000.0,18399000000.0,0.0,,,,,728000000.0,10473000000.0,1.0,3426631526.0,3426200000.0,3453100000.0,5.37,1724018000000.0,0.0,764000000.0,0.0,503.187,
53,JPM,MRQ,2008-03-31,2008-03-31,2008-03-31,2021-09-07,-512000000.0,1642862000000.0,,,,,36.993,0.0,59302000000.0,59302000000.0,0.0,2373000000.0,,12.077,477032000000.0,,,477032000000.0,0.0,923000000.0,761626000000.0,0.034,0.38,3452000000.0,4375000000.0,0.259,4375000000.0,3452000000.0,3452000000.0,0.67,0.67,0.67,125627000000.0,,125627000000.0,526110352584.0,28.0,23.534,-2423000000.0,-0.713,1.0,16890000000.0,1.0,51650000000.0,0.0,2008942000000.0,,0.0,1404846000000.0,,,1517235000000.0,,,145881352584.0,6744000000.0,802000000.0,-156000000.0,39543000000.0,-1319000000.0,77289000000.0,-68493000000.0,-68954000000.0,-2423000000.0,371000000.0,2290000000.0,2290000000.0,2290000000.0,0.0,83000000.0,0.136,8931000000.0,7959000000.0,106088000000.0,0.567,1.161,11.736,11.735,9457000000.0,0.0,42.95,2.105,2.105,50989000000.0,55762000000.0,16890000000.0,16890000000.0,0.0,,,,,660000000.0,8446000000.0,1.0,3396539059.0,3396000000.0,3423300000.0,4.973,1591212000000.0,0.0,1162000000.0,0.0,468.555,
54,JPM,MRQ,2007-12-31,2007-12-31,2007-12-31,2021-09-07,-917000000.0,1562147000000.0,,,,,36.579,0.0,51610000000.0,51610000000.0,0.0,2971000000.0,,11.678,431839000000.0,,,431839000000.0,0.0,1061000000.0,740728000000.0,0.033,0.38,3684000000.0,4745000000.0,0.273,4745000000.0,3684000000.0,3684000000.0,0.75,0.81,0.75,123221000000.0,,123221000000.0,519667261652.0,23.0,19.844,-29247000000.0,-8.682,1.0,17384000000.0,1.0,51369000000.0,0.0,1891007000000.0,,0.0,1350712000000.0,,,1438926000000.0,,,146622261652.0,7378000000.0,0.0,-1686000000.0,-2208000000.0,-1316000000.0,69375000000.0,-32867000000.0,-31178000000.0,-29247000000.0,117000000.0,2533000000.0,2533000000.0,2533000000.0,0.0,438000000.0,0.146,10720000000.0,6664000000.0,94476000000.0,0.507,1.19,9.823,9.966,9319000000.0,0.0,43.65,2.054,2.082,24823000000.0,54715000000.0,17384000000.0,17384000000.0,0.0,,,,,516000000.0,9105000000.0,1.0,3359043795.0,3368600000.0,3221200000.0,5.161,1510778000000.0,0.0,1151000000.0,0.0,448.488,
55,JPM,MRQ,2007-09-30,2007-09-30,2007-09-30,2021-09-07,-1830000000.0,1479575000000.0,,,,,35.54,0.0,59480000000.0,59480000000.0,0.0,3373000000.0,,11.332,432525000000.0,,,432525000000.0,0.0,957000000.0,678091000000.0,0.031,0.38,5000000000.0,5957000000.0,0.37,5957000000.0,5000000000.0,5000000000.0,1.0,0.97,1.0,119978000000.0,,119978000000.0,510368101020.0,21.0,18.076,-14957000000.0,-4.431,1.0,16112000000.0,1.0,51721000000.0,0.0,1800899000000.0,,0.0,1265953000000.0,,,1359597000000.0,,,155050101020.0,-2683000000.0,0.0,-1920000000.0,-2169000000.0,-1331000000.0,25102000000.0,-13004000000.0,-10600000000.0,-14957000000.0,176000000.0,3373000000.0,3373000000.0,3373000000.0,0.0,0.0,0.209,9327000000.0,6785000000.0,86524000000.0,0.38,1.292,9.164,9.313,8892000000.0,0.0,45.82,2.209,2.204,26401000000.0,53064000000.0,16112000000.0,16112000000.0,0.0,,,,,490000000.0,8105000000.0,1.0,3383895701.0,3375900000.0,3477700000.0,4.773,1427854000000.0,0.0,1627000000.0,0.0,422.955,
56,JPM,MRQ,2007-06-30,2007-06-30,2007-06-30,2021-09-07,-2080000000.0,1458042000000.0,,,,,34.907,0.0,77185000000.0,77185000000.0,0.0,4234000000.0,,11.231,432503000000.0,,,432503000000.0,0.0,927000000.0,651370000000.0,0.028,0.34,6351000000.0,7278000000.0,0.385,7278000000.0,6351000000.0,6351000000.0,1.24,1.2,1.24,119211000000.0,,119211000000.0,522150770684.0,21.0,18.556,-14838000000.0,-4.345,1.0,18908000000.0,1.0,51948000000.0,0.0,1761412000000.0,,0.0,1234621000000.0,,,1338831000000.0,,,165510770684.0,3613000000.0,-70000000.0,-1228000000.0,10253000000.0,-1197000000.0,34836000000.0,-16471000000.0,-16568000000.0,-14838000000.0,86000000.0,4234000000.0,4234000000.0,4234000000.0,0.0,0.0,0.224,11028000000.0,7880000000.0,84785000000.0,0.274,1.388,9.826,9.949,9044000000.0,0.0,48.45,2.378,2.377,26716000000.0,51011000000.0,18908000000.0,18908000000.0,0.0,,,,,508000000.0,9598000000.0,1.0,3416114978.0,3415100000.0,3521600000.0,5.537,1406094000000.0,0.0,2117000000.0,0.0,411.728,
57,JPM,MRQ,2007-03-31,2007-03-31,2007-03-31,2021-09-07,-1482000000.0,1408918000000.0,,,,,34.054,0.0,62809000000.0,62809000000.0,0.0,4787000000.0,,10.97,419449000000.0,,,419449000000.0,0.0,876000000.0,626428000000.0,0.028,0.34,7332000000.0,8208000000.0,0.433,8208000000.0,7332000000.0,7332000000.0,1.38,1.34,1.38,117704000000.0,,117704000000.0,458786653309.0,20.0,16.985,-51518000000.0,-14.905,1.0,18968000000.0,1.0,52026000000.0,0.0,1713532000000.0,,0.0,1206656000000.0,,,1291214000000.0,,,168040653309.0,-8576000000.0,0.0,-3344000000.0,73434000000.0,-1207000000.0,54743000000.0,-11846000000.0,-10799000000.0,-51518000000.0,45000000.0,4787000000.0,4787000000.0,4787000000.0,0.0,0.0,0.252,10628000000.0,8340000000.0,87603000000.0,0.246,1.428,10.405,10.404,8728000000.0,0.0,48.38,2.554,2.542,23663000000.0,48105000000.0,18968000000.0,18968000000.0,0.0,,,,,511000000.0,9478000000.0,1.0,3473349593.0,3456400000.0,3559500000.0,5.488,1356892000000.0,0.0,2545000000.0,0.0,392.574,
58,JPM,MRQ,2006-12-31,2006-12-31,2006-12-31,2021-09-07,-1557000000.0,1351520000000.0,,,,,33.418,0.0,53959000000.0,53959000000.0,0.0,4526000000.0,,10.672,344705000000.0,,,344705000000.0,0.0,997000000.0,638788000000.0,0.028,0.34,5794000000.0,6791000000.0,0.419,6791000000.0,5794000000.0,5794000000.0,1.3,1.26,1.3,115790000000.0,,115790000000.0,476851658407.0,23.0,19.661,-14516000000.0,-4.189,1.0,16193000000.0,1.0,52492000000.0,0.0,1589774000000.0,,0.0,1155319000000.0,,,1235730000000.0,,,167550658407.0,4133000000.0,-467000000.0,-537000000.0,-19601000000.0,-1209000000.0,12623000000.0,5995000000.0,8101000000.0,-14516000000.0,31000000.0,4526000000.0,4526000000.0,4526000000.0,-620000000.0,0.0,0.28,9885000000.0,6308000000.0,88096000000.0,0.262,1.447,11.603,11.611,8735000000.0,0.0,48.3,2.702,2.703,22891000000.0,43600000000.0,16193000000.0,16193000000.0,0.0,,,,,445000000.0,8467000000.0,1.0,3468957731.0,3464900000.0,3579100000.0,4.673,1299028000000.0,0.0,1268000000.0,0.0,374.911,
59,JPM,MRQ,2006-09-30,2006-09-30,2006-09-30,2021-09-07,-526000000.0,1338029000000.0,,,,,32.74,0.0,53409000000.0,53409000000.0,0.0,3297000000.0,,10.782,362710000000.0,,,362710000000.0,0.0,860000000.0,582115000000.0,0.029,0.34,5002000000.0,5862000000.0,0.377,5862000000.0,5002000000.0,5002000000.0,0.95,0.92,0.95,113561000000.0,,113561000000.0,450828215536.0,24.0,20.119,18677000000.0,5.385,1.0,15545000000.0,1.0,50432000000.0,0.0,1596898000000.0,,0.0,1149891000000.0,,,1224468000000.0,,,163018215536.0,-2111000000.0,1315000000.0,-409000000.0,21171000000.0,-1209000000.0,10686000000.0,-179783000000.0,-32606000000.0,18677000000.0,-13000000.0,3297000000.0,3297000000.0,3297000000.0,-65000000.0,0.0,0.212,9796000000.0,5749000000.0,73585000000.0,0.358,1.436,12.928,12.901,8553000000.0,0.0,46.96,2.727,2.724,21178000000.0,40283000000.0,15545000000.0,15545000000.0,0.0,,,,,546000000.0,8525000000.0,1.0,3471427077.0,3468600000.0,3574000000.0,4.482,1287597000000.0,0.0,1705000000.0,0.0,371.215,
60,JPM,MRQ,2006-06-30,2006-06-30,2006-06-30,2021-09-07,-1218000000.0,1328001000000.0,,,,,31.863,0.0,52827000000.0,52827000000.0,0.0,3540000000.0,,10.998,340637000000.0,,,340637000000.0,0.0,883000000.0,593716000000.0,0.032,0.34,5267000000.0,6150000000.0,0.408,6150000000.0,5267000000.0,5267000000.0,1.02,0.99,1.02,110684000000.0,,110684000000.0,402935248344.0,23.0,18.921,-34599000000.0,-9.96,1.0,15086000000.0,1.0,50867000000.0,0.0,1564944000000.0,,0.0,1134765000000.0,,,1217317000000.0,,,145931248344.0,1487000000.0,0.0,-435000000.0,40727000000.0,-1213000000.0,75619000000.0,108662000000.0,-42435000000.0,-34599000000.0,127000000.0,3540000000.0,3540000000.0,3540000000.0,-56000000.0,0.0,0.235,9382000000.0,5704000000.0,82569000000.0,0.333,1.318,12.328,12.317,8910000000.0,0.0,42.0,2.494,2.494,24418000000.0,38208000000.0,15086000000.0,15086000000.0,0.0,,,,,538000000.0,8308000000.0,1.0,3474553532.0,3473800000.0,3572200000.0,4.343,1277134000000.0,0.0,1727000000.0,0.0,367.648,
61,JPM,MRQ,2006-03-31,2006-03-31,2006-03-31,2021-09-07,-1017000000.0,1273282000000.0,,,,,31.197,0.0,47448000000.0,47448000000.0,0.0,3081000000.0,,10.753,304452000000.0,,,304452000000.0,0.0,837000000.0,584465000000.0,0.033,0.34,4614000000.0,5451000000.0,0.359,5451000000.0,4614000000.0,4614000000.0,0.89,0.86,0.89,108337000000.0,,108337000000.0,356960461731.0,27.0,20.493,-19141000000.0,-5.512,1.0,15175000000.0,1.0,51974000000.0,0.0,1478312000000.0,,0.0,1094059000000.0,,,1164945000000.0,,,145138461731.0,233000000.0,-663000000.0,-898000000.0,29062000000.0,-1215000000.0,53821000000.0,-34501000000.0,-34711000000.0,-19141000000.0,54000000.0,3077000000.0,3077000000.0,3077000000.0,-54000000.0,4000000.0,0.203,9780000000.0,5395000000.0,73693000000.0,0.382,1.34,15.626,15.596,8985000000.0,0.0,41.64,2.593,2.584,21657000000.0,35892000000.0,15175000000.0,15175000000.0,0.0,,,,,839000000.0,8538000000.0,1.0,3485553836.0,3472700000.0,3570800000.0,4.37,1221308000000.0,0.0,1537000000.0,0.0,351.688,
62,JPM,MRQ,2005-12-31,2005-12-31,2005-12-31,2021-09-07,-626000000.0,1198942000000.0,,,,,30.872,0.0,58331000000.0,58331000000.0,0.0,2698000000.0,,10.183,270153000000.0,,,270153000000.0,0.0,1063000000.0,554991000000.0,0.034,0.34,3882000000.0,4945000000.0,0.354,4945000000.0,3882000000.0,3882000000.0,0.78,0.76,0.78,107211000000.0,,107211000000.0,379949870164.0,32.0,23.206,10721000000.0,3.087,1.0,13982000000.0,1.0,51728000000.0,0.0,1359036000000.0,,0.0,1009186000000.0,,,1091731000000.0,,,138877870164.0,3634000000.0,-536000000.0,-748000000.0,-17729000000.0,-1209000000.0,2640000000.0,-9684000000.0,-9499000000.0,10721000000.0,-43000000.0,2696000000.0,2696000000.0,2696000000.0,-56000000.0,2000000.0,0.193,8930000000.0,5052000000.0,78460000000.0,0.436,1.295,16.396,16.333,9081000000.0,0.0,39.69,2.56,2.555,22421000000.0,33848000000.0,13982000000.0,13982000000.0,0.0,,,,,482000000.0,7648000000.0,1.0,3499064504.0,3472800000.0,3562700000.0,4.026,1147214000000.0,0.0,1186000000.0,0.0,330.343,
63,JPM,MRQ,2005-09-30,2005-09-30,2005-09-30,2021-09-07,-602000000.0,1203033000000.0,,,,,30.455,0.0,47373000000.0,47373000000.0,0.0,2527000000.0,,10.335,288445000000.0,,,288445000000.0,0.0,1034000000.0,535123000000.0,0.04,0.34,3716000000.0,4750000000.0,0.333,4750000000.0,3716000000.0,3716000000.0,0.72,0.71,0.72,106135000000.0,,106135000000.0,351106800313.0,34.0,23.471,-2814000000.0,-0.807,1.0,14265000000.0,1.0,52046000000.0,0.0,1392059000000.0,,0.0,1014702000000.0,,,1096898000000.0,,,119190800313.0,-2056000000.0,-90000000.0,-409000000.0,12811000000.0,-1220000000.0,10403000000.0,-9519000000.0,-11385000000.0,-2814000000.0,-126000000.0,2524000000.0,2524000000.0,2524000000.0,-58000000.0,3000000.0,0.177,9359000000.0,4906000000.0,74698000000.0,0.472,1.123,16.048,15.855,9297000000.0,0.0,33.93,2.262,2.244,28872000000.0,32350000000.0,14265000000.0,14265000000.0,0.0,,,,,342000000.0,7901000000.0,1.0,3512844100.0,3485000000.0,3547700000.0,4.093,1150987000000.0,0.0,1192000000.0,0.0,330.269,
64,JPM,MRQ,2005-06-30,2005-06-30,2005-06-30,2021-09-07,-61000000.0,1171283000000.0,,,,,30.17,0.0,44172000000.0,44172000000.0,0.0,994000000.0,,10.114,276088000000.0,,,276088000000.0,0.0,1056000000.0,534640000000.0,0.039,0.34,1217000000.0,2273000000.0,0.181,2273000000.0,1217000000.0,1217000000.0,0.28,0.28,0.28,105385000000.0,,105385000000.0,343216589819.0,39.0,25.755,-26557000000.0,-7.603,1.0,12548000000.0,1.0,52384000000.0,0.0,1350815000000.0,,0.0,987265000000.0,,,1065898000000.0,,,124280589819.0,-2501000000.0,-109000000.0,-447000000.0,5801000000.0,-1222000000.0,11283000000.0,12870000000.0,11864000000.0,-26557000000.0,-97000000.0,991000000.0,991000000.0,991000000.0,-57000000.0,3000000.0,0.079,10798000000.0,1750000000.0,77064000000.0,1.214,1.179,19.702,19.407,9354000000.0,0.0,35.32,2.44,2.423,24245000000.0,31032000000.0,12548000000.0,12548000000.0,0.0,,,,,358000000.0,7335000000.0,1.0,3518702996.0,3493000000.0,3548300000.0,3.592,1118899000000.0,0.0,226000000.0,0.0,320.326,
65,JPM,MRQ,2005-03-31,2005-03-31,2005-03-31,2021-09-07,-623000000.0,1178305000000.0,,,,,29.947,0.0,51924000000.0,51924000000.0,0.0,2264000000.0,,10.186,270860000000.0,,,270860000000.0,0.0,1165000000.0,531379000000.0,0.039,0.34,3278000000.0,4443000000.0,0.326,4443000000.0,3278000000.0,3278000000.0,0.64,0.63,0.64,105340000000.0,,105340000000.0,321259058683.0,50.0,30.205,-11586000000.0,-3.294,1.0,13647000000.0,1.0,52657000000.0,0.0,1344584000000.0,,0.0,989503000000.0,,,1072965000000.0,,,122958058683.0,2425000000.0,-304000000.0,-1126000000.0,16711000000.0,-1227000000.0,20743000000.0,-6611000000.0,-7681000000.0,-11586000000.0,-121000000.0,2259000000.0,2259000000.0,2259000000.0,0.0,5000000.0,0.166,9937000000.0,3710000000.0,72183000000.0,0.531,1.167,25.853,27.244,9344000000.0,0.0,34.6,2.616,2.589,21098000000.0,31253000000.0,13647000000.0,13647000000.0,0.0,,,,,381000000.0,7704000000.0,1.0,3553701118.0,3517500000.0,3569800000.0,3.88,1125648000000.0,0.0,1019000000.0,0.0,320.014,
66,JPM,MRQ,2004-12-31,2004-12-31,2004-12-31,2021-09-07,-208000000.0,1157248000000.0,,,,,38.005,0.0,56848000000.0,56848000000.0,0.0,1666000000.0,,9.953,255149000000.0,,,255149000000.0,0.0,1231000000.0,521456000000.0,0.035,0.34,2262000000.0,3493000000.0,0.286,3493000000.0,2262000000.0,2262000000.0,0.5,0.49,0.5,105653000000.0,,105653000000.0,365647689510.0,61.0,37.14,26046000000.0,9.369,1.0,12225000000.0,1.0,52807000000.0,0.0,1302742000000.0,,0.0,971439000000.0,,,1051595000000.0,,,138971689510.0,4353000000.0,-417000000.0,-1196000000.0,-36586000000.0,-1236000000.0,-10810000000.0,-11144000000.0,-12731000000.0,26046000000.0,261000000.0,1653000000.0,1653000000.0,1653000000.0,-206000000.0,13000000.0,0.135,8999000000.0,3226000000.0,75722000000.0,0.68,1.315,31.484,24.535,9145000000.0,0.0,39.01,3.28,2.559,21409000000.0,30209000000.0,12225000000.0,12225000000.0,0.0,,,,,1296000000.0,7160000000.0,1.0,3562463202.0,2780000000.0,2851000000.0,4.397,1104441000000.0,0.0,609000000.0,0.0,397.281,
67,JPM,MRQ,2004-09-30,2004-09-30,2004-09-30,2021-09-07,-242000000.0,1138469000000.0,,,,,30.128,0.0,63897000000.0,63897000000.0,0.0,1418000000.0,,9.755,290573000000.0,,,290573000000.0,0.0,1171000000.0,496454000000.0,0.034,0.34,1946000000.0,3117000000.0,0.249,3117000000.0,1946000000.0,1946000000.0,0.4,0.39,0.4,105853000000.0,,105853000000.0,315827996912.0,49.0,32.198,-28334000000.0,-8.064,1.0,12505000000.0,1.0,52947000000.0,0.0,1312198000000.0,,0.0,942442000000.0,,,1032616000000.0,,,141518996912.0,7290000000.0,14620000000.0,554000000.0,2364000000.0,-1237000000.0,-17681000000.0,53306000000.0,37987000000.0,-28334000000.0,-1000000.0,1405000000.0,1405000000.0,1405000000.0,0.0,13000000.0,0.112,9377000000.0,3128000000.0,61198000000.0,0.85,1.337,30.685,19.965,8880000000.0,0.0,39.73,3.7,3.649,19876000000.0,29779000000.0,12505000000.0,12505000000.0,0.0,,,,,0.0,7309000000.0,1.0,3562018548.0,3513500000.0,3592000000.0,3.559,1085522000000.0,0.0,541000000.0,0.0,308.957,
68,JPM,MRQ,2004-06-30,2004-06-30,2004-06-30,2021-09-07,-910000000.0,817763000000.0,,,,,22.489,0.0,62660000000.0,62660000000.0,0.0,-548000000.0,,16.8,236969000000.0,,,236969000000.0,0.0,671000000.0,346539000000.0,0.026,0.34,-1088000000.0,-417000000.0,-0.048,-417000000.0,-1088000000.0,-1088000000.0,-0.27,-0.27,-0.27,45941000000.0,,45941000000.0,256422848862.0,37.0,26.033,24200000000.0,11.846,1.0,8631000000.0,1.0,16130000000.0,0.0,975942000000.0,,0.0,676967000000.0,,,771822000000.0,,,80735848862.0,4106000000.0,-315000000.0,209000000.0,7097000000.0,-734000000.0,10003000000.0,-29942000000.0,-29986000000.0,24200000000.0,-155000000.0,-561000000.0,-561000000.0,-561000000.0,0.0,13000000.0,-0.065,9503000000.0,-872000000.0,56576000000.0,-1.259,1.757,16.743,16.222,6268000000.0,0.0,38.77,2.408,2.362,15050000000.0,29596000000.0,8631000000.0,8631000000.0,0.0,,,,,0.0,5123000000.0,1.0,2082430974.0,2042800000.0,2042800000.0,4.225,801633000000.0,0.0,-527000000.0,0.0,392.419,
69,JPM,MRQ,2004-03-31,2004-03-31,2004-03-31,2021-09-07,177000000.0,801078000000.0,,,,,23.668,0.0,55019000000.0,55019000000.0,0.0,1930000000.0,,15.654,230706000000.0,,,230706000000.0,0.0,762000000.0,336886000000.0,0.032,0.34,2890000000.0,3652000000.0,0.405,3652000000.0,2890000000.0,2890000000.0,0.94,0.92,0.94,48101000000.0,,48101000000.0,247354053884.0,23.0,17.867,-37059000000.0,-18.235,1.0,9011000000.0,1.0,14685000000.0,0.0,962080000000.0,,0.0,668632000000.0,,,752977000000.0,,,86340053884.0,-849000000.0,-24000000.0,543000000.0,39152000000.0,-720000000.0,78084000000.0,-41954000000.0,-41387000000.0,-37059000000.0,80000000.0,1917000000.0,1917000000.0,1917000000.0,0.0,13000000.0,0.213,6093000000.0,2918000000.0,43656000000.0,0.362,1.795,11.995,11.784,6418000000.0,0.0,41.95,2.578,2.545,13250000000.0,30878000000.0,9011000000.0,9011000000.0,0.0,,,,,0.0,5567000000.0,1.0,2058165766.0,2032300000.0,2092700000.0,4.434,786393000000.0,0.0,973000000.0,0.0,386.947,
70,JPM,MRQ,2003-12-31,2003-12-31,2003-12-31,2021-09-07,-30000000.0,770912000000.0,,,,,22.871,0.0,30443000000.0,30443000000.0,0.0,1864000000.0,,15.703,191457000000.0,,,191457000000.0,0.0,761000000.0,326492000000.0,0.037,0.34,2696000000.0,3457000000.0,0.426,3457000000.0,2696000000.0,2696000000.0,0.92,0.89,0.92,46154000000.0,,46154000000.0,251337150892.0,25.0,19.218,-23907000000.0,-11.847,1.0,8106000000.0,1.0,10210000000.0,0.0,921716000000.0,,0.0,658843000000.0,,,724758000000.0,,,74939150892.0,1683000000.0,-552000000.0,211000000.0,-14369000000.0,-729000000.0,-1952000000.0,27526000000.0,28490000000.0,-23907000000.0,16000000.0,1851000000.0,1851000000.0,1851000000.0,0.0,13000000.0,0.228,5258000000.0,2848000000.0,45066000000.0,0.37,1.624,11.239,11.063,6487000000.0,0.0,36.73,2.245,2.21,12356000000.0,29681000000.0,8106000000.0,8106000000.0,0.0,,,,,0.0,4723000000.0,1.0,2040270920.0,2018000000.0,2079000000.0,4.017,760702000000.0,0.0,845000000.0,0.0,376.958,
71,JPM,MRQ,2003-09-30,2003-09-30,2003-09-30,2021-09-07,187000000.0,792700000000.0,,,,,22.342,0.0,29186000000.0,29186000000.0,0.0,1628000000.0,,16.632,205584000000.0,,,205584000000.0,0.0,741000000.0,313626000000.0,0.04,0.34,2417000000.0,3158000000.0,0.406,3158000000.0,2417000000.0,2417000000.0,0.8,0.78,0.8,44957000000.0,,44957000000.0,265931457265.0,40.0,26.559,19898000000.0,9.889,1.0,7780000000.0,1.0,13530000000.0,0.0,955568000000.0,,0.0,660763000000.0,,,747743000000.0,,,69916457265.0,-4813000000.0,-49000000.0,335000000.0,-21202000000.0,-714000000.0,-26171000000.0,1449000000.0,717000000.0,19898000000.0,11000000.0,1615000000.0,1615000000.0,1615000000.0,0.0,13000000.0,0.208,5127000000.0,2653000000.0,54333000000.0,0.425,1.555,15.825,15.676,6558000000.0,0.0,34.33,2.001,1.977,13995000000.0,28540000000.0,7780000000.0,7780000000.0,0.0,,,,,0.0,4623000000.0,1.0,2036599396.0,2012200000.0,2068200000.0,3.866,779170000000.0,0.0,802000000.0,0.0,387.223,
72,JPM,MRQ,2003-06-30,2003-06-30,2003-06-30,2021-09-07,1293000000.0,802603000000.0,,,,,22.343,0.0,33791000000.0,33791000000.0,0.0,1827000000.0,,16.907,229806000000.0,,,229806000000.0,0.0,822000000.0,318248000000.0,0.04,0.34,2755000000.0,3577000000.0,0.416,3577000000.0,2755000000.0,2755000000.0,0.9,0.89,0.9,44821000000.0,,44821000000.0,275700782516.0,64.0,37.101,446000000.0,0.222,1.0,8599000000.0,1.0,9593000000.0,0.0,989025000000.0,,0.0,565814000000.0,,,757782000000.0,,,69427782516.0,1169000000.0,-13000000.0,462000000.0,-5863000000.0,-726000000.0,11417000000.0,-10903000000.0,-10501000000.0,446000000.0,209000000.0,1815000000.0,1815000000.0,1815000000.0,0.0,12000000.0,0.211,5832000000.0,2767000000.0,136903000000.0,0.378,1.549,24.533,24.414,6658000000.0,0.0,34.18,2.151,2.124,13459000000.0,27633000000.0,8599000000.0,8599000000.0,0.0,,,,,0.0,4506000000.0,1.0,2031239980.0,2006000000.0,2051000000.0,4.287,793010000000.0,0.0,940000000.0,0.0,395.319,
73,JPM,MRQ,2003-03-31,2003-03-31,2003-03-31,2021-09-07,1113000000.0,755156000000.0,,,,,21.542,0.0,29125000000.0,29125000000.0,0.0,1400000000.0,,16.528,235398000000.0,,,235398000000.0,0.0,777000000.0,300667000000.0,0.057,0.34,2109000000.0,2886000000.0,0.377,2886000000.0,2109000000.0,2109000000.0,0.69,0.69,0.69,43084000000.0,,43084000000.0,259515890207.0,84.0,41.669,17838000000.0,8.919,1.0,7663000000.0,1.0,9621000000.0,0.0,951808000000.0,,0.0,564574000000.0,,,712072000000.0,,,47465890207.0,3011000000.0,39000000.0,205000000.0,-5149000000.0,-696000000.0,-9545000000.0,-5328000000.0,-6928000000.0,17838000000.0,46000000.0,1387000000.0,1387000000.0,1387000000.0,0.0,13000000.0,0.181,5541000000.0,2122000000.0,111580000000.0,0.493,1.102,23.382,23.475,6719000000.0,0.0,23.71,1.56,1.558,12962000000.0,26538000000.0,7663000000.0,7663000000.0,0.0,,,,,0.0,4307000000.0,1.0,2001935479.0,2000000000.0,2022000000.0,3.832,745535000000.0,0.0,722000000.0,0.0,372.767,
74,JPM,MRQ,2002-12-31,2002-12-31,2002-12-31,2021-09-07,1227000000.0,758800000000.0,,,,,21.259,0.0,28160000000.0,28160000000.0,0.0,-387000000.0,,16.936,240210000000.0,,,240210000000.0,0.0,991000000.0,304753000000.0,0.057,0.34,-599000000.0,392000000.0,0.036,392000000.0,-599000000.0,-599000000.0,-0.2,-0.2,-0.2,42306000000.0,,42306000000.0,242028268824.0,98.0,44.433,-16874000000.0,-8.479,1.0,10905000000.0,1.0,12902000000.0,0.0,957948000000.0,,0.0,568856000000.0,,,716494000000.0,,,47916268824.0,1059000000.0,-102000000.0,241000000.0,15132000000.0,-698000000.0,27257000000.0,-9419000000.0,-24202000000.0,-16874000000.0,95000000.0,-399000000.0,-399000000.0,-399000000.0,0.0,12000000.0,-0.037,7161000000.0,3744000000.0,104667000000.0,-1.7,1.133,29.725,29.63,6829000000.0,0.0,24.0,1.618,1.608,14137000000.0,25851000000.0,10905000000.0,10905000000.0,0.0,,,,,0.0,7078000000.0,1.0,1996511201.0,1990000000.0,2009000000.0,5.48,745898000000.0,0.0,-200000000.0,0.0,374.823,
75,JPM,MRQ,2002-09-30,2002-09-30,2002-09-30,2021-09-07,1465000000.0,741759000000.0,,,,,21.872,0.0,31606000000.0,31606000000.0,0.0,40000000.0,,16.077,225718000000.0,,,225718000000.0,0.0,529000000.0,292171000000.0,0.072,0.34,47000000.0,576000000.0,0.113,576000000.0,47000000.0,47000000.0,0.01,0.01,0.01,43437000000.0,,43437000000.0,247837974909.0,100.0,47.019,25093000000.0,12.635,1.0,5111000000.0,1.0,9756000000.0,0.0,926115000000.0,,0.0,547897000000.0,,,698322000000.0,,,37861974909.0,-3719000000.0,32000000.0,-20000000.0,-18657000000.0,-712000000.0,-21465000000.0,-7676000000.0,8942000000.0,25093000000.0,329000000.0,27000000.0,27000000.0,27000000.0,0.0,13000000.0,0.005,5051000000.0,60000000.0,108826000000.0,34.0,0.872,22.726,22.607,6752000000.0,0.0,18.99,1.585,1.578,14550000000.0,26940000000.0,5111000000.0,5111000000.0,0.0,,,,,0.0,3470000000.0,1.0,1993784882.0,1986000000.0,2006000000.0,2.574,732003000000.0,0.0,20000000.0,0.0,368.582,
76,JPM,MRQ,2002-06-30,2002-06-30,2002-06-30,2021-09-07,79000000.0,740546000000.0,,,,,21.551,0.0,32395000000.0,32395000000.0,0.0,1028000000.0,,16.328,242371000000.0,,,242371000000.0,0.0,828000000.0,293829000000.0,0.04,0.34,1546000000.0,2374000000.0,0.352,2374000000.0,1546000000.0,1546000000.0,0.51,0.5,0.51,42736000000.0,,42736000000.0,271498118463.0,88.0,44.772,-20795000000.0,-10.487,1.0,6753000000.0,1.0,9828000000.0,0.0,940694000000.0,,0.0,565439000000.0,,,697810000000.0,,,67534118463.0,-759000000.0,1000000.0,290000000.0,5120000000.0,-690000000.0,16605000000.0,3375000000.0,5402000000.0,-20795000000.0,56000000.0,1015000000.0,1015000000.0,1015000000.0,0.0,13000000.0,0.15,5194000000.0,1559000000.0,93658000000.0,0.667,1.58,32.547,32.305,6596000000.0,0.0,33.92,2.653,2.642,15351000000.0,27605000000.0,6753000000.0,6753000000.0,0.0,,,,,0.0,3755000000.0,1.0,1990982266.0,1983000000.0,2016000000.0,3.405,730718000000.0,0.0,531000000.0,0.0,368.491,
77,JPM,MRQ,2002-03-31,2002-03-31,2002-03-31,2021-09-07,-909000000.0,712508000000.0,,,,,20.794,0.0,32328000000.0,32328000000.0,0.0,982000000.0,,16.323,236292000000.0,,,236292000000.0,0.0,631000000.0,282037000000.0,0.038,0.34,1474000000.0,2105000000.0,0.308,2105000000.0,1474000000.0,1474000000.0,0.49,0.48,0.49,41131000000.0,,41131000000.0,236550928719.0,112.0,48.207,-12558000000.0,-6.349,1.0,6845000000.0,1.0,9759000000.0,0.0,906713000000.0,,0.0,548828000000.0,,,671377000000.0,,,70481928719.0,37000000.0,-3000000.0,214000000.0,34554000000.0,-684000000.0,22246000000.0,-9624000000.0,-10137000000.0,-12558000000.0,-27000000.0,969000000.0,969000000.0,969000000.0,0.0,13000000.0,0.142,5358000000.0,1487000000.0,81907000000.0,0.694,1.714,49.67,49.514,6304000000.0,0.0,35.65,2.805,2.806,14053000000.0,27278000000.0,6845000000.0,6845000000.0,0.0,,,,,0.0,3826000000.0,1.0,1977052699.0,1978000000.0,2006000000.0,3.461,702749000000.0,0.0,505000000.0,0.0,355.283,
78,JPM,MRQ,2001-12-31,2001-12-31,2001-12-31,2021-09-07,-442000000.0,693575000000.0,,,,,20.905,0.0,35343000000.0,35343000000.0,0.0,-332000000.0,,15.862,201412000000.0,,,201412000000.0,0.0,797000000.0,293650000000.0,0.037,0.34,-581000000.0,216000000.0,0.042,216000000.0,-581000000.0,-581000000.0,-0.17,-0.17,-0.17,41099000000.0,,41099000000.0,309847305655.0,125.0,57.743,33616000000.0,17.099,1.0,5184000000.0,1.0,8899000000.0,0.0,850745000000.0,,0.0,507011000000.0,,,651926000000.0,,,71718305655.0,301000000.0,55000000.0,225000000.0,-67961000000.0,-677000000.0,-56887000000.0,23447000000.0,21825000000.0,33616000000.0,125000000.0,-345000000.0,-345000000.0,-345000000.0,0.0,13000000.0,-0.067,5752000000.0,-568000000.0,103876000000.0,-2.0,1.745,44.053,43.795,6292000000.0,0.0,36.35,2.741,2.74,14799000000.0,26993000000.0,5184000000.0,5184000000.0,0.0,,,,,0.0,3596000000.0,1.0,1972993278.0,1966000000.0,2009000000.0,2.637,684676000000.0,0.0,-236000000.0,0.0,348.258,
79,JPM,MRQ,2001-09-30,2001-09-30,2001-09-30,2021-09-07,267000000.0,799300000000.0,,,,,21.638,0.0,31640000000.0,31640000000.0,0.0,449000000.0,,17.691,269769000000.0,,,269769000000.0,0.0,713000000.0,281604000000.0,0.039,0.34,656000000.0,1369000000.0,0.205,1369000000.0,656000000.0,656000000.0,0.22,0.22,0.22,42735000000.0,,42735000000.0,269875182678.0,65.0,36.47,-21215000000.0,-10.742,1.0,6676000000.0,1.0,14683000000.0,0.0,1022746000000.0,,0.0,577146000000.0,,,756015000000.0,,,67176182678.0,-1920000000.0,35000000.0,-548000000.0,30573000000.0,-695000000.0,34505000000.0,-15153000000.0,-14218000000.0,-21215000000.0,-57000000.0,436000000.0,436000000.0,436000000.0,0.0,13000000.0,0.065,6007000000.0,669000000.0,146048000000.0,1.545,1.572,25.254,25.052,7268000000.0,0.0,33.82,2.288,2.275,18253000000.0,28021000000.0,6676000000.0,6676000000.0,0.0,,,,,0.0,3862000000.0,1.0,1986285709.0,1975000000.0,2021000000.0,3.38,784617000000.0,0.0,220000000.0,0.0,397.274,
80,JPM,MRQ,2001-06-30,2001-06-30,2001-06-30,2021-09-07,-834000000.0,712702000000.0,,,,,21.371,0.0,36122000000.0,36122000000.0,0.0,378000000.0,,15.786,238821000000.0,,,238821000000.0,0.0,651000000.0,276804000000.0,0.053,0.34,566000000.0,1217000000.0,0.189,1217000000.0,566000000.0,566000000.0,0.18,0.18,0.18,42426000000.0,,42426000000.0,294171468343.0,53.0,35.31,-5092000000.0,-2.565,1.0,6424000000.0,1.0,16224000000.0,0.0,899177000000.0,,0.0,533327000000.0,,,669726000000.0,,,86773468343.0,1848000000.0,59000000.0,299000000.0,1194000000.0,-694000000.0,4618000000.0,2317000000.0,782000000.0,-5092000000.0,5000000.0,359000000.0,359000000.0,359000000.0,0.0,19000000.0,0.056,5839000000.0,585000000.0,100530000000.0,1.889,2.045,24.117,23.5,7186000000.0,0.0,43.71,2.882,2.882,17080000000.0,28265000000.0,6424000000.0,6424000000.0,0.0,,,,,0.0,4027000000.0,1.0,1985208610.0,1985208610.0,,3.236,696478000000.0,0.0,207000000.0,0.0,350.834,
81,JPM,MRQ,2001-03-31,2001-03-31,2001-03-31,2021-09-07,-214000000.0,713624000000.0,,,,,21.97,0.0,30350000000.0,30350000000.0,0.0,1199000000.0,,15.443,237748000000.0,,,237748000000.0,0.0,730000000.0,272572000000.0,0.051,0.32,1834000000.0,2564000000.0,0.325,2564000000.0,1834000000.0,1834000000.0,0.6,0.58,0.6,43366000000.0,,43366000000.0,279987593086.0,38.0,27.173,-10416000000.0,-5.277,1.0,7878000000.0,1.0,15351000000.0,0.0,905671000000.0,,0.0,540405000000.0,,,669708000000.0,,,88625593086.0,-1601000000.0,-1630000000.0,582000000.0,13967000000.0,-631000000.0,7081000000.0,1707000000.0,1979000000.0,-10416000000.0,27000000.0,1178000000.0,1178000000.0,1178000000.0,0.0,21000000.0,0.15,5998000000.0,1880000000.0,106887000000.0,0.533,2.044,18.288,17.608,7085000000.0,0.0,44.9,2.835,2.835,15352000000.0,28592000000.0,7878000000.0,7878000000.0,0.0,,,,,0.0,4338000000.0,1.0,1973843944.0,1973843944.0,,3.991,698273000000.0,0.0,656000000.0,0.0,353.763,
82,JPM,MRQ,2000-12-31,2000-12-31,2000-12-31,2021-09-07,-241000000.0,715348000000.0,,,,,22.472,0.0,32305000000.0,32305000000.0,0.0,708000000.0,,15.883,223667000000.0,,,223667000000.0,0.0,1181000000.0,279365000000.0,0.049,0.32,1069000000.0,2250000000.0,0.268,2250000000.0,1069000000.0,1069000000.0,0.35,0.33,0.35,42338000000.0,,42338000000.0,140596835603.0,16.0,12.573,3336000000.0,1.771,1.0,8383000000.0,1.0,9471000000.0,0.0,897239000000.0,,0.0,544964000000.0,,,672460000000.0,,,59542835603.0,3688000000.0,2336000000.0,-2885000000.0,-2323000000.0,-588000000.0,4432000000.0,-3806000000.0,-4063000000.0,3336000000.0,-274000000.0,687000000.0,687000000.0,687000000.0,0.0,21000000.0,0.082,7293000000.0,1090000000.0,117271000000.0,0.914,1.406,10.574,15.197,7087000000.0,0.0,45.44,1.872,2.692,20618000000.0,28096000000.0,8383000000.0,8383000000.0,0.0,,,,,0.0,4220000000.0,1.0,1310361699.0,1884000000.0,,4.45,705877000000.0,0.0,382000000.0,0.0,374.669,
83,JPM,MRQ,2000-09-30,2000-09-30,2000-09-30,2021-09-07,-1005000000.0,425816000000.0,,,,,23.691,0.0,22916000000.0,22916000000.0,0.0,1398000000.0,,13.445,103970000000.0,,,103970000000.0,0.0,251000000.0,229601000000.0,0.047,1.32,2049000000.0,2300000000.0,0.31,2300000000.0,2049000000.0,2049000000.0,0.73,0.69,0.73,29440000000.0,,29440000000.0,128385045038.0,10.0,8.285,-18617000000.0,-14.981,1.0,7425000000.0,1.0,0.0,0.0,506870000000.0,,0.0,348766000000.0,,,395826000000.0,,,57399045038.0,-575000000.0,-3062000000.0,3590000000.0,16404000000.0,-581000000.0,17713000000.0,235000000.0,2570000000.0,-18617000000.0,94000000.0,1374000000.0,1374000000.0,1374000000.0,0.0,24000000.0,0.185,5352000000.0,2073000000.0,21567000000.0,1.808,1.95,6.643,12.938,4777000000.0,0.0,46.19,1.506,1.506,491000000.0,19626000000.0,7425000000.0,7425000000.0,0.0,,,,,0.0,4105000000.0,1.0,1242672549.0,1242672549.0,,5.975,425816000000.0,0.0,675000000.0,0.0,342.661,
84,JPM,MRQ,2000-06-30,2000-06-30,2000-06-30,2021-09-07,-1320000000.0,396045000000.0,,,,,20.12,0.0,22007000000.0,22007000000.0,0.0,1633000000.0,,14.894,92993000000.0,,,92993000000.0,0.0,720000000.0,224405000000.0,0.019,0.32,2470000000.0,3190000000.0,0.421,3190000000.0,2470000000.0,2470000000.0,0.87,0.83,0.87,24884000000.0,,24884000000.0,138841893823.0,11.0,9.059,13488000000.0,10.906,1.0,7571000000.0,1.0,0.0,0.0,467031000000.0,,0.0,329643000000.0,,,370611000000.0,,,56964893823.0,2700000000.0,0.0,-79000000.0,-15694000000.0,-583000000.0,-4968000000.0,-5907000000.0,-6608000000.0,13488000000.0,87000000.0,1607000000.0,1607000000.0,1607000000.0,0.0,26000000.0,0.212,5075000000.0,2496000000.0,16500000000.0,0.368,2.289,6.753,12.153,4546000000.0,0.0,46.06,1.605,1.605,685000000.0,19170000000.0,7571000000.0,7571000000.0,0.0,,,,,0.0,3834000000.0,1.0,1236754100.0,1236754100.0,,6.122,396045000000.0,0.0,863000000.0,0.0,320.229,
85,JPM,MRQ,2000-03-31,2000-03-31,2000-03-31,2021-09-07,-1369000000.0,391484000000.0,,,,,19.543,0.0,19250000000.0,19250000000.0,0.0,1988000000.0,,15.307,101127000000.0,,,101127000000.0,0.0,393000000.0,211661000000.0,0.014,0.273,3049000000.0,3442000000.0,0.408,3442000000.0,3049000000.0,3049000000.0,1.06,1.01,1.06,23973000000.0,,23973000000.0,111562337230.0,9.0,7.626,-11883000000.0,-9.687,1.0,8427000000.0,1.0,0.0,0.0,473361000000.0,,0.0,327360000000.0,,,366961000000.0,,,71303337230.0,-533000000.0,0.0,-1298000000.0,32854000000.0,-530000000.0,2875000000.0,8492000000.0,10051000000.0,-11883000000.0,-17000000.0,1963000000.0,1963000000.0,1963000000.0,0.0,25000000.0,0.233,5353000000.0,3074000000.0,17318000000.0,0.258,2.974,8.692,14.459,4455000000.0,0.0,58.127,2.151,2.151,642000000.0,18494000000.0,8427000000.0,8427000000.0,0.0,,,,,0.0,4228000000.0,1.0,1226688908.0,1226688908.0,,6.87,391484000000.0,0.0,1086000000.0,0.0,319.139,
86,JPM,MRQ,1999-12-31,1999-12-31,1999-12-31,2021-09-07,-1428000000.0,667003000000.0,,,,,28.336,0.0,49113000000.0,49113000000.0,0.0,3748000000.0,,18.011,191147000000.0,,,191147000000.0,0.0,917000000.0,287064000000.0,0.02,0.273,5648000000.0,6565000000.0,0.447,6565000000.0,5648000000.0,5648000000.0,0.91,0.83,0.91,35056000000.0,,35056000000.0,118561895841.0,10.0,8.896,-499000000.0,-0.403,1.0,14700000000.0,1.0,9632000000.0,0.0,799405000000.0,,0.0,484092000000.0,,,631397000000.0,,,64076895841.0,999000000.0,-1655000000.0,-1105000000.0,1812000000.0,-1085000000.0,15490000000.0,-14035000000.0,-7751000000.0,-499000000.0,43000000.0,3697000000.0,3697000000.0,3697000000.0,0.0,51000000.0,0.251,9001000000.0,5699000000.0,106918000000.0,0.3,1.828,8.665,13.383,6436000000.0,0.0,51.793,2.173,2.173,20554000000.0,28455000000.0,14700000000.0,14700000000.0,0.0,,,,,0.0,7576000000.0,1.0,1237164934.0,1237164934.0,,11.882,657371000000.0,0.0,1951000000.0,0.0,531.353,
87,JPM,MRQ,1999-09-30,1999-09-30,1999-09-30,2021-09-07,-1038000000.0,371044000000.0,,,,,17.893,0.0,22346000000.0,22346000000.0,0.0,1187000000.0,,15.584,76831000000.0,,,76831000000.0,0.0,336000000.0,219623000000.0,0.02,0.273,1793000000.0,2129000000.0,0.444,2129000000.0,1793000000.0,1793000000.0,0.95,0.92,0.95,22341000000.0,,22341000000.0,113899498951.0,13.0,10.371,-5810000000.0,-4.653,1.0,4793000000.0,1.0,0.0,0.0,425529000000.0,,0.0,310576000000.0,,,348153000000.0,,,62745498951.0,453000000.0,-1200000000.0,-780000000.0,-222000000.0,-360000000.0,8521000000.0,-2255000000.0,-509000000.0,-5810000000.0,-3000000.0,1168000000.0,1168000000.0,1168000000.0,0.0,19000000.0,0.244,2981000000.0,1812000000.0,14615000000.0,0.287,2.809,10.905,15.137,4306000000.0,0.0,50.253,2.375,2.375,728000000.0,16210000000.0,4793000000.0,4793000000.0,0.0,,,,,0.0,2128000000.0,1.0,1248583821.0,1248583821.0,,3.839,371044000000.0,0.0,625000000.0,0.0,297.172,
88,JPM,MRQ,1999-06-30,1999-06-30,1999-06-30,2021-09-07,-722000000.0,356868000000.0,,,,,17.91,0.0,21888000000.0,21888000000.0,0.0,1393000000.0,,14.691,73042000000.0,,,73042000000.0,0.0,352000000.0,209502000000.0,0.017,0.273,2142000000.0,2494000000.0,0.477,2494000000.0,2142000000.0,2142000000.0,1.1,1.06,1.1,22708000000.0,,22708000000.0,132788688228.0,16.0,12.758,7068000000.0,5.575,1.0,5228000000.0,1.0,0.0,0.0,408022000000.0,,0.0,300076000000.0,,,333610000000.0,,,73115688228.0,-2269000000.0,-3000000.0,-763000000.0,-5497000000.0,-365000000.0,-5065000000.0,-4272000000.0,-4047000000.0,7068000000.0,0.0,1375000000.0,1375000000.0,1375000000.0,0.0,18000000.0,0.263,3068000000.0,2160000000.0,14231000000.0,0.248,3.22,13.537,19.158,4185000000.0,0.0,57.667,2.859,2.859,914000000.0,15381000000.0,5228000000.0,5228000000.0,0.0,,,,,0.0,2099000000.0,1.0,1267902108.0,1267902108.0,,4.123,356868000000.0,0.0,767000000.0,0.0,281.463,
89,JPM,MRQ,1999-03-31,1999-03-31,1999-03-31,2021-09-07,-99000000.0,361258000000.0,,,,,18.375,0.0,21743000000.0,21743000000.0,0.0,1173000000.0,,14.502,81416000000.0,,,81416000000.0,0.0,340000000.0,207641000000.0,0.018,0.24,1800000000.0,2140000000.0,0.449,2140000000.0,1800000000.0,1800000000.0,0.913,0.88,0.913,23268000000.0,,23268000000.0,120678974025.0,15.0,12.176,-709000000.0,-0.56,1.0,4763000000.0,1.0,0.0,0.0,420931000000.0,,0.0,306711000000.0,,,337440000000.0,,,68701974025.0,1238000000.0,-49000000.0,-1090000000.0,8123000000.0,-323000000.0,1875000000.0,64000000.0,-245000000.0,-709000000.0,8000000.0,1155000000.0,1155000000.0,1155000000.0,0.0,18000000.0,0.242,2945000000.0,1818000000.0,12708000000.0,0.263,2.953,13.535,19.822,4114000000.0,0.0,54.253,2.773,2.773,987000000.0,14351000000.0,4763000000.0,4763000000.0,0.0,,,,,0.0,2100000000.0,1.0,1266318027.0,1266318027.0,,3.761,361258000000.0,0.0,645000000.0,0.0,285.282,
90,JPM,MRQ,1998-12-31,1998-12-31,1998-12-31,2021-09-07,392000000.0,365875000000.0,,,,,18.79,0.0,24280000000.0,24280000000.0,0.0,2109000000.0,,14.325,76257000000.0,,,76257000000.0,0.0,1079000000.0,212437000000.0,0.02,0.24,3140000000.0,4219000000.0,0.363,4219000000.0,3140000000.0,3140000000.0,0.357,0.317,0.357,23838000000.0,,23838000000.0,114490727048.0,16.0,12.541,2833000000.0,2.233,1.0,11636000000.0,1.0,0.0,0.0,417852000000.0,,0.0,309871000000.0,,,341487000000.0,,,60050727048.0,1928000000.0,-1464000000.0,-260000000.0,9372000000.0,-1029000000.0,14923000000.0,-15895000000.0,-11978000000.0,2833000000.0,67000000.0,2056000000.0,2056000000.0,2056000000.0,0.0,53000000.0,0.177,8443000000.0,3193000000.0,14291000000.0,0.672,2.519,13.021,19.972,4055000000.0,0.0,47.333,2.471,2.471,1223000000.0,13544000000.0,11636000000.0,11636000000.0,0.0,,,,,0.0,6559000000.0,1.0,1268677332.0,1268677332.0,,9.172,365875000000.0,0.0,1084000000.0,0.0,288.391,
91,JPM,MRQ,1998-09-30,1998-09-30,1998-09-30,2021-09-07,701000000.0,356450000000.0,,,,,18.073,0.0,18462000000.0,18462000000.0,0.0,837000000.0,,14.329,72902000000.0,,,72902000000.0,0.0,278000000.0,200319000000.0,0.031,0.24,1277000000.0,1555000000.0,0.394,1555000000.0,1277000000.0,1277000000.0,0.64,0.627,0.64,23218000000.0,,23218000000.0,91245439121.0,17.0,14.031,5959000000.0,4.638,1.0,3946000000.0,1.0,0.0,0.0,410890000000.0,,0.0,305878000000.0,,,332682000000.0,,,36930439121.0,-1106000000.0,0.0,-351000000.0,-2658000000.0,-331000000.0,-10175000000.0,3104000000.0,3176000000.0,5959000000.0,6000000.0,815000000.0,815000000.0,815000000.0,0.0,22000000.0,0.207,2647000000.0,1299000000.0,14970000000.0,0.375,1.591,10.878,10.726,3946000000.0,0.0,28.747,2.232,2.232,1342000000.0,12722000000.0,3946000000.0,3946000000.0,0.0,,,,,0.0,1843000000.0,1.0,1284685962.0,1284685962.0,,3.072,356450000000.0,0.0,462000000.0,0.0,277.461,
92,JPM,MRQ,1998-06-30,1998-06-30,1998-06-30,2021-09-07,113000000.0,366995000000.0,,,,,17.662,0.0,21661000000.0,21661000000.0,0.0,1074000000.0,,15.207,75976000000.0,,,75976000000.0,0.0,316000000.0,207091000000.0,0.017,0.24,1681000000.0,1997000000.0,0.451,1997000000.0,1681000000.0,1681000000.0,0.827,0.8,0.827,22610000000.0,,22610000000.0,131100095084.0,23.0,19.55,772000000.0,0.603,1.0,4427000000.0,1.0,0.0,0.0,421310000000.0,,0.0,312063000000.0,,,343835000000.0,,,64435095084.0,785000000.0,0.0,429000000.0,-5241000000.0,-330000000.0,5139000000.0,-5104000000.0,-4972000000.0,772000000.0,-22000000.0,1050000000.0,1050000000.0,1050000000.0,0.0,24000000.0,0.237,2722000000.0,1705000000.0,13902000000.0,0.29,2.85,18.3,18.106,3905000000.0,0.0,50.333,3.829,3.829,1260000000.0,12211000000.0,4427000000.0,4427000000.0,0.0,,,,,0.0,1888000000.0,1.0,1280167452.0,1280167452.0,,3.458,366995000000.0,0.0,631000000.0,0.0,286.677,
93,JPM,MRQ,1998-03-31,1998-03-31,1998-03-31,2021-09-07,134000000.0,365715000000.0,,,,,17.404,0.0,18371000000.0,18371000000.0,0.0,725000000.0,,15.568,85036000000.0,,,85036000000.0,0.0,242000000.0,196096000000.0,0.018,0.207,1116000000.0,1358000000.0,0.316,1358000000.0,1116000000.0,1116000000.0,0.547,0.533,0.547,22041000000.0,,22041000000.0,122919988831.0,23.0,19.285,-4347000000.0,-3.433,1.0,4291000000.0,1.0,0.0,0.0,432380000000.0,,0.0,319125000000.0,,,343124000000.0,,,56932988831.0,-798000000.0,-254000000.0,85000000.0,2004000000.0,-295000000.0,3683000000.0,-148000000.0,-234000000.0,-4347000000.0,14000000.0,691000000.0,691000000.0,691000000.0,0.0,34000000.0,0.161,3141000000.0,1150000000.0,13581000000.0,0.378,2.583,17.02,17.029,3841000000.0,0.0,44.957,3.479,3.479,1398000000.0,11471000000.0,4291000000.0,4291000000.0,0.0,,,,,0.0,1876000000.0,1.0,1266397023.0,1266397023.0,,3.388,365715000000.0,0.0,425000000.0,0.0,288.784,
94,JPM,MRQ,1997-12-31,1997-12-31,1997-12-31,2021-09-07,112000000.0,365521000000.0,,,,,17.196,0.0,18590000000.0,18590000000.0,0.0,874000000.0,,15.786,84577000000.0,,,84577000000.0,0.0,239000000.0,193688000000.0,0.022,0.207,1354000000.0,1593000000.0,0.41,1593000000.0,1354000000.0,1354000000.0,0.667,0.647,0.667,21742000000.0,,21742000000.0,122267492334.0,21.0,18.306,2153000000.0,1.703,1.0,3885000000.0,1.0,0.0,0.0,431508000000.0,,0.0,320889000000.0,,,343229000000.0,,,46149492334.0,1337000000.0,-4306000000.0,30000000.0,-12375000000.0,-296000000.0,-1091000000.0,330000000.0,4094000000.0,2153000000.0,-55000000.0,839000000.0,839000000.0,839000000.0,0.0,35000000.0,0.216,2496000000.0,1389000000.0,12526000000.0,0.31,2.123,13.088,13.191,3780000000.0,0.0,36.5,2.884,2.884,1719000000.0,11086000000.0,3885000000.0,3885000000.0,0.0,,,,,0.0,1674000000.0,1.0,1264369653.0,1264369653.0,,3.073,365521000000.0,0.0,515000000.0,0.0,289.093,
95,JPM,MRQ,1997-09-30,1997-09-30,1997-09-30,2021-09-07,126000000.0,366574000000.0,,,,,16.66,0.0,18519000000.0,18519000000.0,0.0,982000000.0,,16.293,94637000000.0,,,94637000000.0,0.0,241000000.0,181788000000.0,0.02,0.207,1517000000.0,1758000000.0,0.416,1758000000.0,1517000000.0,1517000000.0,0.74,0.72,0.74,21166000000.0,,21166000000.0,116236912462.0,21.0,17.564,-411000000.0,-0.324,1.0,4225000000.0,1.0,0.0,0.0,442692000000.0,,0.0,321576000000.0,,,344858000000.0,,,49970912462.0,-2512000000.0,0.0,-347000000.0,11582000000.0,-303000000.0,8860000000.0,-11019000000.0,-10664000000.0,-411000000.0,58000000.0,941000000.0,941000000.0,941000000.0,0.0,41000000.0,0.223,2667000000.0,1558000000.0,14935000000.0,0.28,2.361,14.409,14.461,3733000000.0,0.0,39.333,3.143,3.143,2226000000.0,10526000000.0,4225000000.0,4225000000.0,0.0,,,,,0.0,1884000000.0,1.0,1270446927.0,1270446927.0,,3.326,366574000000.0,0.0,576000000.0,0.0,288.539,
96,JPM,MRQ,1997-06-30,1997-06-30,1997-06-30,2021-09-07,-155000000.0,352033000000.0,,,,,16.265,0.0,20921000000.0,20921000000.0,0.0,925000000.0,,15.904,87187000000.0,,,87187000000.0,0.0,236000000.0,183744000000.0,0.024,0.207,1429000000.0,1665000000.0,0.42,1665000000.0,1429000000.0,1429000000.0,0.687,0.667,0.687,20793000000.0,,20793000000.0,107339422479.0,20.0,16.733,272000000.0,0.213,1.0,3964000000.0,1.0,0.0,0.0,418299000000.0,,0.0,306181000000.0,,,330690000000.0,,,41359422479.0,2530000000.0,0.0,-440000000.0,5798000000.0,-317000000.0,12098000000.0,-9834000000.0,-9883000000.0,272000000.0,-6000000.0,874000000.0,874000000.0,874000000.0,0.0,51000000.0,0.22,2484000000.0,1480000000.0,13053000000.0,0.301,1.989,12.42,12.54,3676000000.0,0.0,32.353,2.69,2.69,2102000000.0,9846000000.0,3964000000.0,3964000000.0,0.0,,,,,0.0,1715000000.0,1.0,1278366654.0,1278366654.0,,3.101,352033000000.0,0.0,555000000.0,0.0,275.377,
97,JPM,MRQ,1997-03-31,1997-03-31,1997-03-31,2021-09-07,-559000000.0,340338000000.0,,,,,16.038,0.0,17647000000.0,17647000000.0,0.0,927000000.0,,15.382,83627000000.0,,,83627000000.0,0.0,235000000.0,176030000000.0,0.024,0.187,1428000000.0,1663000000.0,0.423,1663000000.0,1428000000.0,1428000000.0,0.673,0.657,0.673,20742000000.0,,20742000000.0,100712584081.0,19.0,16.055,3447000000.0,2.665,1.0,3930000000.0,1.0,0.0,0.0,406318000000.0,,0.0,298339000000.0,,,319046000000.0,,,40472584081.0,-256000000.0,0.0,-861000000.0,649000000.0,-296000000.0,-5586000000.0,1863000000.0,2035000000.0,3447000000.0,20000000.0,872000000.0,872000000.0,872000000.0,0.0,55000000.0,0.222,2447000000.0,1483000000.0,13242000000.0,0.278,1.951,12.426,12.552,3640000000.0,0.0,31.293,2.677,2.677,2280000000.0,9235000000.0,3930000000.0,3930000000.0,0.0,,,,,0.0,1723000000.0,1.0,1293329274.0,1293329274.0,,3.039,340338000000.0,0.0,556000000.0,0.0,263.149,
98,JPM,MRQ,1996-12-31,1996-12-31,1996-12-31,2021-09-07,-288000000.0,336099000000.0,,,,,15.677,0.0,22949000000.0,22949000000.0,0.0,836000000.0,,14.983,83189000000.0,,,83189000000.0,0.0,238000000.0,180921000000.0,0.029,0.187,1294000000.0,1532000000.0,0.405,1532000000.0,1294000000.0,1294000000.0,0.62,0.563,0.62,20994000000.0,,20994000000.0,,,,4947000000.0,3.694,1.0,3779000000.0,1.0,0.0,0.0,396339000000.0,,0.0,289011000000.0,,,314555000000.0,,,38532590170.0,876000000.0,0.0,-436000000.0,-4290000000.0,-302000000.0,10336000000.0,-14456000000.0,-14749000000.0,4947000000.0,49000000.0,781000000.0,781000000.0,781000000.0,0.0,55000000.0,0.207,2430000000.0,1349000000.0,12309000000.0,0.302,1.835,17.187,17.392,3642000000.0,0.0,29.793,2.573,2.664,2276000000.0,8627000000.0,3779000000.0,3779000000.0,0.0,,,,,0.0,1627000000.0,1.0,1293329274.0,1339200000.0,,2.822,336099000000.0,0.0,513000000.0,0.0,250.97,
99,JPM,MRQ,1996-09-30,1996-09-30,1996-09-30,2021-09-07,,,,,,,,0.0,,,0.0,858000000.0,,,,,,,,225000000.0,,0.038,0.187,1330000000.0,1555000000.0,0.42,1555000000.0,1330000000.0,1330000000.0,0.6,0.593,0.6,,,,,,,-6238000000.0,,1.0,3705000000.0,1.0,,0.0,,,,,,,,,,,438000000.0,0.0,77000000.0,6613000000.0,-354000000.0,4070000000.0,2647000000.0,3416000000.0,-6238000000.0,-41000000.0,803000000.0,803000000.0,803000000.0,0.0,55000000.0,0.217,2320000000.0,1385000000.0,,0.312,,,,,0.0,26.707,,,,,3705000000.0,3705000000.0,0.0,,,,,0.0,1634000000.0,1.0,,,,,,,527000000.0,,,
100,JPM,MRQ,1996-06-30,1996-06-30,1996-06-30,2021-09-07,,,,,,,,0.0,,,0.0,856000000.0,,,,,,,,198000000.0,,0.048,0.187,1325000000.0,1523000000.0,0.411,1523000000.0,1325000000.0,1325000000.0,0.6,0.597,0.6,,,,,,,-1403000000.0,,1.0,3704000000.0,1.0,,0.0,,,,,,,,,,,2445000000.0,0.0,25000000.0,15877000000.0,-248000000.0,15705000000.0,-11858000000.0,-11201000000.0,-1403000000.0,1000000.0,801000000.0,801000000.0,801000000.0,0.0,55000000.0,0.216,2324000000.0,1380000000.0,,0.312,,,,,0.0,23.543,,,,,3704000000.0,3704000000.0,0.0,,,,,0.0,1659000000.0,1.0,,,,,,,524000000.0,,,
101,JPM,MRQ,1996-03-31,1996-03-31,1996-03-31,2021-09-07,,,,,,,,0.0,,,0.0,-89000000.0,,,,,,,,208000000.0,,0.047,0.317,-357000000.0,-149000000.0,-0.039,-149000000.0,-357000000.0,-357000000.0,-0.107,-0.107,-0.107,,,,,,,1711000000.0,,1.0,3790000000.0,1.0,,0.0,,,,,,,,,,,-3948000000.0,0.0,-195000000.0,68000000.0,-284000000.0,-3217000000.0,-2443000000.0,-2671000000.0,1711000000.0,1000000.0,-143000000.0,-143000000.0,-143000000.0,0.0,54000000.0,-0.038,4093000000.0,-303000000.0,,-2.963,,,,,0.0,23.5,,,,,3790000000.0,3790000000.0,0.0,,,,,0.0,1786000000.0,1.0,,,,,,,-214000000.0,,,
102,JPM,MRQ,1995-12-31,1995-12-31,1995-12-31,2021-09-07,-237000000.0,303989000000.0,,,,,15.756,,23262000000.0,23262000000.0,,,,13.59,65939000000.0,,,65939000000.0,0.0,,171534000000.0,0.047,0.317,,,,,,,,,,20836000000.0,,20836000000.0,,,,,,1.0,,,0.0,,346666000000.0,,0.0,257690000000.0,,,283153000000.0,,,,,,,,,,,,,,,,,,,,,,11339000000.0,,,,9.281,3757000000.0,,19.583,,1.823,1896000000.0,7997000000.0,,,,,,,,,,1.0,,1322400000.0,,,303989000000.0,0.0,,0.0,229.877,
0,JPM,MRT,2021-06-30,2021-06-30,2021-06-30,2021-09-07,2570000000.0,3684256000000.0,3501106250000.0,,,0.035,94.311,0.0,705421000000.0,705421000000.0,0.0,47827000000.0,,11.865,597301000000.0,,,597301000000.0,0.0,8341000000.0,2305217000000.0,0.023,3.6,57753000000.0,66094000000.0,0.546,66094000000.0,57753000000.0,57753000000.0,15.02,14.99,15.02,286386000000.0,279391750000.0,286386000000.0,398191506540.0,7.0,6.025,-73220000000.0,-24.112,1.0,121116000000.0,1.0,54655000000.0,0.0,3521481000000.0,3423492500000.0,0.0,2563042000000.0,,,3397870000000.0,,,470839506540.0,211692000000.0,0.0,-11000000000.0,-6664000000.0,-12662000000.0,326177000000.0,-45206000000.0,-36477000000.0,-73220000000.0,3941000000.0,46060000000.0,46060000000.0,46060000000.0,0.0,1767000000.0,0.38,69315000000.0,51801000000.0,297082000000.0,0.24,1.644,10.222,10.356,26631000000.0,0.0,155.54,3.888,3.9,125253000000.0,256983000000.0,121116000000.0,121116000000.0,0.0,0.013,0.165,0.017,0.477,0.0,63281000000.0,1.0,3027128112.0,3036600000.0,3041900000.0,39.885,3629601000000.0,0.0,11693000000.0,0.0,1195.285,
1,JPM,MRT,2021-03-31,2021-03-31,2021-03-31,2021-09-07,1041000000.0,3689336000000.0,3383321000000.0,,,0.037,91.334,0.0,711072000000.0,711072000000.0,0.0,40566000000.0,,12.143,638424000000.0,,,638424000000.0,0.0,8487000000.0,2278112000000.0,0.024,3.6,48346000000.0,56833000000.0,0.459,56833000000.0,48346000000.0,48346000000.0,12.62,12.59,12.62,280714000000.0,273911750000.0,280714000000.0,479023824752.0,10.0,8.429,-3831000000.0,-1.246,1.0,123712000000.0,1.0,54588000000.0,0.0,3562100000000.0,3360217500000.0,0.0,2581749000000.0,,,3408622000000.0,,,464530824752.0,343538000000.0,0.0,-4806000000.0,49485000000.0,-12695000000.0,453251000000.0,-110550000000.0,-103679000000.0,-3831000000.0,4668000000.0,38829000000.0,38829000000.0,38829000000.0,0.0,1737000000.0,0.314,68590000000.0,55122000000.0,285066000000.0,0.285,1.655,11.964,12.063,26926000000.0,0.0,152.23,3.755,3.782,114754000000.0,248151000000.0,123712000000.0,123712000000.0,0.0,0.011,0.142,0.014,0.391,0.0,62537000000.0,1.0,3051506436.0,3073500000.0,3078900000.0,40.251,3634748000000.0,0.0,9517000000.0,0.0,1182.609,
2,JPM,MRT,2020-12-31,2020-12-31,2020-12-31,2021-09-07,7986000000.0,3384757000000.0,3245844750000.0,,,0.037,90.629,0.0,527609000000.0,527609000000.0,0.0,29131000000.0,,11.116,542102000000.0,,,542102000000.0,0.0,8614000000.0,2144257000000.0,0.028,3.6,33686000000.0,42300000000.0,0.354,42300000000.0,33686000000.0,33686000000.0,8.89,8.88,8.89,279354000000.0,269048750000.0,279354000000.0,457420163215.0,14.0,10.814,-79910000000.0,-25.925,1.0,119543000000.0,1.0,53428000000.0,0.0,3345822000000.0,3295815000000.0,0.0,2534569000000.0,,,3105403000000.0,,,387335163215.0,263978000000.0,0.0,-6517000000.0,9597000000.0,-12690000000.0,596645000000.0,-261912000000.0,-254571000000.0,-79910000000.0,9155000000.0,27410000000.0,27410000000.0,27410000000.0,0.0,1721000000.0,0.229,66656000000.0,52887000000.0,231285000000.0,0.405,1.387,14.131,14.294,27109000000.0,0.0,127.07,3.24,3.276,90503000000.0,236990000000.0,119543000000.0,119543000000.0,0.0,0.008,0.102,0.01,0.282,0.0,60715000000.0,1.0,3048203063.0,3082400000.0,3087400000.0,38.782,3331329000000.0,0.0,6276000000.0,0.0,1080.758,
3,JPM,MRT,2020-09-30,2020-09-30,2020-09-30,2021-09-07,8940000000.0,3246076000000.0,3071500250000.0,,,0.039,88.087,0.0,487522000000.0,487522000000.0,0.0,25515000000.0,,10.973,557607000000.0,,,557607000000.0,0.0,8626000000.0,2001416000000.0,0.037,3.6,29383000000.0,38009000000.0,0.32,38009000000.0,29383000000.0,29383000000.0,7.69,7.65,7.69,271113000000.0,264542750000.0,271113000000.0,400327883963.0,14.0,10.532,30815000000.0,10.012,1.0,118793000000.0,1.0,51594000000.0,0.0,3264567000000.0,3180984500000.0,0.0,2603343000000.0,,,2974963000000.0,,,293392883963.0,230925000000.0,0.0,-13268000000.0,-45357000000.0,-12838000000.0,407668000000.0,-213626000000.0,-209476000000.0,30815000000.0,6068000000.0,23802000000.0,23802000000.0,23802000000.0,0.0,1713000000.0,0.2,66901000000.0,51892000000.0,234256000000.0,0.468,1.082,12.326,12.519,26672000000.0,0.0,96.27,2.47,2.494,76945000000.0,228014000000.0,118793000000.0,118793000000.0,0.0,0.008,0.09,0.009,0.247,0.0,60840000000.0,1.0,3047604487.0,3077800000.0,3082800000.0,38.597,3194482000000.0,0.0,5581000000.0,0.0,1037.911,
4,JPM,MRT,2020-06-30,2020-06-30,2020-06-30,2021-09-07,8789000000.0,3213115000000.0,2951146500000.0,,,0.04,85.969,0.0,493729000000.0,493729000000.0,0.0,25152000000.0,,11.149,600664000000.0,,,600664000000.0,0.0,8630000000.0,1931029000000.0,0.037,3.5,29081000000.0,37711000000.0,0.317,37711000000.0,29081000000.0,29081000000.0,7.45,7.41,7.45,264466000000.0,262851500000.0,264466000000.0,503528971811.0,17.0,13.352,61656000000.0,20.042,1.0,118937000000.0,1.0,51669000000.0,0.0,3268381000000.0,3126872000000.0,0.0,2430943000000.0,,,2948649000000.0,,,286602971811.0,225691000000.0,0.0,-20217000000.0,38736000000.0,-12604000000.0,427954000000.0,-262962000000.0,-257472000000.0,61656000000.0,-957000000.0,23393000000.0,23393000000.0,23393000000.0,0.0,1759000000.0,0.197,66398000000.0,52539000000.0,230916000000.0,0.47,1.084,12.252,12.626,26301000000.0,0.0,94.06,2.41,2.433,72260000000.0,221732000000.0,118937000000.0,118937000000.0,0.0,0.008,0.089,0.009,0.245,0.0,60994000000.0,1.0,3047022877.0,3076300000.0,3081000000.0,38.662,3161446000000.0,0.0,5688000000.0,0.0,1027.678,
5,JPM,MRT,2020-03-31,2020-03-31,2020-03-31,2021-09-07,7418000000.0,3139431000000.0,2829712500000.0,,,0.041,84.392,0.0,367534000000.0,367534000000.0,0.0,30117000000.0,,11.016,584460000000.0,,,584460000000.0,0.0,8527000000.0,1836009000000.0,0.038,3.4,34725000000.0,43252000000.0,0.377,43252000000.0,34725000000.0,34725000000.0,8.89,8.85,8.89,261262000000.0,262538750000.0,261262000000.0,529212114738.0,15.0,12.236,-35117000000.0,-11.343,1.0,114609000000.0,1.0,51867000000.0,0.0,3304490000000.0,3048897000000.0,0.0,2400274000000.0,,,2878169000000.0,,,276750114738.0,64930000000.0,0.0,-25427000000.0,-13159000000.0,-12498000000.0,325857000000.0,-224193000000.0,-219804000000.0,-35117000000.0,-1617000000.0,28320000000.0,28320000000.0,28320000000.0,0.0,1797000000.0,0.247,65712000000.0,48897000000.0,253874000000.0,0.382,1.059,9.772,10.127,25882000000.0,0.0,90.03,2.415,2.432,122064000000.0,220226000000.0,114609000000.0,114609000000.0,0.0,0.01,0.108,0.011,0.303,0.0,60309000000.0,1.0,3073976616.0,3095800000.0,3100700000.0,37.021,3087564000000.0,0.0,6405000000.0,0.0,997.34,
6,JPM,MRT,2019-12-31,2019-12-31,2019-12-31,2021-09-07,1569000000.0,2687379000000.0,2729151750000.0,,,0.042,81.121,0.0,263631000000.0,263631000000.0,0.0,36431000000.0,,9.283,516093000000.0,,,516093000000.0,0.0,8368000000.0,1562431000000.0,0.024,3.3,42756000000.0,51124000000.0,0.443,51124000000.0,42756000000.0,42756000000.0,10.75,10.72,10.75,261330000000.0,262182500000.0,261330000000.0,773759998406.0,18.0,15.135,4092000000.0,1.27,1.0,115399000000.0,1.0,53341000000.0,0.0,2886500000000.0,2964097250000.0,0.0,2271733000000.0,,,2426049000000.0,,,437225998406.0,-15162000000.0,0.0,-24001000000.0,-35739000000.0,-12343000000.0,32987000000.0,-52059000000.0,-47024000000.0,4092000000.0,-182000000.0,34642000000.0,34642000000.0,34642000000.0,0.0,1789000000.0,0.3,65269000000.0,50130000000.0,210407000000.0,0.307,1.673,12.621,12.967,25813000000.0,0.0,139.4,3.789,3.892,72861000000.0,223211000000.0,115399000000.0,115399000000.0,0.0,0.013,0.132,0.014,0.371,0.0,60182000000.0,1.0,3136484924.0,3221500000.0,3230400000.0,35.822,2634038000000.0,0.0,8114000000.0,0.0,817.643,
7,JPM,MRT,2019-09-30,2019-09-30,2019-09-30,2021-09-07,1800000000.0,2764661000000.0,2712940000000.0,,,0.042,82.647,0.0,256597000000.0,256597000000.0,0.0,34977000000.0,,9.458,593131000000.0,,,593131000000.0,0.0,8304000000.0,1525261000000.0,0.027,3.2,41037000000.0,49341000000.0,0.437,49341000000.0,41037000000.0,41037000000.0,10.17,10.15,10.17,264348000000.0,260978750000.0,264348000000.0,658716008355.0,16.0,13.35,-76870000000.0,-24.033,1.0,113024000000.0,1.0,53078000000.0,0.0,3048117000000.0,2948226500000.0,0.0,2217836000000.0,,,2500313000000.0,,,376312008355.0,-162500000000.0,0.0,-23178000000.0,54411000000.0,-12176000000.0,113845000000.0,-196139000000.0,-188857000000.0,-76870000000.0,-3336000000.0,33193000000.0,33193000000.0,33193000000.0,0.0,1784000000.0,0.294,64497000000.0,48527000000.0,225063000000.0,0.315,1.424,11.337,11.572,25117000000.0,0.0,117.69,3.329,3.331,88988000000.0,217888000000.0,113024000000.0,113024000000.0,0.0,0.012,0.127,0.014,0.363,0.0,59455000000.0,1.0,3197484989.0,3198500000.0,3207200000.0,35.337,2711583000000.0,0.0,7844000000.0,0.0,847.767,
8,JPM,MRT,2019-06-30,2019-06-30,2019-06-30,2021-09-07,1114000000.0,2727379000000.0,2675570500000.0,,,0.041,80.974,0.0,268038000000.0,268038000000.0,0.0,34277000000.0,,9.362,550442000000.0,,,550442000000.0,0.0,8151000000.0,1524361000000.0,0.026,2.96,40363000000.0,48514000000.0,0.437,48514000000.0,40363000000.0,40363000000.0,9.83,9.81,9.83,263215000000.0,259630750000.0,263215000000.0,644947178158.0,16.0,13.294,-79696000000.0,-24.517,1.0,110993000000.0,1.0,53302000000.0,0.0,2956481000000.0,2850636250000.0,0.0,2172885000000.0,,,2464164000000.0,,,362676178158.0,-137142000000.0,0.0,-20645000000.0,17909000000.0,-11474000000.0,76861000000.0,-133022000000.0,-128285000000.0,-79696000000.0,-1285000000.0,32535000000.0,32535000000.0,32535000000.0,0.0,1742000000.0,0.293,63748000000.0,47245000000.0,216137000000.0,0.301,1.378,11.147,11.373,24665000000.0,0.0,111.8,3.268,3.274,88399000000.0,212093000000.0,110993000000.0,110993000000.0,0.0,0.012,0.125,0.014,0.364,0.0,58542000000.0,1.0,3243972971.0,3250600000.0,3259700000.0,34.145,2674077000000.0,0.0,7828000000.0,0.0,822.641,
9,JPM,MRT,2019-03-31,2019-03-31,2019-03-31,2021-09-07,-558000000.0,2737188000000.0,2641238250000.0,,,0.042,78.786,0.0,302604000000.0,302604000000.0,0.0,32941000000.0,,9.534,584875000000.0,,,584875000000.0,0.0,8032000000.0,1493441000000.0,0.027,2.72,39617000000.0,47649000000.0,0.433,47649000000.0,39617000000.0,39617000000.0,9.31,9.28,9.31,259837000000.0,258191500000.0,259837000000.0,586285489923.0,15.0,12.304,-30157000000.0,-9.144,1.0,109999000000.0,1.0,54168000000.0,0.0,2965291000000.0,2772181000000.0,0.0,2165805000000.0,,,2477351000000.0,,,331451489923.0,-112208000000.0,0.0,-20403000000.0,62939000000.0,-10906000000.0,43004000000.0,-118098000000.0,-111992000000.0,-30157000000.0,-6957000000.0,31223000000.0,31223000000.0,31223000000.0,0.0,1718000000.0,0.284,63463000000.0,46536000000.0,216173000000.0,0.292,1.276,10.616,10.873,24160000000.0,0.0,101.23,3.013,3.035,72240000000.0,205437000000.0,109999000000.0,109999000000.0,0.0,0.012,0.121,0.014,0.36,0.0,57979000000.0,1.0,3274241726.0,3298000000.0,3308200000.0,33.353,2683020000000.0,0.0,8394000000.0,0.0,813.529,
10,JPM,MRT,2018-12-31,2018-12-31,2018-12-31,2021-09-07,-1507000000.0,2622532000000.0,2609387500000.0,,,0.042,75.526,0.0,278793000000.0,278793000000.0,0.0,32474000000.0,,9.224,533627000000.0,,,533627000000.0,0.0,7791000000.0,1470666000000.0,0.025,2.48,38999000000.0,46790000000.0,0.43,46790000000.0,38999000000.0,38999000000.0,9.04,9.0,9.04,256515000000.0,257282500000.0,256515000000.0,421896594974.0,11.0,9.017,15614000000.0,4.597,1.0,108783000000.0,1.0,54349000000.0,0.0,2823017000000.0,2695020000000.0,0.0,2080234000000.0,,,2366017000000.0,,,324626594974.0,-152511000000.0,0.0,-19983000000.0,37240000000.0,-10109000000.0,34158000000.0,-199420000000.0,-194434000000.0,15614000000.0,-2863000000.0,30709000000.0,30709000000.0,30709000000.0,0.0,1765000000.0,0.282,63148000000.0,45635000000.0,196710000000.0,0.274,1.266,10.571,10.799,14934000000.0,0.0,97.62,2.984,3.048,73200000000.0,199202000000.0,108783000000.0,108783000000.0,0.0,0.012,0.119,0.014,0.359,0.0,57417000000.0,1.0,3325410725.0,3396400000.0,3414000000.0,32.029,2568183000000.0,0.0,8290000000.0,0.0,756.149,
11,JPM,MRT,2018-09-30,2018-09-30,2018-09-30,2021-09-07,-2425000000.0,2615183000000.0,2587154500000.0,,,0.042,76.703,0.0,419097000000.0,419097000000.0,0.0,29640000000.0,,9.099,516367000000.0,,,516367000000.0,0.0,7348000000.0,1458762000000.0,0.02,2.24,38384000000.0,45732000000.0,0.426,45732000000.0,38384000000.0,38384000000.0,8.13,8.09,8.13,258956000000.0,257077000000.0,258956000000.0,486387162634.0,13.0,10.636,26319000000.0,7.796,1.0,107377000000.0,1.0,54697000000.0,0.0,2657756000000.0,2624941250000.0,0.0,1932481000000.0,,,2356227000000.0,,,379242162634.0,-40059000000.0,0.0,-18863000000.0,776000000.0,-9504000000.0,-5444000000.0,-59239000000.0,-56034000000.0,26319000000.0,-1695000000.0,27847000000.0,27847000000.0,27847000000.0,0.0,1793000000.0,0.259,62569000000.0,44808000000.0,209707000000.0,0.276,1.465,13.619,13.879,14180000000.0,0.0,112.84,3.532,3.548,78792000000.0,195180000000.0,107377000000.0,107377000000.0,0.0,0.011,0.108,0.015,0.357,0.0,56782000000.0,1.0,3360884107.0,3376100000.0,3394300000.0,31.805,2560486000000.0,0.0,10537000000.0,0.0,758.415,
12,JPM,MRT,2018-06-30,2018-06-30,2018-06-30,2021-09-07,-1138000000.0,2590050000000.0,2574127250000.0,,,0.041,75.386,0.0,405180000000.0,405180000000.0,0.0,27992000000.0,,9.06,512325000000.0,,,512325000000.0,0.0,6935000000.0,1452122000000.0,0.021,2.18,37213000000.0,44148000000.0,0.418,44148000000.0,37213000000.0,37213000000.0,7.55,7.51,7.55,257458000000.0,256933500000.0,257458000000.0,456172755272.0,12.0,10.333,8235000000.0,2.411,1.0,105695000000.0,1.0,54535000000.0,0.0,2642660000000.0,2602776000000.0,0.0,1921729000000.0,,,2332592000000.0,,,354777755272.0,-45346000000.0,0.0,-19210000000.0,-3431000000.0,-9323000000.0,-19503000000.0,-35264000000.0,-32239000000.0,8235000000.0,1186000000.0,26161000000.0,26161000000.0,26161000000.0,0.0,1831000000.0,0.248,61516000000.0,44179000000.0,196984000000.0,0.289,1.378,13.561,13.801,14132000000.0,0.0,104.2,3.357,3.367,75669000000.0,189881000000.0,105695000000.0,105695000000.0,0.0,0.01,0.102,0.014,0.352,0.0,55821000000.0,1.0,3404776922.0,3415200000.0,3434700000.0,30.948,2535515000000.0,0.0,11052000000.0,0.0,742.421,
13,JPM,MRT,2018-03-31,2018-03-31,2018-03-31,2021-09-07,-1063000000.0,2609785000000.0,2567408250000.0,,,0.04,74.083,0.0,414812000000.0,414812000000.0,0.0,26705000000.0,,9.186,516207000000.0,,,516207000000.0,0.0,6512000000.0,1486961000000.0,0.019,2.12,36352000000.0,42864000000.0,0.413,42864000000.0,36352000000.0,36352000000.0,7.07,7.04,7.07,256201000000.0,257189750000.0,256201000000.0,442089475255.0,12.0,10.314,-23377000000.0,-6.76,1.0,103673000000.0,1.0,54533000000.0,0.0,2656647000000.0,2586516750000.0,0.0,1935259000000.0,,,2353584000000.0,,,377412475255.0,-47074000000.0,0.0,-17249000000.0,-10216000000.0,-9184000000.0,31626000000.0,-63884000000.0,-62696000000.0,-23377000000.0,8561000000.0,24836000000.0,24836000000.0,24836000000.0,0.0,1869000000.0,0.24,60312000000.0,43361000000.0,192295000000.0,0.3,1.473,15.196,15.554,14382000000.0,0.0,109.97,3.64,3.668,72659000000.0,183855000000.0,103673000000.0,103673000000.0,0.0,0.01,0.097,0.014,0.351,0.0,54605000000.0,1.0,3431958491.0,3458300000.0,3479500000.0,29.978,2555252000000.0,0.0,11516000000.0,0.0,738.875,
14,JPM,MRT,2017-12-31,2017-12-31,2017-12-31,2021-09-07,-119000000.0,2533600000000.0,2551534500000.0,,,0.039,71.994,0.0,431304000000.0,431304000000.0,0.0,24441000000.0,,8.909,494798000000.0,,,494798000000.0,0.0,6179000000.0,1443982000000.0,0.019,2.04,34026000000.0,40205000000.0,0.399,40205000000.0,34026000000.0,34026000000.0,6.35,6.31,6.35,255693000000.0,257105250000.0,255693000000.0,425190453204.0,12.0,10.576,-10827000000.0,-3.048,1.0,100705000000.0,1.0,54392000000.0,0.0,2542702000000.0,2559808500000.0,0.0,1852429000000.0,,,2277907000000.0,,,371052453204.0,40150000000.0,0.0,-15410000000.0,-17007000000.0,-8993000000.0,14642000000.0,28249000000.0,28812000000.0,-10827000000.0,8086000000.0,22567000000.0,22567000000.0,22567000000.0,0.0,1874000000.0,0.224,59515000000.0,41190000000.0,189383000000.0,0.321,1.451,16.442,16.841,14159000000.0,0.0,106.94,3.685,3.771,67729000000.0,177676000000.0,100705000000.0,100705000000.0,0.0,0.009,0.088,0.013,0.338,0.0,53436000000.0,1.0,3469725577.0,3551600000.0,3576800000.0,28.355,2479208000000.0,0.0,11459000000.0,0.0,698.054,
15,JPM,MRT,2017-09-30,2017-09-30,2017-09-30,2021-09-07,-309000000.0,2563074000000.0,2540877500000.0,,,0.04,73.099,0.0,457804000000.0,457804000000.0,0.0,26936000000.0,,8.92,511942000000.0,,,511942000000.0,0.0,5993000000.0,1439027000000.0,0.021,1.96,34431000000.0,40424000000.0,0.402,40424000000.0,34431000000.0,34431000000.0,6.99,6.94,6.99,258382000000.0,256729500000.0,258382000000.0,398672290799.0,12.0,9.862,17218000000.0,4.871,1.0,100525000000.0,1.0,48117000000.0,0.0,2569095000000.0,2559744250000.0,0.0,1876800000000.0,,,2304692000000.0,,,336096290799.0,96573000000.0,0.0,-12853000000.0,-8512000000.0,-8765000000.0,2977000000.0,70606000000.0,71186000000.0,17218000000.0,5772000000.0,25042000000.0,25042000000.0,25042000000.0,0.0,1894000000.0,0.249,59354000000.0,41171000000.0,196764000000.0,0.28,1.301,13.421,13.664,14218000000.0,0.0,95.51,3.343,3.358,61757000000.0,175827000000.0,100525000000.0,100525000000.0,0.0,0.01,0.098,0.013,0.343,0.0,53207000000.0,1.0,3518964410.0,3534700000.0,3559600000.0,28.439,2514957000000.0,0.0,9389000000.0,0.0,711.505,
16,JPM,MRT,2017-06-30,2017-06-30,2017-06-30,2021-09-07,-392000000.0,2563174000000.0,2530366250000.0,,,0.039,72.321,0.0,449161000000.0,449161000000.0,0.0,26490000000.0,,8.916,511737000000.0,,,511737000000.0,0.0,5821000000.0,1439473000000.0,0.021,1.94,33810000000.0,39631000000.0,0.398,39631000000.0,33810000000.0,33810000000.0,6.82,6.76,6.82,258483000000.0,255716750000.0,258483000000.0,376389267411.0,11.0,9.497,26305000000.0,7.36,1.0,99620000000.0,1.0,48127000000.0,0.0,2577623000000.0,2559944500000.0,0.0,1880903000000.0,,,2304691000000.0,,,324726267411.0,89623000000.0,0.0,-10385000000.0,12934000000.0,-8742000000.0,72023000000.0,-12599000000.0,-10900000000.0,26305000000.0,3894000000.0,24592000000.0,24592000000.0,24592000000.0,0.0,1898000000.0,0.247,59247000000.0,40373000000.0,189160000000.0,0.284,1.256,13.205,13.402,14206000000.0,0.0,91.4,3.26,3.279,64038000000.0,171488000000.0,99620000000.0,99620000000.0,0.0,0.01,0.096,0.013,0.339,0.0,52742000000.0,1.0,3552803801.0,3574100000.0,3599000000.0,27.873,2515047000000.0,0.0,9218000000.0,0.0,703.687,
17,JPM,MRT,2017-03-31,2017-03-31,2017-03-31,2021-09-07,-923000000.0,2546290000000.0,2506096750000.0,,,0.039,71.04,0.0,460395000000.0,460395000000.0,0.0,25661000000.0,,8.952,512058000000.0,,,512058000000.0,0.0,5653000000.0,1422999000000.0,0.021,1.88,33403000000.0,39056000000.0,0.397,39056000000.0,33403000000.0,33403000000.0,6.55,6.49,6.55,255863000000.0,254201750000.0,255863000000.0,419480243974.0,13.0,10.74,20708000000.0,5.75,1.0,98269000000.0,1.0,48139000000.0,0.0,2549814000000.0,2553405250000.0,0.0,1855878000000.0,,,2290427000000.0,,,313761243974.0,102481000000.0,0.0,-10218000000.0,28850000000.0,-8575000000.0,88292000000.0,-7509000000.0,-4498000000.0,20708000000.0,990000000.0,23765000000.0,23765000000.0,23765000000.0,0.0,1896000000.0,0.242,58118000000.0,40151000000.0,183200000000.0,0.287,1.226,13.203,13.411,14227000000.0,0.0,87.84,3.193,3.219,60038000000.0,166663000000.0,98269000000.0,98269000000.0,0.0,0.009,0.093,0.013,0.34,0.0,52261000000.0,1.0,3571963160.0,3601700000.0,3630400000.0,27.284,2498151000000.0,0.0,9638000000.0,0.0,693.603,
18,JPM,MRT,2016-12-31,2016-12-31,2016-12-31,2021-09-07,-1175000000.0,2490972000000.0,2475476250000.0,,,0.039,69.474,0.0,389635000000.0,389635000000.0,0.0,24733000000.0,,8.8,495354000000.0,,,495354000000.0,0.0,5478000000.0,1375179000000.0,0.021,1.84,32637000000.0,38115000000.0,0.395,38115000000.0,32637000000.0,32637000000.0,6.24,6.19,6.24,254190000000.0,252775250000.0,254190000000.0,405824424549.0,12.0,10.647,21884000000.0,5.981,1.0,96569000000.0,1.0,54246000000.0,0.0,2542445000000.0,2537475750000.0,0.0,1868554000000.0,,,2236782000000.0,,,308768424549.0,29471000000.0,0.0,-9082000000.0,24667000000.0,-8476000000.0,98271000000.0,-89202000000.0,-86377000000.0,21884000000.0,-1482000000.0,22834000000.0,22834000000.0,22834000000.0,0.0,1899000000.0,0.236,56672000000.0,39897000000.0,190543000000.0,0.295,1.215,13.522,13.829,14131000000.0,0.0,86.29,3.197,3.269,52330000000.0,162440000000.0,96569000000.0,96569000000.0,0.0,0.009,0.09,0.013,0.338,0.0,51117000000.0,1.0,3578264278.0,3658800000.0,3690000000.0,26.394,2436726000000.0,0.0,9803000000.0,0.0,665.99,
19,JPM,MRT,2016-09-30,2016-09-30,2016-09-30,2021-09-07,1474000000.0,2521029000000.0,2440657750000.0,,,0.039,69.915,0.0,417590000000.0,417590000000.0,0.0,23440000000.0,,8.912,514646000000.0,,,514646000000.0,0.0,5305000000.0,1376138000000.0,0.027,1.8,31527000000.0,36832000000.0,0.387,36832000000.0,31527000000.0,31527000000.0,5.85,5.8,5.85,254331000000.0,251121000000.0,254331000000.0,374111905352.0,12.0,10.157,-2548000000.0,-0.7,1.0,95177000000.0,1.0,48189000000.0,0.0,2569896000000.0,2507076750000.0,0.0,1867859000000.0,,,2266698000000.0,,,240521905352.0,132000000.0,0.0,-8050000000.0,-8041000000.0,-8384000000.0,87701000000.0,-84844000000.0,-84043000000.0,-2548000000.0,-177000000.0,21739000000.0,21739000000.0,21739000000.0,0.0,1701000000.0,0.228,56201000000.0,38976000000.0,190412000000.0,0.308,0.946,11.064,11.383,14208000000.0,0.0,66.59,2.527,2.545,64333000000.0,157870000000.0,95177000000.0,95177000000.0,0.0,0.009,0.087,0.013,0.331,0.0,49817000000.0,1.0,3611982360.0,3637700000.0,3669800000.0,26.164,2472840000000.0,0.0,9788000000.0,0.0,679.781,
20,JPM,MRT,2016-06-30,2016-06-30,2016-06-30,2021-09-07,1618000000.0,2466096000000.0,2414680750000.0,,,0.039,68.677,0.0,365305000000.0,365305000000.0,0.0,23958000000.0,,8.77,498895000000.0,,,498895000000.0,0.0,5146000000.0,1330958000000.0,0.021,1.32,29258000000.0,34404000000.0,0.369,34404000000.0,29258000000.0,29258000000.0,5.95,5.9,5.95,252423000000.0,248970250000.0,252423000000.0,337762785600.0,12.0,9.818,18384000000.0,5.002,1.0,93284000000.0,1.0,48220000000.0,0.0,2551466000000.0,2487432750000.0,0.0,1863544000000.0,,,2213673000000.0,,,227224785600.0,-4385000000.0,0.0,-7003000000.0,-46219000000.0,-8259000000.0,77000000.0,-22555000000.0,-23659000000.0,18384000000.0,-291000000.0,22197000000.0,22197000000.0,22197000000.0,0.0,1761000000.0,0.238,57106000000.0,36178000000.0,184635000000.0,0.222,0.9,10.237,10.444,14262000000.0,0.0,62.14,2.436,2.448,64911000000.0,153749000000.0,93284000000.0,93284000000.0,0.0,0.009,0.089,0.012,0.314,0.0,49329000000.0,1.0,3656658925.0,3675500000.0,3706200000.0,25.38,2417876000000.0,0.0,7061000000.0,0.0,657.836,
21,JPM,MRT,2016-03-31,2016-03-31,2016-03-31,2021-09-07,782000000.0,2423808000000.0,2410556500000.0,,,0.038,67.417,0.0,378408000000.0,378408000000.0,0.0,24048000000.0,,8.689,488946000000.0,,,488946000000.0,0.0,5048000000.0,1321816000000.0,0.022,1.32,28253000000.0,33301000000.0,0.359,33301000000.0,28253000000.0,28253000000.0,5.95,5.89,5.95,250157000000.0,246165750000.0,250157000000.0,334844087200.0,12.0,10.055,37204000000.0,10.026,1.0,92716000000.0,1.0,48250000000.0,0.0,2486096000000.0,2479071000000.0,0.0,1816610000000.0,,,2173651000000.0,,,217353087200.0,-4609000000.0,0.0,-5412000000.0,-75405000000.0,-8049000000.0,-138264000000.0,96549000000.0,94628000000.0,37204000000.0,-98000000.0,22245000000.0,22245000000.0,22245000000.0,0.0,1803000000.0,0.24,57968000000.0,34748000000.0,176934000000.0,0.222,0.869,9.771,9.953,14195000000.0,0.0,59.22,2.344,2.37,57649000000.0,149730000000.0,92716000000.0,92716000000.0,0.0,0.009,0.09,0.011,0.305,0.0,49141000000.0,1.0,3670264897.0,3710600000.0,3737600000.0,24.987,2375558000000.0,0.0,6008000000.0,0.0,640.209,
22,JPM,MRT,2015-12-31,2015-12-31,2015-12-31,2021-09-07,192000000.0,2351698000000.0,2448891500000.0,,,0.038,66.175,0.0,360505000000.0,360505000000.0,0.0,24442000000.0,,8.499,477996000000.0,,,477996000000.0,0.0,4940000000.0,1279715000000.0,0.025,1.68,28911000000.0,33851000000.0,0.362,33851000000.0,28911000000.0,28911000000.0,6.05,6.0,6.05,247573000000.0,242592500000.0,247573000000.0,365704999175.0,13.0,10.803,73466000000.0,19.637,1.0,93543000000.0,1.0,48340000000.0,0.0,2420849000000.0,2497856750000.0,0.0,1776314000000.0,,,2104125000000.0,,,243064999175.0,-7341000000.0,0.0,-5616000000.0,-84879000000.0,-7873000000.0,-187511000000.0,106980000000.0,103277000000.0,73466000000.0,-276000000.0,22651000000.0,22651000000.0,22651000000.0,0.0,1791000000.0,0.242,59014000000.0,34529000000.0,177638000000.0,0.278,0.982,10.731,10.914,14362000000.0,0.0,66.03,2.598,2.641,46605000000.0,146420000000.0,93543000000.0,93543000000.0,0.0,0.009,0.093,0.012,0.309,0.0,49421000000.0,1.0,3681129777.0,3741200000.0,3773600000.0,25.003,2303358000000.0,0.0,6260000000.0,0.0,615.674,
23,JPM,MRT,2015-09-30,2015-09-30,2015-09-30,2021-09-07,751000000.0,2417121000000.0,2504035500000.0,,,0.037,66.514,0.0,397454000000.0,397454000000.0,0.0,23939000000.0,,8.837,520094000000.0,,,520094000000.0,0.0,4853000000.0,1273106000000.0,0.027,1.64,27880000000.0,32733000000.0,0.35,32733000000.0,27880000000.0,27880000000.0,5.92,5.87,5.92,245728000000.0,238631000000.0,245728000000.0,342458167000.0,12.0,10.462,86045000000.0,23.291,1.0,93408000000.0,1.0,48441000000.0,0.0,2491320000000.0,2536687750000.0,0.0,1795210000000.0,,,2171393000000.0,,,225471167000.0,-4114000000.0,-24000000.0,-5907000000.0,-33857000000.0,-7590000000.0,-99346000000.0,9716000000.0,4606000000.0,86045000000.0,-529000000.0,21987000000.0,21987000000.0,21987000000.0,0.0,1952000000.0,0.235,60160000000.0,33248000000.0,187986000000.0,0.277,0.918,10.255,10.299,14709000000.0,0.0,60.97,2.414,2.411,57926000000.0,143050000000.0,93408000000.0,93408000000.0,0.0,0.009,0.092,0.011,0.298,-1681000000.0,49696000000.0,1.0,3698067361.0,3694400000.0,3725600000.0,25.284,2368680000000.0,0.0,5893000000.0,0.0,641.154,
24,JPM,MRT,2015-06-30,2015-06-30,2015-06-30,2021-09-07,1102000000.0,2449599000000.0,2531506500000.0,,,0.038,65.053,0.0,422902000000.0,422902000000.0,0.0,22700000000.0,,9.156,539889000000.0,,,539889000000.0,0.0,4752000000.0,1287332000000.0,0.024,1.6,29161000000.0,33913000000.0,0.357,33913000000.0,29161000000.0,29161000000.0,5.59,5.54,5.59,241205000000.0,235018250000.0,241205000000.0,284135265352.0,10.0,8.378,58472000000.0,15.77,1.0,95097000000.0,1.0,48567000000.0,0.0,2518019000000.0,2563206750000.0,0.0,1791946000000.0,,,2208394000000.0,,,251463265352.0,-3428000000.0,19000000.0,-6148000000.0,-33898000000.0,-7364000000.0,-70637000000.0,9773000000.0,5124000000.0,58472000000.0,-1036000000.0,20845000000.0,20845000000.0,20845000000.0,0.0,1855000000.0,0.219,60590000000.0,34507000000.0,191749000000.0,0.286,1.043,12.063,12.122,15073000000.0,0.0,67.76,2.644,2.642,69642000000.0,138294000000.0,95097000000.0,95097000000.0,0.0,0.008,0.089,0.011,0.307,-1142000000.0,50176000000.0,1.0,3711087151.0,3707800000.0,3743600000.0,25.648,2401032000000.0,0.0,8316000000.0,0.0,647.562,
25,JPM,MRT,2015-03-31,2015-03-31,2015-03-31,2021-09-07,2430000000.0,2577148000000.0,2549190750000.0,,,0.038,63.314,0.0,529204000000.0,529204000000.0,0.0,22390000000.0,,9.926,561876000000.0,,,561876000000.0,0.0,4732000000.0,1367887000000.0,0.026,1.58,29441000000.0,34173000000.0,0.356,34173000000.0,29441000000.0,29441000000.0,5.5,5.46,5.5,235864000000.0,231545500000.0,235864000000.0,279056174582.0,9.0,8.166,36805000000.0,9.88,1.0,95963000000.0,1.0,48581000000.0,0.0,2561239000000.0,2592317500000.0,0.0,1814598000000.0,,,2341284000000.0,,,225861174582.0,-3500000000.0,0.0,-6274000000.0,-15631000000.0,-7206000000.0,82247000000.0,-121376000000.0,-126081000000.0,36805000000.0,-1176000000.0,20637000000.0,20637000000.0,20637000000.0,0.0,1753000000.0,0.215,61521000000.0,34442000000.0,202157000000.0,0.287,0.958,10.944,11.015,14963000000.0,0.0,60.58,2.354,2.352,70006000000.0,134048000000.0,95963000000.0,95963000000.0,0.0,0.008,0.089,0.011,0.307,-618000000.0,50248000000.0,1.0,3728312555.0,3725300000.0,3757500000.0,25.76,2528567000000.0,0.0,8804000000.0,0.0,678.755,
26,JPM,MRT,2014-12-31,2014-12-31,2014-12-31,2021-09-07,2189000000.0,2572274000000.0,2524150250000.0,,,0.038,61.572,0.0,512308000000.0,512308000000.0,0.0,21745000000.0,,10.1,565046000000.0,,,565046000000.0,0.0,4759000000.0,1363427000000.0,0.025,1.56,29031000000.0,33790000000.0,0.355,33790000000.0,29031000000.0,29031000000.0,5.33,5.29,5.33,231727000000.0,227493250000.0,231727000000.0,353570851725.0,12.0,10.464,36593000000.0,9.723,1.0,95112000000.0,1.0,48839000000.0,0.0,2576173000000.0,2605335250000.0,0.0,1823817000000.0,,,2340547000000.0,,,233935851725.0,-11940000000.0,0.0,-4760000000.0,33387000000.0,-6990000000.0,118228000000.0,-165636000000.0,-167817000000.0,36593000000.0,-1125000000.0,20077000000.0,20077000000.0,20077000000.0,0.0,1668000000.0,0.211,61274000000.0,33838000000.0,206939000000.0,0.293,1.01,11.652,11.741,15133000000.0,0.0,62.58,2.46,2.476,70079000000.0,129977000000.0,95112000000.0,95112000000.0,0.0,0.008,0.088,0.011,0.305,0.0,50128000000.0,1.0,3738188746.0,3763500000.0,3797500000.0,25.272,2523435000000.0,0.0,8954000000.0,0.0,670.502,
27,JPM,MRT,2014-09-30,2014-09-30,2014-09-30,2021-09-07,3266000000.0,2527005000000.0,2485004000000.0,,,0.039,61.585,0.0,439684000000.0,439684000000.0,0.0,22055000000.0,,9.926,559319000000.0,,,559319000000.0,0.0,4819000000.0,1334534000000.0,0.026,1.54,30894000000.0,35713000000.0,0.371,35713000000.0,30894000000.0,30894000000.0,5.43,5.38,5.43,231277000000.0,222356000000.0,231277000000.0,390154562018.0,13.0,10.925,933000000.0,0.248,1.0,96279000000.0,1.0,49244000000.0,0.0,2597396000000.0,2597557500000.0,0.0,1846828000000.0,,,2295728000000.0,,,226579562018.0,-5292000000.0,86000000.0,-3549000000.0,-3610000000.0,-6860000000.0,51142000000.0,-57030000000.0,-58652000000.0,933000000.0,-337000000.0,20490000000.0,20490000000.0,20490000000.0,0.0,1565000000.0,0.213,61417000000.0,34862000000.0,211055000000.0,0.284,0.98,11.058,11.094,15177000000.0,0.0,60.24,2.353,2.35,75504000000.0,127234000000.0,96279000000.0,96279000000.0,0.0,0.008,0.092,0.012,0.321,-53000000.0,50184000000.0,1.0,3761280910.0,3755400000.0,3788700000.0,25.637,2477761000000.0,0.0,10404000000.0,0.0,659.786,
28,JPM,MRT,2014-06-30,2014-06-30,2014-06-30,2021-09-07,3438000000.0,2520336000000.0,2469080000000.0,,,0.038,60.126,0.0,421432000000.0,421432000000.0,0.0,16110000000.0,,10.087,585007000000.0,,,585007000000.0,0.0,5323000000.0,1319751000000.0,0.026,1.52,23181000000.0,28504000000.0,0.3,28504000000.0,23181000000.0,23181000000.0,3.89,3.86,3.89,227314000000.0,216204250000.0,227314000000.0,403953149865.0,17.0,14.172,29765000000.0,7.873,1.0,94927000000.0,1.0,49449000000.0,0.0,2634462000000.0,2592598500000.0,0.0,1856581000000.0,,,2293022000000.0,,,218075149865.0,-1691000000.0,26000000.0,-2800000000.0,-34446000000.0,-6689000000.0,73652000000.0,-106194000000.0,-106789000000.0,29765000000.0,1086000000.0,14712000000.0,14712000000.0,14712000000.0,0.0,1398000000.0,0.155,69245000000.0,25682000000.0,203885000000.0,0.391,0.959,14.823,14.812,15216000000.0,0.0,57.62,2.297,2.295,77096000000.0,123497000000.0,94927000000.0,94927000000.0,0.0,0.006,0.068,0.009,0.244,-85000000.0,49506000000.0,1.0,3784712771.0,3780600000.0,3812500000.0,25.109,2470887000000.0,0.0,8469000000.0,0.0,653.57,
29,JPM,MRT,2014-03-31,2014-03-31,2014-03-31,2021-09-07,2276000000.0,2476986000000.0,2448869500000.0,,,0.039,57.999,0.0,398852000000.0,398852000000.0,0.0,16626000000.0,,10.277,584730000000.0,,,584730000000.0,0.0,5540000000.0,1282705000000.0,0.024,1.44,23941000000.0,29481000000.0,0.309,29481000000.0,23941000000.0,23941000000.0,4.03,4.0,4.03,219655000000.0,211685500000.0,219655000000.0,408970166756.0,17.0,13.872,102656000000.0,27.106,1.0,95460000000.0,1.0,49554000000.0,0.0,2613310000000.0,2599269000000.0,0.0,1837919000000.0,,,2257331000000.0,,,229898166756.0,-19203000000.0,37000000.0,-2597000000.0,-16931000000.0,-6368000000.0,40462000000.0,-163456000000.0,-162976000000.0,102656000000.0,1135000000.0,15245000000.0,15245000000.0,15245000000.0,0.0,1381000000.0,0.16,69680000000.0,25780000000.0,202499000000.0,0.357,1.047,15.08,15.065,14919000000.0,0.0,60.71,2.408,2.409,73122000000.0,119318000000.0,95460000000.0,95460000000.0,0.0,0.006,0.072,0.009,0.251,-23000000.0,49671000000.0,1.0,3786825346.0,3787200000.0,3823600000.0,25.206,2427432000000.0,0.0,8696000000.0,0.0,640.957,
30,JPM,MRT,2013-12-31,2013-12-31,2013-12-31,2021-09-07,1199000000.0,2415689000000.0,2426960250000.0,,,0.04,55.832,0.0,355822000000.0,355822000000.0,0.0,17886000000.0,,10.439,534894000000.0,,,534894000000.0,0.0,5306000000.0,1287765000000.0,0.023,1.36,25346000000.0,30652000000.0,0.315,30652000000.0,25346000000.0,25346000000.0,4.38,4.34,4.38,211178000000.0,208543250000.0,211178000000.0,384005389094.0,15.0,12.528,107953000000.0,28.541,1.0,97367000000.0,1.0,49699000000.0,0.0,2545062000000.0,2605612000000.0,0.0,1820016000000.0,,,2204511000000.0,,,219837389094.0,-13952000000.0,0.0,-4789000000.0,-33034000000.0,-6056000000.0,28324000000.0,-150501000000.0,-149673000000.0,107953000000.0,272000000.0,16557000000.0,16557000000.0,16557000000.0,0.0,1329000000.0,0.17,70467000000.0,26900000000.0,194491000000.0,0.311,1.041,13.278,13.352,14891000000.0,0.0,58.48,2.258,2.272,65160000000.0,115756000000.0,97367000000.0,97367000000.0,0.0,0.007,0.079,0.01,0.26,0.0,50069000000.0,1.0,3759189280.0,3782400000.0,3814900000.0,25.742,2365990000000.0,0.0,8789000000.0,0.0,625.526,
31,JPM,MRT,2013-09-30,2013-09-30,2013-09-30,2021-09-07,390000000.0,2463309000000.0,2412823250000.0,,,0.04,54.863,0.0,402109000000.0,402109000000.0,0.0,18337000000.0,,10.919,566277000000.0,,,566277000000.0,0.0,5464000000.0,1281102000000.0,0.025,1.28,23930000000.0,29394000000.0,0.303,29394000000.0,23930000000.0,23930000000.0,4.45,4.41,4.45,206670000000.0,206766000000.0,206670000000.0,466229395085.0,19.0,15.861,110356000000.0,29.295,1.0,97103000000.0,1.0,49917000000.0,0.0,2577560000000.0,2645427500000.0,0.0,1818856000000.0,,,2256639000000.0,,,194571395085.0,-22679000000.0,-64000000.0,-4490000000.0,-7554000000.0,-5752000000.0,105329000000.0,-239205000000.0,-235037000000.0,110356000000.0,841000000.0,16903000000.0,16903000000.0,16903000000.0,0.0,1434000000.0,0.174,70962000000.0,26141000000.0,212283000000.0,0.288,0.941,11.511,11.616,14876000000.0,0.0,51.69,2.004,2.005,66269000000.0,112135000000.0,97103000000.0,97103000000.0,0.0,0.007,0.082,0.009,0.246,2256000000.0,49824000000.0,1.0,3764198009.0,3767000000.0,3767000000.0,25.777,2413392000000.0,0.0,7027000000.0,0.0,640.667,
32,JPM,MRT,2013-06-30,2013-06-30,2013-06-30,2021-09-07,136000000.0,2439494000000.0,2377317000000.0,,,0.042,55.319,0.0,340532000000.0,340532000000.0,0.0,24425000000.0,,10.659,612190000000.0,,,612190000000.0,0.0,5107000000.0,1202950000000.0,0.023,1.2,31790000000.0,36897000000.0,0.372,36897000000.0,31790000000.0,31790000000.0,6.03,5.98,6.03,209239000000.0,205021750000.0,209239000000.0,499011097413.0,16.0,13.524,67314000000.0,17.797,1.0,99132000000.0,1.0,50008000000.0,0.0,2661144000000.0,2673253750000.0,0.0,1841397000000.0,,,2230255000000.0,,,199529097413.0,-15652000000.0,-47000000.0,-3750000000.0,47365000000.0,-5428000000.0,112948000000.0,-196108000000.0,-192180000000.0,67314000000.0,194000000.0,22899000000.0,22899000000.0,22899000000.0,0.0,1526000000.0,0.231,62707000000.0,36425000000.0,211432000000.0,0.199,0.954,8.713,8.755,14574000000.0,0.0,52.79,2.013,2.014,81562000000.0,114216000000.0,99132000000.0,99132000000.0,0.0,0.01,0.112,0.012,0.321,2331000000.0,49865000000.0,1.0,3779676026.0,3782400000.0,3814300000.0,26.209,2389486000000.0,0.0,8891000000.0,0.0,631.738,
33,JPM,MRT,2013-03-31,2013-03-31,2013-03-31,2021-09-07,3491000000.0,2389349000000.0,2339980000000.0,,,0.041,54.237,0.0,303159000000.0,303159000000.0,0.0,22889000000.0,,10.538,602641000000.0,,,602641000000.0,0.0,4889000000.0,1202507000000.0,0.025,1.2,29561000000.0,34450000000.0,0.358,34450000000.0,29561000000.0,29561000000.0,5.64,5.59,5.64,207086000000.0,200605000000.0,207086000000.0,577244581210.0,20.0,16.756,40777000000.0,10.68,1.0,96101000000.0,1.0,50149000000.0,0.0,2638682000000.0,2667318000000.0,0.0,1845191000000.0,,,2182263000000.0,,,181651581210.0,-9859000000.0,81000000.0,-4015000000.0,18336000000.0,-5412000000.0,80535000000.0,-129918000000.0,-126155000000.0,40777000000.0,-1253000000.0,21432000000.0,21432000000.0,21432000000.0,0.0,1457000000.0,0.223,61807000000.0,34294000000.0,193089000000.0,0.213,0.877,8.476,8.415,14541000000.0,0.0,47.46,1.89,1.886,74208000000.0,109402000000.0,96101000000.0,96101000000.0,0.0,0.009,0.107,0.011,0.308,2354000000.0,49390000000.0,1.0,3827466945.0,3818200000.0,3847000000.0,25.169,2339200000000.0,0.0,8129000000.0,0.0,612.645,
34,JPM,MRT,2012-12-31,2012-12-31,2012-12-31,2021-09-07,4102000000.0,2359141000000.0,2322683750000.0,,,0.042,53.57,0.0,175537000000.0,175537000000.0,0.0,21284000000.0,,10.561,571130000000.0,,,571130000000.0,0.0,5147000000.0,1193593000000.0,0.026,1.15,27510000000.0,32657000000.0,0.337,32657000000.0,27510000000.0,27510000000.0,5.22,5.2,5.22,204069000000.0,196150750000.0,204069000000.0,585544208190.0,21.0,17.93,25079000000.0,6.583,1.0,97031000000.0,1.0,50410000000.0,0.0,2704324000000.0,2678323750000.0,0.0,1955967000000.0,,,2155072000000.0,,,167144208190.0,-5879000000.0,88000000.0,-1653000000.0,25659000000.0,-5194000000.0,87707000000.0,-119825000000.0,-116513000000.0,25079000000.0,1160000000.0,19877000000.0,19877000000.0,19877000000.0,0.0,1407000000.0,0.205,64729000000.0,32302000000.0,195240000000.0,0.22,0.819,8.409,8.423,14519000000.0,0.0,43.969,1.723,1.726,60933000000.0,104223000000.0,97031000000.0,97031000000.0,0.0,0.009,0.101,0.01,0.284,2545000000.0,49740000000.0,1.0,3801401625.0,3809400000.0,3822200000.0,25.471,2308731000000.0,0.0,7633000000.0,0.0,606.062,
35,JPM,MRT,2012-09-30,2012-09-30,2012-09-30,2021-09-07,4426000000.0,2321284000000.0,2299346500000.0,,,0.041,52.505,0.0,157687000000.0,157687000000.0,0.0,19320000000.0,,10.624,576087000000.0,,,576087000000.0,0.0,5031000000.0,1139611000000.0,0.027,1.1,25378000000.0,30409000000.0,0.321,30409000000.0,25378000000.0,25378000000.0,4.73,4.71,4.73,199693000000.0,191026750000.0,199693000000.0,551972548035.0,22.0,18.152,59004000000.0,15.514,1.0,94849000000.0,1.0,50819000000.0,0.0,2688865000000.0,2655583250000.0,0.0,1934674000000.0,,,2121591000000.0,,,153773548035.0,-3423000000.0,155000000.0,-2516000000.0,-16815000000.0,-4985000000.0,8962000000.0,-70806000000.0,-69000000000.0,59004000000.0,-583000000.0,17984000000.0,17984000000.0,17984000000.0,0.0,1336000000.0,0.19,63222000000.0,31627000000.0,203042000000.0,0.233,0.77,8.551,8.558,14271000000.0,0.0,40.48,1.621,1.623,62989000000.0,99888000000.0,94849000000.0,94849000000.0,0.0,0.008,0.094,0.01,0.268,2603000000.0,49223000000.0,1.0,3798753657.0,3803300000.0,3813900000.0,24.939,2270465000000.0,0.0,7394000000.0,0.0,596.972,
36,JPM,MRT,2012-06-30,2012-06-30,2012-06-30,2021-09-07,2272000000.0,2290146000000.0,2291335500000.0,,,0.041,50.296,0.0,175249000000.0,175249000000.0,0.0,17874000000.0,,10.954,573448000000.0,,,573448000000.0,0.0,5002000000.0,1115886000000.0,0.022,0.8,23246000000.0,28248000000.0,0.302,28248000000.0,23246000000.0,23246000000.0,4.34,4.33,4.34,191572000000.0,186675250000.0,191572000000.0,549790193152.0,24.0,19.463,83456000000.0,21.911,1.0,93466000000.0,1.0,50944000000.0,0.0,2637401000000.0,2644538250000.0,0.0,1876214000000.0,,,2098574000000.0,,,136012193152.0,14400000000.0,206000000.0,-6941000000.0,-41983000000.0,-4823000000.0,23248000000.0,-90907000000.0,-89702000000.0,83456000000.0,-1397000000.0,16574000000.0,16574000000.0,16574000000.0,0.0,1300000000.0,0.177,63385000000.0,30081000000.0,207126000000.0,0.184,0.71,8.206,8.233,14206000000.0,0.0,35.73,1.455,1.456,67939000000.0,95518000000.0,93466000000.0,93466000000.0,0.0,0.007,0.089,0.009,0.249,2559000000.0,48946000000.0,1.0,3806666475.0,3808900000.0,3820500000.0,24.539,2239202000000.0,0.0,6672000000.0,0.0,587.887,
37,JPM,MRT,2012-03-31,2012-03-31,2012-03-31,2021-09-07,2645000000.0,2320164000000.0,2280490000000.0,,,0.043,49.562,0.0,170411000000.0,170411000000.0,0.0,18345000000.0,,11.259,584189000000.0,,,584189000000.0,0.0,5063000000.0,1128512000000.0,0.022,1.0,24335000000.0,29398000000.0,0.3,29398000000.0,24335000000.0,24335000000.0,4.4,4.39,4.4,189269000000.0,184502000000.0,189269000000.0,574487231514.0,24.0,19.542,106177000000.0,27.804,1.0,98065000000.0,1.0,51237000000.0,0.0,2682705000000.0,2637332250000.0,0.0,1916644000000.0,,,2130895000000.0,,,175522231514.0,31914000000.0,87000000.0,-8984000000.0,-56022000000.0,-4673000000.0,75730000000.0,-150304000000.0,-150013000000.0,106177000000.0,311000000.0,17007000000.0,17007000000.0,17007000000.0,0.0,1338000000.0,0.173,65261000000.0,32804000000.0,204148000000.0,0.227,0.927,10.321,10.45,14213000000.0,0.0,45.98,1.79,1.791,64833000000.0,91888000000.0,98065000000.0,98065000000.0,0.0,0.007,0.092,0.009,0.248,2677000000.0,48989000000.0,1.0,3817360407.0,3818800000.0,3833400000.0,25.68,2268927000000.0,0.0,7328000000.0,0.0,594.147,
38,JPM,MRT,2011-12-31,2011-12-31,2011-12-31,2021-09-07,944000000.0,2265792000000.0,2249989250000.0,,,0.043,47.065,0.0,144881000000.0,144881000000.0,0.0,18976000000.0,,11.343,543846000000.0,,,543846000000.0,0.0,5105000000.0,1127806000000.0,0.024,0.8,25341000000.0,30446000000.0,0.313,30446000000.0,25341000000.0,25341000000.0,4.5,4.48,4.5,183573000000.0,182334250000.0,183573000000.0,533363208694.0,21.0,17.518,95932000000.0,24.595,1.0,97234000000.0,1.0,51395000000.0,0.0,2613362000000.0,2636386750000.0,0.0,1889866000000.0,,,2082219000000.0,,,126342208694.0,32035000000.0,102000000.0,-8863000000.0,-83120000000.0,-3895000000.0,107706000000.0,-170752000000.0,-170791000000.0,95932000000.0,-851000000.0,17568000000.0,17568000000.0,17568000000.0,0.0,1408000000.0,0.181,62911000000.0,34323000000.0,202895000000.0,0.178,0.688,7.192,7.389,14041000000.0,0.0,33.25,1.299,1.334,61478000000.0,88315000000.0,97234000000.0,97234000000.0,0.0,0.008,0.096,0.01,0.261,2675000000.0,48504000000.0,1.0,3799765675.0,3900400000.0,3920300000.0,24.929,2214397000000.0,0.0,7773000000.0,0.0,567.736,
39,JPM,MRT,2011-09-30,2011-09-30,2011-09-30,2021-09-07,1964000000.0,2289240000000.0,2212942500000.0,,,0.046,47.23,0.0,185643000000.0,185643000000.0,0.0,20079000000.0,,11.558,592664000000.0,,,592664000000.0,0.0,5097000000.0,1092708000000.0,0.02,0.6,27485000000.0,32582000000.0,0.32,32582000000.0,27485000000.0,27485000000.0,4.71,4.69,4.71,182287000000.0,180467500000.0,182287000000.0,531813386331.0,19.0,16.322,67629000000.0,17.522,1.0,101861000000.0,1.0,51576000000.0,0.0,2644685000000.0,2641160500000.0,0.0,1856819000000.0,,,2106953000000.0,,,117439386331.0,32806000000.0,-227000000.0,-8687000000.0,-79224000000.0,-3110000000.0,101721000000.0,-136386000000.0,-134985000000.0,67629000000.0,-158000000.0,18550000000.0,18550000000.0,18550000000.0,0.0,1529000000.0,0.182,64414000000.0,37447000000.0,199769000000.0,0.127,0.644,6.331,6.395,13812000000.0,0.0,30.12,1.153,1.141,72080000000.0,85726000000.0,101861000000.0,101861000000.0,0.0,0.008,0.103,0.01,0.27,2819000000.0,48230000000.0,1.0,3899050011.0,3859600000.0,3872200000.0,26.392,2237664000000.0,0.0,8935000000.0,0.0,579.766,
40,JPM,MRT,2011-06-30,2011-06-30,2011-06-30,2021-09-07,1638000000.0,2246764000000.0,2176031250000.0,,,0.047,46.2,0.0,200346000000.0,200346000000.0,0.0,20235000000.0,,11.286,614720000000.0,,,614720000000.0,0.0,5105000000.0,1048685000000.0,0.01,0.4,27797000000.0,32902000000.0,0.323,32902000000.0,27797000000.0,27797000000.0,4.71,4.68,4.71,182879000000.0,178353250000.0,182879000000.0,696157655180.0,25.0,21.159,9246000000.0,2.336,1.0,101922000000.0,1.0,52561000000.0,0.0,2608577000000.0,2653450000000.0,0.0,1791777000000.0,,,2063885000000.0,,,162682655180.0,-2340000000.0,-4918000000.0,-6439000000.0,11880000000.0,-2306000000.0,152432000000.0,-165479000000.0,-158763000000.0,9246000000.0,1461000000.0,18633000000.0,18633000000.0,18633000000.0,0.0,1602000000.0,0.183,63278000000.0,38644000000.0,184490000000.0,0.085,0.89,8.731,8.692,13679000000.0,0.0,40.94,1.596,1.59,80292000000.0,82612000000.0,101922000000.0,101922000000.0,0.0,0.009,0.104,0.01,0.273,3034000000.0,47451000000.0,1.0,3973684787.0,3958400000.0,3983200000.0,25.748,2194203000000.0,0.0,9164000000.0,0.0,554.316,
41,JPM,MRT,2011-03-31,2011-03-31,2011-03-31,2021-09-07,712000000.0,2198161000000.0,2117845000000.0,,,0.047,45.358,0.0,104311000000.0,104311000000.0,0.0,19599000000.0,,11.172,637786000000.0,,,637786000000.0,0.0,5035000000.0,995829000000.0,0.004,0.2,26709000000.0,31744000000.0,0.317,31744000000.0,26709000000.0,26709000000.0,4.53,4.5,4.53,180598000000.0,175413500000.0,180598000000.0,751384805883.0,28.0,23.67,-27125000000.0,-6.813,1.0,100244000000.0,1.0,52713000000.0,0.0,2678923000000.0,2616523500000.0,0.0,1841643000000.0,,,2017563000000.0,,,183639805883.0,-7953000000.0,-4921000000.0,-3094000000.0,-48676000000.0,-1479000000.0,16088000000.0,2054000000.0,7736000000.0,-27125000000.0,1030000000.0,17929000000.0,17929000000.0,17929000000.0,0.0,1670000000.0,0.179,61067000000.0,39177000000.0,171638000000.0,0.044,1.017,10.243,10.177,13422000000.0,0.0,46.1,1.832,1.831,79236000000.0,78342000000.0,100244000000.0,100244000000.0,0.0,0.008,0.102,0.01,0.266,3140000000.0,47097000000.0,1.0,3983509889.0,3981600000.0,4014100000.0,25.177,2145448000000.0,0.0,8780000000.0,0.0,538.841,
42,JPM,MRT,2010-12-31,2010-12-31,2010-12-31,2021-09-07,1001000000.0,2117605000000.0,2102253750000.0,,,0.049,44.513,0.0,49240000000.0,49240000000.0,0.0,17370000000.0,,11.025,616985000000.0,,,616985000000.0,0.0,4965000000.0,930369000000.0,0.005,0.2,23253000000.0,28218000000.0,0.275,28218000000.0,23253000000.0,23253000000.0,3.98,3.96,3.98,176106000000.0,171444250000.0,176106000000.0,770793476133.0,33.0,27.316,-3752000000.0,-0.948,1.0,102694000000.0,1.0,52893000000.0,0.0,2632457000000.0,2609338000000.0,0.0,1826679000000.0,,,1941499000000.0,,,165827476133.0,1361000000.0,-4910000000.0,-2999000000.0,-35529000000.0,-1486000000.0,-49217000000.0,54002000000.0,59026000000.0,-3752000000.0,328000000.0,15764000000.0,15764000000.0,15764000000.0,0.0,1606000000.0,0.154,61196000000.0,41498000000.0,170330000000.0,0.05,0.942,10.519,10.658,13355000000.0,0.0,42.42,1.615,1.634,70147000000.0,73998000000.0,102694000000.0,102694000000.0,0.0,0.007,0.092,0.009,0.226,3251000000.0,45702000000.0,1.0,3909181427.0,3956300000.0,3976900000.0,25.957,2064712000000.0,0.0,7489000000.0,0.0,521.88,
43,JPM,MRT,2010-09-30,2010-09-30,2010-09-30,2021-09-07,3096000000.0,2141595000000.0,2080849750000.0,,,0.048,43.96,0.0,55037000000.0,55037000000.0,0.0,15817000000.0,,11.32,660003000000.0,,,660003000000.0,0.0,5297000000.0,903138000000.0,0.005,0.2,20211000000.0,25508000000.0,0.256,25508000000.0,20211000000.0,20211000000.0,3.62,3.59,3.62,173830000000.0,168759000000.0,173830000000.0,650264271206.0,32.0,25.493,7050000000.0,1.783,1.0,99760000000.0,1.0,52718000000.0,0.0,2693843000000.0,2579933750000.0,0.0,1845113000000.0,,,1967765000000.0,,,150914271206.0,2892000000.0,-4803000000.0,-2312000000.0,-54814000000.0,-1491000000.0,-17094000000.0,12481000000.0,16120000000.0,7050000000.0,455000000.0,14305000000.0,14305000000.0,14305000000.0,0.0,1512000000.0,0.143,57157000000.0,42603000000.0,169365000000.0,0.055,0.868,10.55,10.514,11316000000.0,0.0,38.06,1.513,1.509,63224000000.0,69531000000.0,99760000000.0,99760000000.0,0.0,0.007,0.085,0.008,0.203,3447000000.0,43971000000.0,1.0,3965167399.0,3954300000.0,3971900000.0,25.228,2088877000000.0,0.0,5906000000.0,0.0,528.255,
44,JPM,MRT,2010-06-30,2010-06-30,2010-06-30,2021-09-07,2404000000.0,2014019000000.0,2055703250000.0,,,0.05,42.957,0.0,72236000000.0,72236000000.0,0.0,14987000000.0,,10.77,571586000000.0,,,571586000000.0,0.0,5021000000.0,887805000000.0,0.005,0.2,19198000000.0,24219000000.0,0.236,24219000000.0,19198000000.0,19198000000.0,3.42,3.4,3.42,171120000000.0,165864750000.0,171120000000.0,712786987230.0,37.0,29.431,65265000000.0,16.384,1.0,102558000000.0,1.0,52498000000.0,0.0,2460871000000.0,2555025250000.0,0.0,1706334000000.0,,,1842899000000.0,,,145659987230.0,7673000000.0,-85000000.0,-135000000.0,-135792000000.0,-1486000000.0,-124155000000.0,66764000000.0,65584000000.0,65265000000.0,-201000000.0,13526000000.0,13526000000.0,13526000000.0,0.0,1461000000.0,0.132,56214000000.0,46344000000.0,160478000000.0,0.058,0.851,10.769,10.705,11267000000.0,0.0,36.61,1.42,1.422,61295000000.0,65465000000.0,102558000000.0,102558000000.0,0.0,0.007,0.082,0.008,0.187,3457000000.0,44204000000.0,1.0,3978693997.0,3983500000.0,4005600000.0,25.746,1961521000000.0,0.0,5672000000.0,0.0,492.411,
45,JPM,MRT,2010-03-31,2010-03-31,2010-03-31,2021-09-07,761000000.0,2135796000000.0,2058859000000.0,,,0.05,41.486,0.0,90436000000.0,90436000000.0,0.0,12913000000.0,,11.966,657563000000.0,,,657563000000.0,0.0,4876000000.0,925303000000.0,0.004,0.2,14946000000.0,19822000000.0,0.192,19822000000.0,14946000000.0,14946000000.0,2.6,2.59,2.6,164721000000.0,161776250000.0,164721000000.0,713422577083.0,48.0,35.991,89435000000.0,22.525,1.0,103080000000.0,1.0,52742000000.0,0.0,2650181000000.0,2583759500000.0,0.0,1818512000000.0,,,1971075000000.0,,,177593577083.0,4741000000.0,-10000000.0,5756000000.0,-52819000000.0,-1843000000.0,-96747000000.0,11867000000.0,12312000000.0,89435000000.0,186000000.0,10235000000.0,10235000000.0,10235000000.0,0.0,2678000000.0,0.099,55103000000.0,47977000000.0,154185000000.0,0.077,1.078,17.352,17.192,11123000000.0,0.0,44.7,1.723,1.722,53991000000.0,61043000000.0,103080000000.0,103080000000.0,0.0,0.005,0.063,0.006,0.145,3508000000.0,43149000000.0,1.0,3973010673.0,3970500000.0,3994700000.0,25.961,2083054000000.0,0.0,4711000000.0,0.0,524.633,
46,JPM,MRT,2009-12-31,2009-12-31,2009-12-31,2021-09-07,-91000000.0,2031989000000.0,2044707000000.0,,,0.049,42.81,0.0,89436000000.0,89436000000.0,0.0,11728000000.0,,11.288,625265000000.0,,,625265000000.0,0.0,4358000000.0,938367000000.0,0.013,0.53,13189000000.0,17547000000.0,0.175,17547000000.0,13189000000.0,13189000000.0,2.27,2.26,2.27,165365000000.0,163144500000.0,165365000000.0,770406025057.0,58.0,43.905,122797000000.0,31.79,1.0,100434000000.0,1.0,52978000000.0,0.0,2514840000000.0,2570243250000.0,0.0,1703939000000.0,,,1866624000000.0,,,164010025057.0,-689000000.0,-97000000.0,5756000000.0,-16530000000.0,-3422000000.0,-153079000000.0,29355000000.0,30214000000.0,122797000000.0,238000000.0,8774000000.0,8774000000.0,8774000000.0,0.0,2954000000.0,0.087,52352000000.0,48082000000.0,162696000000.0,0.233,0.992,18.693,18.335,11118000000.0,0.0,41.62,1.633,1.601,67427000000.0,62481000000.0,100434000000.0,100434000000.0,0.0,0.004,0.054,0.005,0.131,3355000000.0,43227000000.0,1.0,3940654134.0,3862800000.0,3879700000.0,26.0,1979011000000.0,0.0,4415000000.0,0.0,512.326,
47,JPM,MRT,2009-09-30,2009-09-30,2009-09-30,2021-09-07,283000000.0,2041009000000.0,2080472750000.0,,,0.045,41.203,0.0,80691000000.0,80691000000.0,0.0,9152000000.0,,11.579,687087000000.0,,,687087000000.0,0.0,4024000000.0,867977000000.0,0.02,0.86,9179000000.0,13203000000.0,0.14,13203000000.0,9179000000.0,9179000000.0,1.54,1.55,1.54,162253000000.0,163524250000.0,162253000000.0,774861346275.0,84.0,58.688,102409000000.0,26.006,1.0,94496000000.0,1.0,53196000000.0,0.0,2594209000000.0,2589004250000.0,0.0,1732542000000.0,,,1878756000000.0,,,172325346275.0,-33282000000.0,26000000.0,5756000000.0,-25021000000.0,-4817000000.0,-109244000000.0,-26547000000.0,-28069000000.0,102409000000.0,100000000.0,6081000000.0,6081000000.0,6081000000.0,0.0,3071000000.0,0.064,51603000000.0,42893000000.0,171386000000.0,0.558,1.062,28.338,28.455,10675000000.0,0.0,43.82,1.824,1.826,59948000000.0,59573000000.0,94496000000.0,94496000000.0,0.0,0.003,0.037,0.004,0.097,2987000000.0,43277000000.0,1.0,3932572941.0,3937900000.0,3962000000.0,23.997,1987813000000.0,0.0,3098000000.0,0.0,504.79,
48,JPM,MRT,2009-06-30,2009-06-30,2009-06-30,2021-09-07,-3438000000.0,2026642000000.0,2133087750000.0,,,0.039,40.605,0.0,87015000000.0,87015000000.0,0.0,6091000000.0,,12.095,689551000000.0,,,689551000000.0,0.0,4142000000.0,866477000000.0,0.035,1.19,2573000000.0,6715000000.0,0.081,6715000000.0,2573000000.0,2573000000.0,0.81,0.82,0.81,154766000000.0,159421750000.0,154766000000.0,698702960391.0,272.0,104.051,103216000000.0,27.08,1.0,82611000000.0,1.0,53370000000.0,0.0,2575808000000.0,2643692000000.0,0.0,1695751000000.0,,,1871876000000.0,,,128224960391.0,-7122000000.0,1666000000.0,17256000000.0,67983000000.0,-5929000000.0,83797000000.0,-193324000000.0,-197097000000.0,103216000000.0,-811000000.0,3159000000.0,3159000000.0,3159000000.0,0.0,2932000000.0,0.038,49285000000.0,33326000000.0,171685000000.0,1.469,0.829,40.59,42.111,10668000000.0,0.0,34.11,1.552,1.574,61302000000.0,56355000000.0,82611000000.0,82611000000.0,0.0,0.001,0.02,0.001,0.031,2921000000.0,41586000000.0,1.0,3759160375.0,3811500000.0,3824100000.0,21.674,1973272000000.0,0.0,-586000000.0,0.0,517.715,
49,JPM,MRT,2009-03-31,2009-03-31,2009-03-31,2021-09-07,-4490000000.0,2079188000000.0,2070344750000.0,,,0.036,45.316,0.0,116546000000.0,116546000000.0,0.0,5373000000.0,,11.217,687024000000.0,,,687024000000.0,0.0,4291000000.0,906969000000.0,0.057,1.52,2757000000.0,7048000000.0,0.093,7048000000.0,2757000000.0,2757000000.0,1.07,1.07,1.07,170194000000.0,154024250000.0,170194000000.0,568325598443.0,206.0,80.636,77109000000.0,20.531,1.0,75387000000.0,1.0,53550000000.0,0.0,2596116000000.0,2554624250000.0,0.0,1740222000000.0,,,1908994000000.0,,,99885598443.0,-20207000000.0,1235000000.0,11656000000.0,53360000000.0,-6424000000.0,115401000000.0,-211552000000.0,-241232000000.0,77109000000.0,-1165000000.0,3930000000.0,3930000000.0,3930000000.0,0.0,1443000000.0,0.052,47942000000.0,27445000000.0,165521000000.0,1.421,0.587,25.416,24.841,10336000000.0,0.0,26.58,1.325,1.324,52168000000.0,55487000000.0,75387000000.0,75387000000.0,0.0,0.002,0.026,0.001,0.037,2765000000.0,41137000000.0,1.0,3757923192.0,3755700000.0,3758700000.0,20.073,2025638000000.0,0.0,-1173000000.0,0.0,539.35,
50,JPM,MRT,2008-12-31,2008-12-31,2008-12-31,2021-09-07,-5687000000.0,2175052000000.0,1961263250000.0,,,0.034,47.668,0.0,165034000000.0,165034000000.0,0.0,5605000000.0,,12.033,633474000000.0,,,633474000000.0,0.0,4528000000.0,1009277000000.0,0.048,1.52,3816000000.0,8344000000.0,0.124,8344000000.0,3816000000.0,3816000000.0,1.35,1.35,1.35,166884000000.0,142882500000.0,166884000000.0,730773233047.0,192.0,87.581,23930000000.0,6.835,1.0,67252000000.0,1.0,53608000000.0,0.0,2589884000000.0,2407830750000.0,0.0,1774178000000.0,,,2008168000000.0,,,117681233047.0,-13249000000.0,2128000000.0,11500000000.0,31532000000.0,-5911000000.0,246999000000.0,-283671000000.0,-313715000000.0,23930000000.0,-507000000.0,4742000000.0,4742000000.0,4742000000.0,0.0,863000000.0,0.071,43500000000.0,23752000000.0,187978000000.0,1.126,0.705,24.817,23.356,10045000000.0,0.0,31.53,1.75,1.641,60987000000.0,54013000000.0,67252000000.0,67252000000.0,0.0,0.002,0.033,0.002,0.057,2637000000.0,38065000000.0,1.0,3732357534.0,3501000000.0,3522000000.0,19.209,2121444000000.0,0.0,-926000000.0,0.0,605.954,
51,JPM,MRT,2008-09-30,2008-09-30,2008-09-30,2021-09-07,-2227000000.0,2251469000000.0,1808037000000.0,,,0.037,42.34,0.0,88722000000.0,88722000000.0,0.0,7874000000.0,,14.438,701814000000.0,,,701814000000.0,0.0,4311000000.0,969783000000.0,0.033,1.52,7928000000.0,12239000000.0,0.182,12239000000.0,7928000000.0,7928000000.0,2.05,2.1,2.05,145843000000.0,131966750000.0,145843000000.0,656028751422.0,83.0,53.601,3158000000.0,0.917,1.0,67410000000.0,1.0,51601000000.0,0.0,2812960000000.0,2233111500000.0,0.0,1816131000000.0,,,2105626000000.0,,,160509751422.0,21584000000.0,2162000000.0,9814000000.0,100509000000.0,-5343000000.0,271060000000.0,-252396000000.0,-278622000000.0,3158000000.0,-238000000.0,6984000000.0,6984000000.0,6984000000.0,0.0,890000000.0,0.104,42965000000.0,24445000000.0,260563000000.0,0.741,1.101,22.982,22.78,9962000000.0,0.0,46.7,2.381,2.386,104232000000.0,55217000000.0,67410000000.0,67410000000.0,0.0,0.004,0.053,0.004,0.118,2601000000.0,37664000000.0,1.0,3437039645.0,3444600000.0,3444600000.0,19.57,2199868000000.0,0.0,944000000.0,0.0,638.643,
52,JPM,MRT,2008-06-30,2008-06-30,2008-06-30,2021-09-07,-1566000000.0,1775670000000.0,1615063500000.0,,,0.043,38.87,0.0,49405000000.0,49405000000.0,0.0,10720000000.0,,12.333,544924000000.0,,,544924000000.0,0.0,4153000000.0,722905000000.0,0.044,1.52,14743000000.0,18896000000.0,0.275,18896000000.0,14743000000.0,14743000000.0,2.96,2.98,2.96,133176000000.0,125500500000.0,133176000000.0,535297727657.0,36.0,28.329,-20231000000.0,-5.905,1.0,68785000000.0,1.0,51652000000.0,0.0,2219537000000.0,1980096250000.0,0.0,1506711000000.0,,,1642494000000.0,,,117567727657.0,-3194000000.0,444000000.0,-3606000000.0,15918000000.0,-5310000000.0,116431000000.0,-99953000000.0,-121776000000.0,-20231000000.0,559000000.0,10039000000.0,10039000000.0,10039000000.0,0.0,681000000.0,0.146,41155000000.0,27630000000.0,171004000000.0,0.514,0.883,11.711,11.591,10333000000.0,0.0,34.31,1.709,1.709,64294000000.0,56313000000.0,68785000000.0,68785000000.0,0.0,0.006,0.08,0.007,0.214,2394000000.0,36129000000.0,1.0,3426631526.0,3426200000.0,3453100000.0,20.076,1724018000000.0,0.0,4704000000.0,0.0,503.187,
53,JPM,MRT,2008-03-31,2008-03-31,2008-03-31,2021-09-07,-512000000.0,1642862000000.0,1535656500000.0,,,0.045,36.993,0.0,59302000000.0,59302000000.0,0.0,12951000000.0,,12.077,477032000000.0,,,477032000000.0,0.0,3868000000.0,761626000000.0,0.034,1.48,18487000000.0,22355000000.0,0.323,22355000000.0,18487000000.0,18487000000.0,3.66,3.65,3.66,125627000000.0,122009250000.0,125627000000.0,526110352584.0,28.0,23.534,-61465000000.0,-18.099,1.0,69294000000.0,1.0,51650000000.0,0.0,2008942000000.0,1865565000000.0,0.0,1404846000000.0,,,1517235000000.0,,,145881352584.0,15052000000.0,732000000.0,-4990000000.0,45419000000.0,-5163000000.0,206602000000.0,-130835000000.0,-127300000000.0,-61465000000.0,750000000.0,12430000000.0,12430000000.0,12430000000.0,0.0,521000000.0,0.179,40006000000.0,29288000000.0,106088000000.0,0.404,1.161,11.736,11.735,9457000000.0,0.0,42.95,2.105,2.105,50989000000.0,55762000000.0,69294000000.0,69294000000.0,0.0,0.008,0.102,0.01,0.267,2174000000.0,35254000000.0,1.0,3396539059.0,3396000000.0,3423300000.0,20.405,1591212000000.0,0.0,6057000000.0,0.0,468.555,
54,JPM,MRT,2007-12-31,2007-12-31,2007-12-31,2021-09-07,-917000000.0,1562147000000.0,1477170500000.0,,,0.048,36.199,0.0,51610000000.0,51610000000.0,0.0,15365000000.0,,11.678,431839000000.0,,,431839000000.0,0.0,3821000000.0,740728000000.0,0.033,1.44,22367000000.0,26188000000.0,0.367,26188000000.0,22367000000.0,22367000000.0,4.38,4.33,4.38,123221000000.0,120028500000.0,123221000000.0,519667261652.0,23.0,19.844,-110560000000.0,-32.479,1.0,71372000000.0,1.0,51369000000.0,0.0,1891007000000.0,1791712500000.0,0.0,1350712000000.0,,,1438926000000.0,,,146622261652.0,-268000000.0,-70000000.0,-8178000000.0,79310000000.0,-5051000000.0,184056000000.0,-74188000000.0,-69145000000.0,-110560000000.0,424000000.0,14927000000.0,14927000000.0,14927000000.0,0.0,438000000.0,0.209,41703000000.0,29669000000.0,94476000000.0,0.329,1.19,9.823,9.966,9319000000.0,0.0,43.65,2.054,2.082,24823000000.0,54715000000.0,71372000000.0,71372000000.0,0.0,0.01,0.124,0.012,0.313,2025000000.0,36286000000.0,1.0,3359043795.0,3404000000.0,3445000000.0,20.967,1510778000000.0,0.0,7440000000.0,0.0,443.824,
55,JPM,MRT,2007-09-30,2007-09-30,2007-09-30,2021-09-07,-1830000000.0,1479575000000.0,1424513750000.0,,,0.049,35.54,0.0,59480000000.0,59480000000.0,0.0,16920000000.0,,11.332,432525000000.0,,,432525000000.0,0.0,3757000000.0,678091000000.0,0.031,1.4,24477000000.0,28234000000.0,0.402,28234000000.0,24477000000.0,24477000000.0,4.92,4.77,4.92,119978000000.0,118170750000.0,119978000000.0,510368101020.0,21.0,18.076,-95829000000.0,-28.386,1.0,70181000000.0,1.0,51721000000.0,0.0,1800899000000.0,1716404250000.0,0.0,1265953000000.0,,,1359597000000.0,,,155050101020.0,-3513000000.0,-537000000.0,-7029000000.0,61917000000.0,-4944000000.0,127304000000.0,-35326000000.0,-29866000000.0,-95829000000.0,338000000.0,16920000000.0,16920000000.0,16920000000.0,-620000000.0,0.0,0.241,40868000000.0,29313000000.0,86524000000.0,0.285,1.292,9.164,9.313,8892000000.0,0.0,45.82,2.209,2.204,26401000000.0,53064000000.0,70181000000.0,70181000000.0,0.0,0.012,0.143,0.014,0.349,1954000000.0,35648000000.0,1.0,3383895701.0,3375900000.0,3477700000.0,20.789,1427854000000.0,0.0,7557000000.0,0.0,422.955,
56,JPM,MRT,2007-06-30,2007-06-30,2007-06-30,2021-09-07,-2080000000.0,1458042000000.0,1389127250000.0,,,0.05,34.907,0.0,77185000000.0,77185000000.0,0.0,16844000000.0,,11.231,432503000000.0,,,432503000000.0,0.0,3660000000.0,651370000000.0,0.028,1.36,24479000000.0,28139000000.0,0.404,28139000000.0,24479000000.0,24479000000.0,4.87,4.72,4.87,119211000000.0,116566500000.0,119211000000.0,522150770684.0,21.0,18.556,-62195000000.0,-18.212,1.0,69614000000.0,1.0,51948000000.0,0.0,1761412000000.0,1665404000000.0,0.0,1234621000000.0,,,1338831000000.0,,,165510770684.0,-2941000000.0,778000000.0,-5518000000.0,85257000000.0,-4822000000.0,112888000000.0,-202105000000.0,-51872000000.0,-62195000000.0,149000000.0,16844000000.0,16844000000.0,16844000000.0,-685000000.0,0.0,0.242,41337000000.0,28277000000.0,84785000000.0,0.279,1.388,9.826,9.949,9044000000.0,0.0,48.45,2.378,2.377,26716000000.0,51011000000.0,69614000000.0,69614000000.0,0.0,0.012,0.145,0.015,0.352,2010000000.0,36068000000.0,1.0,3416114978.0,3415100000.0,3521600000.0,20.384,1406094000000.0,0.0,7635000000.0,0.0,411.728,
57,JPM,MRT,2007-03-31,2007-03-31,2007-03-31,2021-09-07,-1482000000.0,1408918000000.0,1356617000000.0,,,0.048,34.054,0.0,62809000000.0,62809000000.0,0.0,16150000000.0,,10.97,419449000000.0,,,419449000000.0,0.0,3616000000.0,626428000000.0,0.028,1.36,23395000000.0,27011000000.0,0.411,27011000000.0,23395000000.0,23395000000.0,4.65,4.51,4.65,117704000000.0,114434750000.0,117704000000.0,458786653309.0,20.0,16.985,-81956000000.0,-23.711,1.0,65792000000.0,1.0,52026000000.0,0.0,1713532000000.0,1616287000000.0,0.0,1206656000000.0,,,1291214000000.0,,,168040653309.0,-5067000000.0,848000000.0,-4725000000.0,115731000000.0,-4838000000.0,153671000000.0,-76972000000.0,-77739000000.0,-81956000000.0,190000000.0,16150000000.0,16150000000.0,16150000000.0,-741000000.0,0.0,0.245,39691000000.0,26101000000.0,87603000000.0,0.292,1.428,10.405,10.404,8728000000.0,0.0,48.38,2.554,2.542,23663000000.0,48105000000.0,65792000000.0,65792000000.0,0.0,0.012,0.141,0.014,0.356,2040000000.0,34778000000.0,1.0,3473349593.0,3456400000.0,3559500000.0,19.035,1356892000000.0,0.0,7245000000.0,0.0,392.574,
58,JPM,MRT,2006-12-31,2006-12-31,2006-12-31,2021-09-07,-1557000000.0,1351520000000.0,1322708000000.0,,,0.047,33.369,0.0,53959000000.0,53959000000.0,0.0,14444000000.0,,10.672,344705000000.0,,,344705000000.0,0.0,3577000000.0,638788000000.0,0.028,1.36,20677000000.0,24254000000.0,0.391,24254000000.0,20677000000.0,20677000000.0,4.16,4.04,4.16,115790000000.0,112093000000.0,115790000000.0,476851658407.0,23.0,19.661,-49579000000.0,-14.288,1.0,61999000000.0,1.0,52492000000.0,0.0,1589774000000.0,1557482000000.0,0.0,1155319000000.0,,,1235730000000.0,,,167550658407.0,3742000000.0,185000000.0,-2279000000.0,71359000000.0,-4846000000.0,152749000000.0,-99627000000.0,-101651000000.0,-49579000000.0,199000000.0,14440000000.0,14440000000.0,14440000000.0,-795000000.0,4000000.0,0.233,38843000000.0,23156000000.0,88096000000.0,0.327,1.447,11.603,11.611,8735000000.0,0.0,48.3,2.702,2.703,22891000000.0,43600000000.0,61999000000.0,61999000000.0,0.0,0.011,0.129,0.013,0.334,2368000000.0,33838000000.0,1.0,3468957731.0,3470000000.0,3574000000.0,17.867,1299028000000.0,0.0,6237000000.0,0.0,374.36,
59,JPM,MRT,2006-09-30,2006-09-30,2006-09-30,2021-09-07,-526000000.0,1338029000000.0,1284563500000.0,,,0.047,32.74,0.0,53409000000.0,53409000000.0,0.0,12616000000.0,,10.782,362710000000.0,,,362710000000.0,0.0,3643000000.0,582115000000.0,0.029,1.36,18765000000.0,22408000000.0,0.375,22408000000.0,18765000000.0,18765000000.0,3.64,3.53,3.64,113561000000.0,109948250000.0,113561000000.0,450828215536.0,24.0,20.119,-24342000000.0,-7.018,1.0,59788000000.0,1.0,50432000000.0,0.0,1596898000000.0,1499797500000.0,0.0,1149891000000.0,,,1224468000000.0,,,163018215536.0,3243000000.0,116000000.0,-2490000000.0,73231000000.0,-4846000000.0,142766000000.0,-115306000000.0,-119251000000.0,-24342000000.0,125000000.0,12610000000.0,12610000000.0,12610000000.0,-231000000.0,6000000.0,0.211,37888000000.0,21900000000.0,73585000000.0,0.374,1.436,12.928,12.901,8553000000.0,0.0,46.96,2.727,2.724,21178000000.0,40283000000.0,59788000000.0,59788000000.0,0.0,0.01,0.115,0.013,0.314,2405000000.0,33019000000.0,1.0,3471427077.0,3468600000.0,3574000000.0,17.237,1287597000000.0,0.0,6155000000.0,0.0,371.215,
60,JPM,MRT,2006-06-30,2006-06-30,2006-06-30,2021-09-07,-1218000000.0,1328001000000.0,1250814500000.0,,,0.047,31.863,0.0,52827000000.0,52827000000.0,0.0,11846000000.0,,10.998,340637000000.0,,,340637000000.0,0.0,3817000000.0,593716000000.0,0.032,1.36,17479000000.0,21296000000.0,0.364,21296000000.0,17479000000.0,17479000000.0,3.41,3.32,3.41,110684000000.0,108091750000.0,110684000000.0,402935248344.0,23.0,18.921,-45833000000.0,-13.194,1.0,58508000000.0,1.0,50867000000.0,0.0,1564944000000.0,1448587750000.0,0.0,1134765000000.0,,,1217317000000.0,,,145931248344.0,3298000000.0,-1289000000.0,-2490000000.0,64871000000.0,-4857000000.0,142483000000.0,54958000000.0,-98030000000.0,-45833000000.0,12000000.0,11837000000.0,11837000000.0,11837000000.0,-224000000.0,9000000.0,0.202,37451000000.0,21057000000.0,82569000000.0,0.399,1.318,12.328,12.317,8910000000.0,0.0,42.0,2.494,2.494,24418000000.0,38208000000.0,58508000000.0,58508000000.0,0.0,0.009,0.11,0.012,0.299,2201000000.0,32395000000.0,1.0,3474553532.0,3473800000.0,3572200000.0,16.843,1277134000000.0,0.0,5642000000.0,0.0,367.648,
61,JPM,MRT,2006-03-31,2006-03-31,2006-03-31,2021-09-07,-1017000000.0,1273282000000.0,1211635000000.0,,,0.046,31.197,0.0,47448000000.0,47448000000.0,0.0,9300000000.0,,10.753,304452000000.0,,,304452000000.0,0.0,3990000000.0,584465000000.0,0.033,1.36,13429000000.0,17419000000.0,0.311,17419000000.0,13429000000.0,13429000000.0,2.67,2.61,2.67,108337000000.0,106767000000.0,108337000000.0,356960461731.0,27.0,20.493,-37791000000.0,-10.882,1.0,55970000000.0,1.0,51974000000.0,0.0,1478312000000.0,1395055500000.0,0.0,1094059000000.0,,,1164945000000.0,,,145138461731.0,-690000000.0,-1398000000.0,-2502000000.0,29945000000.0,-4866000000.0,78147000000.0,-40834000000.0,-43731000000.0,-37791000000.0,-212000000.0,9288000000.0,9288000000.0,9288000000.0,-225000000.0,12000000.0,0.166,38867000000.0,17103000000.0,73693000000.0,0.509,1.34,15.626,15.596,8985000000.0,0.0,41.64,2.593,2.584,21657000000.0,35892000000.0,55970000000.0,55970000000.0,0.0,0.008,0.087,0.01,0.24,2021000000.0,31422000000.0,1.0,3485553836.0,3472700000.0,3570800000.0,16.117,1221308000000.0,0.0,4141000000.0,0.0,351.688,
62,JPM,MRT,2005-12-31,2005-12-31,2005-12-31,2021-09-07,-626000000.0,1198942000000.0,1187890750000.0,,,0.046,30.702,0.0,58331000000.0,58331000000.0,0.0,8483000000.0,,10.183,270153000000.0,,,270153000000.0,0.0,4318000000.0,554991000000.0,0.034,1.36,12055000000.0,16373000000.0,0.302,16373000000.0,12055000000.0,12055000000.0,2.43,2.38,2.43,107211000000.0,106017750000.0,107211000000.0,379949870164.0,32.0,23.206,-30236000000.0,-8.659,1.0,54248000000.0,1.0,51728000000.0,0.0,1359036000000.0,1361623500000.0,0.0,1009186000000.0,,,1091731000000.0,,,138877870164.0,1502000000.0,-1039000000.0,-2730000000.0,17594000000.0,-4878000000.0,45069000000.0,-12944000000.0,-16701000000.0,-30236000000.0,-387000000.0,8470000000.0,8470000000.0,8470000000.0,-229000000.0,13000000.0,0.156,38926000000.0,15322000000.0,78460000000.0,0.56,1.295,16.396,16.333,9081000000.0,0.0,39.69,2.56,2.555,22421000000.0,33848000000.0,54248000000.0,54248000000.0,0.0,0.007,0.08,0.009,0.222,1563000000.0,30515000000.0,1.0,3499064504.0,3492000000.0,3557000000.0,15.535,1147214000000.0,0.0,3585000000.0,0.0,328.526,
63,JPM,MRT,2005-09-30,2005-09-30,2005-09-30,2021-09-07,-602000000.0,1203033000000.0,1177467250000.0,,,0.045,30.455,0.0,47373000000.0,47373000000.0,0.0,7451000000.0,,10.335,288445000000.0,,,288445000000.0,0.0,4486000000.0,535123000000.0,0.04,1.36,10473000000.0,14959000000.0,0.284,14959000000.0,10473000000.0,10473000000.0,2.14,2.11,2.14,106135000000.0,105628250000.0,106135000000.0,351106800313.0,34.0,23.471,-14911000000.0,-4.279,1.0,52685000000.0,1.0,52046000000.0,0.0,1392059000000.0,1347550000000.0,0.0,1014702000000.0,,,1096898000000.0,,,119190800313.0,2221000000.0,-920000000.0,-3178000000.0,-1263000000.0,-4905000000.0,31619000000.0,-14404000000.0,-19933000000.0,-14911000000.0,-83000000.0,7427000000.0,7427000000.0,7427000000.0,-321000000.0,24000000.0,0.141,39093000000.0,13592000000.0,74698000000.0,0.636,1.123,16.048,15.855,9297000000.0,0.0,33.93,2.262,2.244,28872000000.0,32350000000.0,52685000000.0,52685000000.0,0.0,0.006,0.07,0.008,0.199,2377000000.0,30100000000.0,1.0,3512844100.0,3485000000.0,3547700000.0,15.118,1150987000000.0,0.0,3046000000.0,0.0,330.269,
64,JPM,MRT,2005-06-30,2005-06-30,2005-06-30,2021-09-07,-61000000.0,1171283000000.0,1161326250000.0,,,0.044,30.17,0.0,44172000000.0,44172000000.0,0.0,6342000000.0,,10.114,276088000000.0,,,276088000000.0,0.0,4623000000.0,534640000000.0,0.039,1.36,8703000000.0,13326000000.0,0.262,13326000000.0,8703000000.0,8703000000.0,1.82,1.79,1.82,105385000000.0,105557750000.0,105385000000.0,343216589819.0,39.0,25.755,-40431000000.0,-11.575,1.0,50925000000.0,1.0,52384000000.0,0.0,1350815000000.0,1327584750000.0,0.0,987265000000.0,,,1065898000000.0,,,124280589819.0,11567000000.0,13790000000.0,-2215000000.0,-11710000000.0,-4922000000.0,3535000000.0,48421000000.0,29439000000.0,-40431000000.0,42000000.0,6308000000.0,6308000000.0,6308000000.0,-263000000.0,34000000.0,0.124,39111000000.0,11814000000.0,77064000000.0,0.747,1.179,19.702,19.407,9354000000.0,0.0,35.32,2.44,2.423,24245000000.0,31032000000.0,50925000000.0,50925000000.0,0.0,0.005,0.06,0.007,0.171,2035000000.0,29508000000.0,1.0,3518702996.0,3493000000.0,3548300000.0,14.579,1118899000000.0,0.0,2395000000.0,0.0,320.326,
65,JPM,MRT,2005-03-31,2005-03-31,2005-03-31,2021-09-07,-623000000.0,1178305000000.0,1072946250000.0,,,0.044,29.947,0.0,51924000000.0,51924000000.0,0.0,4800000000.0,,10.186,270860000000.0,,,270860000000.0,0.0,4238000000.0,531379000000.0,0.039,1.36,6398000000.0,10636000000.0,0.226,10636000000.0,6398000000.0,6398000000.0,1.27,1.24,1.27,105340000000.0,90696750000.0,105340000000.0,321259058683.0,50.0,30.205,10326000000.0,2.936,1.0,47008000000.0,1.0,52657000000.0,0.0,1344584000000.0,1233866500000.0,0.0,989503000000.0,,,1072965000000.0,,,122958058683.0,18174000000.0,13584000000.0,-1559000000.0,-10414000000.0,-4434000000.0,2255000000.0,5609000000.0,-12411000000.0,10326000000.0,-16000000.0,4756000000.0,4756000000.0,4756000000.0,-206000000.0,44000000.0,0.101,37816000000.0,9192000000.0,72183000000.0,1.071,1.167,25.853,27.244,9344000000.0,0.0,34.6,2.616,2.589,21098000000.0,31253000000.0,47008000000.0,47008000000.0,0.0,0.004,0.052,0.005,0.136,1677000000.0,27296000000.0,1.0,3553701118.0,3517500000.0,3569800000.0,13.364,1125648000000.0,0.0,1642000000.0,0.0,320.014,
66,JPM,MRT,2004-12-31,2004-12-31,2004-12-31,2021-09-07,-208000000.0,1157248000000.0,978639500000.0,,,0.043,38.005,0.0,56848000000.0,56848000000.0,0.0,4466000000.0,,9.953,255149000000.0,,,255149000000.0,0.0,3835000000.0,521456000000.0,0.035,1.36,6010000000.0,9845000000.0,0.232,9845000000.0,6010000000.0,6010000000.0,1.59,1.55,1.59,105653000000.0,76387000000.0,105653000000.0,365647689510.0,61.0,37.14,-15147000000.0,-5.449,1.0,42372000000.0,1.0,52807000000.0,0.0,1302742000000.0,1138240500000.0,0.0,971439000000.0,,,1051595000000.0,,,138971689510.0,14900000000.0,13864000000.0,110000000.0,12027000000.0,-3927000000.0,59596000000.0,-29734000000.0,-46117000000.0,-15147000000.0,185000000.0,4414000000.0,4414000000.0,4414000000.0,-206000000.0,52000000.0,0.104,33972000000.0,8400000000.0,75722000000.0,0.855,1.315,31.484,24.535,9145000000.0,0.0,39.01,3.28,2.559,21409000000.0,30209000000.0,42372000000.0,42372000000.0,0.0,0.005,0.058,0.005,0.142,1296000000.0,25159000000.0,1.0,3562463202.0,2780000000.0,2851000000.0,15.242,1104441000000.0,0.0,1596000000.0,0.0,397.281,
67,JPM,MRT,2004-09-30,2004-09-30,2004-09-30,2021-09-07,-242000000.0,1138469000000.0,882055500000.0,,,0.043,30.128,0.0,63897000000.0,63897000000.0,0.0,4664000000.0,,9.755,290573000000.0,,,290573000000.0,0.0,3365000000.0,496454000000.0,0.034,1.36,6444000000.0,9809000000.0,0.256,9809000000.0,6444000000.0,6444000000.0,1.99,1.93,1.99,105853000000.0,61512250000.0,105853000000.0,315827996912.0,49.0,32.198,-65100000000.0,-18.529,1.0,38253000000.0,1.0,52947000000.0,0.0,1312198000000.0,1042984000000.0,0.0,942442000000.0,,,1032616000000.0,,,141518996912.0,12230000000.0,13729000000.0,1517000000.0,34244000000.0,-3420000000.0,68454000000.0,8936000000.0,-4896000000.0,-65100000000.0,-60000000.0,4612000000.0,4612000000.0,4612000000.0,0.0,52000000.0,0.121,30231000000.0,8022000000.0,61198000000.0,0.683,1.337,30.685,19.965,8880000000.0,0.0,39.73,3.7,3.649,19876000000.0,29779000000.0,38253000000.0,38253000000.0,0.0,0.005,0.075,0.006,0.168,0.0,22722000000.0,1.0,3562018548.0,3513500000.0,3592000000.0,10.887,1085522000000.0,0.0,1832000000.0,0.0,308.957,
68,JPM,MRT,2004-06-30,2004-06-30,2004-06-30,2021-09-07,-910000000.0,817763000000.0,795613250000.0,,,0.042,22.489,0.0,62660000000.0,62660000000.0,0.0,4874000000.0,,16.8,236969000000.0,,,236969000000.0,0.0,2935000000.0,346539000000.0,0.026,1.02,6915000000.0,9850000000.0,0.294,9850000000.0,6915000000.0,6915000000.0,2.39,2.32,2.39,45941000000.0,46288250000.0,45941000000.0,256422848862.0,37.0,26.033,-16868000000.0,-8.257,1.0,33528000000.0,1.0,16130000000.0,0.0,975942000000.0,953826500000.0,0.0,676967000000.0,,,771822000000.0,,,80735848862.0,127000000.0,-940000000.0,1298000000.0,10678000000.0,-2897000000.0,59964000000.0,-42921000000.0,-42166000000.0,-16868000000.0,-48000000.0,4822000000.0,4822000000.0,4822000000.0,0.0,52000000.0,0.144,25981000000.0,7547000000.0,56576000000.0,0.427,1.757,16.743,16.222,6268000000.0,0.0,38.77,2.408,2.362,15050000000.0,29596000000.0,33528000000.0,33528000000.0,0.0,0.006,0.104,0.007,0.206,0.0,20036000000.0,1.0,2082430974.0,2042800000.0,2042800000.0,16.413,801633000000.0,0.0,2093000000.0,0.0,392.419,
69,JPM,MRT,2004-03-31,2004-03-31,2004-03-31,2021-09-07,177000000.0,801078000000.0,791823250000.0,,,0.042,23.668,0.0,55019000000.0,55019000000.0,0.0,7249000000.0,,15.654,230706000000.0,,,230706000000.0,0.0,3086000000.0,336886000000.0,0.032,1.36,10758000000.0,13844000000.0,0.413,13844000000.0,10758000000.0,10758000000.0,3.56,3.48,3.56,48101000000.0,46008250000.0,48101000000.0,247354053884.0,23.0,17.867,-40622000000.0,-19.988,1.0,33496000000.0,1.0,14685000000.0,0.0,962080000000.0,957097250000.0,0.0,668632000000.0,,,752977000000.0,,,86340053884.0,-2810000000.0,-638000000.0,1551000000.0,-2282000000.0,-2889000000.0,61378000000.0,-23882000000.0,-22681000000.0,-40622000000.0,316000000.0,7198000000.0,7198000000.0,7198000000.0,0.0,51000000.0,0.215,22310000000.0,11186000000.0,43656000000.0,0.382,1.795,11.995,11.784,6418000000.0,0.0,41.95,2.578,2.545,13250000000.0,30878000000.0,33496000000.0,33496000000.0,0.0,0.009,0.156,0.011,0.321,0.0,19419000000.0,1.0,2058165766.0,2032300000.0,2092700000.0,16.482,786393000000.0,0.0,3560000000.0,0.0,386.947,
70,JPM,MRT,2003-12-31,2003-12-31,2003-12-31,2021-09-07,-30000000.0,770912000000.0,780342750000.0,,,0.043,22.974,0.0,30443000000.0,30443000000.0,0.0,6719000000.0,,15.703,191457000000.0,,,191457000000.0,0.0,3101000000.0,326492000000.0,0.037,1.36,9977000000.0,13078000000.0,0.392,13078000000.0,9977000000.0,9977000000.0,3.32,3.24,3.32,46154000000.0,44754000000.0,46154000000.0,251337150892.0,25.0,19.218,14275000000.0,7.106,1.0,33384000000.0,1.0,10210000000.0,0.0,921716000000.0,954529250000.0,0.0,658843000000.0,,,724758000000.0,,,74939150892.0,1050000000.0,-575000000.0,1213000000.0,-46583000000.0,-2865000000.0,-26251000000.0,12744000000.0,11778000000.0,14275000000.0,282000000.0,6668000000.0,6668000000.0,6668000000.0,0.0,51000000.0,0.2,21816000000.0,11568000000.0,45066000000.0,0.41,1.624,11.239,11.063,6487000000.0,0.0,36.73,2.245,2.21,12356000000.0,29681000000.0,33384000000.0,33384000000.0,0.0,0.009,0.149,0.01,0.299,0.0,19728000000.0,1.0,2040270920.0,2009000000.0,2055000000.0,16.617,760702000000.0,0.0,3309000000.0,0.0,378.647,
71,JPM,MRT,2003-09-30,2003-09-30,2003-09-30,2021-09-07,187000000.0,792700000000.0,777314750000.0,,,0.045,22.342,0.0,29186000000.0,29186000000.0,0.0,4468000000.0,,16.632,205584000000.0,,,205584000000.0,0.0,3331000000.0,313626000000.0,0.04,1.36,6682000000.0,10013000000.0,0.287,10013000000.0,6682000000.0,6682000000.0,2.19,2.16,2.19,44957000000.0,43792000000.0,44957000000.0,265931457265.0,40.0,26.559,21308000000.0,10.589,1.0,34947000000.0,1.0,13530000000.0,0.0,955568000000.0,963587250000.0,0.0,660763000000.0,,,747743000000.0,,,69916457265.0,426000000.0,-125000000.0,1243000000.0,-17082000000.0,-2834000000.0,2958000000.0,-24201000000.0,-40914000000.0,21308000000.0,361000000.0,4418000000.0,4418000000.0,4418000000.0,0.0,50000000.0,0.126,23661000000.0,11286000000.0,54333000000.0,0.621,1.555,15.825,15.676,6558000000.0,0.0,34.33,2.001,1.977,13995000000.0,28540000000.0,34947000000.0,34947000000.0,0.0,0.006,0.101,0.007,0.191,0.0,20514000000.0,1.0,2036599396.0,2012200000.0,2068200000.0,17.368,779170000000.0,0.0,2264000000.0,0.0,387.223,
72,JPM,MRT,2003-06-30,2003-06-30,2003-06-30,2021-09-07,1293000000.0,802603000000.0,764579500000.0,,,0.042,22.343,0.0,33791000000.0,33791000000.0,0.0,2880000000.0,,16.907,229806000000.0,,,229806000000.0,0.0,3119000000.0,318248000000.0,0.04,1.36,4312000000.0,7431000000.0,0.23,7431000000.0,4312000000.0,4312000000.0,1.4,1.39,1.4,44821000000.0,43412000000.0,44821000000.0,275700782516.0,64.0,37.101,26503000000.0,13.212,1.0,32278000000.0,1.0,9593000000.0,0.0,989025000000.0,956224000000.0,0.0,565814000000.0,,,757782000000.0,,,69427782516.0,1520000000.0,-44000000.0,888000000.0,-14537000000.0,-2832000000.0,7664000000.0,-33326000000.0,-32689000000.0,26503000000.0,679000000.0,2830000000.0,2830000000.0,2830000000.0,0.0,50000000.0,0.088,23585000000.0,8693000000.0,136903000000.0,0.971,1.549,24.533,24.414,6658000000.0,0.0,34.18,2.151,2.124,13459000000.0,27633000000.0,32278000000.0,32278000000.0,0.0,0.004,0.065,0.005,0.134,0.0,19361000000.0,1.0,2031239980.0,2006000000.0,2051000000.0,16.091,793010000000.0,0.0,1482000000.0,0.0,395.319,
73,JPM,MRT,2003-03-31,2003-03-31,2003-03-31,2021-09-07,1113000000.0,755156000000.0,749065250000.0,,,0.041,21.542,0.0,29125000000.0,29125000000.0,0.0,2081000000.0,,16.528,235398000000.0,,,235398000000.0,0.0,3125000000.0,300667000000.0,0.057,1.36,3103000000.0,6228000000.0,0.205,6228000000.0,3103000000.0,3103000000.0,1.01,1.0,1.01,43084000000.0,42890750000.0,43084000000.0,259515890207.0,84.0,41.669,5262000000.0,2.631,1.0,30432000000.0,1.0,9621000000.0,0.0,951808000000.0,944141250000.0,0.0,564574000000.0,,,712072000000.0,,,47465890207.0,-408000000.0,-30000000.0,716000000.0,-3554000000.0,-2796000000.0,12852000000.0,-19048000000.0,-16786000000.0,5262000000.0,526000000.0,2030000000.0,2030000000.0,2030000000.0,0.0,51000000.0,0.067,22947000000.0,7485000000.0,111580000000.0,1.347,1.102,23.382,23.475,6719000000.0,0.0,23.71,1.56,1.558,12962000000.0,26538000000.0,30432000000.0,30432000000.0,0.0,0.003,0.047,0.003,0.102,0.0,18610000000.0,1.0,2001935479.0,2000000000.0,2022000000.0,15.216,745535000000.0,0.0,1073000000.0,0.0,372.767,
74,JPM,MRT,2002-12-31,2002-12-31,2002-12-31,2021-09-07,1227000000.0,758800000000.0,738403250000.0,,,0.04,21.324,0.0,28160000000.0,28160000000.0,0.0,1663000000.0,,16.936,240210000000.0,,,240210000000.0,0.0,2979000000.0,304753000000.0,0.057,1.36,2468000000.0,5447000000.0,0.184,5447000000.0,2468000000.0,2468000000.0,0.81,0.8,0.81,42306000000.0,42402500000.0,42306000000.0,242028268824.0,98.0,44.433,-25134000000.0,-12.668,1.0,29614000000.0,1.0,12902000000.0,0.0,957948000000.0,932867500000.0,0.0,568856000000.0,,,716494000000.0,,,47916268824.0,-3382000000.0,-72000000.0,725000000.0,36149000000.0,-2784000000.0,44643000000.0,-23344000000.0,-19995000000.0,-25134000000.0,453000000.0,1612000000.0,1612000000.0,1612000000.0,0.0,51000000.0,0.054,22764000000.0,6850000000.0,104667000000.0,1.679,1.133,29.725,29.63,6829000000.0,0.0,24.0,1.618,1.608,14137000000.0,25851000000.0,29614000000.0,29614000000.0,0.0,0.002,0.038,0.003,0.083,0.0,18129000000.0,1.0,1996511201.0,1984000000.0,2009000000.0,14.926,745898000000.0,0.0,856000000.0,0.0,375.957,
75,JPM,MRT,2002-09-30,2002-09-30,2002-09-30,2021-09-07,1465000000.0,741759000000.0,722097000000.0,,,0.033,21.872,0.0,31606000000.0,31606000000.0,0.0,1718000000.0,,16.077,225718000000.0,,,225718000000.0,0.0,2785000000.0,292171000000.0,0.072,1.36,2486000000.0,5271000000.0,0.221,5271000000.0,2486000000.0,2486000000.0,0.84,0.82,0.84,43437000000.0,42100750000.0,43437000000.0,247837974909.0,100.0,47.019,25356000000.0,12.767,1.0,23893000000.0,1.0,9756000000.0,0.0,926115000000.0,906066750000.0,0.0,547897000000.0,,,698322000000.0,,,37861974909.0,-4140000000.0,85000000.0,709000000.0,-46944000000.0,-2763000000.0,-39501000000.0,9522000000.0,26032000000.0,25356000000.0,483000000.0,1666000000.0,1666000000.0,1666000000.0,0.0,52000000.0,0.07,21355000000.0,2538000000.0,108826000000.0,1.619,0.872,22.726,22.607,6752000000.0,0.0,18.99,1.585,1.578,14550000000.0,26940000000.0,23893000000.0,23893000000.0,0.0,0.002,0.04,0.003,0.104,0.0,14647000000.0,1.0,1993784882.0,1986000000.0,2006000000.0,12.031,732003000000.0,0.0,820000000.0,0.0,368.582,
76,JPM,MRT,2002-06-30,2002-06-30,2002-06-30,2021-09-07,79000000.0,740546000000.0,736482250000.0,,,0.035,21.551,0.0,32395000000.0,32395000000.0,0.0,2127000000.0,,16.328,242371000000.0,,,242371000000.0,0.0,2969000000.0,293829000000.0,0.04,1.36,3095000000.0,6064000000.0,0.238,6064000000.0,3095000000.0,3095000000.0,1.05,1.03,1.05,42736000000.0,41925250000.0,42736000000.0,271498118463.0,88.0,44.772,-20952000000.0,-10.566,1.0,25458000000.0,1.0,9828000000.0,0.0,940694000000.0,930224500000.0,0.0,565439000000.0,,,697810000000.0,,,67534118463.0,-2341000000.0,88000000.0,181000000.0,2286000000.0,-2746000000.0,16469000000.0,2045000000.0,2872000000.0,-20952000000.0,97000000.0,2075000000.0,2075000000.0,2075000000.0,0.0,52000000.0,0.082,22311000000.0,3147000000.0,93658000000.0,1.295,1.58,32.547,32.305,6596000000.0,0.0,33.92,2.653,2.642,15351000000.0,27605000000.0,25458000000.0,25458000000.0,0.0,0.003,0.049,0.003,0.122,0.0,15039000000.0,1.0,1990982266.0,1983000000.0,2016000000.0,12.838,730718000000.0,0.0,1020000000.0,0.0,368.491,
77,JPM,MRT,2002-03-31,2002-03-31,2002-03-31,2021-09-07,-909000000.0,712508000000.0,729521250000.0,,,0.034,20.794,0.0,32328000000.0,32328000000.0,0.0,1477000000.0,,16.323,236292000000.0,,,236292000000.0,0.0,2792000000.0,282037000000.0,0.038,1.36,2115000000.0,4907000000.0,0.195,4907000000.0,2115000000.0,2115000000.0,0.72,0.71,0.72,41131000000.0,41847750000.0,41131000000.0,236550928719.0,112.0,48.207,-5249000000.0,-2.654,1.0,25129000000.0,1.0,9759000000.0,0.0,906713000000.0,919845250000.0,0.0,548828000000.0,,,671377000000.0,,,70481928719.0,266000000.0,146000000.0,190000000.0,-1640000000.0,-2750000000.0,4482000000.0,987000000.0,-1748000000.0,-5249000000.0,46000000.0,1419000000.0,1419000000.0,1419000000.0,0.0,58000000.0,0.056,22956000000.0,2173000000.0,81907000000.0,1.889,1.714,49.67,49.514,6304000000.0,0.0,35.65,2.805,2.806,14053000000.0,27278000000.0,25129000000.0,25129000000.0,0.0,0.002,0.034,0.002,0.084,0.0,15311000000.0,1.0,1977052699.0,1978000000.0,,12.704,702749000000.0,0.0,696000000.0,0.0,355.283,
78,JPM,MRT,2001-12-31,2001-12-31,2001-12-31,2021-09-07,-442000000.0,693575000000.0,729800250000.0,,,0.036,20.841,0.0,35343000000.0,35343000000.0,0.0,1694000000.0,,15.862,201412000000.0,,,201412000000.0,0.0,2891000000.0,293650000000.0,0.037,1.34,2475000000.0,5366000000.0,0.205,5366000000.0,2475000000.0,2475000000.0,0.83,0.8,0.83,41099000000.0,42406500000.0,41099000000.0,309847305655.0,125.0,57.743,-3107000000.0,-1.576,1.0,26162000000.0,1.0,8899000000.0,0.0,850745000000.0,919584750000.0,0.0,507011000000.0,,,651926000000.0,,,71718305655.0,-1372000000.0,-1481000000.0,558000000.0,-22227000000.0,-2697000000.0,-10683000000.0,12318000000.0,10368000000.0,-3107000000.0,100000000.0,1628000000.0,1628000000.0,1628000000.0,0.0,66000000.0,0.062,23596000000.0,2566000000.0,103876000000.0,1.614,1.745,44.053,43.795,6292000000.0,0.0,36.35,2.741,2.74,14799000000.0,26993000000.0,26162000000.0,26162000000.0,0.0,0.002,0.038,0.003,0.095,0.0,15823000000.0,1.0,1972993278.0,1972000000.0,2024000000.0,13.267,684676000000.0,0.0,847000000.0,0.0,347.199,
79,JPM,MRT,2001-09-30,2001-09-30,2001-09-30,2021-09-07,267000000.0,799300000000.0,735243500000.0,,,0.04,21.638,0.0,31640000000.0,31640000000.0,0.0,2734000000.0,,17.691,269769000000.0,,,269769000000.0,0.0,3275000000.0,281604000000.0,0.039,1.32,4125000000.0,7400000000.0,0.252,7400000000.0,4125000000.0,4125000000.0,1.35,1.31,1.35,42735000000.0,42716250000.0,42735000000.0,269875182678.0,65.0,36.47,-33387000000.0,-16.905,1.0,29361000000.0,1.0,14683000000.0,0.0,1022746000000.0,931208250000.0,0.0,577146000000.0,,,756015000000.0,,,67176182678.0,2015000000.0,800000000.0,-2552000000.0,43411000000.0,-2608000000.0,50636000000.0,-14935000000.0,-15520000000.0,-33387000000.0,-299000000.0,2660000000.0,2660000000.0,2660000000.0,0.0,74000000.0,0.091,25137000000.0,4224000000.0,146048000000.0,0.978,1.572,25.254,25.052,7268000000.0,0.0,33.82,2.288,2.275,18253000000.0,28021000000.0,29361000000.0,29361000000.0,0.0,0.004,0.062,0.004,0.14,0.0,16447000000.0,1.0,1986285709.0,1975000000.0,,14.866,784617000000.0,0.0,1465000000.0,0.0,397.274,
80,JPM,MRT,2001-06-30,2001-06-30,2001-06-30,2021-09-07,-834000000.0,712702000000.0,641872500000.0,,,0.047,21.371,0.0,36122000000.0,36122000000.0,0.0,3683000000.0,,15.786,238821000000.0,,,238821000000.0,0.0,2813000000.0,276804000000.0,0.053,2.3,5518000000.0,8331000000.0,0.277,8331000000.0,5518000000.0,5518000000.0,1.86,1.78,1.86,42426000000.0,39392500000.0,42426000000.0,294171468343.0,53.0,35.31,-30789000000.0,-15.509,1.0,30110000000.0,1.0,16224000000.0,0.0,899177000000.0,802239250000.0,0.0,533327000000.0,,,669726000000.0,,,86773468343.0,3360000000.0,-2297000000.0,1586000000.0,29242000000.0,-2494000000.0,33844000000.0,453000000.0,1268000000.0,-30789000000.0,-148000000.0,3598000000.0,3598000000.0,3598000000.0,0.0,85000000.0,0.119,24482000000.0,5628000000.0,100530000000.0,1.237,2.045,24.117,23.5,7186000000.0,0.0,43.71,2.882,2.882,17080000000.0,28265000000.0,30110000000.0,30110000000.0,0.0,0.006,0.091,0.007,0.183,0.0,16690000000.0,1.0,1985208610.0,1985208610.0,,15.167,696478000000.0,0.0,1920000000.0,0.0,350.834,
81,JPM,MRT,2001-03-31,2001-03-31,2001-03-31,2021-09-07,-214000000.0,713624000000.0,562708250000.0,,,0.056,21.97,0.0,30350000000.0,30350000000.0,0.0,4938000000.0,,15.443,237748000000.0,,,237748000000.0,0.0,2882000000.0,272572000000.0,0.051,2.28,7422000000.0,10304000000.0,0.33,10304000000.0,7422000000.0,7422000000.0,2.55,2.43,2.55,43366000000.0,35007000000.0,43366000000.0,279987593086.0,38.0,27.173,-12209000000.0,-6.185,1.0,31257000000.0,1.0,15351000000.0,0.0,905671000000.0,694202750000.0,0.0,540405000000.0,,,669708000000.0,,,88625593086.0,4212000000.0,-2356000000.0,1208000000.0,12354000000.0,-2383000000.0,24258000000.0,-7771000000.0,-6122000000.0,-12209000000.0,-66000000.0,4846000000.0,4846000000.0,4846000000.0,0.0,92000000.0,0.155,23718000000.0,7539000000.0,106887000000.0,0.894,2.044,18.288,17.608,7085000000.0,0.0,44.9,2.835,2.835,15352000000.0,28592000000.0,31257000000.0,31257000000.0,0.0,0.009,0.138,0.011,0.237,0.0,16497000000.0,1.0,1973843944.0,1973843944.0,,15.836,698273000000.0,0.0,2576000000.0,0.0,353.763,
82,JPM,MRT,2000-12-31,2000-12-31,2000-12-31,2021-09-07,-241000000.0,715348000000.0,482173250000.0,,,0.066,22.472,0.0,32305000000.0,32305000000.0,0.0,5727000000.0,,15.883,223667000000.0,,,223667000000.0,0.0,2545000000.0,279365000000.0,0.049,2.233,8637000000.0,11182000000.0,0.352,11182000000.0,8637000000.0,8637000000.0,2.99,2.86,2.99,42338000000.0,30158750000.0,42338000000.0,140596835603.0,16.0,12.573,-13676000000.0,-7.259,1.0,31806000000.0,1.0,9471000000.0,0.0,897239000000.0,586125250000.0,0.0,544964000000.0,,,672460000000.0,,,59542835603.0,5280000000.0,-726000000.0,-672000000.0,31241000000.0,-2282000000.0,20052000000.0,-986000000.0,1950000000.0,-13676000000.0,-110000000.0,5631000000.0,5631000000.0,5631000000.0,0.0,96000000.0,0.177,23073000000.0,8733000000.0,117271000000.0,0.747,1.406,10.574,15.197,7087000000.0,0.0,45.44,1.872,2.692,20618000000.0,28096000000.0,31806000000.0,31806000000.0,0.0,0.012,0.187,0.015,0.272,0.0,16387000000.0,1.0,1310361699.0,1884000000.0,1969000000.0,16.882,705877000000.0,0.0,3006000000.0,0.0,374.669,
83,JPM,MRT,2000-09-30,2000-09-30,2000-09-30,2021-09-07,-1005000000.0,425816000000.0,470087000000.0,,,0.081,23.691,0.0,22916000000.0,22916000000.0,0.0,8767000000.0,,13.445,103970000000.0,,,103970000000.0,0.0,2281000000.0,229601000000.0,0.047,2.187,13216000000.0,15497000000.0,0.407,15497000000.0,13216000000.0,13216000000.0,3.57,3.36,3.57,29440000000.0,28338250000.0,29440000000.0,128385045038.0,10.0,8.285,-17511000000.0,-14.091,1.0,38123000000.0,1.0,0.0,0.0,506870000000.0,561666750000.0,0.0,348766000000.0,,,395826000000.0,,,57399045038.0,2591000000.0,-4717000000.0,1108000000.0,35376000000.0,-2779000000.0,31110000000.0,-11215000000.0,-1738000000.0,-17511000000.0,207000000.0,8641000000.0,8641000000.0,8641000000.0,0.0,126000000.0,0.227,24781000000.0,13342000000.0,21567000000.0,0.613,1.95,6.643,12.938,4777000000.0,0.0,46.19,1.506,1.506,491000000.0,19626000000.0,38123000000.0,38123000000.0,0.0,0.018,0.305,0.024,0.347,0.0,19743000000.0,1.0,1242672549.0,1242672549.0,,30.678,425816000000.0,0.0,4575000000.0,0.0,342.661,
84,JPM,MRT,2000-06-30,2000-06-30,2000-06-30,2021-09-07,-1320000000.0,396045000000.0,456394000000.0,,,0.078,20.12,0.0,22007000000.0,22007000000.0,0.0,8556000000.0,,14.894,92993000000.0,,,92993000000.0,0.0,2366000000.0,224405000000.0,0.019,0.867,12960000000.0,15326000000.0,0.432,15326000000.0,12960000000.0,12960000000.0,3.79,3.59,3.79,24884000000.0,26563500000.0,24884000000.0,138841893823.0,11.0,9.059,-4704000000.0,-3.804,1.0,35491000000.0,1.0,0.0,0.0,467031000000.0,541331500000.0,0.0,329643000000.0,,,370611000000.0,,,56964893823.0,3619000000.0,-2855000000.0,-3262000000.0,18750000000.0,-2558000000.0,21918000000.0,-13705000000.0,-4817000000.0,-4704000000.0,110000000.0,8435000000.0,8435000000.0,8435000000.0,0.0,121000000.0,0.238,22410000000.0,13081000000.0,16500000000.0,0.229,2.289,6.753,12.153,4546000000.0,0.0,46.06,1.605,1.605,685000000.0,19170000000.0,35491000000.0,35491000000.0,0.0,0.018,0.318,0.024,0.365,0.0,17766000000.0,1.0,1236754100.0,1236754100.0,,28.697,396045000000.0,0.0,4525000000.0,0.0,320.229,
85,JPM,MRT,2000-03-31,2000-03-31,2000-03-31,2021-09-07,-1369000000.0,391484000000.0,446599750000.0,,,0.074,19.543,0.0,19250000000.0,19250000000.0,0.0,8316000000.0,,15.307,101127000000.0,,,101127000000.0,0.0,1998000000.0,211661000000.0,0.014,0.82,12632000000.0,14630000000.0,0.441,14630000000.0,12632000000.0,12632000000.0,4.02,3.82,4.02,23973000000.0,26019500000.0,23973000000.0,111562337230.0,9.0,7.626,-11124000000.0,-9.068,1.0,33148000000.0,1.0,0.0,0.0,473361000000.0,526579250000.0,0.0,327360000000.0,,,366961000000.0,,,71303337230.0,-1350000000.0,-2858000000.0,-3946000000.0,28947000000.0,-2340000000.0,21821000000.0,-12070000000.0,-2256000000.0,-11124000000.0,23000000.0,8203000000.0,8203000000.0,8203000000.0,0.0,113000000.0,0.247,20403000000.0,12745000000.0,17318000000.0,0.204,2.974,8.692,14.459,4455000000.0,0.0,58.127,2.151,2.151,642000000.0,18494000000.0,33148000000.0,33148000000.0,0.0,0.018,0.315,0.024,0.381,0.0,16031000000.0,1.0,1226688908.0,1226688908.0,,27.022,391484000000.0,0.0,4429000000.0,0.0,319.139,
86,JPM,MRT,1999-12-31,1999-12-31,1999-12-31,2021-09-07,-1428000000.0,667003000000.0,439043250000.0,,,0.067,28.336,0.0,49113000000.0,49113000000.0,0.0,7501000000.0,,18.011,191147000000.0,,,191147000000.0,0.0,1945000000.0,287064000000.0,0.02,1.06,11383000000.0,13328000000.0,0.452,13328000000.0,11383000000.0,11383000000.0,3.87,3.69,3.87,35056000000.0,25843250000.0,35056000000.0,118561895841.0,10.0,8.896,50000000.0,0.04,1.0,29484000000.0,1.0,9632000000.0,0.0,799405000000.0,513471750000.0,0.0,484092000000.0,,,631397000000.0,,,64076895841.0,421000000.0,-2907000000.0,-3738000000.0,4216000000.0,-2133000000.0,20821000000.0,-20498000000.0,-12552000000.0,50000000.0,48000000.0,7395000000.0,7395000000.0,7395000000.0,0.0,106000000.0,0.251,17995000000.0,11489000000.0,106918000000.0,0.274,1.828,8.665,13.383,6436000000.0,0.0,51.793,2.173,2.173,20554000000.0,28455000000.0,29484000000.0,29484000000.0,0.0,0.017,0.286,0.022,0.386,0.0,13903000000.0,1.0,1237164934.0,1237164934.0,,23.832,657371000000.0,0.0,3988000000.0,0.0,531.353,
87,JPM,MRT,1999-09-30,1999-09-30,1999-09-30,2021-09-07,-1038000000.0,371044000000.0,363761250000.0,,,0.073,17.893,0.0,22346000000.0,22346000000.0,0.0,5862000000.0,,15.584,76831000000.0,,,76831000000.0,0.0,2107000000.0,219623000000.0,0.02,1.027,8875000000.0,10982000000.0,0.416,10982000000.0,8875000000.0,8875000000.0,3.32,3.177,3.32,22341000000.0,23038750000.0,22341000000.0,113899498951.0,13.0,10.371,3382000000.0,2.709,1.0,26420000000.0,1.0,0.0,0.0,425529000000.0,418083500000.0,0.0,310576000000.0,,,348153000000.0,,,62745498951.0,1350000000.0,-2716000000.0,-2893000000.0,11776000000.0,-2077000000.0,20254000000.0,-22358000000.0,-16779000000.0,3382000000.0,72000000.0,5754000000.0,5754000000.0,5754000000.0,0.0,108000000.0,0.218,17437000000.0,8983000000.0,14615000000.0,0.309,2.809,10.905,15.137,4306000000.0,0.0,50.253,2.375,2.375,728000000.0,16210000000.0,26420000000.0,26420000000.0,0.0,0.016,0.25,0.021,0.336,0.0,12886000000.0,1.0,1248583821.0,1248583821.0,,21.16,371044000000.0,0.0,3121000000.0,0.0,297.172,
88,JPM,MRT,1999-06-30,1999-06-30,1999-06-30,2021-09-07,-722000000.0,356868000000.0,360112750000.0,,,0.071,17.91,0.0,21888000000.0,21888000000.0,0.0,5512000000.0,,14.691,73042000000.0,,,73042000000.0,0.0,2049000000.0,209502000000.0,0.017,0.993,8359000000.0,10408000000.0,0.407,10408000000.0,8359000000.0,8359000000.0,3.01,2.883,3.01,22708000000.0,23258000000.0,22708000000.0,132788688228.0,16.0,12.758,15151000000.0,11.95,1.0,25573000000.0,1.0,0.0,0.0,408022000000.0,414423750000.0,0.0,300076000000.0,,,333610000000.0,,,73115688228.0,-209000000.0,-1516000000.0,-2464000000.0,9340000000.0,-2048000000.0,1558000000.0,-16999000000.0,-13094000000.0,15151000000.0,81000000.0,5401000000.0,5401000000.0,5401000000.0,0.0,111000000.0,0.211,17103000000.0,8470000000.0,14231000000.0,0.33,3.22,13.537,19.158,4185000000.0,0.0,57.667,2.859,2.859,914000000.0,15381000000.0,25573000000.0,25573000000.0,0.0,0.015,0.232,0.02,0.327,0.0,12601000000.0,1.0,1267902108.0,1267902108.0,,20.17,356868000000.0,0.0,2958000000.0,0.0,281.463,
89,JPM,MRT,1999-03-31,1999-03-31,1999-03-31,2021-09-07,-99000000.0,361258000000.0,362644500000.0,,,0.068,18.375,0.0,21743000000.0,21743000000.0,0.0,5193000000.0,,14.502,81416000000.0,,,81416000000.0,0.0,2013000000.0,207641000000.0,0.018,0.96,7898000000.0,9911000000.0,0.4,9911000000.0,7898000000.0,7898000000.0,2.737,2.623,2.737,23268000000.0,23233500000.0,23268000000.0,120678974025.0,15.0,12.176,8855000000.0,6.993,1.0,24772000000.0,1.0,0.0,0.0,420931000000.0,417745750000.0,0.0,306711000000.0,,,337440000000.0,,,68701974025.0,2845000000.0,-1513000000.0,-1272000000.0,9596000000.0,-2013000000.0,11762000000.0,-17831000000.0,-14019000000.0,8855000000.0,59000000.0,5076000000.0,5076000000.0,5076000000.0,0.0,117000000.0,0.205,16757000000.0,8015000000.0,12708000000.0,0.351,2.953,13.535,19.822,4114000000.0,0.0,54.253,2.773,2.773,987000000.0,14351000000.0,24772000000.0,24772000000.0,0.0,0.014,0.218,0.019,0.319,0.0,12390000000.0,1.0,1266318027.0,1266318027.0,,19.562,361258000000.0,0.0,2822000000.0,0.0,285.282,
90,JPM,MRT,1998-12-31,1998-12-31,1998-12-31,2021-09-07,392000000.0,365875000000.0,363758750000.0,,,0.067,18.79,0.0,24280000000.0,24280000000.0,0.0,4745000000.0,,14.325,76257000000.0,,,76257000000.0,0.0,1915000000.0,212437000000.0,0.02,0.927,7214000000.0,9129000000.0,0.376,9129000000.0,7214000000.0,7214000000.0,2.37,2.27,2.37,23838000000.0,22926750000.0,23838000000.0,114490727048.0,16.0,12.541,5217000000.0,4.112,1.0,24300000000.0,1.0,0.0,0.0,417852000000.0,420608000000.0,0.0,309871000000.0,,,341487000000.0,,,60050727048.0,809000000.0,-1718000000.0,-97000000.0,3477000000.0,-1985000000.0,13570000000.0,-18043000000.0,-14008000000.0,5217000000.0,65000000.0,4612000000.0,4612000000.0,4612000000.0,0.0,133000000.0,0.19,16953000000.0,7347000000.0,14291000000.0,0.391,2.519,13.021,19.972,4055000000.0,0.0,47.333,2.471,2.471,1223000000.0,13544000000.0,24300000000.0,24300000000.0,0.0,0.013,0.201,0.017,0.297,0.0,12166000000.0,1.0,1268677332.0,1268677332.0,,19.154,365875000000.0,0.0,2602000000.0,0.0,288.391,
91,JPM,MRT,1998-09-30,1998-09-30,1998-09-30,2021-09-07,701000000.0,356450000000.0,363670250000.0,,,0.046,18.073,0.0,18462000000.0,18462000000.0,0.0,3510000000.0,,14.329,72902000000.0,,,72902000000.0,0.0,1075000000.0,200319000000.0,0.031,0.893,5428000000.0,6503000000.0,0.393,6503000000.0,5428000000.0,5428000000.0,2.68,2.607,2.68,23218000000.0,22402750000.0,23218000000.0,91245439121.0,17.0,14.031,4537000000.0,3.532,1.0,16549000000.0,1.0,0.0,0.0,410890000000.0,424022000000.0,0.0,305878000000.0,,,332682000000.0,,,36930439121.0,218000000.0,-4560000000.0,193000000.0,-18270000000.0,-1252000000.0,-2444000000.0,-1818000000.0,2064000000.0,4537000000.0,-57000000.0,3395000000.0,3395000000.0,3395000000.0,0.0,115000000.0,0.205,11006000000.0,5543000000.0,14970000000.0,0.333,1.591,10.878,10.726,3946000000.0,0.0,28.747,2.232,2.232,1342000000.0,12722000000.0,16549000000.0,16549000000.0,0.0,0.009,0.152,0.013,0.328,0.0,7281000000.0,1.0,1284685962.0,1284685962.0,,12.882,356450000000.0,0.0,2033000000.0,0.0,277.461,
92,JPM,MRT,1998-06-30,1998-06-30,1998-06-30,2021-09-07,113000000.0,366995000000.0,366201250000.0,,,0.046,17.662,0.0,21661000000.0,21661000000.0,0.0,3655000000.0,,15.207,75976000000.0,,,75976000000.0,0.0,1038000000.0,207091000000.0,0.017,0.86,5668000000.0,6706000000.0,0.399,6706000000.0,5668000000.0,5668000000.0,2.78,2.7,2.78,22610000000.0,21889750000.0,22610000000.0,131100095084.0,23.0,19.55,-1833000000.0,-1.432,1.0,16828000000.0,1.0,0.0,0.0,421310000000.0,431972500000.0,0.0,312063000000.0,,,343835000000.0,,,64435095084.0,-1188000000.0,-4560000000.0,197000000.0,-4030000000.0,-1224000000.0,16591000000.0,-15941000000.0,-11776000000.0,-1833000000.0,-5000000.0,3521000000.0,3521000000.0,3521000000.0,0.0,134000000.0,0.209,11026000000.0,5802000000.0,13902000000.0,0.309,2.85,18.3,18.106,3905000000.0,0.0,50.333,3.829,3.829,1260000000.0,12211000000.0,16828000000.0,16828000000.0,0.0,0.01,0.161,0.013,0.337,0.0,7322000000.0,1.0,1280167452.0,1280167452.0,,13.145,366995000000.0,0.0,2147000000.0,0.0,286.677,
93,JPM,MRT,1998-03-31,1998-03-31,1998-03-31,2021-09-07,134000000.0,365715000000.0,362460750000.0,,,0.045,17.404,0.0,18371000000.0,18371000000.0,0.0,3506000000.0,,15.568,85036000000.0,,,85036000000.0,0.0,958000000.0,196096000000.0,0.018,0.827,5416000000.0,6374000000.0,0.389,6374000000.0,5416000000.0,5416000000.0,2.64,2.567,2.64,22041000000.0,21435500000.0,22041000000.0,122919988831.0,23.0,19.285,-2333000000.0,-1.842,1.0,16365000000.0,1.0,0.0,0.0,432380000000.0,431219750000.0,0.0,319125000000.0,,,343124000000.0,,,56932988831.0,557000000.0,-4560000000.0,-672000000.0,7009000000.0,-1211000000.0,23550000000.0,-20671000000.0,-16687000000.0,-2333000000.0,11000000.0,3345000000.0,3345000000.0,3345000000.0,0.0,161000000.0,0.204,10788000000.0,5577000000.0,13581000000.0,0.313,2.583,17.02,17.029,3841000000.0,0.0,44.957,3.479,3.479,1398000000.0,11471000000.0,16365000000.0,16365000000.0,0.0,0.009,0.156,0.013,0.331,0.0,7149000000.0,1.0,1266397023.0,1266397023.0,,12.922,365715000000.0,0.0,2071000000.0,0.0,288.784,
94,JPM,MRT,1997-12-31,1997-12-31,1997-12-31,2021-09-07,112000000.0,365521000000.0,356116500000.0,,,0.045,17.196,0.0,18590000000.0,18590000000.0,0.0,3708000000.0,,15.786,84577000000.0,,,84577000000.0,0.0,951000000.0,193688000000.0,0.022,0.807,5728000000.0,6679000000.0,0.417,6679000000.0,5728000000.0,5728000000.0,2.767,2.673,2.767,21742000000.0,21110750000.0,21742000000.0,122267492334.0,21.0,18.306,5461000000.0,4.319,1.0,16004000000.0,1.0,0.0,0.0,431508000000.0,424704250000.0,0.0,320889000000.0,,,343229000000.0,,,46149492334.0,1099000000.0,-4306000000.0,-1618000000.0,5654000000.0,-1212000000.0,14281000000.0,-18660000000.0,-14418000000.0,5461000000.0,17000000.0,3526000000.0,3526000000.0,3526000000.0,0.0,182000000.0,0.22,10094000000.0,5910000000.0,12526000000.0,0.292,2.123,13.088,13.191,3780000000.0,0.0,36.5,2.884,2.884,1719000000.0,11086000000.0,16004000000.0,16004000000.0,0.0,0.01,0.167,0.013,0.358,0.0,6996000000.0,1.0,1264369653.0,1264369653.0,,12.658,365521000000.0,0.0,2202000000.0,0.0,289.093,
95,JPM,MRT,1997-09-30,1997-09-30,1997-09-30,2021-09-07,126000000.0,366574000000.0,348761000000.0,,,0.046,16.66,0.0,18519000000.0,18519000000.0,0.0,3670000000.0,,16.293,94637000000.0,,,94637000000.0,0.0,950000000.0,181788000000.0,0.02,0.787,5668000000.0,6618000000.0,0.416,6618000000.0,5668000000.0,5668000000.0,2.72,2.607,2.72,21166000000.0,20923750000.0,21166000000.0,116236912462.0,21.0,17.564,8255000000.0,6.498,1.0,15898000000.0,1.0,0.0,0.0,442692000000.0,415912000000.0,0.0,321576000000.0,,,344858000000.0,,,49970912462.0,638000000.0,0.0,-2084000000.0,13739000000.0,-1218000000.0,25708000000.0,-33446000000.0,-33261000000.0,8255000000.0,121000000.0,3468000000.0,3468000000.0,3468000000.0,0.0,202000000.0,0.218,10028000000.0,5870000000.0,14935000000.0,0.289,2.361,14.409,14.461,3733000000.0,0.0,39.333,3.143,3.143,2226000000.0,10526000000.0,15898000000.0,15898000000.0,0.0,0.01,0.166,0.014,0.357,0.0,6949000000.0,1.0,1270446927.0,1270446927.0,,12.514,366574000000.0,0.0,2200000000.0,0.0,288.539,
96,JPM,MRT,1997-06-30,1997-06-30,1997-06-30,2021-09-07,-155000000.0,352033000000.0,,,,,16.265,0.0,20921000000.0,20921000000.0,0.0,3546000000.0,,15.904,87187000000.0,,,87187000000.0,0.0,934000000.0,183744000000.0,0.024,0.767,5481000000.0,6415000000.0,0.417,6415000000.0,5481000000.0,5481000000.0,2.58,2.48,2.58,20793000000.0,,20793000000.0,107339422479.0,20.0,16.733,2428000000.0,1.899,1.0,15378000000.0,1.0,0.0,0.0,418299000000.0,,0.0,306181000000.0,,,330690000000.0,,,41359422479.0,3588000000.0,0.0,-1660000000.0,8770000000.0,-1269000000.0,20918000000.0,-19780000000.0,-19181000000.0,2428000000.0,22000000.0,3330000000.0,3330000000.0,3330000000.0,0.0,216000000.0,0.217,9681000000.0,5697000000.0,13053000000.0,0.297,1.989,12.42,12.54,3676000000.0,0.0,32.353,2.69,2.69,2102000000.0,9846000000.0,15378000000.0,15378000000.0,0.0,,,,0.356,0.0,6699000000.0,1.0,1278366654.0,1278366654.0,,12.029,352033000000.0,0.0,2151000000.0,0.0,275.377,
97,JPM,MRT,1997-03-31,1997-03-31,1997-03-31,2021-09-07,-559000000.0,340338000000.0,,,,,16.038,0.0,17647000000.0,17647000000.0,0.0,3477000000.0,,15.382,83627000000.0,,,83627000000.0,0.0,896000000.0,176030000000.0,0.024,0.747,5377000000.0,6273000000.0,0.415,6273000000.0,5377000000.0,5377000000.0,2.493,2.41,2.493,20742000000.0,,20742000000.0,100712584081.0,19.0,16.055,753000000.0,0.582,1.0,15118000000.0,1.0,0.0,0.0,406318000000.0,,0.0,298339000000.0,,,319046000000.0,,,40472584081.0,3503000000.0,0.0,-1195000000.0,18849000000.0,-1200000000.0,24525000000.0,-21804000000.0,-20499000000.0,753000000.0,29000000.0,3257000000.0,3257000000.0,3257000000.0,0.0,220000000.0,0.215,9521000000.0,5597000000.0,13242000000.0,0.3,1.951,12.426,12.552,3640000000.0,0.0,31.293,2.677,2.677,2280000000.0,9235000000.0,15118000000.0,15118000000.0,0.0,,,,0.356,0.0,6643000000.0,1.0,1293329274.0,1293329274.0,,11.689,340338000000.0,0.0,2120000000.0,0.0,263.149,
98,JPM,MRT,1996-12-31,1996-12-31,1996-12-31,2021-09-07,-288000000.0,336099000000.0,320044000000.0,,,0.047,15.677,0.0,22949000000.0,22949000000.0,0.0,2461000000.0,,14.983,83189000000.0,,,83189000000.0,0.0,869000000.0,180921000000.0,0.029,0.877,3592000000.0,4461000000.0,0.298,4461000000.0,3592000000.0,3592000000.0,1.713,1.647,1.713,20994000000.0,20915000000.0,20994000000.0,,,,-983000000.0,-0.734,1.0,14978000000.0,1.0,0.0,0.0,396339000000.0,371502500000.0,0.0,289011000000.0,,,314555000000.0,,,38532590170.0,-189000000.0,0.0,-529000000.0,18268000000.0,-1188000000.0,26894000000.0,-26110000000.0,-25205000000.0,-983000000.0,10000000.0,2242000000.0,2242000000.0,2242000000.0,0.0,219000000.0,0.15,11167000000.0,3811000000.0,12309000000.0,0.512,1.835,17.187,17.392,3642000000.0,0.0,29.793,2.573,2.664,2276000000.0,8627000000.0,14978000000.0,14978000000.0,0.0,0.007,0.107,0.01,0.24,0.0,6706000000.0,1.0,1293329274.0,1339200000.0,1360200000.0,11.184,336099000000.0,0.0,1350000000.0,0.0,250.97,
99,JPM,MRT,1996-09-30,1996-09-30,1996-09-30,2021-09-07,,,,,,,,,,,,,,,,,,,,,,0.038,1.007,,,,,,,,,,,,,,,,,,1.0,,,,,,,,,,,,,,,,,,,,,,,,,,,,,,,,,,,,,,,,26.707,,,,,,,,,,,,,,1.0,,,,,,,,,,
100,JPM,MRT,1996-06-30,1996-06-30,1996-06-30,2021-09-07,,,,,,,,,,,,,,,,,,,,,,0.048,1.137,,,,,,,,,,,,,,,,,,1.0,,,,,,,,,,,,,,,,,,,,,,,,,,,,,,,,,,,,,,,,23.543,,,,,,,,,,,,,,1.0,,,,,,,,,,
101,JPM,MRT,1996-03-31,1996-03-31,1996-03-31,2021-09-07,,,,,,,,,,,,,,,,,,,,,,0.047,1.1,,,,,,,,,,,,,,,,,,1.0,,,,,,,,,,,,,,,,,,,,,,,,,,,,,,,,,,,,,,,,23.5,,,,,,,,,,,,,,1.0,,,,,,,,,,
102,JPM,MRT,1995-12-31,1995-12-31,1995-12-31,2021-09-07,-237000000.0,303989000000.0,,,,,15.756,0.0,23262000000.0,23262000000.0,0.0,2959000000.0,,13.59,65939000000.0,,,65939000000.0,0.0,866000000.0,171534000000.0,0.047,0.93,4574000000.0,5440000000.0,0.383,5440000000.0,4574000000.0,4574000000.0,2.11,2.013,2.11,20836000000.0,,20836000000.0,,,,-356000000.0,-0.269,1.0,14202000000.0,1.0,0.0,0.0,346666000000.0,,0.0,257690000000.0,,,283153000000.0,,,,1249000000.0,1040000000.0,-724000000.0,7286000000.0,-978000000.0,13424000000.0,-11812000000.0,-11571000000.0,-356000000.0,-7000000.0,2732000000.0,2732000000.0,2732000000.0,0.0,227000000.0,0.192,9390000000.0,4812000000.0,11339000000.0,0.441,,,9.281,3757000000.0,0.0,19.583,,1.823,1896000000.0,7997000000.0,14202000000.0,14202000000.0,0.0,,,,0.322,0.0,6759000000.0,1.0,,1322400000.0,1360500000.0,10.74,303989000000.0,0.0,1842000000.0,0.0,229.877,
103,JPM,MRT,1994-12-31,1994-12-31,1994-12-31,2021-09-07,,,,,,,,0.0,,,0.0,2486000000.0,,,,,,,,765000000.0,,0.046,0.547,3696000000.0,4461000000.0,0.319,4461000000.0,3696000000.0,3696000000.0,1.673,1.657,1.673,,,,,,,5104000000.0,3.847,1.0,13963000000.0,1.0,,0.0,,,,,,,,,,,625000000.0,-721000000.0,-182000000.0,11846000000.0,-914000000.0,7648000000.0,-12127000000.0,-11156000000.0,5104000000.0,0.0,2221000000.0,2221000000.0,2221000000.0,0.0,265000000.0,0.159,10002000000.0,3961000000.0,,0.327,,,7.147,,0.0,11.957,,1.136,,,13963000000.0,13963000000.0,0.0,,,,0.265,0.0,6553000000.0,1.0,,1326600000.0,1352700000.0,10.525,,,1475000000.0,,,
