None,ticker,dimension,calendardate,datekey,reportperiod,lastupdated,accoci,assets,assetsavg,assetsc,assetsnc,assetturnover,bvps,capex,cashneq,cashnequsd,cor,consolinc,currentratio,de,debt,debtc,debtnc,debtusd,deferredrev,depamor,deposits,divyield,dps,ebit,ebitda,ebitdamargin,ebitdausd,ebitusd,ebt,eps,epsdil,epsusd,equity,equityavg,equityusd,ev,evebit,evebitda,fcf,fcfps,fxusd,gp,grossmargin,intangibles,intexp,invcap,invcapavg,inventory,investments,investmentsc,investmentsnc,liabilities,liabilitiesc,liabilitiesnc,marketcap,ncf,ncfbus,ncfcommon,ncfdebt,ncfdiv,ncff,ncfi,ncfinv,ncfo,ncfx,netinc,netinccmn,netinccmnusd,netincdis,netincnci,netmargin,opex,opinc,payables,payoutratio,pb,pe,pe1,ppnenet,prefdivis,price,ps,ps1,receivables,retearn,revenue,revenueusd,rnd,roa,roe,roic,ros,sbcomp,sgna,sharefactor,sharesbas,shareswa,shareswadil,sps,tangibles,taxassets,taxexp,taxliabilities,tbvps,workingcapital
0,VALPQ,MRY,2020-12-31,2020-12-31,2020-12-31,2021-06-25,-87900000.0,12873200000.0,13212100000.0,1172900000.0,11700300000.0,0.108,21.994,-93800000.0,325800000.0,325800000.0,1458600000.0,-4857600000.0,2.748,1.944,7313700000.0,0.0,7313700000.0,7313700000.0,0.0,547000000.0,0.0,0.0,0.0,-4824300000.0,-4277300000.0,-2.997,-4277300000.0,-4824300000.0,-5114900000.0,-24.42,-24.42,-24.42,4374600000.0,5095500000.0,4374600000.0,7143273360.0,-1.0,-1.67,-345500000.0,-1.737,1.0,-31400000.0,-0.022,0.0,290600000.0,19434300000.0,18699500000.0,0.0,563600000.0,0.0,563600000.0,8502900000.0,426800000.0,8076100000.0,9973360.0,228600000.0,51800000.0,0.0,531300000.0,0.0,522200000.0,-42000000.0,0.0,-251700000.0,100000.0,-4855500000.0,-4855500000.0,-4855500000.0,0.0,-2100000.0,-3.402,4283500000.0,-4314900000.0,176400000.0,0.0,0.002,-0.002,-0.002,10960500000.0,0.0,0.05,0.007,0.007,449200000.0,-4183800000.0,1427200000.0,1427200000.0,0.0,-0.368,-0.953,-0.258,-3.38,21400000.0,214600000.0,1.0,199467198.0,198900000,198900000.0,7.175,12873200000.0,0.0,-259400000.0,0.0,64.722,746100000.0
1,VALPQ,MRY,2019-12-31,2019-12-31,2019-12-31,2021-06-25,6200000.0,16931200000.0,16616225000.0,1064400000.0,15866800000.0,0.124,53.696,-227000000.0,97200000.0,97200000.0,1806000000.0,-192200000.0,1.281,0.819,6048300000.0,124800000.0,5923500000.0,6048300000.0,0.0,592900000.0,0.0,0.006,0.04,358700000.0,951600000.0,0.463,951600000.0,358700000.0,-69600000.0,-1.14,-1.14,-1.14,9310900000.0,9115850000.0,9310900000.0,7336374314.0,20.0,7.71,-503900000.0,-2.906,1.0,247200000.0,0.12,0.0,428300000.0,22051600000.0,21313675000.0,0.0,581600000.0,0.0,581600000.0,7621600000.0,830700000.0,6790900000.0,1298074314.0,-177900000.0,949600000.0,0.0,-937600000.0,-4500000.0,-952300000.0,1051600000.0,329000000.0,-276900000.0,-300000.0,-198000000.0,-198000000.0,-198000000.0,0.0,5800000.0,-0.096,902600000.0,-655400000.0,288200000.0,-0.035,0.139,-6.556,-5.754,15096900000.0,0.0,6.56,0.632,0.554,520700000.0,671700000.0,2053200000.0,2053200000.0,0.0,-0.012,-0.022,0.017,0.175,37300000.0,188900000.0,1.0,197877182.0,173400000,173400000.0,11.841,16931200000.0,0.0,128400000.0,0.0,97.642,233700000.0
2,VALPQ,MRY,2018-12-31,2018-12-31,2018-12-31,2021-06-25,18200000.0,14023700000.0,14279150000.0,1309700000.0,12714000000.0,0.119,74.575,-426700000.0,275100000.0,275100000.0,1319400000.0,-636600000.0,2.478,0.733,5010400000.0,0.0,5010400000.0,5010400000.0,0.0,438700000.0,0.0,0.011,0.16,-267400000.0,171300000.0,0.1,171300000.0,-267400000.0,-550100000.0,-5.9,-5.9,-5.9,8091400000.0,8353400000.0,8091400000.0,6362676723.0,-24.0,37.143,-482400000.0,-4.446,1.0,386000000.0,0.226,0.0,282700000.0,18230500000.0,18375600000.0,0.0,329000000.0,329000000.0,0.0,5934900000.0,528500000.0,5406400000.0,1556076723.0,-170300000.0,11000000.0,0.0,211800000.0,-17900000.0,188200000.0,-304700000.0,111000000.0,-55700000.0,-600000.0,-639700000.0,-639700000.0,-639700000.0,8100000.0,3100000.0,-0.375,621900000.0,-235900000.0,210500000.0,-0.027,0.192,-2.433,-2.414,12616200000.0,0.0,14.24,0.912,0.906,344700000.0,874200000.0,1705400000.0,1705400000.0,0.0,-0.045,-0.077,-0.015,-0.157,29900000.0,102700000.0,1.0,109275051.0,108500000,108500000.0,15.718,14023700000.0,0.0,89600000.0,0.0,129.251,781200000.0
3,VALPQ,MRY,2017-12-31,2017-12-31,2017-12-31,2021-06-25,28600000.0,14625900000.0,14001250000.0,1612000000.0,13013900000.0,0.132,105.079,-536700000.0,445400000.0,445400000.0,1189500000.0,-304200000.0,2.125,0.675,4750700000.0,0.0,4750700000.0,4750700000.0,0.0,383200000.0,0.0,0.007,0.16,29700000.0,412900000.0,0.224,412900000.0,29700000.0,-194500000.0,-3.66,-3.66,-3.66,8732100000.0,8325775000.0,8732100000.0,6600173342.0,222.0,15.985,-277300000.0,-3.337,1.0,653500000.0,0.355,0.0,224200000.0,18172700000.0,17821050000.0,0.0,440000000.0,440000000.0,0.0,5895900000.0,758500000.0,5137400000.0,2576873342.0,-714300000.0,-868800000.0,0.0,-549000000.0,-13800000.0,-570500000.0,-403000000.0,1002500000.0,259400000.0,600000.0,-303700000.0,-303700000.0,-303700000.0,-1000000.0,-500000.0,-0.165,785500000.0,-132000000.0,432600000.0,-0.044,0.295,-8.485,-6.459,12873700000.0,0.0,23.64,1.398,1.066,345400000.0,1532700000.0,1843000000.0,1843000000.0,0.0,-0.022,-0.036,0.002,0.016,34200000.0,157800000.0,1.0,109004794.0,83100000,83100000.0,22.178,14625900000.0,0.0,109200000.0,0.0,176.004,853500000.0
4,VALPQ,MRY,2016-12-31,2016-12-31,2016-12-31,2021-06-25,19000000.0,14374500000.0,13837950000.0,3279300000.0,11095200000.0,0.201,118.246,-322200000.0,1159700000.0,1159700000.0,1301000000.0,897100000.0,3.838,0.742,5274500000.0,331900000.0,4942600000.0,5274500000.0,0.0,305600000.0,0.0,0.004,0.16,1227500000.0,1533100000.0,0.552,1533100000.0,1227500000.0,998700000.0,12.52,12.52,12.52,8250600000.0,7700975000.0,8250600000.0,7182822312.0,6.0,4.685,755200000.0,10.823,1.0,1475400000.0,0.531,0.0,228800000.0,17634900000.0,17258325000.0,0.0,1442600000.0,1442600000.0,0.0,6119500000.0,854400000.0,5265100000.0,2945622312.0,1038400000.0,9800000.0,585500000.0,-37800000.0,-11600000.0,529000000.0,-575000000.0,-262600000.0,1077400000.0,-1400000.0,890200000.0,890200000.0,890200000.0,-8100000.0,6900000.0,0.321,546100000.0,929300000.0,145900000.0,0.013,0.357,3.309,3.105,10919300000.0,0.0,38.88,1.061,0.977,361000000.0,1864100000.0,2776400000.0,2776400000.0,0.0,0.064,0.116,0.071,0.442,39600000.0,100800000.0,1.0,75761891.0,69775000,69775000.0,39.791,14374500000.0,0.0,108500000.0,0.0,206.012,2424900000.0
5,VALPQ,MRY,2015-12-31,2015-12-31,2015-12-31,2021-06-25,12500000.0,13610500000.0,15683900000.0,2285100000.0,11325400000.0,0.259,112.195,-1619500000.0,121300000.0,121300000.0,1869600000.0,-1585900000.0,2.947,1.089,5868600000.0,0.0,5868600000.0,5868600000.0,0.0,407500000.0,0.0,0.039,2.4,-1392400000.0,-984900000.0,-0.242,-984900000.0,-1392400000.0,-1608700000.0,-27.52,-27.52,-27.52,6512900000.0,8194775000.0,6512900000.0,9286861820.0,-7.0,-9.429,78400000.0,1.351,1.0,2193800000.0,0.54,0.0,216300000.0,18582300000.0,20049350000.0,0.0,1180000000.0,1180000000.0,0.0,7093300000.0,775500000.0,6317800000.0,3623961820.0,-543500000.0,1600000.0,0.0,-24100000.0,-141200000.0,-191800000.0,-2040600000.0,-422700000.0,1697900000.0,-300000.0,-1594800000.0,-1594800000.0,-1594800000.0,128600000.0,8900000.0,-0.392,3437300000.0,-1243500000.0,224600000.0,-0.087,0.556,-2.272,-2.237,11087800000.0,0.0,61.56,0.892,0.879,582000000.0,985300000.0,4063400000.0,4063400000.0,0.0,-0.102,-0.195,-0.069,-0.343,40200000.0,118400000.0,1.0,58868776.0,58050000,58050000.0,69.998,13610500000.0,0.0,-13900000.0,0.0,234.462,1509600000.0
6,VALPQ,MRY,2014-12-31,2014-12-31,2014-12-31,2021-06-25,11900000.0,16040800000.0,18401425000.0,2891000000.0,13149800000.0,0.248,141.883,-1566700000.0,664800000.0,664800000.0,2076900000.0,-3888500000.0,2.623,0.952,5920400000.0,34800000.0,5885600000.0,5920400000.0,0.0,537900000.0,0.0,0.1,12.0,-3600700000.0,-3062800000.0,-0.671,-3062800000.0,-3600700000.0,-3762100000.0,-67.52,-67.52,-67.52,8215000000.0,11138900000.0,8215000000.0,11800032132.0,-3.0,-3.853,487400000.0,8.418,1.0,2487600000.0,0.545,276100000.0,161400000.0,19918200000.0,19620250000.0,0.0,757300000.0,757300000.0,0.0,7817900000.0,1102100000.0,6715800000.0,7016032132.0,499200000.0,169200000.0,0.0,1186300000.0,-703000000.0,442700000.0,-1997600000.0,-707300000.0,2054100000.0,0.0,-3902600000.0,-3902600000.0,-3902600000.0,1199200000.0,14100000.0,-0.855,4888500000.0,-2400900000.0,373200000.0,-0.178,0.854,-1.798,-1.774,12534800000.0,0.0,119.8,1.537,1.52,883300000.0,2720400000.0,4564500000.0,4564500000.0,0.0,-0.212,-0.35,-0.184,-0.789,45100000.0,131900000.0,1.0,58564542.0,57900000,57900000.0,78.834,15764700000.0,0.0,140500000.0,162900000.0,272.275,1788900000.0
7,VALPQ,MRY,2013-12-31,2013-12-31,2013-12-31,2021-06-25,18200000.0,19472900000.0,19003725000.0,1535200000.0,17937700000.0,0.228,221.595,-1763500000.0,165600000.0,165600000.0,1947100000.0,1427900000.0,1.466,0.522,4766400000.0,47500000.0,4718900000.0,4766400000.0,0.0,496200000.0,0.0,0.039,9.0,1780100000.0,2276300000.0,0.527,2276300000.0,1780100000.0,1621300000.0,24.32,24.28,24.32,12791600000.0,12439225000.0,12791600000.0,17819501018.0,10.0,7.828,217000000.0,3.759,1.0,2376300000.0,0.55,3274000000.0,158800000.0,19752400000.0,19219075000.0,0.0,50000000.0,50000000.0,0.0,6674000000.0,1047300000.0,5626700000.0,13353801018.0,-321500000.0,6000000.0,22300000.0,-47500000.0,-525600000.0,-577100000.0,-1724700000.0,0.0,1980500000.0,-200000.0,1418200000.0,1418200000.0,1418200000.0,2200000.0,9700000.0,0.328,643000000.0,1733300000.0,341100000.0,0.37,1.044,9.416,9.405,14311000000.0,0.0,228.72,3.089,3.054,855700000.0,7327300000.0,4323400000.0,4323400000.0,0.0,0.075,0.114,0.093,0.412,50300000.0,146800000.0,1.0,58384929.0,57725000,57775000.0,74.896,16198900000.0,0.0,203100000.0,362100000.0,280.622,487900000.0
8,VALPQ,MRY,2012-12-31,2012-12-31,2012-12-31,2021-06-25,20100000.0,18565300000.0,18226450000.0,1723900000.0,16841400000.0,0.2,206.563,-1713200000.0,487100000.0,487100000.0,1642800000.0,1176700000.0,1.742,0.567,4845900000.0,47500000.0,4798400000.0,4845900000.0,0.0,443800000.0,0.0,0.025,6.0,1521900000.0,1965700000.0,0.54,1965700000.0,1521900000.0,1398300000.0,20.2,20.16,20.2,11846400000.0,11505700000.0,11846400000.0,18477538698.0,12.0,9.4,473900000.0,8.263,1.0,1996000000.0,0.549,3274000000.0,123600000.0,18660400000.0,18544350000.0,0.0,0.0,0.0,0.0,6713200000.0,989700000.0,5723500000.0,13766938698.0,56400000.0,3200000.0,35800000.0,-172500000.0,-348100000.0,-435500000.0,-1697200000.0,-45500000.0,2187100000.0,2000000.0,1169700000.0,1169700000.0,1169700000.0,-100600000.0,7000000.0,0.321,592700000.0,1403300000.0,357800000.0,0.297,1.162,11.77,11.739,13145600000.0,0.0,237.12,3.783,3.737,811400000.0,6434700000.0,3638800000.0,3638800000.0,0.0,0.064,0.102,0.082,0.418,53200000.0,148900000.0,1.0,58058952.0,57350000,57425000.0,63.449,15291300000.0,0.0,228600000.0,351700000.0,266.631,734200000.0
9,VALPQ,MRY,2011-12-31,2011-12-31,2011-12-31,2021-06-25,8600000.0,17898800000.0,15681375000.0,1681300000.0,16217500000.0,0.178,226.416,-729000000.0,430700000.0,430700000.0,1449100000.0,605600000.0,1.262,0.645,5050100000.0,172500000.0,4877600000.0,5050100000.0,0.0,408900000.0,0.0,0.03,5.6,811700000.0,1220600000.0,0.436,1220600000.0,811700000.0,715800000.0,12.36,12.32,12.36,10879300000.0,9537200000.0,10879300000.0,15465555511.0,19.0,12.67,3200000.0,0.067,1.0,1348600000.0,0.482,3274000000.0,95900000.0,17911600000.0,14715575000.0,0.0,0.0,0.0,0.0,7014300000.0,1332600000.0,5681700000.0,10820855511.0,-620000000.0,-2656000000.0,39900000.0,2374500000.0,-292300000.0,2004100000.0,-3355500000.0,-4500000.0,732200000.0,-800000.0,600400000.0,600400000.0,600400000.0,2200000.0,5200000.0,0.215,567500000.0,781100000.0,644400000.0,0.453,0.995,18.023,15.184,12421900000.0,0.0,187.68,3.868,3.223,851700000.0,5613100000.0,2797700000.0,2797700000.0,0.0,0.038,0.063,0.055,0.29,47700000.0,158600000.0,1.0,57655880.0,48050000,48150000.0,58.225,14624800000.0,0.0,115400000.0,339500000.0,304.366,348700000.0
10,VALPQ,MRY,2010-12-31,2010-12-31,2010-12-31,2021-06-25,11100000.0,7051500000.0,6966325000.0,1436700000.0,5614800000.0,0.24,169.064,-875300000.0,1050700000.0,1050700000.0,741800000.0,585900000.0,4.117,0.182,257300000.0,17200000.0,240100000.0,257300000.0,0.0,210400000.0,0.0,0.02,4.3,676700000.0,887100000.0,0.53,887100000.0,676700000.0,676700000.0,16.24,16.24,16.24,5959500000.0,5820950000.0,5959500000.0,6991674019.0,10.0,7.881,-57200000.0,-1.623,1.0,932400000.0,0.557,336200000.0,0.0,5572900000.0,5395375000.0,0.0,0.0,0.0,0.0,1086500000.0,349000000.0,737500000.0,7631074019.0,-90700000.0,0.0,1400000.0,-17200000.0,-153700000.0,-192600000.0,-715700000.0,0.0,818100000.0,-500000.0,579500000.0,579500000.0,579500000.0,-29000000.0,6400000.0,0.346,296500000.0,635900000.0,163500000.0,0.265,1.28,13.168,13.148,5049900000.0,0.0,213.52,4.558,4.496,214600000.0,5305000000.0,1674200000.0,1674200000.0,0.0,0.083,0.1,0.125,0.404,44500000.0,86100000.0,1.0,35739388.0,35250000,35250000.0,47.495,6715300000.0,0.0,97200000.0,358000000.0,190.505,1087700000.0
11,VALPQ,MRY,2009-12-31,2009-12-31,2009-12-31,2021-06-25,5200000.0,6747200000.0,6409075000.0,1652800000.0,5094400000.0,0.295,156.672,-857200000.0,1141400000.0,1141400000.0,709000000.0,784500000.0,3.409,0.226,274400000.0,17200000.0,257200000.0,274400000.0,0.0,189500000.0,0.0,0.003,0.4,959400000.0,1148900000.0,0.608,1148900000.0,959400000.0,959400000.0,21.92,21.92,21.92,5499200000.0,5200200000.0,5499200000.0,4957520074.0,5.0,4.315,368600000.0,10.501,1.0,1179900000.0,0.625,336200000.0,0.0,5059100000.0,4918550000.0,0.0,60500000.0,0.0,60500000.0,1240100000.0,484900000.0,755200000.0,5691720074.0,351800000.0,14300000.0,9600000.0,-17200000.0,-14200000.0,-34200000.0,-840300000.0,0.0,1225800000.0,500000.0,779400000.0,779400000.0,779400000.0,-29300000.0,5100000.0,0.413,253500000.0,926400000.0,159100000.0,0.018,1.035,7.303,7.288,4477300000.0,0.0,159.76,3.013,2.969,324600000.0,4879200000.0,1888900000.0,1888900000.0,0.0,0.122,0.15,0.195,0.508,35500000.0,64000000.0,1.0,35626690.0,35100000,35125000.0,53.815,6411000000.0,0.0,180000000.0,377300000.0,182.65,1167900000.0
12,VALPQ,MRY,2008-12-31,2008-12-31,2008-12-31,2021-06-25,-17000000.0,5830100000.0,5421800000.0,1400900000.0,4429200000.0,0.414,132.116,-764200000.0,789600000.0,789600000.0,736300000.0,1156700000.0,3.274,0.245,291500000.0,17200000.0,274300000.0,291500000.0,0.0,203100000.0,0.0,0.004,0.4,1373200000.0,1576300000.0,0.703,1576300000.0,1373200000.0,1373200000.0,32.16,32.08,32.16,4676900000.0,4333100000.0,4676900000.0,3878839980.0,3.0,2.461,389500000.0,11.003,1.0,1506300000.0,0.672,336200000.0,0.0,4567900000.0,4409725000.0,0.0,64200000.0,0.0,64200000.0,1146500000.0,427900000.0,718600000.0,4026339980.0,160100000.0,45100000.0,-232400000.0,-19000000.0,-14300000.0,-264200000.0,-714400000.0,0.0,1153700000.0,-15000000.0,1150800000.0,1150800000.0,1150800000.0,-103400000.0,5900000.0,0.513,226400000.0,1279900000.0,195800000.0,0.012,0.861,3.499,3.531,3871300000.0,0.0,113.56,1.795,1.793,482700000.0,4114000000.0,2242600000.0,2242600000.0,0.0,0.212,0.266,0.311,0.612,27300000.0,53800000.0,1.0,35455618.0,35400000,35475000.0,63.35,5493900000.0,0.0,222400000.0,340500000.0,155.195,973000000.0
13,VALPQ,MRY,2007-12-31,2007-12-31,2007-12-31,2021-06-25,-4200000.0,4968800000.0,4715825000.0,1129300000.0,3839500000.0,0.436,102.304,-519400000.0,629500000.0,629500000.0,644100000.0,998900000.0,2.243,0.324,310500000.0,19100000.0,291400000.0,310500000.0,0.0,188400000.0,0.0,0.002,0.4,1236800000.0,1425200000.0,0.692,1425200000.0,1236800000.0,1236800000.0,26.84,26.76,26.84,3752000000.0,3546425000.0,3752000000.0,8481297590.0,7.0,5.951,727900000.0,19.847,1.0,1414100000.0,0.687,336200000.0,0.0,3810100000.0,3762075000.0,0.0,0.0,0.0,0.0,1216800000.0,503500000.0,713300000.0,8637097590.0,63700000.0,0.0,-491800000.0,-165300000.0,-14800000.0,-671000000.0,-511800000.0,0.0,1247300000.0,-800000.0,992000000.0,992000000.0,992000000.0,-28800000.0,6900000.0,0.482,237000000.0,1177100000.0,18800000.0,0.015,2.302,8.707,8.885,3358900000.0,0.0,238.48,4.196,4.249,383200000.0,2977500000.0,2058200000.0,2058200000.0,0.0,0.21,0.28,0.329,0.601,36900000.0,59500000.0,1.0,36217283.0,36675000,36800000.0,56.12,4632600000.0,0.0,244800000.0,352000000.0,126.315,625800000.0
14,VALPQ,MRY,2006-12-31,2006-12-31,2006-12-31,2021-06-25,-5500000.0,4334400000.0,4051850000.0,987200000.0,3347200000.0,0.437,84.52,-527900000.0,565800000.0,565800000.0,564800000.0,769700000.0,2.565,0.348,475600000.0,167100000.0,308500000.0,475600000.0,0.0,179300000.0,0.0,0.002,0.4,1029200000.0,1208500000.0,0.683,1208500000.0,1029200000.0,1012700000.0,20.24,20.16,20.24,3216000000.0,2947050000.0,3216000000.0,7657093378.0,7.0,6.336,418900000.0,11.009,1.0,1205000000.0,0.681,336200000.0,16500000.0,3523100000.0,3524950000.0,0.0,0.0,0.0,0.0,1118400000.0,384900000.0,733500000.0,7602093378.0,297300000.0,23700000.0,-119200000.0,-17100000.0,-15300000.0,-148000000.0,-501300000.0,0.0,946800000.0,-200000.0,769700000.0,769700000.0,769700000.0,-28700000.0,0.0,0.435,215700000.0,989300000.0,12400000.0,0.02,2.364,9.877,9.893,2960400000.0,0.0,200.24,4.295,4.305,338800000.0,1994500000.0,1769800000.0,1769800000.0,0.0,0.19,0.261,0.292,0.582,18300000.0,44600000.0,1.0,37964909.0,38050000,38200000.0,46.512,3998200000.0,0.0,243000000.0,356500000.0,105.078,602300000.0
15,VALPQ,MRY,2005-12-31,2005-12-31,2005-12-31,2021-06-25,-10900000.0,3617900000.0,3477975000.0,578400000.0,3039500000.0,0.297,66.974,-477100000.0,268500000.0,268500000.0,454400000.0,284900000.0,2.5,0.424,492600000.0,17200000.0,475400000.0,492600000.0,0.0,159400000.0,0.0,0.002,0.4,414200000.0,573600000.0,0.555,573600000.0,414200000.0,385400000.0,7.52,7.48,7.52,2540000000.0,2378500000.0,2540000000.0,7066218583.0,17.0,12.319,-118800000.0,-3.132,1.0,579900000.0,0.561,336200000.0,28800000.0,3274400000.0,3165875000.0,0.0,0.0,0.0,0.0,1077900000.0,231400000.0,846500000.0,6797318583.0,1500000.0,132900000.0,67200000.0,-58300000.0,-15200000.0,-14400000.0,-341700000.0,0.0,358300000.0,-700000.0,284900000.0,284900000.0,284900000.0,-14900000.0,0.0,0.275,185400000.0,394500000.0,19100000.0,0.053,2.676,23.859,23.59,2663600000.0,0.0,177.4,6.572,6.505,269000000.0,1229500000.0,1034300000.0,1034300000.0,0.0,0.082,0.12,0.131,0.4,20800000.0,32000000.0,1.0,38316339.0,37925000,38100000.0,27.272,3281700000.0,0.0,100500000.0,338300000.0,86.531,347000000.0
16,VALPQ,MRY,2004-12-31,2004-12-31,2004-12-31,2021-06-25,-9000000.0,3322000000.0,3251600000.0,493700000.0,2828300000.0,0.225,57.991,-304500000.0,267000000.0,267000000.0,407800000.0,93000000.0,2.288,0.523,550100000.0,23000000.0,527100000.0,550100000.0,0.0,139200000.0,0.0,0.003,0.4,159500000.0,298700000.0,0.408,298700000.0,159500000.0,122900000.0,2.48,2.48,2.48,2181900000.0,2137150000.0,2181900000.0,5073342458.0,32.0,16.985,-48900000.0,-1.3,1.0,323500000.0,0.442,341000000.0,36600000.0,3048300000.0,2990000000.0,0.0,0.0,0.0,0.0,1140100000.0,215800000.0,924300000.0,4795342458.0,-87000000.0,-11300000.0,7800000.0,-23000000.0,-15100000.0,-28800000.0,-312900000.0,0.0,255600000.0,-900000.0,93000000.0,93000000.0,93000000.0,900000.0,0.0,0.127,166100000.0,157400000.0,15600000.0,0.161,2.198,51.563,51.194,2431300000.0,0.0,126.96,6.557,6.532,183000000.0,1016300000.0,731300000.0,731300000.0,0.0,0.029,0.044,0.053,0.218,13800000.0,33100000.0,1.0,37770498.0,37625000,37650000.0,19.437,2981000000.0,0.0,29900000.0,375300000.0,79.229,277900000.0
17,VALPQ,MRY,2003-12-31,2003-12-31,2003-12-31,2021-06-25,-10900000.0,3183000000.0,3142275000.0,543300000.0,2639700000.0,0.236,55.644,-185700000.0,354000000.0,354000000.0,420800000.0,108300000.0,2.899,0.529,572900000.0,23000000.0,549900000.0,572900000.0,0.0,125100000.0,0.0,0.004,0.4,188300000.0,313400000.0,0.422,313400000.0,188300000.0,151600000.0,2.88,2.88,2.88,2081100000.0,2035950000.0,2081100000.0,4326571662.0,23.0,13.805,87500000.0,2.34,1.0,321500000.0,0.433,342700000.0,36700000.0,2871800000.0,2882000000.0,0.0,0.0,0.0,0.0,1101900000.0,187400000.0,914500000.0,4072071662.0,206900000.0,65300000.0,12400000.0,3700000.0,-15000000.0,-5400000.0,-77000000.0,38400000.0,273200000.0,1900000.0,108300000.0,108300000.0,108300000.0,-4400000.0,0.0,0.146,141500000.0,180000000.0,15800000.0,0.139,1.957,37.6,37.736,2217200000.0,0.0,108.68,5.486,5.476,149400000.0,928600000.0,742300000.0,742300000.0,0.0,0.034,0.053,0.065,0.254,6600000.0,22000000.0,1.0,37468455.0,37400000,37525000.0,19.848,2840300000.0,0.0,43300000.0,345900000.0,75.944,355900000.0
18,VALPQ,MRY,2002-12-31,2002-12-31,2002-12-31,2021-06-25,-12100000.0,3061500000.0,2712500000.0,387500000.0,2674000000.0,0.237,55.92,-218000000.0,147100000.0,147100000.0,341500000.0,59300000.0,1.954,0.556,569000000.0,21500000.0,547500000.0,569000000.0,0.0,122300000.0,0.0,0.003,0.4,119200000.0,241500000.0,0.376,241500000.0,119200000.0,88100000.0,1.68,1.68,1.68,1967000000.0,1723175000.0,1967000000.0,4794098108.0,40.0,19.851,-15900000.0,-0.452,1.0,300100000.0,0.468,350200000.0,31100000.0,2934900000.0,2630025000.0,0.0,38400000.0,38400000.0,0.0,1094500000.0,198300000.0,896200000.0,4386298108.0,-131700000.0,-99900000.0,19500000.0,-59300000.0,-14200000.0,-56300000.0,-277400000.0,16200000.0,202100000.0,-900000.0,59300000.0,59300000.0,59300000.0,1900000.0,0.0,0.092,190500000.0,109600000.0,15000000.0,0.238,2.23,73.968,70.119,2258000000.0,0.0,117.8,6.836,6.458,162800000.0,835300000.0,641600000.0,641600000.0,0.0,0.022,0.034,0.045,0.186,4000000.0,18600000.0,1.0,37235128.0,35175000,35350000.0,18.24,2711300000.0,0.0,28800000.0,332300000.0,77.08,189200000.0
19,VALPQ,MRY,2001-12-31,2001-12-31,2001-12-31,2021-06-25,-9900000.0,2323800000.0,2264825000.0,461300000.0,1862500000.0,0.332,42.08,-131400000.0,278800000.0,278800000.0,320500000.0,207300000.0,3.09,0.614,475100000.0,12700000.0,462400000.0,475100000.0,0.0,117300000.0,0.0,0.004,0.4,317000000.0,434300000.0,0.577,434300000.0,317000000.0,284200000.0,6.04,6.0,6.04,1440200000.0,1414775000.0,1440200000.0,3611368653.0,11.0,8.315,266500000.0,7.787,1.0,432200000.0,0.574,103800000.0,32800000.0,2267000000.0,2363850000.0,0.0,31600000.0,31600000.0,0.0,883600000.0,149300000.0,734300000.0,3345368653.0,172200000.0,0.0,-77100000.0,40000000.0,-13700000.0,-54500000.0,-181000000.0,-54600000.0,397900000.0,-200000.0,207300000.0,207300000.0,207300000.0,-12400000.0,0.0,0.275,135000000.0,297200000.0,10100000.0,0.066,2.323,16.138,16.457,1715300000.0,0.0,99.4,4.444,4.52,116500000.0,790200000.0,752700000.0,752700000.0,0.0,0.092,0.147,0.134,0.421,3000000.0,16800000.0,1.0,33655620.0,34225000,34475000.0,21.993,2220000000.0,0.0,76900000.0,259100000.0,64.865,312000000.0
20,VALPQ,MRY,2000-12-31,2000-12-31,2000-12-31,2021-06-25,-1100000.0,2108000000.0,2020875000.0,288700000.0,1819300000.0,0.264,38.631,-256100000.0,106600000.0,106600000.0,290600000.0,85400000.0,2.465,0.586,434900000.0,12700000.0,422200000.0,434900000.0,0.0,105700000.0,0.0,0.003,0.4,138600000.0,244300000.0,0.458,244300000.0,138600000.0,125200000.0,2.48,2.44,2.48,1328900000.0,1279000000.0,1328900000.0,5025307481.0,36.0,20.57,-118300000.0,-3.439,1.0,243200000.0,0.456,0.0,13400000.0,2319200000.0,2217675000.0,0.0,0.0,0.0,0.0,779100000.0,117100000.0,662000000.0,4718207481.0,-37800000.0,0.0,16900000.0,59700000.0,-13800000.0,59900000.0,-235500000.0,11200000.0,137800000.0,0.0,85400000.0,85400000.0,85400000.0,0.0,0.0,0.16,112000000.0,131200000.0,13200000.0,0.161,3.55,55.248,54.935,1685300000.0,0.0,136.24,8.839,8.78,159100000.0,596600000.0,533800000.0,533800000.0,0.0,0.042,0.067,0.062,0.26,7000000.0,13300000.0,1.0,34631588.0,34400000,34825000.0,15.517,2108000000.0,0.0,39800000.0,230300000.0,61.279,171600000.0
21,VALPQ,MRY,1999-12-31,1999-12-31,1999-12-31,2021-06-25,-1100000.0,1983700000.0,1980500000.0,273200000.0,1710500000.0,0.184,36.179,-248100000.0,144400000.0,144400000.0,250800000.0,300000.0,2.027,0.607,375200000.0,4000000.0,371200000.0,375200000.0,0.0,108200000.0,0.0,0.004,0.4,23100000.0,131300000.0,0.361,131300000.0,23100000.0,3800000.0,0.0,0.0,0.0,1234600000.0,1246100000.0,1234600000.0,3271322575.0,142.0,24.915,-131900000.0,-3.865,1.0,112900000.0,0.31,0.0,19300000.0,2079700000.0,2007300000.0,0.0,20900000.0,20900000.0,0.0,749100000.0,134800000.0,614300000.0,3089422575.0,-185700000.0,0.0,2000000.0,-23700000.0,-13700000.0,-43400000.0,-258500000.0,-20900000.0,116200000.0,0.0,300000.0,300000.0,300000.0,0.0,0.0,0.001,109400000.0,3500000.0,8100000.0,,2.502,10298.075,,1577100000.0,0.0,90.0,8.494,8.444,85300000.0,525000000.0,363700000.0,363700000.0,0.0,0.0,0.0,0.012,0.064,1200000.0,11200000.0,1.0,34326918.0,34125000,34425000.0,10.658,1983700000.0,0.0,3500000.0,211600000.0,58.13,138400000.0
22,VALPQ,MRY,1998-12-31,1998-12-31,1998-12-31,2021-06-25,-1100000.0,1992800000.0,1969925000.0,476300000.0,1516500000.0,0.413,35.673,-330800000.0,330100000.0,330100000.0,329100000.0,253900000.0,2.988,0.601,399100000.0,23600000.0,375500000.0,399100000.0,0.0,93600000.0,0.0,0.009,0.4,403900000.0,497500000.0,0.612,497500000.0,403900000.0,377700000.0,7.28,7.24,7.28,1245000000.0,1215675000.0,1245000000.0,1582118007.0,4.0,3.18,118500000.0,3.395,1.0,484100000.0,0.595,0.0,26200000.0,1902400000.0,1881725000.0,0.0,0.0,0.0,0.0,747800000.0,159400000.0,588400000.0,1471018007.0,67900000.0,0.0,-72600000.0,-30600000.0,-14100000.0,-119000000.0,-262400000.0,0.0,449300000.0,0.0,253900000.0,253900000.0,253900000.0,0.0,0.0,0.312,98900000.0,385200000.0,9100000.0,0.055,1.182,5.794,5.874,1389400000.0,0.0,42.76,1.809,1.835,118400000.0,538400000.0,813200000.0,813200000.0,0.0,0.129,0.209,0.215,0.497,600000.0,15400000.0,1.0,34401731.0,34900000,35150000.0,23.301,1992800000.0,0.0,123800000.0,180000000.0,57.1,316900000.0
23,VALPQ,MRY,1997-12-31,1997-12-31,1997-12-31,2021-06-25,-1100000.0,1772000000.0,1543700000.0,447100000.0,1324900000.0,0.528,30.545,-282300000.0,262200000.0,262200000.0,306700000.0,233900000.0,3.416,0.646,430100000.0,29300000.0,400800000.0,430100000.0,0.0,113400000.0,0.0,0.001,0.2,393100000.0,506500000.0,0.621,506500000.0,393100000.0,371700000.0,6.64,6.56,6.64,1076700000.0,961300000.0,1076700000.0,,,,54300000.0,1.54,1.0,508400000.0,0.624,0.0,21400000.0,1809000000.0,1616650000.0,0.0,0.0,0.0,0.0,695300000.0,130900000.0,564400000.0,4765523941.0,181500000.0,2100000.0,0.0,127800000.0,-7100000.0,124500000.0,-279600000.0,0.0,336600000.0,0.0,233900000.0,233900000.0,233900000.0,0.0,0.0,0.287,119100000.0,389300000.0,7800000.0,0.03,4.426,20.374,20.181,1177100000.0,0.0,134.0,5.847,5.795,157200000.0,298600000.0,815100000.0,815100000.0,0.0,0.152,0.243,0.243,0.482,0.0,14300000.0,1.0,35563612.0,35250000,35725000.0,23.123,1772000000.0,0.0,137800000.0,128200000.0,50.27,316200000.0
24,VALPQ,MRY,1996-12-31,1996-12-31,1996-12-31,2021-06-25,-1100000.0,1315400000.0,,211400000.0,1104000000.0,,25.731,-176000000.0,80700000.0,80700000.0,227300000.0,95400000.0,2.035,0.555,293500000.0,34900000.0,258600000.0,293500000.0,0.0,86200000.0,0.0,0.0,0.0,160200000.0,246400000.0,0.526,246400000.0,160200000.0,139400000.0,2.92,2.88,2.92,845900000.0,,845900000.0,,,,22600000.0,0.687,1.0,241500000.0,0.515,0.0,20800000.0,1424300000.0,,0.0,0.0,0.0,0.0,469500000.0,103900000.0,365600000.0,,3600000.0,18900000.0,0.0,-44500000.0,0.0,-44900000.0,-150100000.0,5000000.0,198600000.0,0.0,95400000.0,95400000.0,95400000.0,0.0,0.0,0.203,92800000.0,148700000.0,11500000.0,0.0,,,33.219,991600000.0,0.0,97.0,,6.802,111000000.0,71800000.0,468800000.0,468800000.0,0.0,,,,0.342,0.0,11000000.0,1.0,,32875000,33275000.0,14.26,1315400000.0,0.0,44000000.0,73000000.0,40.012,107500000.0
25,VALPQ,MRY,1995-12-31,1995-12-31,1995-12-31,2021-06-25,,,,,,,,-143200000.0,,,155900000.0,48100000.0,,,,,,,,61800000.0,,0.0,0.0,68100000.0,129900000.0,0.465,129900000.0,68100000.0,51500000.0,1.6,1.6,1.6,,,,,,,-58600000.0,-1.955,1.0,123200000.0,0.441,,16600000.0,,,,,,,,,,,-70800000.0,11800000.0,-7200000.0,-16700000.0,0.0,-23500000.0,-131900000.0,800000.0,84600000.0,0.0,48100000.0,48100000.0,48100000.0,-6300000.0,0.0,0.172,68000000.0,55200000.0,,0.0,,,28.75,,0.0,46.0,,4.94,,,279100000.0,279100000.0,0.0,,,,0.244,0.0,9600000.0,1.0,,29975000,30200000.0,9.311,,,3400000.0,,,
0,VALPQ,MRQ,2021-03-31,2021-03-31,2021-03-31,2021-06-25,-93200000.0,11946900000.0,,1125000000.0,10821900000.0,,17.35,-6000000.0,291700000.0,291700000.0,252200000.0,-907600000.0,2.407,2.45,7313700000.0,0.0,7313700000.0,7313700000.0,0.0,117500000.0,0.0,0.0,0.0,-877000000.0,-759500000.0,-2.473,-759500000.0,-877000000.0,-878300000.0,-4.56,-4.56,-4.56,3463100000.0,,3463100000.0,7003869091.0,-3.0,-3.244,-37700000.0,-0.189,1.0,54900000.0,0.179,0.0,1300000.0,18501500000.0,,0.0,565500000.0,0.0,565500000.0,8485700000.0,467400000.0,8018300000.0,15969091.0,-34100000.0,3700000.0,0.0,0.0,0.0,0.0,-2300000.0,0.0,-31700000.0,-100000.0,-910000000.0,-910000000.0,-910000000.0,0.0,2400000.0,-2.963,902900000.0,-848000000.0,176800000.0,0.0,0.005,-0.006,-0.006,10083900000.0,0.0,0.08,0.012,0.012,449800000.0,-5093800000.0,307100000.0,307100000.0,0.0,,,,,3800000.0,24300000.0,1.0,199613642.0,199600000,199600000.0,1.539,11946900000.0,0.0,31700000.0,0.0,59.854,657600000.0
1,VALPQ,MRQ,2020-12-31,2020-12-31,2020-12-31,2021-06-25,-87900000.0,12873200000.0,,1172900000.0,11700300000.0,,21.994,-10900000.0,325800000.0,325800000.0,304700000.0,-69100000.0,2.748,1.944,7313700000.0,0.0,7313700000.0,7313700000.0,0.0,114200000.0,0.0,0.0,0.0,-183000000.0,-68800000.0,-0.232,-68800000.0,-183000000.0,-184400000.0,-0.29,-0.29,-0.29,4374600000.0,,4374600000.0,7143273360.0,-1.0,-1.67,133800000.0,0.673,1.0,-8200000.0,-0.028,0.0,1400000.0,19434300000.0,,0.0,563600000.0,0.0,563600000.0,8502900000.0,426800000.0,8076100000.0,9973360.0,145400000.0,7600000.0,0.0,3800000.0,0.0,3800000.0,-3300000.0,0.0,144700000.0,200000.0,-70900000.0,-70900000.0,-70900000.0,0.0,1800000.0,-0.239,148900000.0,-157100000.0,176400000.0,0.0,0.002,-0.002,-0.002,10960500000.0,0.0,0.05,0.007,0.007,449200000.0,-4183800000.0,296500000.0,296500000.0,0.0,,,,,3600000.0,26500000.0,1.0,199467198.0,198900000,198900000.0,1.491,12873200000.0,0.0,-113500000.0,0.0,64.722,746100000.0
2,VALPQ,MRQ,2020-09-30,2020-09-30,2020-09-30,2021-06-25,-11200000.0,12911200000.0,,1064800000.0,11846400000.0,,22.661,-15800000.0,180400000.0,180400000.0,307200000.0,-672000000.0,2.744,1.859,7313700000.0,0.0,7313700000.0,7313700000.0,0.0,124600000.0,0.0,0.0,0.0,-589200000.0,-464600000.0,-1.628,-464600000.0,-589200000.0,-649000000.0,-3.36,-3.36,-3.36,4518700000.0,,4518700000.0,6425650429.0,-1.0,-1.574,-31100000.0,-0.156,1.0,-21900000.0,-0.077,0.0,59800000.0,19656500000.0,,0.0,563800000.0,0.0,563800000.0,8398600000.0,388000000.0,8010600000.0,17350429.0,-21600000.0,30400000.0,0.0,-13800000.0,0.0,-21000000.0,14600000.0,0.0,-15300000.0,100000.0,-670900000.0,-670900000.0,-670900000.0,0.0,-1100000.0,-2.352,76400000.0,-98300000.0,180700000.0,0.0,0.004,-0.003,-0.003,11082400000.0,0.0,0.087,0.011,0.011,429700000.0,-4112900000.0,285300000.0,285300000.0,0.0,,,,,4300000.0,72100000.0,1.0,199430217.0,199400000,199400000.0,1.431,12911200000.0,0.0,21900000.0,0.0,64.75,676800000.0
3,VALPQ,MRQ,2020-06-30,2020-06-30,2020-06-30,2021-06-25,-13300000.0,13038900000.0,,1066100000.0,11972800000.0,,26.135,-30800000.0,202000000.0,202000000.0,370700000.0,-1108800000.0,0.347,1.513,6610300000.0,2518100000.0,4092200000.0,6610300000.0,0.0,140900000.0,0.0,0.0,0.0,-1007000000.0,-866100000.0,-2.228,-866100000.0,-1007000000.0,-1123200000.0,-5.58,-5.58,-5.58,5190400000.0,,5190400000.0,6322453219.0,-2.0,-1.788,-207500000.0,-1.045,1.0,18100000.0,0.047,0.0,116200000.0,16379100000.0,,0.0,570000000.0,0.0,570000000.0,7853500000.0,3068100000.0,4785400000.0,134253219.0,17100000.0,3400000.0,0.0,222100000.0,0.0,221100000.0,-27400000.0,0.0,-176700000.0,100000.0,-1107400000.0,-1107400000.0,-1107400000.0,0.0,-1400000.0,-2.848,1032100000.0,-1014000000.0,151900000.0,0.0,0.026,-0.03,-0.028,11192600000.0,0.0,0.652,0.07,0.068,363300000.0,-3442000000.0,388800000.0,388800000.0,0.0,,,,,5700000.0,62600000.0,1.0,205941431.0,198600000,198600000.0,1.958,13038900000.0,0.0,-15800000.0,0.0,65.654,-2002000000.0
4,VALPQ,MRQ,2020-03-31,2020-03-31,2020-03-31,2021-06-25,-7200000.0,14025100000.0,,1105600000.0,12919500000.0,,31.826,-36300000.0,184900000.0,184900000.0,476000000.0,-3007700000.0,1.249,1.227,6373100000.0,224500000.0,6148600000.0,6373100000.0,0.0,167300000.0,0.0,0.0,0.0,-3045100000.0,-2877800000.0,-6.303,-2877800000.0,-3045100000.0,-3158300000.0,-15.19,-15.19,-15.19,6298300000.0,,6298300000.0,6039896096.0,-2.0,-3.083,-240700000.0,-1.216,1.0,-19400000.0,-0.042,0.0,113200000.0,19328100000.0,,0.0,575300000.0,0.0,575300000.0,7729500000.0,885200000.0,6844300000.0,88796096.0,87700000.0,10400000.0,0.0,319200000.0,0.0,318300000.0,-25900000.0,0.0,-204400000.0,-300000.0,-3006300000.0,-3006300000.0,-3006300000.0,0.0,-1400000.0,-6.584,3026100000.0,-3045500000.0,258400000.0,0.0,0.014,-0.029,-0.029,12157200000.0,0.0,0.45,0.042,0.042,493200000.0,-2334600000.0,456600000.0,456600000.0,0.0,,,,,7800000.0,53400000.0,1.0,197280817.0,197900000,197900000.0,2.307,14025100000.0,0.0,-152000000.0,0.0,70.87,220400000.0
5,VALPQ,MRQ,2019-12-31,2019-12-31,2019-12-31,2021-06-25,6200000.0,16931200000.0,,1064400000.0,15866800000.0,,47.025,-52800000.0,97200000.0,97200000.0,476600000.0,-214000000.0,1.281,0.819,6048300000.0,124800000.0,5923500000.0,6048300000.0,0.0,165100000.0,0.0,0.006,0.0,-38100000.0,127000000.0,0.248,127000000.0,-38100000.0,-153200000.0,-1.24,-1.24,-1.24,9310900000.0,,9310900000.0,7336374314.0,20.0,7.71,97800000.0,0.494,1.0,35500000.0,0.069,0.0,115100000.0,22051600000.0,,0.0,581600000.0,0.0,581600000.0,7621600000.0,830700000.0,6790900000.0,1298074314.0,-32300000.0,12800000.0,0.0,-140700000.0,0.0,-143200000.0,-40000000.0,0.0,150600000.0,300000.0,-216000000.0,-216000000.0,-216000000.0,0.0,2000000.0,-0.422,219100000.0,-183600000.0,288200000.0,0.0,0.139,-6.556,-5.754,15096900000.0,0.0,6.56,0.632,0.554,520700000.0,671700000.0,512100000.0,512100000.0,0.0,,,,,8600000.0,42000000.0,1.0,197877182.0,198000000,198000000.0,2.586,16931200000.0,0.0,62800000.0,0.0,85.511,233700000.0
6,VALPQ,MRQ,2019-09-30,2019-09-30,2019-09-30,2021-06-25,18900000.0,17230600000.0,,1184000000.0,16046600000.0,,48.236,-39400000.0,129500000.0,129500000.0,496500000.0,-197500000.0,1.377,0.808,6167800000.0,125500000.0,6042300000.0,6167800000.0,0.0,162200000.0,0.0,0.017,0.0,-81700000.0,80500000.0,0.146,80500000.0,-81700000.0,-195600000.0,-1.0,-1.0,-1.0,9531400000.0,,9531400000.0,7138065070.0,25.0,8.639,-173500000.0,-0.878,1.0,54800000.0,0.099,0.0,113900000.0,22409300000.0,,0.0,591100000.0,0.0,591100000.0,7700100000.0,859600000.0,6840500000.0,951765070.0,-829600000.0,400000.0,0.0,-788200000.0,0.0,-791200000.0,96000000.0,135000000.0,-134100000.0,-300000.0,-197100000.0,-197100000.0,-197100000.0,0.0,-400000.0,-0.358,287300000.0,-232500000.0,326400000.0,0.0,0.1,-5.128,-1.894,15250700000.0,0.0,4.81,0.491,0.49,567000000.0,887700000.0,551300000.0,551300000.0,0.0,,,,,9500000.0,36100000.0,1.0,197872156.0,197600000,197600000.0,2.79,17230600000.0,0.0,1500000.0,0.0,87.199,324400000.0
7,VALPQ,MRQ,2019-06-30,2019-06-30,2019-06-30,2021-06-25,19900000.0,18440100000.0,,2222500000.0,16217600000.0,,51.541,-105800000.0,959100000.0,959100000.0,500300000.0,407300000.0,1.17,0.897,7145400000.0,1125300000.0,6020100000.0,7145400000.0,0.0,155100000.0,0.0,0.014,0.0,556400000.0,711500000.0,1.219,711500000.0,556400000.0,438100000.0,2.09,2.09,2.09,9720600000.0,,9720600000.0,6405084247.0,20.0,7.902,-374800000.0,-1.987,1.0,83600000.0,0.143,0.0,118300000.0,22727600000.0,,0.0,727500000.0,135000000.0,592500000.0,8717900000.0,1898800000.0,6819100000.0,1684984247.0,660700000.0,936100000.0,0.0,-8700000.0,0.0,-10600000.0,940300000.0,110000000.0,-269000000.0,0.0,405500000.0,405500000.0,405500000.0,0.0,1800000.0,0.694,241600000.0,-158000000.0,335200000.0,0.0,0.173,-12.622,-2.962,15455700000.0,0.0,8.53,0.926,0.884,628700000.0,1084800000.0,583900000.0,583900000.0,0.0,,,,,13900000.0,81200000.0,1.0,197536254.0,188600000,188600000.0,3.096,18440100000.0,0.0,32600000.0,0.0,97.774,323700000.0
8,VALPQ,MRQ,2019-03-31,2019-03-31,2019-03-31,2021-06-25,19700000.0,13863000000.0,,1211900000.0,12651100000.0,,72.682,-29000000.0,298400000.0,298400000.0,332600000.0,-188000000.0,2.345,0.755,5018500000.0,0.0,5018500000.0,5018500000.0,0.0,110500000.0,0.0,0.01,0.04,-77900000.0,32600000.0,0.08,32600000.0,-77900000.0,-158900000.0,-1.75,-1.75,-1.75,7900500000.0,,7900500000.0,6452989832.0,-22.0,39.932,-53400000.0,-0.491,1.0,73300000.0,0.181,0.0,81000000.0,18066200000.0,,0.0,245000000.0,245000000.0,0.0,5962700000.0,516900000.0,5445800000.0,1717689832.0,23300000.0,300000.0,0.0,0.0,-4500000.0,-7300000.0,55300000.0,84000000.0,-24400000.0,-300000.0,-190400000.0,-190400000.0,-190400000.0,0.0,2400000.0,-0.469,154600000.0,-81300000.0,214200000.0,-0.023,0.217,-2.489,-2.472,12508900000.0,0.0,15.72,1.014,1.009,313700000.0,679300000.0,405900000.0,405900000.0,0.0,,,,,5300000.0,29600000.0,1.0,109267801.0,108700000,108700000.0,3.734,13863000000.0,0.0,31500000.0,0.0,127.534,695000000.0
9,VALPQ,MRQ,2018-12-31,2018-12-31,2018-12-31,2021-06-25,18200000.0,14023700000.0,,1309700000.0,12714000000.0,,74.575,-48000000.0,275100000.0,275100000.0,322800000.0,-203100000.0,2.478,0.733,5010400000.0,0.0,5010400000.0,5010400000.0,0.0,112900000.0,0.0,0.011,0.04,-111200000.0,1700000.0,0.004,1700000.0,-111200000.0,-180400000.0,-1.88,-1.88,-1.88,8091400000.0,,8091400000.0,6362676723.0,-24.0,37.143,-21500000.0,-0.198,1.0,76200000.0,0.191,0.0,69200000.0,18230500000.0,,0.0,329000000.0,329000000.0,0.0,5934900000.0,528500000.0,5406400000.0,1556076723.0,79100000.0,11000000.0,0.0,0.0,-4500000.0,-5500000.0,58000000.0,105000000.0,26500000.0,100000.0,-203600000.0,-203600000.0,-203600000.0,0.0,500000.0,-0.51,186300000.0,-110100000.0,210500000.0,-0.021,0.192,-2.433,-2.414,12616200000.0,0.0,14.24,0.912,0.906,344700000.0,874200000.0,399000000.0,399000000.0,0.0,,,,,8300000.0,23600000.0,1.0,109275051.0,108500000,108500000.0,3.677,14023700000.0,0.0,23200000.0,0.0,129.251,781200000.0
10,VALPQ,MRQ,2018-09-30,2018-09-30,2018-09-30,2021-06-25,19200000.0,14218600000.0,,1382500000.0,12836100000.0,,76.428,-46800000.0,196000000.0,196000000.0,327100000.0,-142900000.0,2.58,0.715,5002600000.0,0.0,5002600000.0,5002600000.0,0.0,114300000.0,0.0,0.005,0.04,-49500000.0,64800000.0,0.15,64800000.0,-49500000.0,-121700000.0,-1.34,-1.34,-1.34,8292400000.0,,8292400000.0,8198704540.0,-31.0,46.531,-111000000.0,-1.023,1.0,103800000.0,0.241,0.0,72200000.0,18489400000.0,,0.0,434000000.0,434000000.0,0.0,5928400000.0,535800000.0,5392600000.0,3689304540.0,-289500000.0,0.0,2000000.0,0.0,-4400000.0,-6600000.0,-218700000.0,-179000000.0,-64200000.0,0.0,-145000000.0,-145000000.0,-145000000.0,0.0,2100000.0,-0.337,145700000.0,-41900000.0,225800000.0,-0.03,0.445,-5.738,-5.275,12731600000.0,0.0,33.76,2.095,2.081,348500000.0,1082500000.0,430900000.0,430900000.0,0.0,,,,,6800000.0,25100000.0,1.0,109280348.0,108500000,108500000.0,3.971,14218600000.0,0.0,23300000.0,0.0,131.047,846700000.0
11,VALPQ,MRQ,2018-06-30,2018-06-30,2018-06-30,2021-06-25,20500000.0,14340600000.0,,1462800000.0,12877800000.0,,77.753,-62600000.0,485500000.0,485500000.0,344300000.0,-150100000.0,2.661,0.7,4994900000.0,0.0,4994900000.0,4994900000.0,0.0,113100000.0,0.0,0.006,0.04,-50600000.0,62500000.0,0.136,62500000.0,-50600000.0,-126300000.0,-1.39,-1.39,-1.39,8436200000.0,,8436200000.0,7695300784.0,-46.0,31.218,-120100000.0,-1.107,1.0,114200000.0,0.249,0.0,75700000.0,18300200000.0,,0.0,255000000.0,255000000.0,0.0,5906700000.0,549800000.0,5356900000.0,3173400784.0,20100000.0,0.0,-2000000.0,-17200000.0,-4500000.0,-6200000.0,84200000.0,144000000.0,-57500000.0,-400000.0,-151000000.0,-151000000.0,-151000000.0,8000000.0,900000.0,-0.329,146800000.0,-32600000.0,218300000.0,-0.029,0.376,-6.063,-5.398,12783900000.0,0.0,29.04,1.773,1.76,332700000.0,1232000000.0,458500000.0,458500000.0,0.0,,,,,6400000.0,26100000.0,1.0,109276886.0,108500000,108500000.0,4.226,14340600000.0,0.0,24700000.0,0.0,132.171,913000000.0
12,VALPQ,MRQ,2018-03-31,2018-03-31,2018-03-31,2021-06-25,29000000.0,14533700000.0,,1578700000.0,12955000000.0,,79.277,-269300000.0,465400000.0,465400000.0,325200000.0,-140500000.0,2.754,0.692,4987300000.0,0.0,4987300000.0,4987300000.0,0.0,98400000.0,0.0,0.009,0.04,-56100000.0,42300000.0,0.101,42300000.0,-56100000.0,-121700000.0,-1.29,-1.29,-1.29,8593600000.0,,8593600000.0,6219380195.0,-75.0,20.193,-229800000.0,-2.12,1.0,91800000.0,0.22,0.0,65600000.0,18482300000.0,,0.0,399000000.0,399000000.0,0.0,5942600000.0,573300000.0,5369300000.0,1914080195.0,20000000.0,0.0,0.0,229000000.0,-4500000.0,206500000.0,-228200000.0,41000000.0,39500000.0,-300000.0,-140100000.0,-140100000.0,-140100000.0,100000.0,-400000.0,-0.336,143100000.0,-51300000.0,251500000.0,-0.031,0.223,-4.579,-3.826,12834800000.0,0.0,17.56,1.07,1.064,304100000.0,1387400000.0,417000000.0,417000000.0,0.0,,,,,8400000.0,27900000.0,1.0,109002289.0,108400000,108400000.0,3.847,14533700000.0,0.0,18400000.0,0.0,134.075,1005400000.0
13,VALPQ,MRQ,2017-12-31,2017-12-31,2017-12-31,2021-06-25,28600000.0,14625900000.0,,1612000000.0,13013900000.0,,105.079,-62600000.0,445400000.0,445400000.0,334300000.0,-207100000.0,2.125,0.675,4750700000.0,0.0,4750700000.0,4750700000.0,0.0,114100000.0,0.0,0.007,0.04,-107500000.0,6600000.0,0.015,6600000.0,-107500000.0,-164700000.0,-2.38,-2.38,-2.38,8732100000.0,,8732100000.0,6600173342.0,222.0,15.985,-22800000.0,-0.274,1.0,119900000.0,0.264,0.0,57200000.0,18172700000.0,,0.0,440000000.0,440000000.0,0.0,5895900000.0,758500000.0,5137400000.0,2576873342.0,-279000000.0,-868800000.0,0.0,-6500000.0,-4400000.0,-14100000.0,-304200000.0,629800000.0,39800000.0,-100000.0,-207100000.0,-206900000.0,-206900000.0,-1400000.0,0.0,-0.456,373300000.0,-253400000.0,432600000.0,-0.017,0.295,-8.485,-6.459,12873700000.0,-200000.0,23.64,1.398,1.066,345400000.0,1532700000.0,454200000.0,454200000.0,0.0,,,,,2900000.0,70900000.0,1.0,109004794.0,83100000,83100000.0,5.466,14625900000.0,0.0,42400000.0,0.0,176.004,853500000.0
14,VALPQ,MRQ,2017-09-30,2017-09-30,2017-09-30,2021-06-25,28600000.0,13682900000.0,,2461500000.0,11221400000.0,,108.436,-141500000.0,724400000.0,724400000.0,285800000.0,-28200000.0,5.037,0.676,4747700000.0,0.0,4747700000.0,4747700000.0,0.0,89000000.0,0.0,0.007,0.04,46100000.0,135100000.0,0.294,135100000.0,46100000.0,-2000000.0,-0.32,-0.32,-0.32,8165200000.0,,8165200000.0,6389227326.0,27.0,13.423,-52400000.0,-0.696,1.0,174400000.0,0.379,0.0,48100000.0,17217500000.0,,0.0,1069800000.0,1069800000.0,0.0,5515600000.0,488700000.0,5026900000.0,1814127326.0,554800000.0,0.0,0.0,0.0,-3200000.0,-4100000.0,469900000.0,610500000.0,89100000.0,100000.0,-25400000.0,-25400000.0,-25400000.0,200000.0,-2800000.0,-0.055,138600000.0,35800000.0,187900000.0,-0.125,0.222,-31.386,-23.88,11096400000.0,0.0,23.88,0.958,0.95,349000000.0,1744200000.0,460200000.0,460200000.0,0.0,,,,,10400000.0,30400000.0,1.0,75968481.0,75300000,75300000.0,6.112,13682900000.0,0.0,23400000.0,0.0,181.712,1972800000.0
15,VALPQ,MRQ,2017-06-30,2017-06-30,2017-06-30,2021-06-25,26900000.0,13723900000.0,,2531800000.0,11192100000.0,,108.802,-50000000.0,169600000.0,169600000.0,291300000.0,-44300000.0,5.033,0.676,4744700000.0,0.0,4744700000.0,4744700000.0,0.0,89900000.0,0.0,0.008,0.04,34100000.0,124000000.0,0.271,124000000.0,34100000.0,-26200000.0,-0.6,-0.6,-0.6,8184600000.0,,8184600000.0,6237860970.0,19.0,10.654,-24100000.0,-0.32,1.0,166200000.0,0.363,0.0,60300000.0,17796000000.0,,0.0,1680400000.0,1680400000.0,0.0,5533600000.0,503000000.0,5030600000.0,1566060970.0,-102100000.0,0.0,0.0,-205900000.0,-3000000.0,-205600000.0,76700000.0,125200000.0,25900000.0,500000.0,-45500000.0,-45600000.0,-45600000.0,-400000.0,1200000.0,-0.1,138400000.0,27800000.0,188000000.0,-0.067,0.191,29.604,46.909,11059000000.0,100000.0,20.64,0.79,0.784,366400000.0,1772800000.0,457500000.0,457500000.0,0.0,,,,,9600000.0,30500000.0,1.0,75875047.0,75225000,75225000.0,6.082,13723900000.0,0.0,19300000.0,0.0,182.438,2028800000.0
16,VALPQ,MRQ,2017-03-31,2017-03-31,2017-03-31,2021-06-25,23500000.0,13972300000.0,,2713600000.0,11258700000.0,,109.397,-282600000.0,271700000.0,271700000.0,278100000.0,-24600000.0,4.969,0.699,4943500000.0,37600000.0,4905900000.0,4943500000.0,0.0,90200000.0,0.0,0.004,0.04,57000000.0,147200000.0,0.312,147200000.0,57000000.0,-1600000.0,-0.36,-0.36,-0.36,8221200000.0,,8221200000.0,6826244225.0,7.0,5.438,-178000000.0,-2.369,1.0,193000000.0,0.41,0.0,58600000.0,18098000000.0,,0.0,1805600000.0,1805600000.0,0.0,5746500000.0,546100000.0,5200400000.0,2711444225.0,-888000000.0,0.0,0.0,-336600000.0,-3200000.0,-346700000.0,-645400000.0,-363000000.0,104600000.0,100000.0,-25700000.0,-25800000.0,-25800000.0,600000.0,1100000.0,-0.055,135200000.0,57800000.0,165300000.0,-0.111,0.33,3.935,3.891,11120700000.0,100000.0,35.8,1.114,1.106,324100000.0,1821400000.0,471100000.0,471100000.0,0.0,,,,,11300000.0,26000000.0,1.0,75738666.0,75150000,75150000.0,6.269,13972300000.0,0.0,24100000.0,0.0,185.925,2167500000.0
17,VALPQ,MRQ,2016-12-31,2016-12-31,2016-12-31,2021-06-25,19000000.0,14374500000.0,,3279300000.0,11095200000.0,,118.246,-66700000.0,1159700000.0,1159700000.0,289000000.0,40500000.0,3.838,0.742,5274500000.0,331900000.0,4942600000.0,5274500000.0,0.0,-29500000.0,0.0,0.004,0.04,99200000.0,69700000.0,0.138,69700000.0,99200000.0,42900000.0,0.28,0.28,0.28,8250600000.0,,8250600000.0,7182822312.0,6.0,4.685,15900000.0,0.228,1.0,215600000.0,0.427,0.0,56300000.0,17634900000.0,,0.0,1442600000.0,1442600000.0,0.0,6119500000.0,854400000.0,5265100000.0,2945622312.0,694300000.0,9800000.0,0.0,824600000.0,-3100000.0,816700000.0,-205200000.0,-140600000.0,82600000.0,-800000.0,39000000.0,39000000.0,39000000.0,-9900000.0,1500000.0,0.077,134900000.0,80700000.0,145900000.0,0.143,0.357,3.309,3.105,10919300000.0,0.0,38.88,1.061,0.977,361000000.0,1864100000.0,504600000.0,504600000.0,0.0,,,,,10900000.0,24700000.0,1.0,75761891.0,69775000,69775000.0,7.232,14374500000.0,0.0,3900000.0,0.0,206.012,2424900000.0
18,VALPQ,MRQ,2016-09-30,2016-09-30,2016-09-30,2021-06-25,21500000.0,13602300000.0,,2465700000.0,11136600000.0,,106.801,-46100000.0,465400000.0,465400000.0,298100000.0,87300000.0,4.178,0.705,4702600000.0,25600000.0,4677000000.0,4702600000.0,0.0,109400000.0,0.0,0.021,0.04,135200000.0,244600000.0,0.446,244600000.0,135200000.0,81800000.0,1.12,1.12,1.12,7972700000.0,,7972700000.0,6676668724.0,-5.0,-5.81,148500000.0,1.989,1.0,250100000.0,0.456,0.0,53400000.0,17249300000.0,,0.0,1302000000.0,1302000000.0,0.0,5621300000.0,590200000.0,5031100000.0,2561368724.0,-324900000.0,0.0,0.0,-177600000.0,-3000000.0,-181000000.0,-338000000.0,-292000000.0,194600000.0,-200000.0,85300000.0,85300000.0,85300000.0,700000.0,2000000.0,0.156,134700000.0,115400000.0,156500000.0,0.036,0.321,-1.581,-1.126,10959700000.0,0.0,34.0,0.826,0.819,352100000.0,1828200000.0,548200000.0,548200000.0,0.0,,,,,10100000.0,25300000.0,1.0,75334374.0,74650000,74650000.0,7.344,13602300000.0,0.0,-3500000.0,0.0,182.214,1875500000.0
19,VALPQ,MRQ,2016-06-30,2016-06-30,2016-06-30,2021-06-25,19800000.0,13765000000.0,,2554700000.0,11210300000.0,,110.751,-51300000.0,790300000.0,790300000.0,350200000.0,592600000.0,4.183,0.746,4905600000.0,0.0,4905600000.0,4905600000.0,0.0,112400000.0,0.0,0.033,0.04,681300000.0,793700000.0,0.873,793700000.0,681300000.0,627300000.0,8.16,8.16,8.16,7879900000.0,,7879900000.0,7702741083.0,-6.0,-8.874,515800000.0,7.249,1.0,559400000.0,0.615,0.0,54000000.0,17269500000.0,,0.0,1010000000.0,1010000000.0,0.0,5878100000.0,610800000.0,5267300000.0,2925741083.0,-293700000.0,0.0,585500000.0,-684800000.0,-3100000.0,-103800000.0,-758800000.0,-715000000.0,567100000.0,-300000.0,590600000.0,590600000.0,590600000.0,200000.0,2000000.0,0.649,139800000.0,419600000.0,152300000.0,0.005,0.371,-2.069,-1.473,11021200000.0,0.0,38.84,0.821,0.775,408000000.0,1746000000.0,909600000.0,909600000.0,0.0,,,,,11700000.0,27400000.0,1.0,75328040.0,71150000,71150000.0,12.784,13765000000.0,0.0,36700000.0,0.0,193.465,1943900000.0
20,VALPQ,MRQ,2016-03-31,2016-03-31,2016-03-31,2021-06-25,21800000.0,13610000000.0,,2322800000.0,11287200000.0,,115.281,-158100000.0,1084000000.0,1084000000.0,363700000.0,176700000.0,1.541,1.03,5861000000.0,870000000.0,4991000000.0,5861000000.0,0.0,113300000.0,0.0,0.044,0.04,311800000.0,425100000.0,0.522,425100000.0,311800000.0,246700000.0,2.96,2.96,2.96,6700700000.0,,6700700000.0,8213593433.0,-5.0,-7.132,75000000.0,1.29,1.0,450300000.0,0.553,0.0,65100000.0,16879600000.0,,0.0,295000000.0,295000000.0,0.0,6903600000.0,1507400000.0,5396200000.0,2439793433.0,962700000.0,0.0,0.0,0.0,-2400000.0,-2900000.0,727000000.0,885000000.0,233100000.0,-100000.0,175300000.0,175300000.0,175300000.0,900000.0,1400000.0,0.215,136700000.0,313600000.0,213000000.0,0.014,0.364,-1.399,-1.379,11097100000.0,0.0,41.48,0.657,0.649,574000000.0,1158500000.0,814000000.0,814000000.0,0.0,,,,,6900000.0,23400000.0,1.0,58818550.0,58125000,58125000.0,14.004,13610000000.0,0.0,71400000.0,0.0,234.151,815400000.0
21,VALPQ,MRQ,2015-12-31,2015-12-31,2015-12-31,2021-06-25,12500000.0,13610500000.0,,2285100000.0,11325400000.0,,112.195,-173700000.0,121300000.0,121300000.0,415200000.0,-2470300000.0,2.947,1.089,5868600000.0,0.0,5868600000.0,5868600000.0,0.0,-15300000.0,0.0,0.039,0.6,-2597200000.0,-2612500000.0,-3.154,-2612500000.0,-2597200000.0,-2654600000.0,-42.44,-42.44,-42.44,6512900000.0,,6512900000.0,9286861820.0,-7.0,-9.429,262300000.0,4.519,1.0,413100000.0,0.499,0.0,57400000.0,18582300000.0,,0.0,1180000000.0,1180000000.0,0.0,7093300000.0,775500000.0,6317800000.0,3623961820.0,-119100000.0,1600000.0,0.0,0.0,-35300000.0,-42900000.0,-503200000.0,-330000000.0,436000000.0,-300000.0,-2471800000.0,-2471800000.0,-2471800000.0,95000000.0,1500000.0,-2.984,2923900000.0,-2510800000.0,224600000.0,-0.014,0.556,-2.272,-2.237,11087800000.0,0.0,61.56,0.892,0.879,582000000.0,985300000.0,828300000.0,828300000.0,0.0,,,,,6300000.0,30200000.0,1.0,58868776.0,58050000,58050000.0,14.269,13610500000.0,0.0,-182800000.0,0.0,234.462,1509600000.0
22,VALPQ,MRQ,2015-09-30,2015-09-30,2015-09-30,2021-06-25,8500000.0,16440800000.0,,2412600000.0,14028200000.0,,155.096,-531900000.0,240400000.0,240400000.0,433500000.0,293800000.0,3.004,0.823,5903300000.0,0.0,5903300000.0,5903300000.0,0.0,145200000.0,0.0,0.085,0.6,380500000.0,525700000.0,0.519,525700000.0,380500000.0,325200000.0,4.96,4.96,4.96,9011100000.0,,9011100000.0,8595756716.0,-4.0,-5.183,-156800000.0,-2.699,1.0,578700000.0,0.572,276100000.0,55300000.0,21024500000.0,,0.0,850000000.0,850000000.0,0.0,7419000000.0,803100000.0,6615900000.0,3318356716.0,-407900000.0,0.0,0.0,-14500000.0,-35400000.0,-51500000.0,-731300000.0,-200000000.0,375100000.0,-200000.0,292000000.0,292000000.0,292000000.0,23300000.0,1800000.0,0.288,176000000.0,402700000.0,267900000.0,0.121,0.368,-1.289,-1.262,13528900000.0,0.0,56.32,0.755,0.745,735600000.0,3492600000.0,1012200000.0,1012200000.0,0.0,,,,,10900000.0,28400000.0,1.0,58919686.0,58100000,58125000.0,17.422,16164700000.0,0.0,33200000.0,208000000.0,278.222,1609500000.0
23,VALPQ,MRQ,2015-06-30,2015-06-30,2015-06-30,2021-06-25,14600000.0,16338100000.0,,2640600000.0,13697500000.0,,150.807,-516800000.0,648300000.0,648300000.0,502600000.0,262700000.0,2.845,0.866,5925700000.0,14400000.0,5911300000.0,5925700000.0,0.0,140500000.0,0.0,0.081,0.6,369500000.0,510000000.0,0.482,510000000.0,369500000.0,318300000.0,4.44,4.44,4.44,8750600000.0,,8750600000.0,10460661706.0,-5.0,-6.941,-89000000.0,-1.534,1.0,556400000.0,0.525,276100000.0,51200000.0,20411100000.0,,0.0,650000000.0,650000000.0,0.0,7576200000.0,928300000.0,6647900000.0,5217661706.0,-239500000.0,0.0,0.0,-203200000.0,-35300000.0,-245600000.0,-421800000.0,95300000.0,427800000.0,100000.0,260300000.0,260300000.0,260300000.0,10100000.0,2400000.0,0.246,170200000.0,386200000.0,318900000.0,0.135,0.596,-2.141,-2.107,13169900000.0,0.0,89.08,1.138,1.128,714400000.0,3236000000.0,1059000000.0,1059000000.0,0.0,,,,,13500000.0,29700000.0,1.0,58572763.0,58025000,58050000.0,18.251,16062000000.0,0.0,58000000.0,210000000.0,276.812,1712300000.0
24,VALPQ,MRQ,2015-03-31,2015-03-31,2015-03-31,2021-06-25,2100000.0,16346200000.0,,3053800000.0,13292400000.0,,146.693,-397100000.0,887800000.0,887800000.0,518300000.0,327900000.0,2.694,0.921,6130800000.0,211500000.0,5919300000.0,6130800000.0,0.0,137100000.0,0.0,0.114,0.6,454800000.0,591900000.0,0.509,591900000.0,454800000.0,402400000.0,5.52,5.52,5.52,8504500000.0,,8504500000.0,10189615081.0,-3.0,-3.421,61900000.0,1.068,1.0,645600000.0,0.555,276100000.0,52400000.0,20179500000.0,,0.0,745300000.0,745300000.0,0.0,7831100000.0,1133600000.0,6697500000.0,4934015081.0,223000000.0,0.0,0.0,193600000.0,-35200000.0,148200000.0,-384300000.0,12000000.0,459000000.0,100000.0,324700000.0,324700000.0,324700000.0,200000.0,3200000.0,0.279,167200000.0,478400000.0,296500000.0,0.109,0.58,-1.275,-1.258,12725300000.0,0.0,84.28,1.058,1.048,795400000.0,3011000000.0,1163900000.0,1163900000.0,0.0,,,,,9500000.0,30100000.0,1.0,58543131.0,57975000,57975000.0,20.076,16070100000.0,0.0,77700000.0,182100000.0,277.19,1920200000.0
25,VALPQ,MRQ,2014-12-31,2014-12-31,2014-12-31,2021-06-25,11900000.0,16040800000.0,,2891000000.0,13149800000.0,,141.883,-321600000.0,664800000.0,664800000.0,514000000.0,-3448500000.0,2.623,0.952,5920400000.0,34800000.0,5885600000.0,5920400000.0,0.0,139400000.0,0.0,0.1,3.0,-3425600000.0,-3286200000.0,-2.833,-3286200000.0,-3425600000.0,-3478000000.0,-59.56,-59.56,-59.56,8215000000.0,,8215000000.0,11800032132.0,-3.0,-3.853,209200000.0,3.613,1.0,645800000.0,0.557,276100000.0,52400000.0,19918200000.0,,0.0,757300000.0,757300000.0,0.0,7817900000.0,1102100000.0,6715800000.0,7016032132.0,-508900000.0,169200000.0,0.0,-29200000.0,-176300000.0,-217200000.0,-822500000.0,-712000000.0,530800000.0,0.0,-3451800000.0,-3451800000.0,-3451800000.0,388000000.0,3300000.0,-2.976,3682900000.0,-3037100000.0,373200000.0,-0.05,0.854,-1.798,-1.774,12534800000.0,0.0,119.8,1.537,1.52,883300000.0,2720400000.0,1159800000.0,1159800000.0,0.0,,,,,9600000.0,28300000.0,1.0,58564542.0,57900000,57900000.0,20.031,15764700000.0,0.0,-26200000.0,162900000.0,272.275,1788900000.0
26,VALPQ,MRQ,2014-09-30,2014-09-30,2014-09-30,2021-06-25,16300000.0,19772500000.0,,3030400000.0,16742100000.0,,204.252,-615400000.0,1173700000.0,1173700000.0,500200000.0,432900000.0,2.678,0.669,5957700000.0,53800000.0,5903900000.0,5957700000.0,0.0,135200000.0,0.0,0.073,3.0,542000000.0,677200000.0,0.564,677200000.0,542000000.0,504000000.0,7.32,7.32,7.32,11836400000.0,,11836400000.0,14260881656.0,55.0,18.735,-13500000.0,-0.233,1.0,701200000.0,0.584,3274000000.0,38000000.0,20151000000.0,,0.0,0.0,0.0,0.0,7923500000.0,1131500000.0,6792000000.0,9679281656.0,1028700000.0,0.0,0.0,1239200000.0,-175500000.0,1048200000.0,-621200000.0,-12000000.0,601900000.0,-200000.0,429400000.0,429400000.0,429400000.0,-9200000.0,3500000.0,0.357,164500000.0,536700000.0,423800000.0,0.41,0.818,-108.269,-93.886,13127600000.0,0.0,165.24,2.259,2.234,869800000.0,6348400000.0,1201400000.0,1201400000.0,0.0,,,,,11300000.0,29300000.0,1.0,58577110.0,57950000,58000000.0,20.732,16498500000.0,0.0,74600000.0,258600000.0,284.702,1898900000.0
27,VALPQ,MRQ,2014-06-30,2014-06-30,2014-06-30,2021-06-25,26700000.0,18271200000.0,,1775800000.0,16495400000.0,,200.131,-357100000.0,145000000.0,145000000.0,542500000.0,-1169600000.0,1.629,0.577,4726600000.0,47500000.0,4679100000.0,4726600000.0,0.0,132200000.0,0.0,0.049,3.0,-1093700000.0,-961500000.0,-0.846,-961500000.0,-1093700000.0,-1130100000.0,-20.28,-20.28,-20.28,11582600000.0,,11582600000.0,17613318846.0,87.0,25.126,147700000.0,2.552,1.0,594100000.0,0.523,3274000000.0,36400000.0,18488800000.0,,0.0,0.0,0.0,0.0,6678400000.0,1090000000.0,5588400000.0,12984618846.0,22500000.0,0.0,0.0,-16600000.0,-175500000.0,-199300000.0,-283100000.0,16700000.0,504800000.0,100000.0,-1172700000.0,-1172700000.0,-1172700000.0,818400000.0,3100000.0,-1.032,871900000.0,-277800000.0,494300000.0,-0.148,1.121,-92.747,-85.492,12881200000.0,0.0,222.28,3.058,3.029,843600000.0,6095400000.0,1136600000.0,1136600000.0,0.0,,,,,12300000.0,36200000.0,1.0,58415597.0,57875000,57875000.0,19.639,14997200000.0,0.0,42600000.0,317000000.0,259.131,685800000.0
28,VALPQ,MRQ,2014-03-31,2014-03-31,2014-03-31,2021-06-25,23600000.0,19521200000.0,,1472400000.0,18048800000.0,,223.46,-272600000.0,122500000.0,122500000.0,520200000.0,296700000.0,1.545,0.51,4751200000.0,47500000.0,4703700000.0,4751200000.0,0.0,131100000.0,0.0,0.047,3.0,376600000.0,507700000.0,0.476,507700000.0,376600000.0,342000000.0,5.0,5.0,5.0,12921600000.0,,12921600000.0,16928537882.0,10.0,7.601,144000000.0,2.49,1.0,546500000.0,0.512,3274000000.0,34600000.0,19923000000.0,,0.0,0.0,0.0,0.0,6590400000.0,952900000.0,5637500000.0,12327737882.0,-43100000.0,0.0,0.0,-7100000.0,-175700000.0,-189000000.0,-270800000.0,0.0,416600000.0,100000.0,292500000.0,292500000.0,292500000.0,2000000.0,4200000.0,0.274,169200000.0,377300000.0,411900000.0,0.6,0.954,8.846,8.841,14418300000.0,0.0,211.12,2.907,2.879,779600000.0,7444100000.0,1066700000.0,1066700000.0,0.0,,,,,11900000.0,38100000.0,1.0,58392089.0,57825000,57850000.0,18.447,16247200000.0,0.0,49500000.0,364700000.0,280.972,519500000.0
29,VALPQ,MRQ,2013-12-31,2013-12-31,2013-12-31,2021-06-25,18200000.0,19472900000.0,,1535200000.0,17937700000.0,,221.595,-489900000.0,165600000.0,165600000.0,324800000.0,364000000.0,1.466,0.522,4766400000.0,47500000.0,4718900000.0,4766400000.0,0.0,103700000.0,0.0,0.039,3.0,434100000.0,537800000.0,0.61,537800000.0,434100000.0,398900000.0,6.2,6.16,6.2,12791600000.0,,12791600000.0,17819501018.0,10.0,7.828,58000000.0,1.005,1.0,556200000.0,0.631,3274000000.0,35200000.0,19752400000.0,,0.0,50000000.0,50000000.0,0.0,6674000000.0,1047300000.0,5626700000.0,13353801018.0,-159800000.0,6000000.0,300000.0,-16600000.0,-175400000.0,-197200000.0,-511300000.0,-50000000.0,547900000.0,800000.0,361400000.0,361400000.0,361400000.0,8000000.0,2600000.0,0.41,117800000.0,438400000.0,341100000.0,0.484,1.044,9.416,9.405,14311000000.0,0.0,228.72,3.089,3.054,855700000.0,7327300000.0,881000000.0,881000000.0,0.0,,,,,12200000.0,35200000.0,1.0,58384929.0,57725000,57775000.0,15.262,16198900000.0,0.0,37500000.0,362100000.0,280.622,487900000.0
30,VALPQ,MRQ,2013-09-30,2013-09-30,2013-09-30,2021-06-25,17500000.0,19142900000.0,,1517100000.0,17625800000.0,,217.968,-682200000.0,325400000.0,325400000.0,534300000.0,381400000.0,1.613,0.519,4791100000.0,47500000.0,4743600000.0,4791100000.0,0.0,132600000.0,0.0,0.035,2.0,484400000.0,617000000.0,0.531,617000000.0,484400000.0,444200000.0,6.48,6.48,6.48,12593100000.0,,12593100000.0,16868678834.0,10.0,7.97,-33500000.0,-0.58,1.0,627900000.0,0.54,3274000000.0,40200000.0,19394100000.0,,0.0,0.0,0.0,0.0,6540300000.0,940500000.0,5599800000.0,12552278834.0,-164400000.0,0.0,0.0,-7200000.0,-116900000.0,-131100000.0,-682000000.0,0.0,648700000.0,0.0,378800000.0,378800000.0,378800000.0,9500000.0,2600000.0,0.326,170000000.0,457900000.0,374600000.0,0.309,0.997,9.835,9.808,13997400000.0,0.0,215.0,3.247,3.213,775500000.0,7141300000.0,1162200000.0,1162200000.0,0.0,,,,,12000000.0,37400000.0,1.0,58382692.0,57775000,57825000.0,20.116,15868900000.0,0.0,65400000.0,340800000.0,274.667,576600000.0
31,VALPQ,MRQ,2013-06-30,2013-06-30,2013-06-30,2021-06-25,6400000.0,18806600000.0,,1783500000.0,17023100000.0,,213.347,-423100000.0,489800000.0,489800000.0,527200000.0,362600000.0,2.071,0.527,4806200000.0,47500000.0,4758700000.0,4806200000.0,0.0,110900000.0,0.0,0.03,2.0,453600000.0,564500000.0,0.499,564500000.0,453600000.0,409400000.0,6.2,6.2,6.2,12310100000.0,,12310100000.0,17806178584.0,11.0,8.63,18500000.0,0.321,1.0,603100000.0,0.534,3274000000.0,44200000.0,18987700000.0,,0.0,0.0,0.0,0.0,6488800000.0,861300000.0,5627500000.0,13537178584.0,-72000000.0,0.0,8600000.0,-16600000.0,-116800000.0,-133100000.0,-379500000.0,50000000.0,441600000.0,-1000000.0,360900000.0,360900000.0,360900000.0,-16200000.0,1700000.0,0.319,168400000.0,434700000.0,300900000.0,0.323,1.1,10.908,10.884,13390500000.0,0.0,232.48,3.537,3.505,902100000.0,6879400000.0,1130300000.0,1130300000.0,0.0,,,,,13300000.0,36400000.0,1.0,58229433.0,57700000,57750000.0,19.589,15532600000.0,0.0,48500000.0,338500000.0,269.196,922200000.0
32,VALPQ,MRQ,2013-03-31,2013-03-31,2013-03-31,2021-06-25,15000000.0,18592500000.0,,1784900000.0,16807600000.0,,209.502,-168300000.0,561800000.0,561800000.0,560800000.0,319900000.0,2.111,0.541,4830800000.0,47500000.0,4783300000.0,4830800000.0,0.0,149000000.0,0.0,0.027,2.0,408000000.0,557000000.0,0.484,557000000.0,408000000.0,368800000.0,5.44,5.44,5.44,12062100000.0,,12062100000.0,18321359200.0,12.0,8.939,174000000.0,3.022,1.0,589100000.0,0.512,3274000000.0,39200000.0,18742100000.0,,0.0,0.0,0.0,0.0,6523900000.0,845400000.0,5678500000.0,13962559200.0,74700000.0,0.0,13400000.0,-7100000.0,-116500000.0,-115700000.0,-151900000.0,0.0,342300000.0,0.0,317100000.0,317100000.0,317100000.0,900000.0,2800000.0,0.276,186800000.0,402300000.0,308900000.0,0.368,1.158,11.432,11.407,13155200000.0,0.0,240.0,3.705,3.667,809100000.0,6635300000.0,1149900000.0,1149900000.0,0.0,,,,,12800000.0,37800000.0,1.0,58177330.0,57575000,57650000.0,19.972,15318500000.0,0.0,51700000.0,346800000.0,266.062,939500000.0
33,VALPQ,MRQ,2012-12-31,2012-12-31,2012-12-31,2021-06-25,20100000.0,18565300000.0,,1723900000.0,16841400000.0,,206.563,-129400000.0,487100000.0,487100000.0,139300000.0,221200000.0,1.742,0.567,4845900000.0,47500000.0,4798400000.0,4845900000.0,0.0,29100000.0,0.0,0.025,1.5,349000000.0,378100000.0,0.893,378100000.0,349000000.0,320800000.0,3.8,3.76,3.8,11846400000.0,,11846400000.0,18477538698.0,12.0,9.4,470200000.0,8.199,1.0,284300000.0,0.671,3274000000.0,28200000.0,18660400000.0,,0.0,0.0,0.0,0.0,6713200000.0,989700000.0,5723500000.0,13766938698.0,327300000.0,3200000.0,13700000.0,-16600000.0,-87200000.0,-92100000.0,-180300000.0,-50000000.0,599600000.0,100000.0,219500000.0,219500000.0,219500000.0,-124000000.0,1700000.0,0.518,64100000.0,220200000.0,357800000.0,0.395,1.162,11.77,11.739,13145600000.0,0.0,237.12,3.783,3.737,811400000.0,6434700000.0,423600000.0,423600000.0,0.0,,,,,12300000.0,35000000.0,1.0,58058952.0,57350000,57425000.0,7.386,15291300000.0,0.0,101300000.0,351700000.0,266.631,734200000.0
34,VALPQ,MRQ,2012-09-30,2012-09-30,2012-09-30,2021-06-25,16100000.0,18234300000.0,,1410600000.0,16823700000.0,,203.608,-536700000.0,159800000.0,159800000.0,507300000.0,345400000.0,1.542,0.56,4870400000.0,47500000.0,4822900000.0,4870400000.0,0.0,142400000.0,0.0,0.027,1.5,421200000.0,563600000.0,0.502,563600000.0,421200000.0,390400000.0,5.92,5.92,5.92,11687100000.0,,11687100000.0,17338218648.0,12.0,8.585,40200000.0,0.7,1.0,616200000.0,0.548,3274000000.0,30800000.0,18756000000.0,,0.0,0.0,0.0,0.0,6540400000.0,914900000.0,5625500000.0,12657418648.0,-66900000.0,0.0,7700000.0,-29300000.0,-87100000.0,-113100000.0,-531400000.0,0.0,576900000.0,700000.0,343500000.0,343500000.0,343500000.0,15800000.0,1900000.0,0.306,182600000.0,433600000.0,346700000.0,0.253,1.083,10.73,10.373,13120000000.0,0.0,218.24,3.034,3.003,853200000.0,6302300000.0,1123500000.0,1123500000.0,0.0,,,,,17300000.0,40200000.0,1.0,57997703.0,57400000,57475000.0,19.573,14960300000.0,0.0,46900000.0,327000000.0,260.632,495700000.0
35,VALPQ,MRQ,2012-06-30,2012-06-30,2012-06-30,2021-06-25,12400000.0,18158200000.0,,1460500000.0,16697700000.0,,199.101,-283000000.0,226700000.0,226700000.0,494000000.0,342700000.0,1.269,0.591,4907500000.0,69500000.0,4838000000.0,4907500000.0,0.0,136300000.0,0.0,0.031,1.5,414700000.0,551000000.0,0.514,551000000.0,414700000.0,384700000.0,5.88,5.88,5.88,11408500000.0,,11408500000.0,15766807065.0,12.0,8.436,180300000.0,3.147,1.0,577100000.0,0.539,3274000000.0,30000000.0,18413800000.0,,0.0,0.0,0.0,0.0,6742800000.0,1151200000.0,5591600000.0,10865607065.0,17800000.0,0.0,2500000.0,-194500000.0,-87000000.0,-219700000.0,-226500000.0,4500000.0,463300000.0,700000.0,341300000.0,341300000.0,341300000.0,-5500000.0,1400000.0,0.319,171800000.0,405300000.0,541900000.0,0.255,0.952,10.442,10.058,12984000000.0,0.0,187.88,2.741,2.716,856300000.0,6045900000.0,1071100000.0,1071100000.0,0.0,,,,,11900000.0,35500000.0,1.0,57832697.0,57300000,57350000.0,18.693,14884200000.0,0.0,43400000.0,334300000.0,259.759,309300000.0
36,VALPQ,MRQ,2012-03-31,2012-03-31,2012-03-31,2021-06-25,12900000.0,17948000000.0,,1297000000.0,16651000000.0,,193.72,-764100000.0,208900000.0,208900000.0,502200000.0,267400000.0,1.047,0.619,5110100000.0,247500000.0,4862600000.0,5110100000.0,0.0,136000000.0,0.0,0.027,1.5,337000000.0,473000000.0,0.463,473000000.0,337000000.0,302400000.0,4.6,4.6,4.6,11080800000.0,,11080800000.0,16848837967.0,16.0,10.881,-216800000.0,-3.79,1.0,518400000.0,0.508,3263000000.0,34600000.0,18347200000.0,,0.0,0.0,0.0,0.0,6860400000.0,1239000000.0,5621400000.0,12229437967.0,-221800000.0,0.0,11900000.0,67900000.0,-86800000.0,-10600000.0,-759000000.0,0.0,547300000.0,500000.0,265400000.0,265400000.0,265400000.0,13100000.0,2000000.0,0.26,174200000.0,344200000.0,553500000.0,0.326,1.104,15.264,13.966,12889900000.0,0.0,211.72,3.538,3.503,760400000.0,5791700000.0,1020600000.0,1020600000.0,0.0,,,,,11700000.0,38200000.0,1.0,57762318.0,57200000,57300000.0,17.843,14685000000.0,0.0,37000000.0,341400000.0,256.731,58000000.0
37,VALPQ,MRQ,2011-12-31,2011-12-31,2011-12-31,2021-06-25,8600000.0,17898800000.0,,1681300000.0,16217500000.0,,226.416,-230600000.0,430700000.0,430700000.0,493700000.0,230400000.0,1.262,0.645,5050100000.0,172500000.0,4877600000.0,5050100000.0,0.0,130100000.0,0.0,0.03,1.4,302000000.0,432100000.0,0.452,432100000.0,302000000.0,260600000.0,4.64,4.64,4.64,10879300000.0,,10879300000.0,15465555511.0,19.0,12.67,99600000.0,2.073,1.0,462700000.0,0.484,3274000000.0,41400000.0,17911600000.0,,0.0,0.0,0.0,0.0,7014300000.0,1332600000.0,5681700000.0,10820855511.0,-49200000.0,0.0,39900000.0,-66600000.0,-80900000.0,-136600000.0,-242700000.0,-4500000.0,330200000.0,-100000.0,229400000.0,229400000.0,229400000.0,2200000.0,1000000.0,0.24,170400000.0,292300000.0,644400000.0,0.302,0.995,18.023,15.184,12421900000.0,0.0,187.68,3.868,3.223,851700000.0,5613100000.0,956400000.0,956400000.0,0.0,,,,,13800000.0,40300000.0,1.0,57655880.0,48050000,48150000.0,19.904,14624800000.0,0.0,31200000.0,339500000.0,304.366,348700000.0
38,VALPQ,MRQ,2011-09-30,2011-09-30,2011-09-30,2021-06-25,12500000.0,17650200000.0,,1514400000.0,16135800000.0,,187.832,-232800000.0,479900000.0,479900000.0,477500000.0,206100000.0,1.207,0.647,5124600000.0,222500000.0,4902100000.0,5124600000.0,0.0,135800000.0,0.0,0.035,1.4,277200000.0,413000000.0,0.451,413000000.0,277200000.0,246400000.0,3.56,3.52,3.56,10711100000.0,,10711100000.0,13819650386.0,21.0,14.383,-6600000.0,-0.116,1.0,438100000.0,0.478,3296100000.0,30800000.0,17743600000.0,,0.0,0.0,0.0,0.0,6934100000.0,1255200000.0,5678900000.0,9318850386.0,-74100000.0,0.0,0.0,78000000.0,-80700000.0,-68400000.0,-231100000.0,0.0,226200000.0,-800000.0,204500000.0,204500000.0,204500000.0,0.0,1600000.0,0.223,176600000.0,261500000.0,551700000.0,0.393,0.87,18.493,14.136,12311700000.0,0.0,161.72,4.184,4.141,654900000.0,5464600000.0,915600000.0,915600000.0,0.0,,,,,11700000.0,40800000.0,1.0,57623364.0,57025000,57150000.0,16.056,14354100000.0,0.0,41900000.0,355000000.0,251.716,259200000.0
39,VALPQ,MRQ,2011-06-30,2011-06-30,2011-06-30,2021-06-25,14800000.0,17511400000.0,,1566300000.0,15945100000.0,,249.039,-134600000.0,554000000.0,554000000.0,286300000.0,103600000.0,1.311,0.656,5054800000.0,137400000.0,4917400000.0,5054800000.0,0.0,83500000.0,0.0,0.026,1.4,146800000.0,230300000.0,0.408,230300000.0,146800000.0,127200000.0,2.36,2.36,2.36,10571700000.0,,10571700000.0,6932939680.0,13.0,9.01,-84000000.0,-1.979,1.0,277900000.0,0.493,3295000000.0,19600000.0,17522500000.0,,0.0,0.0,0.0,0.0,6933100000.0,1194700000.0,5738400000.0,7644839680.0,-2878100000.0,-2656000000.0,0.0,-99700000.0,-80500000.0,-177500000.0,-2751200000.0,0.0,50600000.0,0.0,101900000.0,101900000.0,101900000.0,0.0,1700000.0,0.181,130900000.0,147000000.0,553100000.0,0.593,0.723,17.783,18.507,12108800000.0,0.0,213.2,4.394,5.202,682900000.0,5340800000.0,564200000.0,564200000.0,0.0,,,,,10700000.0,47400000.0,1.0,35857597.0,42450000,42550000.0,13.291,14216400000.0,0.0,25300000.0,364100000.0,334.898,371600000.0
40,VALPQ,MRQ,2011-03-31,2011-03-31,2011-03-31,2021-06-25,13200000.0,9665100000.0,,3885200000.0,5779900000.0,,169.595,-131000000.0,3432100000.0,3432100000.0,191600000.0,65500000.0,1.325,0.614,2720200000.0,2480100000.0,240100000.0,2720200000.0,0.0,59500000.0,0.0,0.024,1.4,85700000.0,145200000.0,0.402,145200000.0,85700000.0,81600000.0,1.8,1.8,1.8,5986700000.0,,5986700000.0,7500703071.0,14.0,10.068,-5800000.0,-0.164,1.0,169900000.0,0.47,336200000.0,4100000.0,5684600000.0,,0.0,0.0,0.0,0.0,3673200000.0,2932400000.0,740800000.0,8294103071.0,2381400000.0,0.0,0.0,2462800000.0,-50200000.0,2386600000.0,-130500000.0,0.0,125200000.0,100000.0,64600000.0,64600000.0,64600000.0,0.0,900000.0,0.179,89600000.0,80300000.0,296400000.0,0.778,1.385,18.257,18.189,5259100000.0,0.0,231.36,5.226,5.146,269300000.0,5319400000.0,361500000.0,361500000.0,0.0,,,,,11500000.0,30100000.0,1.0,35849339.0,35300000,35350000.0,10.241,9328900000.0,0.0,17000000.0,350000000.0,264.275,952800000.0
41,VALPQ,MRQ,2010-12-31,2010-12-31,2010-12-31,2021-06-25,11100000.0,7051500000.0,,1436700000.0,5614800000.0,,168.705,-137800000.0,1050700000.0,1050700000.0,159300000.0,134300000.0,4.117,0.182,257300000.0,17200000.0,240100000.0,257300000.0,0.0,26300000.0,0.0,0.02,1.4,146000000.0,172300000.0,0.446,172300000.0,146000000.0,146000000.0,3.72,3.72,3.72,5959500000.0,,5959500000.0,6991674019.0,10.0,7.881,180600000.0,5.113,1.0,226600000.0,0.587,336200000.0,0.0,5572900000.0,,0.0,0.0,0.0,0.0,1086500000.0,349000000.0,737500000.0,7631074019.0,145500000.0,-132400000.0,1400000.0,-8600000.0,-50100000.0,-61200000.0,-111700000.0,0.0,318400000.0,0.0,132900000.0,132900000.0,132900000.0,4700000.0,1400000.0,0.344,74100000.0,152500000.0,163500000.0,0.376,1.28,13.168,13.148,5049900000.0,0.0,213.52,4.558,4.496,214600000.0,5305000000.0,385900000.0,385900000.0,0.0,,,,,11000000.0,22900000.0,1.0,35739388.0,35325000,35250000.0,10.924,6715300000.0,0.0,13100000.0,358000000.0,190.1,1087700000.0
42,VALPQ,MRQ,2010-09-30,2010-09-30,2010-09-30,2021-06-25,9600000.0,7110100000.0,,1525900000.0,5584200000.0,,166.282,-400900000.0,905200000.0,905200000.0,194100000.0,132100000.0,3.193,0.211,265800000.0,17200000.0,248600000.0,265800000.0,0.0,64500000.0,0.0,0.017,1.4,157200000.0,221700000.0,0.518,221700000.0,157200000.0,157200000.0,3.64,3.64,3.64,5865600000.0,,5865600000.0,5423277451.0,7.0,5.411,-281900000.0,-7.991,1.0,234200000.0,0.547,336200000.0,0.0,5656600000.0,,0.0,45000000.0,0.0,45000000.0,1237100000.0,477900000.0,759200000.0,6394577451.0,-331900000.0,0.0,0.0,0.0,-50000000.0,-50600000.0,-400500000.0,0.0,119000000.0,200000.0,130500000.0,130500000.0,130500000.0,1900000.0,1600000.0,0.305,76200000.0,158000000.0,182200000.0,0.385,1.09,9.758,9.745,4986100000.0,0.0,178.92,3.58,3.534,414900000.0,5222200000.0,428300000.0,428300000.0,0.0,,,,,11100000.0,20600000.0,1.0,35739870.0,35275000,35300000.0,12.142,6773900000.0,0.0,26700000.0,376100000.0,192.031,1048000000.0
43,VALPQ,MRQ,2010-06-30,2010-06-30,2010-06-30,2021-06-25,700000.0,6921000000.0,,1687600000.0,5233400000.0,,163.736,-169100000.0,1237100000.0,1237100000.0,206000000.0,127900000.0,4.053,0.199,265800000.0,17200000.0,248600000.0,265800000.0,0.0,57100000.0,0.0,0.011,1.4,148700000.0,205800000.0,0.5,205800000.0,148700000.0,148700000.0,3.56,3.56,3.56,5767600000.0,,5767600000.0,4643179826.0,6.0,4.59,45700000.0,1.297,1.0,205400000.0,0.499,336200000.0,0.0,5197100000.0,,0.0,45200000.0,0.0,45200000.0,1147300000.0,416400000.0,730900000.0,5598179826.0,7700000.0,37700000.0,0.0,-8600000.0,-50100000.0,-76000000.0,-130900000.0,0.0,214800000.0,-200000.0,126300000.0,126300000.0,126300000.0,-6000000.0,1600000.0,0.307,73900000.0,131500000.0,152500000.0,0.393,0.971,8.3,8.304,4604800000.0,0.0,157.12,3.196,3.16,302700000.0,5141700000.0,411400000.0,411400000.0,0.0,,,,,11700000.0,22000000.0,1.0,35629963.0,35225000,35225000.0,11.679,6584800000.0,0.0,22400000.0,365100000.0,186.935,1271200000.0
44,VALPQ,MRQ,2010-03-31,2010-03-31,2010-03-31,2021-06-25,2500000.0,6782700000.0,,1700800000.0,5081900000.0,,161.794,-167500000.0,1229400000.0,1229400000.0,182400000.0,191600000.0,5.053,0.19,274400000.0,17200000.0,257200000.0,274400000.0,0.0,62500000.0,0.0,0.002,0.1,224800000.0,287300000.0,0.64,287300000.0,224800000.0,224800000.0,5.32,5.32,5.32,5691100000.0,,5691100000.0,5515170268.0,6.0,4.978,-1600000.0,-0.045,1.0,266200000.0,0.593,336200000.0,0.0,5154900000.0,,0.0,55400000.0,0.0,55400000.0,1082900000.0,336600000.0,746300000.0,6382170268.0,88000000.0,94700000.0,0.0,0.0,-3500000.0,-4800000.0,-72600000.0,0.0,165900000.0,-500000.0,189800000.0,189800000.0,189800000.0,-29600000.0,1800000.0,0.423,72300000.0,193900000.0,97600000.0,0.019,1.121,8.527,8.53,4482600000.0,0.0,179.12,3.473,3.429,310600000.0,5065500000.0,448600000.0,448600000.0,0.0,,,,,10700000.0,20600000.0,1.0,35630696.0,35175000,35200000.0,12.753,6446500000.0,0.0,35000000.0,379000000.0,183.269,1364200000.0
45,VALPQ,MRQ,2009-12-31,2009-12-31,2009-12-31,2021-06-25,5200000.0,6747200000.0,,1652800000.0,5094400000.0,,156.338,-176100000.0,1141400000.0,1141400000.0,175800000.0,210200000.0,3.409,0.226,274400000.0,17200000.0,257200000.0,274400000.0,0.0,28500000.0,0.0,0.003,0.1,259000000.0,287500000.0,0.578,287500000.0,259000000.0,259000000.0,5.84,5.88,5.84,5499200000.0,,5499200000.0,4957520074.0,5.0,4.315,126300000.0,3.591,1.0,322000000.0,0.647,336200000.0,0.0,5059100000.0,,0.0,60500000.0,0.0,60500000.0,1240100000.0,484900000.0,755200000.0,5691720074.0,124200000.0,9400000.0,15900000.0,-8600000.0,-3500000.0,-12500000.0,-165900000.0,0.0,302400000.0,200000.0,208700000.0,208700000.0,208700000.0,-9900000.0,1500000.0,0.419,74000000.0,248000000.0,159100000.0,0.017,1.035,7.303,7.288,4477300000.0,0.0,159.76,3.013,2.969,324600000.0,4879200000.0,497800000.0,497800000.0,0.0,,,,,10400000.0,22400000.0,1.0,35626690.0,35175000,35200000.0,14.152,6411000000.0,0.0,50300000.0,377300000.0,182.26,1167900000.0
46,VALPQ,MRQ,2009-09-30,2009-09-30,2009-09-30,2021-06-25,4100000.0,6455200000.0,,1550800000.0,4904400000.0,,150.654,-212000000.0,1017200000.0,1017200000.0,204300000.0,150800000.0,3.848,0.22,283000000.0,17200000.0,265800000.0,283000000.0,0.0,55700000.0,0.0,0.002,0.1,175300000.0,231000000.0,0.586,231000000.0,175300000.0,175300000.0,4.2,4.16,4.2,5284200000.0,,5284200000.0,5460493454.0,5.0,4.439,138100000.0,3.937,1.0,189600000.0,0.481,336200000.0,0.0,4981800000.0,,0.0,60900000.0,0.0,60900000.0,1163700000.0,403000000.0,760700000.0,6059593454.0,135200000.0,0.0,-2300000.0,0.0,-3600000.0,-3300000.0,-211800000.0,0.0,350100000.0,200000.0,149700000.0,149700000.0,149700000.0,-43800000.0,1100000.0,0.38,60600000.0,129000000.0,28800000.0,0.024,1.147,6.961,6.94,4330500000.0,0.0,170.16,3.3,3.25,341200000.0,4674000000.0,393900000.0,393900000.0,0.0,,,,,8100000.0,13600000.0,1.0,35611151.0,35075000,35100000.0,11.23,6119000000.0,0.0,25600000.0,372000000.0,174.455,1147800000.0
47,VALPQ,MRQ,2009-06-30,2009-06-30,2009-06-30,2021-06-25,-3100000.0,6349000000.0,,1537400000.0,4811600000.0,,146.016,-285200000.0,882000000.0,882000000.0,171200000.0,201400000.0,3.379,0.238,282900000.0,17200000.0,265700000.0,282900000.0,0.0,52300000.0,0.0,0.003,0.1,249800000.0,302100000.0,0.607,302100000.0,249800000.0,249800000.0,5.64,5.64,5.64,5121500000.0,,5121500000.0,4308829080.0,4.0,3.067,-32700000.0,-0.932,1.0,326100000.0,0.656,336200000.0,0.0,4958700000.0,,0.0,61600000.0,0.0,61600000.0,1220400000.0,455000000.0,765400000.0,4944629080.0,-45300000.0,0.0,-4000000.0,-8600000.0,-3600000.0,-13800000.0,-284400000.0,0.0,252500000.0,400000.0,200300000.0,200300000.0,200300000.0,20300000.0,1100000.0,0.403,61800000.0,264300000.0,32800000.0,0.018,0.965,4.929,4.939,4234200000.0,0.0,139.48,2.398,2.373,488600000.0,4527900000.0,497300000.0,497300000.0,0.0,,,,,10000000.0,16000000.0,1.0,35450452.0,35075000,35100000.0,14.178,6012800000.0,0.0,49500000.0,356800000.0,171.427,1082400000.0
48,VALPQ,MRQ,2009-03-31,2009-03-31,2009-03-31,2021-06-25,-22400000.0,6084900000.0,,1552200000.0,4532700000.0,,139.783,-183900000.0,927300000.0,927300000.0,157700000.0,222100000.0,3.541,0.241,291500000.0,17200000.0,274300000.0,291500000.0,0.0,53000000.0,0.0,0.004,0.1,275300000.0,328300000.0,0.657,328300000.0,275300000.0,275300000.0,6.24,6.24,6.24,4895900000.0,,4895900000.0,3245912149.0,2.0,2.137,136900000.0,3.909,1.0,342200000.0,0.685,336200000.0,0.0,4674600000.0,,0.0,61900000.0,0.0,61900000.0,1182000000.0,438300000.0,743700000.0,3744012149.0,137700000.0,4900000.0,0.0,0.0,-3500000.0,-4600000.0,-178200000.0,0.0,320800000.0,-300000.0,220700000.0,220700000.0,220700000.0,4100000.0,1400000.0,0.441,57100000.0,285100000.0,38100000.0,0.016,0.765,3.405,3.424,3961500000.0,0.0,105.6,1.722,1.701,476600000.0,4331200000.0,499900000.0,499900000.0,0.0,,,,,7000000.0,12000000.0,1.0,35454660.0,35025000,35025000.0,14.273,5748700000.0,0.0,54600000.0,344900000.0,164.131,1113900000.0
49,VALPQ,MRQ,2008-12-31,2008-12-31,2008-12-31,2021-06-25,-17000000.0,5830100000.0,,1400900000.0,4429200000.0,,132.116,-110300000.0,789600000.0,789600000.0,162100000.0,301400000.0,3.274,0.245,291500000.0,17200000.0,274300000.0,291500000.0,0.0,39100000.0,0.0,0.004,0.1,329600000.0,368700000.0,0.828,368700000.0,329600000.0,329600000.0,8.44,8.48,8.44,4676900000.0,,4676900000.0,3878839980.0,3.0,2.461,279200000.0,7.887,1.0,283100000.0,0.636,336200000.0,0.0,4567900000.0,,0.0,64200000.0,0.0,64200000.0,1146500000.0,427900000.0,718600000.0,4026339980.0,342000000.0,45100000.0,-200000.0,-8500000.0,-3600000.0,-12900000.0,-27200000.0,38400000.0,389500000.0,-7400000.0,299800000.0,299800000.0,299800000.0,-101700000.0,1600000.0,0.673,44600000.0,238500000.0,195800000.0,0.012,0.861,3.499,3.531,3871300000.0,0.0,113.56,1.795,1.793,482700000.0,4114000000.0,445200000.0,445200000.0,0.0,,,,,6200000.0,12100000.0,1.0,35455618.0,35400000,35475000.0,12.576,5493900000.0,0.0,29800000.0,340500000.0,155.195,973000000.0
50,VALPQ,MRQ,2008-09-30,2008-09-30,2008-09-30,2021-06-25,-14500000.0,5457200000.0,,1131800000.0,4325400000.0,,124.057,-239200000.0,447600000.0,447600000.0,185200000.0,283700000.0,3.123,0.247,300100000.0,17200000.0,282900000.0,300100000.0,0.0,54900000.0,0.0,0.002,0.1,351100000.0,406000000.0,0.655,406000000.0,351100000.0,351100000.0,7.92,7.88,7.92,4376100000.0,,4376100000.0,8027158033.0,6.0,5.206,110200000.0,3.124,1.0,434300000.0,0.701,336200000.0,0.0,4611100000.0,,0.0,108600000.0,38400000.0,70200000.0,1081100000.0,362400000.0,718700000.0,8258758033.0,-84000000.0,0.0,-147600000.0,0.0,-3500000.0,-151800000.0,-276500000.0,-38400000.0,349400000.0,-5100000.0,282300000.0,282300000.0,282300000.0,13100000.0,1400000.0,0.456,62200000.0,372100000.0,24700000.0,0.013,1.887,7.58,7.643,3774400000.0,0.0,230.52,3.685,3.629,519500000.0,3817800000.0,619500000.0,619500000.0,0.0,,,,,7800000.0,15200000.0,1.0,35826644.0,35275000,35350000.0,17.562,5121000000.0,0.0,68800000.0,346700000.0,145.174,769400000.0
51,VALPQ,MRQ,2008-06-30,2008-06-30,2008-06-30,2021-06-25,-3000000.0,5204900000.0,,1065600000.0,4139300000.0,,119.089,-298500000.0,531600000.0,531600000.0,203000000.0,297900000.0,4.449,0.225,300000000.0,17200000.0,282800000.0,300000000.0,0.0,54400000.0,0.0,0.001,0.1,361300000.0,415700000.0,0.682,415700000.0,361300000.0,361300000.0,8.24,8.2,8.24,4248500000.0,,4248500000.0,11301285221.0,9.0,7.518,-36400000.0,-1.02,1.0,406400000.0,0.667,336200000.0,0.0,4397600000.0,,0.0,70000000.0,0.0,70000000.0,956400000.0,239500000.0,716900000.0,11654485221.0,-133300000.0,0.0,-84600000.0,-10500000.0,-3600000.0,-99500000.0,-295200000.0,0.0,262100000.0,-700000.0,296700000.0,296700000.0,296700000.0,-9800000.0,1200000.0,0.487,60500000.0,345900000.0,23600000.0,0.012,2.743,10.851,10.926,3597000000.0,0.0,322.96,5.401,5.339,435900000.0,3539000000.0,609400000.0,609400000.0,0.0,,,,,7800000.0,13800000.0,1.0,36086466.0,35675000,35800000.0,17.082,4868700000.0,0.0,64600000.0,357200000.0,136.474,826100000.0
52,VALPQ,MRQ,2008-03-31,2008-03-31,2008-03-31,2021-06-25,-2800000.0,5195000000.0,,1204400000.0,3990600000.0,,112.91,-116200000.0,664900000.0,664900000.0,186000000.0,273700000.0,2.717,0.289,311700000.0,20300000.0,291400000.0,311700000.0,0.0,54700000.0,0.0,0.002,0.1,331200000.0,385900000.0,0.679,385900000.0,331200000.0,331200000.0,7.56,7.52,7.56,4030900000.0,,4030900000.0,8693981638.0,7.0,5.958,36500000.0,1.022,1.0,382500000.0,0.673,336200000.0,0.0,4062300000.0,,0.0,74900000.0,0.0,74900000.0,1164100000.0,443300000.0,720800000.0,9012981638.0,35400000.0,0.0,0.0,0.0,-3600000.0,0.0,-115500000.0,0.0,152700000.0,-1800000.0,272000000.0,272000000.0,272000000.0,-5000000.0,1700000.0,0.478,59100000.0,323400000.0,30300000.0,0.013,2.236,8.736,8.882,3437500000.0,0.0,250.48,4.298,4.264,421300000.0,3245900000.0,568500000.0,568500000.0,0.0,,,,,5500000.0,12700000.0,1.0,35982840.0,35700000,35800000.0,15.924,4858800000.0,0.0,59200000.0,356900000.0,136.101,761100000.0
53,VALPQ,MRQ,2007-12-31,2007-12-31,2007-12-31,2021-06-25,-4200000.0,4968800000.0,,1129300000.0,3839500000.0,,104.658,-111800000.0,629500000.0,629500000.0,133800000.0,245500000.0,2.243,0.324,310500000.0,19100000.0,291400000.0,310500000.0,0.0,45400000.0,0.0,0.002,0.1,289000000.0,334400000.0,0.754,334400000.0,289000000.0,290900000.0,6.44,6.44,6.44,3752000000.0,,3752000000.0,8481297590.0,7.0,5.951,268500000.0,7.49,1.0,309800000.0,0.698,336200000.0,-1900000.0,3810100000.0,,0.0,0.0,0.0,0.0,1216800000.0,503500000.0,713300000.0,8637097590.0,6600000.0,0.0,-98300000.0,-156700000.0,-3600000.0,-263200000.0,-109800000.0,0.0,380300000.0,-700000.0,238600000.0,238600000.0,238600000.0,-28800000.0,6900000.0,0.538,51400000.0,258400000.0,18800000.0,0.016,2.302,8.707,8.885,3358900000.0,0.0,238.48,4.196,4.249,383200000.0,2977500000.0,443600000.0,443600000.0,0.0,,,,,12300000.0,12900000.0,1.0,36217283.0,35850000,35900000.0,12.374,4632600000.0,0.0,52300000.0,352000000.0,129.222,625800000.0
54,VALPQ,MRQ,2007-09-30,2007-09-30,2007-09-30,2021-06-25,-2000000.0,4764400000.0,,1161500000.0,3602900000.0,,98.958,-117300000.0,622900000.0,622900000.0,175500000.0,266700000.0,2.689,0.32,467100000.0,167100000.0,300000000.0,467100000.0,0.0,47000000.0,0.0,0.002,0.1,320300000.0,367300000.0,0.685,367300000.0,320300000.0,320300000.0,7.32,7.28,7.32,3609500000.0,,3609500000.0,8190087697.0,7.0,5.883,217300000.0,5.958,1.0,360900000.0,0.673,336200000.0,0.0,3840500000.0,,0.0,0.0,0.0,0.0,1154900000.0,431900000.0,723000000.0,8270087697.0,75900000.0,0.0,-140900000.0,0.0,-3700000.0,-143800000.0,-114900000.0,0.0,334600000.0,0.0,266700000.0,266700000.0,266700000.0,-7300000.0,0.0,0.497,57700000.0,303200000.0,27800000.0,0.014,2.291,8.581,8.644,3215100000.0,0.0,224.4,4.082,4.04,434100000.0,2742500000.0,536400000.0,536400000.0,0.0,,,,,5000000.0,11500000.0,1.0,36854223.0,36475000,36650000.0,14.706,4428200000.0,0.0,53600000.0,353900000.0,121.404,729600000.0
55,VALPQ,MRQ,2007-06-30,2007-06-30,2007-06-30,2021-06-25,-3100000.0,4620100000.0,,1083100000.0,3537000000.0,,94.304,-184300000.0,547000000.0,547000000.0,168800000.0,254400000.0,2.643,0.328,467000000.0,167100000.0,299900000.0,467000000.0,0.0,49000000.0,0.0,0.002,0.1,322500000.0,371500000.0,0.677,371500000.0,322500000.0,321700000.0,6.88,6.88,6.88,3479800000.0,,3479800000.0,8950975723.0,8.0,6.607,68400000.0,1.854,1.0,379800000.0,0.692,336200000.0,800000.0,3794100000.0,,0.0,0.0,0.0,0.0,1140300000.0,409800000.0,730500000.0,9095775723.0,-73400000.0,0.0,-134600000.0,-8600000.0,-3700000.0,-143300000.0,-182700000.0,0.0,252700000.0,-100000.0,254400000.0,254400000.0,254400000.0,0.0,0.0,0.464,65900000.0,313900000.0,18800000.0,0.015,2.614,9.975,10.035,3147700000.0,0.0,244.04,4.604,4.558,445300000.0,2479500000.0,548600000.0,548600000.0,0.0,,,,,10400000.0,19100000.0,1.0,37271659.0,36900000,37075000.0,14.867,4283900000.0,0.0,67300000.0,347600000.0,116.095,673300000.0
56,VALPQ,MRQ,2007-03-31,2007-03-31,2007-03-31,2021-06-25,-4800000.0,4510000000.0,,1086500000.0,3423500000.0,,89.243,-106000000.0,620400000.0,620400000.0,162800000.0,232300000.0,2.554,0.349,475600000.0,167100000.0,308500000.0,475600000.0,0.0,47000000.0,0.0,0.002,0.1,300900000.0,347900000.0,0.677,347900000.0,300900000.0,299800000.0,6.2,6.16,6.2,3344400000.0,,3344400000.0,8117940029.0,7.0,6.219,173700000.0,4.635,1.0,351300000.0,0.683,336200000.0,1100000.0,3603600000.0,,0.0,0.0,0.0,0.0,1165600000.0,425400000.0,740200000.0,8208140029.0,54600000.0,0.0,-118000000.0,0.0,-3800000.0,-120700000.0,-104400000.0,0.0,279700000.0,0.0,232300000.0,232300000.0,232300000.0,0.0,0.0,0.452,61100000.0,290200000.0,18700000.0,0.016,2.454,9.632,9.663,3035500000.0,0.0,217.6,4.315,4.287,385500000.0,2228800000.0,514100000.0,514100000.0,0.0,,,,,9200000.0,16000000.0,1.0,37721232.0,37475000,37675000.0,13.718,4173800000.0,0.0,67500000.0,349500000.0,111.376,661100000.0
57,VALPQ,MRQ,2006-12-31,2006-12-31,2006-12-31,2021-06-25,-5500000.0,4334400000.0,,987200000.0,3347200000.0,,85.192,-122700000.0,565800000.0,565800000.0,140000000.0,210400000.0,2.565,0.348,475600000.0,167100000.0,308500000.0,475600000.0,0.0,44200000.0,0.0,0.002,0.1,261300000.0,305500000.0,0.716,305500000.0,261300000.0,258400000.0,5.56,5.6,5.56,3216000000.0,,3216000000.0,7657093378.0,7.0,6.336,166800000.0,4.419,1.0,286900000.0,0.672,336200000.0,2900000.0,3523100000.0,,0.0,0.0,0.0,0.0,1118400000.0,384900000.0,733500000.0,7602093378.0,136700000.0,13700000.0,-34400000.0,-8500000.0,-3800000.0,-44100000.0,-108600000.0,0.0,289500000.0,-100000.0,210400000.0,210400000.0,210400000.0,-22900000.0,0.0,0.493,53100000.0,233800000.0,12400000.0,0.018,2.364,9.877,9.893,2960400000.0,0.0,200.24,4.295,4.305,338800000.0,1994500000.0,426900000.0,426900000.0,0.0,,,,,4700000.0,12400000.0,1.0,37964909.0,37750000,37525000.0,11.309,3998200000.0,0.0,48000000.0,356500000.0,105.913,602300000.0
58,VALPQ,MRQ,2006-09-30,2006-09-30,2006-09-30,2021-06-25,-7600000.0,4132100000.0,,854200000.0,3277900000.0,,79.524,-121900000.0,429100000.0,429100000.0,150500000.0,214800000.0,3.376,0.367,484100000.0,17200000.0,466900000.0,484100000.0,0.0,45800000.0,0.0,0.002,0.1,284000000.0,329800000.0,0.678,329800000.0,284000000.0,279500000.0,5.68,5.6,5.68,3021900000.0,,3021900000.0,6900139599.0,8.0,6.354,175900000.0,4.629,1.0,335600000.0,0.69,336200000.0,4500000.0,3597900000.0,,0.0,0.0,0.0,0.0,1110200000.0,253000000.0,857200000.0,6725839599.0,119300000.0,0.0,-53300000.0,0.0,-3800000.0,-57200000.0,-121300000.0,0.0,297800000.0,0.0,214800000.0,214800000.0,214800000.0,-100000.0,0.0,0.442,55600000.0,280000000.0,17300000.0,0.018,2.226,10.146,10.076,2892000000.0,0.0,175.32,4.088,4.049,357700000.0,1777300000.0,486100000.0,486100000.0,0.0,,,,,6200000.0,11300000.0,1.0,38363219.0,38000000,38475000.0,12.792,3795900000.0,0.0,64700000.0,350900000.0,99.892,601200000.0
59,VALPQ,MRQ,2006-06-30,2006-06-30,2006-06-30,2021-06-25,-7500000.0,3922200000.0,,725800000.0,3196400000.0,,74.768,-37900000.0,309800000.0,309800000.0,146400000.0,194700000.0,3.156,0.372,484100000.0,17200000.0,466900000.0,484100000.0,0.0,45700000.0,0.0,0.002,0.1,276400000.0,322100000.0,0.678,322100000.0,276400000.0,271500000.0,5.08,5.08,5.08,2858000000.0,,2858000000.0,7318061255.0,10.0,8.076,103600000.0,2.71,1.0,328800000.0,0.692,336200000.0,4900000.0,3530300000.0,,0.0,0.0,0.0,0.0,1064200000.0,230000000.0,834200000.0,7076561255.0,58700000.0,0.0,-32700000.0,-8600000.0,-3800000.0,-44800000.0,-37200000.0,0.0,141500000.0,-800000.0,194700000.0,194700000.0,194700000.0,-700000.0,0.0,0.41,54600000.0,274200000.0,16500000.0,0.02,2.476,13.546,13.456,2823200000.0,0.0,184.08,4.934,4.906,370100000.0,1566300000.0,475200000.0,475200000.0,0.0,,,,,4100000.0,10500000.0,1.0,38442858.0,38225000,38375000.0,12.432,3586000000.0,0.0,76800000.0,333900000.0,93.813,495800000.0
60,VALPQ,MRQ,2006-03-31,2006-03-31,2006-03-31,2021-06-25,-9800000.0,3818700000.0,,589300000.0,3229400000.0,,70.433,-245400000.0,251100000.0,251100000.0,127900000.0,149800000.0,2.139,0.418,492600000.0,17200000.0,475400000.0,492600000.0,0.0,43600000.0,0.0,0.002,0.1,207500000.0,251100000.0,0.658,251100000.0,207500000.0,203300000.0,3.92,3.88,3.92,2692300000.0,,2692300000.0,8121298798.0,15.0,11.22,-27400000.0,-0.717,1.0,253700000.0,0.665,336200000.0,4200000.0,3448500000.0,,0.0,0.0,0.0,0.0,1126400000.0,275500000.0,850900000.0,7897198798.0,-17400000.0,10000000.0,1200000.0,0.0,-3900000.0,-1900000.0,-234200000.0,0.0,218000000.0,700000.0,149800000.0,149800000.0,149800000.0,-5000000.0,0.0,0.393,52400000.0,201300000.0,25100000.0,0.026,2.933,19.973,19.788,2846300000.0,0.0,205.8,6.552,6.527,293700000.0,1375400000.0,381600000.0,381600000.0,0.0,,,,,3300000.0,10400000.0,1.0,38373172.0,38225000,38425000.0,9.983,3482500000.0,0.0,53500000.0,343000000.0,91.105,313800000.0
61,VALPQ,MRQ,2005-12-31,2005-12-31,2005-12-31,2021-06-25,-10900000.0,3617900000.0,,578400000.0,3039500000.0,,66.449,-75300000.0,268500000.0,268500000.0,118400000.0,103600000.0,2.5,0.424,492600000.0,17200000.0,475400000.0,492600000.0,0.0,40900000.0,0.0,0.002,0.1,142000000.0,182900000.0,0.605,182900000.0,142000000.0,135500000.0,2.72,2.72,2.72,2540000000.0,,2540000000.0,7066218583.0,17.0,12.319,32400000.0,0.848,1.0,183900000.0,0.608,336200000.0,6500000.0,3274400000.0,,0.0,0.0,0.0,0.0,1077900000.0,231400000.0,846500000.0,6797318583.0,36300000.0,15900000.0,4300000.0,-8600000.0,-3800000.0,-8900000.0,-62900000.0,0.0,107700000.0,400000.0,103600000.0,103600000.0,103600000.0,-7500000.0,0.0,0.343,47700000.0,136200000.0,19100000.0,0.037,2.676,23.859,23.59,2663600000.0,0.0,177.4,6.572,6.505,269000000.0,1229500000.0,302300000.0,302300000.0,0.0,,,,,4300000.0,8100000.0,1.0,38316339.0,38225000,38475000.0,7.908,3281700000.0,0.0,31900000.0,338300000.0,85.852,347000000.0
62,VALPQ,MRQ,2005-09-30,2005-09-30,2005-09-30,2021-06-25,-10100000.0,3509800000.0,,496900000.0,3012900000.0,,63.979,-178200000.0,232200000.0,232200000.0,116800000.0,74300000.0,2.251,0.447,501100000.0,17200000.0,483900000.0,501100000.0,0.0,40800000.0,0.0,0.002,0.1,109200000.0,150000000.0,0.545,150000000.0,109200000.0,102700000.0,1.96,1.92,1.96,2426400000.0,,2426400000.0,7285529457.0,23.0,15.452,-98400000.0,-2.595,1.0,158300000.0,0.575,336200000.0,6500000.0,3221800000.0,,0.0,0.0,0.0,0.0,1083400000.0,220700000.0,862700000.0,7081329457.0,-64700000.0,0.0,41600000.0,0.0,-3800000.0,34700000.0,-177000000.0,0.0,79800000.0,-100000.0,74300000.0,74300000.0,74300000.0,3700000.0,0.0,0.27,47200000.0,111100000.0,17800000.0,0.051,2.918,33.721,33.518,2639000000.0,0.0,186.36,7.637,7.622,217500000.0,1193200000.0,275100000.0,275100000.0,0.0,,,,,6800000.0,8100000.0,1.0,37998119.0,37925000,38175000.0,7.254,3173600000.0,0.0,28400000.0,356100000.0,83.681,276200000.0
63,VALPQ,MRQ,2005-06-30,2005-06-30,2005-06-30,2021-06-25,-10200000.0,3403200000.0,,528100000.0,2875100000.0,,61.023,-77000000.0,296900000.0,296900000.0,110600000.0,67700000.0,2.214,0.474,501100000.0,17200000.0,483900000.0,501100000.0,0.0,39600000.0,0.0,0.003,0.1,100200000.0,139800000.0,0.568,139800000.0,100200000.0,92200000.0,1.8,1.8,1.8,2308200000.0,,2308200000.0,5741117456.0,23.0,14.418,-6000000.0,-0.159,1.0,135700000.0,0.551,336200000.0,8000000.0,3032700000.0,,0.0,0.0,0.0,0.0,1095000000.0,238500000.0,856500000.0,5424517456.0,66200000.0,121000000.0,2300000.0,-46800000.0,-3800000.0,-50900000.0,46600000.0,0.0,71000000.0,-600000.0,67700000.0,67700000.0,67700000.0,-10600000.0,0.0,0.275,45900000.0,89800000.0,23300000.0,0.056,2.35,33.588,33.411,2505100000.0,0.0,143.0,6.529,6.511,188400000.0,1120500000.0,246300000.0,246300000.0,0.0,,,,,4000000.0,7800000.0,1.0,37933688.0,37825000,37875000.0,6.512,3067000000.0,0.0,24500000.0,355600000.0,81.084,289600000.0
64,VALPQ,MRQ,2005-03-31,2005-03-31,2005-03-31,2021-06-25,-9800000.0,3381000000.0,,453900000.0,2927100000.0,,59.361,-146600000.0,230700000.0,230700000.0,108600000.0,39300000.0,2.001,0.51,547300000.0,23000000.0,524300000.0,547300000.0,0.0,38100000.0,0.0,0.003,0.1,62800000.0,100900000.0,0.479,100900000.0,62800000.0,55000000.0,1.04,1.04,1.04,2239400000.0,,2239400000.0,5978688960.0,33.0,18.476,-46800000.0,-1.241,1.0,102000000.0,0.484,336200000.0,7800000.0,3134600000.0,,0.0,0.0,0.0,0.0,1141600000.0,226800000.0,914800000.0,5695588960.0,-36300000.0,-4000000.0,19000000.0,-2900000.0,-3800000.0,10700000.0,-148400000.0,0.0,99800000.0,-400000.0,39300000.0,39300000.0,39300000.0,-500000.0,0.0,0.187,44600000.0,57400000.0,25700000.0,0.096,2.543,51.173,50.892,2558900000.0,0.0,150.64,7.54,7.523,178200000.0,1054300000.0,210600000.0,210600000.0,0.0,,,,,5700000.0,8000000.0,1.0,37809274.0,37725000,37875000.0,5.583,3044800000.0,0.0,15700000.0,371600000.0,80.71,227100000.0
65,VALPQ,MRQ,2004-12-31,2004-12-31,2004-12-31,2021-06-25,-9000000.0,3322000000.0,,493700000.0,2828300000.0,,58.223,-57000000.0,267000000.0,267000000.0,101200000.0,28700000.0,2.288,0.523,550100000.0,23000000.0,527100000.0,550100000.0,0.0,32600000.0,0.0,0.003,0.1,48200000.0,80800000.0,0.414,80800000.0,48200000.0,40000000.0,0.76,0.76,0.76,2181900000.0,,2181900000.0,5073342458.0,32.0,16.985,14100000.0,0.376,1.0,94100000.0,0.482,341000000.0,8200000.0,3048300000.0,,0.0,0.0,0.0,0.0,1140100000.0,215800000.0,924300000.0,4795342458.0,-13700000.0,-5300000.0,1600000.0,-8500000.0,-3800000.0,-9100000.0,-61500000.0,0.0,71100000.0,100000.0,28700000.0,28700000.0,28700000.0,2700000.0,0.0,0.147,44200000.0,49900000.0,15600000.0,0.132,2.198,51.563,51.194,2431300000.0,0.0,126.96,6.557,6.532,183000000.0,1016300000.0,195300000.0,195300000.0,0.0,,,,,11900000.0,13200000.0,1.0,37770498.0,37475000,37500000.0,5.211,2981000000.0,0.0,11300000.0,375300000.0,79.546,277900000.0
66,VALPQ,MRQ,2004-09-30,2004-09-30,2004-09-30,2021-06-25,-11300000.0,3254200000.0,,469800000.0,2784400000.0,,56.879,-67800000.0,280700000.0,280700000.0,97100000.0,25800000.0,2.404,0.519,558700000.0,23000000.0,535700000.0,558700000.0,0.0,35800000.0,0.0,0.003,0.1,40900000.0,76700000.0,0.429,76700000.0,40900000.0,32200000.0,0.68,0.68,0.68,2142900000.0,,2142900000.0,5212314323.0,33.0,18.079,-2500000.0,-0.066,1.0,81500000.0,0.456,341000000.0,8700000.0,2995800000.0,,0.0,0.0,0.0,0.0,1111300000.0,195400000.0,915900000.0,4934014323.0,-2500000.0,-700000.0,1400000.0,-3000000.0,-3800000.0,-5400000.0,-67700000.0,0.0,65300000.0,-200000.0,25800000.0,25800000.0,25800000.0,400000.0,0.0,0.144,39100000.0,42400000.0,26200000.0,0.147,2.302,54.339,54.45,2401500000.0,0.0,130.68,7.112,7.096,151100000.0,981600000.0,178600000.0,178600000.0,0.0,,,,,100000.0,6800000.0,1.0,37756461.0,37675000,37700000.0,4.741,2913200000.0,0.0,6400000.0,362500000.0,77.324,274400000.0
67,VALPQ,MRQ,2004-06-30,2004-06-30,2004-06-30,2021-06-25,-11700000.0,3218800000.0,,459900000.0,2758900000.0,,56.196,-54100000.0,283200000.0,283200000.0,102100000.0,17500000.0,2.424,0.519,561500000.0,23000000.0,538500000.0,561500000.0,0.0,33600000.0,0.0,0.003,0.1,31600000.0,65200000.0,0.382,65200000.0,31600000.0,21900000.0,0.48,0.48,0.48,2118600000.0,,2118600000.0,4666996437.0,28.0,15.896,-5100000.0,-0.135,1.0,68800000.0,0.403,342700000.0,9700000.0,2964700000.0,,0.0,0.0,0.0,0.0,1100200000.0,189700000.0,910500000.0,4394196437.0,-14100000.0,-5000000.0,0.0,-8600000.0,-3800000.0,-12500000.0,-58400000.0,0.0,49000000.0,-300000.0,17500000.0,17500000.0,17500000.0,-2500000.0,0.0,0.102,41500000.0,27300000.0,17300000.0,0.208,2.074,47.351,46.935,2375000000.0,0.0,116.4,6.167,6.159,144900000.0,959600000.0,170900000.0,170900000.0,0.0,,,,,0.0,7400000.0,1.0,37750828.0,37700000,37700000.0,4.533,2876100000.0,0.0,4400000.0,353500000.0,76.289,270200000.0
68,VALPQ,MRQ,2004-03-31,2004-03-31,2004-03-31,2021-06-25,-11000000.0,3211400000.0,,484700000.0,2726700000.0,,55.915,-125600000.0,297300000.0,297300000.0,107400000.0,21000000.0,2.547,0.525,570100000.0,23000000.0,547100000.0,570100000.0,0.0,37200000.0,0.0,0.004,0.1,38800000.0,76000000.0,0.408,76000000.0,38800000.0,28800000.0,0.56,0.56,0.56,2105200000.0,,2105200000.0,4471132062.0,24.0,14.239,-55400000.0,-1.471,1.0,79100000.0,0.424,342700000.0,10000000.0,2951200000.0,,0.0,0.0,0.0,0.0,1106200000.0,190300000.0,915900000.0,4252232062.0,-56700000.0,-300000.0,4800000.0,-2900000.0,-3700000.0,-1800000.0,-125300000.0,0.0,70200000.0,-500000.0,21000000.0,21000000.0,21000000.0,300000.0,0.0,0.113,41300000.0,37800000.0,16100000.0,0.179,2.02,39.965,39.676,2306200000.0,0.0,112.68,5.778,5.765,151000000.0,945900000.0,186500000.0,186500000.0,0.0,,,,,1800000.0,5700000.0,1.0,37737239.0,37650000,37700000.0,4.954,2868700000.0,0.0,7800000.0,337000000.0,76.194,294400000.0
69,VALPQ,MRQ,2003-12-31,2003-12-31,2003-12-31,2021-06-25,-10900000.0,3183000000.0,,543300000.0,2639700000.0,,55.533,-44500000.0,354000000.0,354000000.0,89500000.0,26500000.0,2.899,0.529,572900000.0,23000000.0,549900000.0,572900000.0,0.0,24000000.0,0.0,0.004,0.1,46400000.0,70400000.0,0.446,70400000.0,46400000.0,36900000.0,0.68,0.68,0.68,2081100000.0,,2081100000.0,4326571662.0,23.0,13.805,24000000.0,0.64,1.0,68300000.0,0.433,342700000.0,9500000.0,2871800000.0,,0.0,0.0,0.0,0.0,1101900000.0,187400000.0,914500000.0,4072071662.0,27100000.0,-1800000.0,4700000.0,-8500000.0,-3700000.0,-13300000.0,-45700000.0,0.0,68500000.0,1100000.0,26500000.0,26500000.0,26500000.0,-4900000.0,0.0,0.168,28600000.0,39700000.0,15800000.0,0.147,1.957,37.6,37.736,2217200000.0,0.0,108.68,5.486,5.476,149400000.0,928600000.0,157800000.0,157800000.0,0.0,,,,,2200000.0,6100000.0,1.0,37468455.0,37475000,37600000.0,4.211,2840300000.0,0.0,10400000.0,345900000.0,75.792,355900000.0
70,VALPQ,MRQ,2003-09-30,2003-09-30,2003-09-30,2021-06-25,-11400000.0,3173300000.0,,532300000.0,2641000000.0,,54.863,-40600000.0,326900000.0,326900000.0,112800000.0,27800000.0,2.401,0.548,581400000.0,23000000.0,558400000.0,581400000.0,0.0,34000000.0,0.0,0.004,0.1,48000000.0,82000000.0,0.416,82000000.0,48000000.0,39100000.0,0.76,0.76,0.76,2050500000.0,,2050500000.0,4313799941.0,32.0,16.09,40300000.0,1.078,1.0,84500000.0,0.428,341600000.0,8900000.0,2864500000.0,,0.0,0.0,0.0,0.0,1122800000.0,221700000.0,901100000.0,4018399941.0,64700000.0,-9100000.0,1800000.0,23700000.0,-3800000.0,21600000.0,-37900000.0,9000000.0,80900000.0,-200000.0,27800000.0,27800000.0,27800000.0,400000.0,0.0,0.141,37800000.0,46700000.0,12400000.0,0.132,1.96,56.518,58.304,2225200000.0,0.0,107.28,5.213,5.202,164400000.0,905800000.0,197300000.0,197300000.0,0.0,,,,,500000.0,5200000.0,1.0,37457121.0,37375000,37500000.0,5.279,2831700000.0,0.0,11300000.0,325800000.0,75.765,310600000.0
71,VALPQ,MRQ,2003-06-30,2003-06-30,2003-06-30,2021-06-25,-13400000.0,3109600000.0,,473900000.0,2635700000.0,,54.1,-47300000.0,262200000.0,262200000.0,109000000.0,31100000.0,2.246,0.538,557600000.0,21500000.0,536100000.0,557600000.0,0.0,34500000.0,0.0,0.004,0.1,51100000.0,85600000.0,0.441,85600000.0,51100000.0,42000000.0,0.84,0.84,0.84,2022000000.0,,2022000000.0,4427355059.0,32.0,16.343,5800000.0,0.155,1.0,85300000.0,0.439,350500000.0,9100000.0,2843500000.0,,0.0,9000000.0,9000000.0,0.0,1087600000.0,211000000.0,876600000.0,4020055059.0,103300000.0,76200000.0,3300000.0,-8600000.0,-3800000.0,-9100000.0,58000000.0,28100000.0,53100000.0,1200000.0,31100000.0,31100000.0,31100000.0,-3700000.0,0.0,0.16,37400000.0,47900000.0,10300000.0,0.119,1.988,54.472,54.898,2218600000.0,0.0,107.6,5.341,5.343,166100000.0,881700000.0,194300000.0,194300000.0,0.0,,,,,2000000.0,4800000.0,1.0,37361106.0,37375000,37525000.0,5.199,2759100000.0,0.0,10900000.0,324700000.0,73.822,262900000.0
72,VALPQ,MRQ,2003-03-31,2003-03-31,2003-03-31,2021-06-25,-12400000.0,3103200000.0,,413600000.0,2689600000.0,,53.357,-53300000.0,158900000.0,158900000.0,109500000.0,22900000.0,1.951,0.559,566200000.0,21500000.0,544700000.0,566200000.0,0.0,32600000.0,0.0,0.004,0.1,42800000.0,75400000.0,0.391,75400000.0,42800000.0,33600000.0,0.6,0.6,0.6,1990200000.0,,1990200000.0,3877180011.0,30.0,15.028,17400000.0,0.466,1.0,83400000.0,0.432,350300000.0,9200000.0,2948200000.0,,0.0,37100000.0,37100000.0,0.0,1113000000.0,212000000.0,901000000.0,3455280011.0,11800000.0,0.0,2600000.0,-2900000.0,-3700000.0,-4600000.0,-51400000.0,1300000.0,70700000.0,-200000.0,22900000.0,22900000.0,22900000.0,3800000.0,0.0,0.119,37700000.0,45700000.0,20500000.0,0.167,1.736,52.353,56.689,2206700000.0,0.0,102.04,4.905,5.403,174900000.0,854400000.0,192900000.0,192900000.0,0.0,,,,,1900000.0,5900000.0,1.0,33862015.0,37300000,37475000.0,5.172,2752900000.0,0.0,10700000.0,312800000.0,73.804,201600000.0
73,VALPQ,MRQ,2002-12-31,2002-12-31,2002-12-31,2021-06-25,-12100000.0,3061500000.0,,387500000.0,2674000000.0,,52.77,-61300000.0,147100000.0,147100000.0,95100000.0,-10700000.0,1.954,0.556,569000000.0,21500000.0,547500000.0,569000000.0,0.0,30600000.0,0.0,0.003,0.1,-5500000.0,25100000.0,0.135,25100000.0,-5500000.0,-13000000.0,-0.36,-0.32,-0.36,1967000000.0,,1967000000.0,4794098108.0,40.0,19.851,-10400000.0,-0.279,1.0,91200000.0,0.49,350200000.0,7500000.0,2934900000.0,,0.0,38400000.0,38400000.0,0.0,1094500000.0,198300000.0,896200000.0,4386298108.0,-15900000.0,0.0,2200000.0,-2000000.0,-3700000.0,-3400000.0,-67200000.0,-5800000.0,50900000.0,600000.0,-10700000.0,-10700000.0,-10700000.0,5500000.0,0.0,-0.057,92100000.0,-900000.0,15000000.0,-0.278,2.23,73.968,70.119,2258000000.0,0.0,117.8,6.836,6.458,162800000.0,835300000.0,186300000.0,186300000.0,0.0,,,,,900000.0,4800000.0,1.0,37235128.0,37275000,37375000.0,4.998,2711300000.0,0.0,-2300000.0,332300000.0,72.738,189200000.0
74,VALPQ,MRQ,2002-09-30,2002-09-30,2002-09-30,2021-06-25,-12400000.0,3084500000.0,,386400000.0,2698100000.0,,57.363,-65300000.0,163000000.0,163000000.0,93500000.0,30500000.0,1.925,0.56,570800000.0,21200000.0,549600000.0,570800000.0,0.0,33000000.0,0.0,0.004,0.1,51800000.0,84800000.0,0.473,84800000.0,51800000.0,44100000.0,0.88,0.84,0.88,1977600000.0,,1977600000.0,3887890767.0,23.0,13.797,5200000.0,0.151,1.0,85700000.0,0.478,350300000.0,7700000.0,2941300000.0,,0.0,32500000.0,32500000.0,0.0,1106900000.0,200700000.0,906200000.0,3725790767.0,-143800000.0,-99900000.0,1300000.0,-51000000.0,-3700000.0,-54800000.0,-157700000.0,7100000.0,70500000.0,-1500000.0,30500000.0,30500000.0,30500000.0,-1500000.0,0.0,0.17,34700000.0,51000000.0,29800000.0,0.114,1.884,37.295,34.301,2283300000.0,0.0,100.16,6.54,6.061,147200000.0,849700000.0,179200000.0,179200000.0,0.0,,,,,400000.0,4800000.0,1.0,37198390.0,34475000,34675000.0,5.198,2734200000.0,0.0,13600000.0,341300000.0,79.31,185700000.0
75,VALPQ,MRQ,2002-06-30,2002-06-30,2002-06-30,2021-06-25,-9100000.0,2361600000.0,,489900000.0,1871700000.0,,44.103,-51200000.0,306800000.0,306800000.0,74100000.0,23300000.0,3.812,0.583,468900000.0,12700000.0,456200000.0,468900000.0,0.0,30700000.0,0.0,0.004,0.1,42000000.0,72700000.0,0.498,72700000.0,42000000.0,33900000.0,0.68,0.68,0.68,1491800000.0,,1491800000.0,3846618793.0,18.0,11.548,-11700000.0,-0.346,1.0,72000000.0,0.493,103800000.0,8100000.0,2291400000.0,,0.0,30400000.0,30400000.0,0.0,869800000.0,128500000.0,741300000.0,3690318793.0,-12000000.0,0.0,13400000.0,-6300000.0,-3400000.0,2900000.0,-50700000.0,200000.0,39500000.0,0.0,23300000.0,23300000.0,23300000.0,-800000.0,0.0,0.159,32400000.0,39600000.0,8800000.0,0.147,2.474,26.606,26.725,1699800000.0,0.0,109.04,5.971,5.968,116500000.0,822900000.0,146100000.0,146100000.0,0.0,,,,,1800000.0,4600000.0,1.0,33843716.0,33825000,34050000.0,4.319,2257800000.0,0.0,10600000.0,270400000.0,66.749,361400000.0
76,VALPQ,MRQ,2002-03-31,2002-03-31,2002-03-31,2021-06-25,-10000000.0,2342400000.0,,480000000.0,1862400000.0,,43.246,-40200000.0,318800000.0,318800000.0,78800000.0,16200000.0,3.283,0.608,475100000.0,12700000.0,462400000.0,475100000.0,0.0,28000000.0,0.0,0.003,0.1,30900000.0,58900000.0,0.453,58900000.0,30900000.0,23100000.0,0.48,0.48,0.48,1456300000.0,,1456300000.0,4254564227.0,16.0,11.002,1000000.0,0.03,1.0,51200000.0,0.394,0.0,7800000.0,2352500000.0,,0.0,18200000.0,18200000.0,0.0,886100000.0,146200000.0,739900000.0,4058264227.0,40000000.0,0.0,2600000.0,0.0,-3400000.0,-1000000.0,-1800000.0,14700000.0,41200000.0,0.0,16200000.0,16200000.0,16200000.0,-1300000.0,0.0,0.125,31300000.0,19900000.0,6700000.0,0.208,2.787,22.98,23.364,1716600000.0,0.0,120.56,5.904,5.906,108000000.0,803000000.0,130000000.0,130000000.0,0.0,,,,,900000.0,4400000.0,1.0,33661780.0,33675000,33850000.0,3.86,2342400000.0,0.0,6900000.0,263900000.0,69.559,333800000.0
77,VALPQ,MRQ,2001-12-31,2001-12-31,2001-12-31,2021-06-25,-9900000.0,2323800000.0,,461300000.0,1862500000.0,,42.08,-30400000.0,278800000.0,278800000.0,50300000.0,29900000.0,3.09,0.614,475100000.0,12700000.0,462400000.0,475100000.0,0.0,23600000.0,0.0,0.004,0.1,41800000.0,65400000.0,0.572,65400000.0,41800000.0,34000000.0,0.88,0.84,0.88,1440200000.0,,1440200000.0,3611368653.0,11.0,8.315,80000000.0,2.337,1.0,64100000.0,0.56,103800000.0,7800000.0,2267000000.0,,0.0,31600000.0,31600000.0,0.0,883600000.0,149300000.0,734300000.0,3345368653.0,63400000.0,0.0,-7600000.0,-6400000.0,-3400000.0,-17300000.0,-39500000.0,-11600000.0,110400000.0,-200000.0,29900000.0,29900000.0,29900000.0,-12400000.0,0.0,0.261,36500000.0,27600000.0,10100000.0,0.114,2.323,16.138,16.457,1715300000.0,0.0,99.4,4.444,4.52,116500000.0,790200000.0,114400000.0,114400000.0,0.0,,,,,300000.0,4900000.0,1.0,33655620.0,34225000,34475000.0,3.343,2220000000.0,0.0,4100000.0,259100000.0,64.865,312000000.0
78,VALPQ,MRQ,2001-09-30,2001-09-30,2001-09-30,2021-06-25,-9600000.0,2292200000.0,,467000000.0,1825200000.0,,41.641,-41700000.0,215400000.0,215400000.0,90900000.0,69300000.0,3.57,0.613,481400000.0,12700000.0,468700000.0,481400000.0,0.0,31300000.0,0.0,0.007,0.1,104800000.0,136100000.0,0.598,136100000.0,104800000.0,96600000.0,2.04,2.04,2.04,1421000000.0,,1421000000.0,2256120083.0,7.0,4.882,79600000.0,2.333,1.0,136600000.0,0.6,0.0,8200000.0,2427400000.0,,0.0,43000000.0,43000000.0,0.0,871200000.0,130800000.0,740400000.0,2016920083.0,-26800000.0,0.0,-73700000.0,0.0,-3400000.0,-77200000.0,-70900000.0,-29400000.0,121300000.0,0.0,69300000.0,69300000.0,69300000.0,0.0,0.0,0.305,32600000.0,104000000.0,8900000.0,0.049,1.419,9.164,9.081,1701500000.0,0.0,58.48,2.492,2.465,178500000.0,763600000.0,227500000.0,227500000.0,0.0,,,,,100000.0,4000000.0,1.0,34489058.0,34125000,34275000.0,6.667,2292200000.0,0.0,27300000.0,261300000.0,67.171,336200000.0
79,VALPQ,MRQ,2001-06-30,2001-06-30,2001-06-30,2021-06-25,-10100000.0,2252400000.0,,446100000.0,1806300000.0,,41.239,-27500000.0,242200000.0,242200000.0,89700000.0,61200000.0,4.457,0.577,481400000.0,12700000.0,468700000.0,481400000.0,0.0,31500000.0,0.0,0.004,0.1,94800000.0,126300000.0,0.586,126300000.0,94800000.0,86300000.0,1.76,1.76,1.76,1427900000.0,,1427900000.0,3527171057.0,13.0,8.93,56300000.0,1.626,1.0,125800000.0,0.584,0.0,8500000.0,2391500000.0,,0.0,13600000.0,13600000.0,0.0,824500000.0,100100000.0,724400000.0,3249371057.0,32400000.0,0.0,-700000.0,-6300000.0,-3400000.0,-10800000.0,-40600000.0,-13600000.0,83800000.0,0.0,61200000.0,61200000.0,61200000.0,0.0,0.0,0.284,33300000.0,92500000.0,8900000.0,0.057,2.276,18.452,18.281,1681000000.0,0.0,93.6,4.44,4.429,160300000.0,697600000.0,215500000.0,215500000.0,0.0,,,,,100000.0,4200000.0,1.0,34715503.0,34625000,34925000.0,6.224,2252400000.0,0.0,25100000.0,245500000.0,65.051,346000000.0
80,VALPQ,MRQ,2001-03-31,2001-03-31,2001-03-31,2021-06-25,-11000000.0,2190900000.0,,386100000.0,1804800000.0,,39.653,-31800000.0,209800000.0,209800000.0,89600000.0,46900000.0,3.892,0.599,487600000.0,12700000.0,474900000.0,487600000.0,0.0,30900000.0,0.0,0.003,0.1,75600000.0,106500000.0,0.545,106500000.0,75600000.0,67300000.0,1.36,1.36,1.36,1370000000.0,,1370000000.0,5175473730.0,25.0,16.301,50600000.0,1.465,1.0,105700000.0,0.541,0.0,8300000.0,2369500000.0,,0.0,0.0,0.0,0.0,820900000.0,99200000.0,721700000.0,4847173730.0,103200000.0,0.0,4900000.0,52700000.0,-3500000.0,50800000.0,-30000000.0,0.0,82400000.0,0.0,46900000.0,46900000.0,46900000.0,0.0,0.0,0.24,32600000.0,73100000.0,5900000.0,0.074,3.538,37.517,37.234,1678400000.0,0.0,140.0,7.659,7.643,152900000.0,639900000.0,195300000.0,195300000.0,0.0,,,,,2500000.0,3700000.0,1.0,34622670.0,34550000,34925000.0,5.653,2190900000.0,0.0,20400000.0,237200000.0,63.412,286900000.0
81,VALPQ,MRQ,2000-12-31,2000-12-31,2000-12-31,2021-06-25,-1100000.0,2108000000.0,,288700000.0,1819300000.0,,38.631,-73200000.0,106600000.0,106600000.0,78100000.0,42700000.0,2.465,0.586,434900000.0,12700000.0,422200000.0,434900000.0,0.0,28100000.0,0.0,0.003,0.1,65100000.0,93200000.0,0.544,93200000.0,65100000.0,60600000.0,1.28,1.24,1.28,1328900000.0,,1328900000.0,5025307481.0,36.0,20.57,-17400000.0,-0.506,1.0,93100000.0,0.544,0.0,4500000.0,2319200000.0,,0.0,0.0,0.0,0.0,779100000.0,117100000.0,662000000.0,4718207481.0,3400000.0,0.0,-100000.0,24600000.0,-3400000.0,19000000.0,-71400000.0,0.0,55800000.0,0.0,42700000.0,42700000.0,42700000.0,0.0,0.0,0.249,29900000.0,63200000.0,13200000.0,0.078,3.55,55.248,54.935,1685300000.0,0.0,136.24,8.839,8.78,159100000.0,596600000.0,171200000.0,171200000.0,0.0,,,,,1900000.0,3700000.0,1.0,34631588.0,34400000,34825000.0,4.977,2108000000.0,0.0,17900000.0,230300000.0,61.279,171600000.0
82,VALPQ,MRQ,2000-09-30,2000-09-30,2000-09-30,2021-06-25,-1100000.0,2050500000.0,,266600000.0,1783900000.0,,37.428,-42300000.0,103200000.0,103200000.0,81000000.0,25300000.0,2.277,0.59,410300000.0,300000.0,410000000.0,410300000.0,0.0,26800000.0,0.0,0.003,0.1,42200000.0,69000000.0,0.461,69000000.0,42200000.0,38200000.0,0.72,0.72,0.72,1289400000.0,,1289400000.0,5591980864.0,73.0,30.895,-6900000.0,-0.2,1.0,68800000.0,0.459,0.0,4000000.0,2240500000.0,,0.0,0.0,0.0,0.0,761100000.0,117100000.0,644000000.0,5285680864.0,-2400000.0,0.0,8000000.0,-1600000.0,-3500000.0,2800000.0,-40600000.0,0.0,35400000.0,0.0,25300000.0,25300000.0,25300000.0,0.0,0.0,0.169,28500000.0,40300000.0,10300000.0,0.139,4.099,120.678,127.5,1650500000.0,0.0,153.0,11.937,11.903,140800000.0,557300000.0,149800000.0,149800000.0,0.0,,,,,1700000.0,3300000.0,1.0,34546934.0,34450000,34875000.0,4.348,2050500000.0,0.0,12900000.0,222000000.0,59.521,149500000.0
83,VALPQ,MRQ,2000-06-30,2000-06-30,2000-06-30,2021-06-25,-1100000.0,1994900000.0,,239900000.0,1755000000.0,,36.588,-54100000.0,105600000.0,105600000.0,67700000.0,14300000.0,2.436,0.586,411900000.0,1900000.0,410000000.0,411900000.0,0.0,25400000.0,0.0,0.003,0.1,23400000.0,48800000.0,0.419,48800000.0,23400000.0,21500000.0,0.4,0.4,0.4,1257700000.0,,1257700000.0,5227716596.0,214.0,40.4,-26400000.0,-0.768,1.0,48900000.0,0.419,0.0,1900000.0,2202700000.0,,0.0,0.0,0.0,0.0,737200000.0,98500000.0,638700000.0,4947416596.0,23000000.0,0.0,3700000.0,49000000.0,-3500000.0,48600000.0,-53300000.0,0.0,27700000.0,0.0,14300000.0,14300000.0,14300000.0,0.0,0.0,0.123,27000000.0,21900000.0,9700000.0,0.25,3.934,659.656,897.0,1622400000.0,0.0,143.52,13.393,13.355,113500000.0,535400000.0,116600000.0,116600000.0,0.0,,,,,3400000.0,3200000.0,1.0,34471966.0,34375000,34800000.0,3.392,1994900000.0,0.0,7200000.0,217000000.0,58.033,141400000.0
84,VALPQ,MRQ,2000-03-31,2000-03-31,2000-03-31,2021-06-25,-1100000.0,1930100000.0,,200900000.0,1729200000.0,,36.231,-86500000.0,82600000.0,82600000.0,63800000.0,3100000.0,1.968,0.557,362900000.0,2800000.0,360100000.0,362900000.0,0.0,25400000.0,0.0,0.003,0.1,7900000.0,33300000.0,0.346,33300000.0,7900000.0,4900000.0,0.08,0.08,0.08,1240000000.0,,1240000000.0,5191247720.0,-911.0,51.145,-67600000.0,-1.975,1.0,32400000.0,0.337,0.0,3000000.0,2108300000.0,,0.0,0.0,0.0,0.0,690100000.0,102100000.0,588000000.0,4960447720.0,-61800000.0,0.0,5300000.0,-12300000.0,-3400000.0,-10500000.0,-70200000.0,11200000.0,18900000.0,0.0,3100000.0,3100000.0,3100000.0,0.0,0.0,0.032,26600000.0,5800000.0,7200000.0,1.25,4.0,-298.822,-277.923,1596200000.0,0.0,144.52,14.932,14.889,96500000.0,524600000.0,96200000.0,96200000.0,0.0,,,,,0.0,3100000.0,1.0,34323607.0,34225000,34650000.0,2.811,1930100000.0,0.0,1800000.0,213300000.0,56.394,98800000.0
85,VALPQ,MRQ,1999-12-31,1999-12-31,1999-12-31,2021-06-25,-1100000.0,1983700000.0,,273200000.0,1710500000.0,,36.179,-45000000.0,144400000.0,144400000.0,58900000.0,1100000.0,2.027,0.607,375200000.0,4000000.0,371200000.0,375200000.0,0.0,26500000.0,0.0,0.004,0.1,3400000.0,29900000.0,0.373,29900000.0,3400000.0,-1100000.0,0.0,0.0,0.0,1234600000.0,,1234600000.0,3271322575.0,142.0,24.915,-26600000.0,-0.779,1.0,21300000.0,0.266,0.0,4500000.0,2079700000.0,,0.0,20900000.0,20900000.0,0.0,749100000.0,134800000.0,614300000.0,3089422575.0,-49900000.0,0.0,100000.0,-1100000.0,-3400000.0,-11800000.0,-56500000.0,-20900000.0,18400000.0,0.0,1100000.0,1100000.0,1100000.0,0.0,0.0,0.014,27100000.0,-5800000.0,8100000.0,,2.502,10298.075,,1577100000.0,0.0,90.0,8.494,8.444,85300000.0,525000000.0,80200000.0,80200000.0,0.0,,,,,1200000.0,2600000.0,1.0,34326918.0,34125000,34425000.0,2.35,1983700000.0,0.0,-2200000.0,211600000.0,58.13,138400000.0
86,VALPQ,MRQ,1999-09-30,1999-09-30,1999-09-30,2021-06-25,-1100000.0,1971700000.0,,298300000.0,1673400000.0,,36.22,-64000000.0,194300000.0,194300000.0,62100000.0,-11000000.0,2.392,0.594,376200000.0,4000000.0,372200000.0,376200000.0,0.0,27700000.0,0.0,0.006,0.1,-10300000.0,17400000.0,0.228,17400000.0,-10300000.0,-14900000.0,-0.32,-0.32,-0.32,1236900000.0,,1236900000.0,2604139051.0,39.0,15.114,-54200000.0,-1.587,1.0,14300000.0,0.187,0.0,4600000.0,2028900000.0,,0.0,0.0,0.0,0.0,734800000.0,124700000.0,610100000.0,2479439051.0,-58400000.0,0.0,100000.0,-1100000.0,-3400000.0,-4500000.0,-63700000.0,0.0,9800000.0,0.0,-11000000.0,-11000000.0,-11000000.0,0.0,0.0,-0.144,28000000.0,-13700000.0,6700000.0,-0.312,2.005,94.275,86.0,1550200000.0,0.0,72.24,5.68,5.652,80900000.0,527300000.0,76400000.0,76400000.0,0.0,,,,,0.0,2800000.0,1.0,34322246.0,34150000,34150000.0,2.237,1971700000.0,0.0,-3900000.0,206400000.0,57.736,173600000.0
87,VALPQ,MRQ,1999-06-30,1999-06-30,1999-06-30,2021-06-25,-1100000.0,1983300000.0,,339800000.0,1643500000.0,,36.68,-59000000.0,252700000.0,252700000.0,62300000.0,-9800000.0,2.602,0.586,377400000.0,4100000.0,373300000.0,377400000.0,0.0,27600000.0,0.0,0.005,0.1,-6700000.0,20900000.0,0.263,20900000.0,-6700000.0,-11500000.0,-0.28,-0.28,-0.28,1250800000.0,,1250800000.0,2817027682.0,17.0,10.574,-39200000.0,-1.15,1.0,17100000.0,0.215,0.0,4800000.0,1977400000.0,,0.0,0.0,0.0,0.0,732500000.0,130600000.0,601900000.0,2733427682.0,-42200000.0,0.0,1700000.0,-900000.0,-3500000.0,-3200000.0,-58800000.0,0.0,19800000.0,0.0,-9800000.0,-9800000.0,-9800000.0,0.0,0.0,-0.123,27800000.0,-10700000.0,9900000.0,-0.357,2.185,28.385,28.085,1518500000.0,0.0,79.76,5.063,5.038,64400000.0,541700000.0,79400000.0,79400000.0,0.0,,,,,0.0,2900000.0,1.0,34270658.0,34100000,34100000.0,2.328,1983300000.0,0.0,-1700000.0,196800000.0,58.161,209200000.0
88,VALPQ,MRQ,1999-03-31,1999-03-31,1999-03-31,2021-06-25,-1100000.0,1983300000.0,,398100000.0,1585200000.0,,37.039,-80100000.0,294900000.0,294900000.0,67500000.0,20000000.0,3.218,0.571,378500000.0,4000000.0,374500000.0,378500000.0,0.0,26400000.0,0.0,0.008,0.1,36700000.0,63100000.0,0.494,63100000.0,36700000.0,31300000.0,0.6,0.6,0.6,1262100000.0,,1262100000.0,1893097593.0,6.0,4.759,-11900000.0,-0.349,1.0,60200000.0,0.471,0.0,5400000.0,1943200000.0,,0.0,0.0,0.0,0.0,721200000.0,123700000.0,597500000.0,1824097593.0,-35200000.0,0.0,100000.0,-20600000.0,-3400000.0,-23900000.0,-79500000.0,0.0,68200000.0,0.0,20000000.0,20000000.0,20000000.0,0.0,0.0,0.157,26500000.0,33700000.0,12800000.0,0.167,1.445,9.77,9.859,1460900000.0,0.0,53.24,2.626,2.612,80700000.0,555000000.0,127700000.0,127700000.0,0.0,,,,,0.0,2900000.0,1.0,34261788.0,34075000,34150000.0,3.748,1983300000.0,0.0,11300000.0,190900000.0,58.204,274400000.0
89,VALPQ,MRQ,1998-12-31,1998-12-31,1998-12-31,2021-06-25,-1100000.0,1992800000.0,,476300000.0,1516500000.0,,36.457,-77000000.0,330100000.0,330100000.0,81300000.0,27100000.0,2.988,0.601,399100000.0,23600000.0,375500000.0,399100000.0,0.0,24600000.0,0.0,0.009,0.1,46300000.0,70900000.0,0.463,70900000.0,46300000.0,40500000.0,0.84,0.84,0.84,1245000000.0,,1245000000.0,1582118007.0,4.0,3.18,-15600000.0,-0.457,1.0,71700000.0,0.469,0.0,5800000.0,1902400000.0,,0.0,0.0,0.0,0.0,747800000.0,159400000.0,588400000.0,1471018007.0,36500000.0,0.0,-3000000.0,-5500000.0,-3500000.0,-14400000.0,-10500000.0,0.0,61400000.0,0.0,27100000.0,27100000.0,27100000.0,0.0,0.0,0.177,26500000.0,45200000.0,9100000.0,0.119,1.182,5.794,5.874,1389400000.0,0.0,42.76,1.809,1.835,118400000.0,538400000.0,153000000.0,153000000.0,0.0,,,,,600000.0,3900000.0,1.0,34401731.0,34150000,34400000.0,4.48,1992800000.0,0.0,13400000.0,180000000.0,58.354,316900000.0
90,VALPQ,MRQ,1998-09-30,1998-09-30,1998-09-30,2021-06-25,-1100000.0,1990300000.0,,510900000.0,1479400000.0,,35.278,-101700000.0,293600000.0,293600000.0,80500000.0,59000000.0,2.867,0.624,404700000.0,22700000.0,382000000.0,404700000.0,0.0,24000000.0,0.0,0.009,0.1,87500000.0,111500000.0,0.62,111500000.0,87500000.0,81300000.0,1.68,1.68,1.68,1225900000.0,,1225900000.0,1593879619.0,3.0,2.728,13700000.0,0.394,1.0,99300000.0,0.552,0.0,6200000.0,1923200000.0,,0.0,0.0,0.0,0.0,764400000.0,178200000.0,586200000.0,1532979619.0,-57700000.0,0.0,-61900000.0,-7400000.0,-3500000.0,-71900000.0,-101200000.0,0.0,115400000.0,0.0,59000000.0,59000000.0,59000000.0,0.0,0.0,0.328,24700000.0,74600000.0,16400000.0,0.06,1.25,5.036,5.037,1338400000.0,0.0,43.52,1.713,1.69,149100000.0,514800000.0,179800000.0,179800000.0,0.0,,,,,0.0,3800000.0,1.0,35224716.0,34750000,34875000.0,5.174,1990300000.0,0.0,22300000.0,171400000.0,57.275,332700000.0
91,VALPQ,MRQ,1998-06-30,1998-06-30,1998-06-30,2021-06-25,-1100000.0,1989000000.0,,526500000.0,1462500000.0,,34.842,-71100000.0,351300000.0,351300000.0,83600000.0,80600000.0,2.882,0.616,412200000.0,23400000.0,388800000.0,412200000.0,0.0,22800000.0,0.0,0.006,0.1,129500000.0,152300000.0,0.651,152300000.0,129500000.0,122900000.0,2.28,2.28,2.28,1230800000.0,,1230800000.0,2592288240.0,5.0,4.217,52500000.0,1.486,1.0,150400000.0,0.643,0.0,6600000.0,1867200000.0,,0.0,0.0,0.0,0.0,758200000.0,182700000.0,575500000.0,2489888240.0,32800000.0,0.0,-7700000.0,-8600000.0,-3500000.0,-20400000.0,-70400000.0,0.0,123600000.0,0.0,80600000.0,80600000.0,80600000.0,0.0,0.0,0.344,24300000.0,126100000.0,10900000.0,0.044,2.023,7.95,7.883,1320900000.0,0.0,70.0,2.653,2.635,155100000.0,459300000.0,234000000.0,234000000.0,0.0,,,,,0.0,4100000.0,1.0,35569832.0,35325000,35675000.0,6.624,1989000000.0,0.0,42300000.0,150300000.0,56.306,343800000.0
92,VALPQ,MRQ,1998-03-31,1998-03-31,1998-03-31,2021-06-25,-1100000.0,1907600000.0,,505900000.0,1401700000.0,,32.82,-81000000.0,318500000.0,318500000.0,83700000.0,87200000.0,2.876,0.643,420900000.0,25700000.0,395200000.0,420900000.0,0.0,22200000.0,0.0,0.003,0.1,140600000.0,162800000.0,0.661,162800000.0,140600000.0,133000000.0,2.48,2.44,2.48,1161000000.0,,1161000000.0,4133953954.0,9.0,7.141,67900000.0,1.919,1.0,162700000.0,0.66,0.0,7600000.0,1834100000.0,,0.0,0.0,0.0,0.0,746600000.0,175900000.0,570700000.0,3966053954.0,56300000.0,0.0,0.0,-9100000.0,-3600000.0,-12300000.0,-80300000.0,0.0,148900000.0,0.0,87200000.0,87200000.0,87200000.0,0.0,0.0,0.354,23400000.0,139300000.0,13100000.0,0.04,3.416,13.926,13.802,1261900000.0,0.0,111.52,4.407,4.384,166400000.0,382200000.0,246400000.0,246400000.0,0.0,,,,,0.0,3600000.0,1.0,35563612.0,35375000,35725000.0,6.965,1907600000.0,0.0,45800000.0,139300000.0,53.925,330000000.0
93,VALPQ,MRQ,1997-12-31,1997-12-31,1997-12-31,2021-06-25,-1100000.0,1772000000.0,,447100000.0,1324900000.0,,30.545,-141700000.0,262200000.0,262200000.0,79100000.0,77600000.0,3.416,0.646,430100000.0,29300000.0,400800000.0,430100000.0,0.0,31700000.0,0.0,0.001,0.1,126000000.0,157700000.0,0.672,157700000.0,126000000.0,120200000.0,2.2,2.16,2.2,1076700000.0,,1076700000.0,,,,-37100000.0,-1.052,1.0,155700000.0,0.663,0.0,5800000.0,1809000000.0,,0.0,0.0,0.0,0.0,695300000.0,130900000.0,564400000.0,4765523941.0,140500000.0,2100000.0,0.0,178800000.0,-3600000.0,177200000.0,-141300000.0,0.0,104600000.0,0.0,77600000.0,77600000.0,77600000.0,0.0,0.0,0.33,31700000.0,124000000.0,7800000.0,0.045,4.426,20.374,20.181,1177100000.0,0.0,134.0,5.847,5.795,157200000.0,298600000.0,234800000.0,234800000.0,0.0,,,,,0.0,3900000.0,1.0,35563612.0,35250000,35950000.0,6.661,1772000000.0,0.0,42600000.0,128200000.0,50.27,316200000.0
94,VALPQ,MRQ,1997-09-30,1997-09-30,1997-09-30,2021-06-25,,,,,,,,-26600000.0,,,80400000.0,67800000.0,,,,,,,,28700000.0,,0.001,0.1,113200000.0,141900000.0,0.635,141900000.0,113200000.0,108200000.0,1.92,1.92,1.92,,,,,,,60300000.0,1.708,1.0,142900000.0,0.64,,5000000.0,,,,,,,,,,,50000000.0,0.0,0.0,-8700000.0,-3500000.0,-11800000.0,-25100000.0,0.0,86900000.0,0.0,67800000.0,67800000.0,67800000.0,0.0,0.0,0.304,30500000.0,112400000.0,,0.052,,,,,0.0,158.0,,,,,223300000.0,223300000.0,0.0,,,,,0.0,3500000.0,1.0,,35300000,35650000.0,6.326,,,40400000.0,,,
95,VALPQ,MRQ,1997-06-30,1997-06-30,1997-06-30,2021-06-25,,,,,,,,-82300000.0,,,77100000.0,52200000.0,,,,,,,,27400000.0,,0.0,0.0,89100000.0,116500000.0,0.596,116500000.0,89100000.0,84300000.0,1.48,1.48,1.48,,,,,,,2800000.0,0.079,1.0,118300000.0,0.605,,4800000.0,,,,,,,,,,,-15800000.0,0.0,0.0,-19800000.0,0.0,-19100000.0,-81800000.0,0.0,85100000.0,0.0,52200000.0,52200000.0,52200000.0,0.0,0.0,0.267,29600000.0,88700000.0,,0.0,,,,,0.0,105.5,,,,,195400000.0,195400000.0,0.0,,,,,0.0,3800000.0,1.0,,35250000,35650000.0,5.543,,,32100000.0,,,
96,VALPQ,MRQ,1997-03-31,1997-03-31,1997-03-31,2021-06-25,,,,,,,,-31700000.0,,,70100000.0,36300000.0,,,,,,,,25600000.0,,0.0,0.0,64800000.0,90400000.0,0.559,90400000.0,64800000.0,59000000.0,1.04,1.0,1.04,,,,,,,28300000.0,0.804,1.0,91500000.0,0.566,,5800000.0,,,,,,,,,,,6800000.0,0.0,0.0,-22500000.0,0.0,-21800000.0,-31400000.0,0.0,60000000.0,0.0,36300000.0,36300000.0,36300000.0,0.0,0.0,0.225,27300000.0,64200000.0,,0.0,,,,,0.0,98.5,,,,,161600000.0,161600000.0,0.0,,,,,0.0,3100000.0,1.0,,35200000,35650000.0,4.591,,,22700000.0,,,
97,VALPQ,MRQ,1996-12-31,1996-12-31,1996-12-31,2021-06-25,-1100000.0,1315400000.0,,211400000.0,1104000000.0,,25.731,,80700000.0,80700000.0,,,2.035,0.555,293500000.0,34900000.0,258600000.0,293500000.0,0.0,,0.0,0.0,0.0,,,,,,,,,,845900000.0,,845900000.0,,,,,,1.0,,,0.0,,1424300000.0,,0.0,0.0,0.0,0.0,469500000.0,103900000.0,365600000.0,,,,,,,,,,,,,,,,,,,,11500000.0,,,,33.219,991600000.0,,97.0,,6.802,111000000.0,71800000.0,,,,,,,,,,1.0,,32875000,,,1315400000.0,0.0,,73000000.0,40.012,107500000.0
0,VALPQ,MRT,2021-03-31,2021-03-31,2021-03-31,2021-06-25,-93200000.0,11946900000.0,12692550000.0,1125000000.0,10821900000.0,0.101,17.35,-63500000.0,291700000.0,291700000.0,1234800000.0,-2757500000.0,2.407,2.45,7313700000.0,0.0,7313700000.0,7313700000.0,0.0,497200000.0,0.0,0.0,0.0,-2656200000.0,-2159000000.0,-1.69,-2159000000.0,-2656200000.0,-2834900000.0,-13.79,-13.79,-13.79,3463100000.0,4386700000.0,3463100000.0,7003869091.0,-3.0,-3.244,-142500000.0,-0.714,1.0,42900000.0,0.034,0.0,178700000.0,18501500000.0,18492850000.0,0.0,565500000.0,0.0,565500000.0,8485700000.0,467400000.0,8018300000.0,15969091.0,106800000.0,45100000.0,0.0,212100000.0,0.0,203900000.0,-18400000.0,0.0,-79000000.0,300000.0,-2759200000.0,-2759200000.0,-2759200000.0,0.0,1700000.0,-2.16,2160300000.0,-2117400000.0,176800000.0,0.0,0.005,-0.006,-0.006,10083900000.0,0.0,0.08,0.012,0.012,449800000.0,-5093800000.0,1277700000.0,1277700000.0,0.0,-0.217,-0.629,-0.144,-2.079,17400000.0,185500000.0,1.0,199613642.0,199600000,199600000.0,6.401,11946900000.0,0.0,-75700000.0,0.0,59.854,657600000.0
1,VALPQ,MRT,2020-12-31,2020-12-31,2020-12-31,2021-06-25,-87900000.0,12873200000.0,13212100000.0,1172900000.0,11700300000.0,0.108,21.994,-93800000.0,325800000.0,325800000.0,1458600000.0,-4857600000.0,2.748,1.944,7313700000.0,0.0,7313700000.0,7313700000.0,0.0,547000000.0,0.0,0.0,0.0,-4824300000.0,-4277300000.0,-2.997,-4277300000.0,-4824300000.0,-5114900000.0,-24.42,-24.42,-24.42,4374600000.0,5095500000.0,4374600000.0,7143273360.0,-1.0,-1.67,-345500000.0,-1.737,1.0,-31400000.0,-0.022,0.0,290600000.0,19434300000.0,18699500000.0,0.0,563600000.0,0.0,563600000.0,8502900000.0,426800000.0,8076100000.0,9973360.0,228600000.0,51800000.0,0.0,531300000.0,0.0,522200000.0,-42000000.0,0.0,-251700000.0,100000.0,-4855500000.0,-4855500000.0,-4855500000.0,0.0,-2100000.0,-3.402,4283500000.0,-4314900000.0,176400000.0,0.0,0.002,-0.002,-0.002,10960500000.0,0.0,0.05,0.007,0.007,449200000.0,-4183800000.0,1427200000.0,1427200000.0,0.0,-0.368,-0.953,-0.258,-3.38,21400000.0,214600000.0,1.0,199467198.0,198900000,198900000.0,7.175,12873200000.0,0.0,-259400000.0,0.0,64.722,746100000.0
2,VALPQ,MRT,2020-09-30,2020-09-30,2020-09-30,2021-06-25,-11200000.0,12911200000.0,14226600000.0,1064800000.0,11846400000.0,0.115,22.661,-135700000.0,180400000.0,180400000.0,1630500000.0,-5002500000.0,2.744,1.859,7313700000.0,0.0,7313700000.0,7313700000.0,0.0,597900000.0,0.0,0.0,0.0,-4679400000.0,-4081500000.0,-2.484,-4081500000.0,-4679400000.0,-5083700000.0,-25.37,-25.37,-25.37,4518700000.0,6329575000.0,4518700000.0,6425650429.0,-1.0,-1.574,-381500000.0,-1.913,1.0,12300000.0,0.007,0.0,404300000.0,19656500000.0,19353825000.0,0.0,563800000.0,0.0,563800000.0,8398600000.0,388000000.0,8010600000.0,17350429.0,50900000.0,57000000.0,0.0,386800000.0,0.0,375200000.0,-78700000.0,0.0,-245800000.0,200000.0,-5000600000.0,-5000600000.0,-5000600000.0,0.0,-1900000.0,-3.044,4353700000.0,-4341400000.0,180700000.0,0.0,0.004,-0.003,-0.003,11082400000.0,0.0,0.087,0.011,0.011,429700000.0,-4112900000.0,1642800000.0,1642800000.0,0.0,-0.351,-0.79,-0.242,-2.848,26400000.0,230100000.0,1.0,199430217.0,199400000,199400000.0,8.239,12911200000.0,0.0,-83100000.0,0.0,64.75,676800000.0
3,VALPQ,MRT,2020-06-30,2020-06-30,2020-06-30,2021-06-25,-13300000.0,13038900000.0,15306450000.0,1066100000.0,11972800000.0,0.125,26.135,-159300000.0,202000000.0,202000000.0,1819800000.0,-4528000000.0,0.347,1.513,6610300000.0,2518100000.0,4092200000.0,6610300000.0,0.0,635500000.0,0.0,0.0,0.0,-4171900000.0,-3536400000.0,-1.853,-3536400000.0,-4171900000.0,-4630300000.0,-23.01,-23.01,-23.01,5190400000.0,7582750000.0,5190400000.0,6322453219.0,-2.0,-1.788,-523900000.0,-2.638,1.0,89000000.0,0.047,0.0,458400000.0,16379100000.0,20042025000.0,0.0,570000000.0,0.0,570000000.0,7853500000.0,3068100000.0,4785400000.0,134253219.0,-757100000.0,27000000.0,0.0,-387600000.0,0.0,-395000000.0,2700000.0,135000000.0,-364600000.0,-200000.0,-4526800000.0,-4526800000.0,-4526800000.0,0.0,-1200000.0,-2.372,4564600000.0,-4475600000.0,151900000.0,0.0,0.026,-0.03,-0.028,11192600000.0,0.0,0.652,0.07,0.068,363300000.0,-3442000000.0,1908800000.0,1908800000.0,0.0,-0.296,-0.597,-0.208,-2.186,31600000.0,194100000.0,1.0,205941431.0,198600000,198600000.0,9.611,13038900000.0,0.0,-103500000.0,0.0,65.654,-2002000000.0
4,VALPQ,MRT,2020-03-31,2020-03-31,2020-03-31,2021-06-25,-7200000.0,14025100000.0,16656750000.0,1105600000.0,12919500000.0,0.126,31.826,-234300000.0,184900000.0,184900000.0,1949400000.0,-3011900000.0,1.249,1.227,6373100000.0,224500000.0,6148600000.0,6373100000.0,0.0,649700000.0,0.0,0.0,0.0,-2608500000.0,-1958800000.0,-0.931,-1958800000.0,-2608500000.0,-3069000000.0,-15.34,-15.34,-15.34,6298300000.0,8715300000.0,6298300000.0,6039896096.0,-2.0,-3.083,-691200000.0,-3.493,1.0,154500000.0,0.073,0.0,460500000.0,19328100000.0,21629150000.0,0.0,575300000.0,0.0,575300000.0,7729500000.0,885200000.0,6844300000.0,88796096.0,-113500000.0,959700000.0,0.0,-618400000.0,0.0,-626700000.0,970400000.0,245000000.0,-456900000.0,-300000.0,-3013900000.0,-3013900000.0,-3013900000.0,0.0,2000000.0,-1.433,3774100000.0,-3619600000.0,258400000.0,0.0,0.014,-0.029,-0.029,12157200000.0,0.0,0.45,0.042,0.042,493200000.0,-2334600000.0,2103900000.0,2103900000.0,0.0,-0.181,-0.346,-0.121,-1.24,39800000.0,212700000.0,1.0,197280817.0,197900000,197900000.0,10.631,14025100000.0,0.0,-55100000.0,0.0,70.87,220400000.0
5,VALPQ,MRT,2019-12-31,2019-12-31,2019-12-31,2021-06-25,6200000.0,16931200000.0,16616225000.0,1064400000.0,15866800000.0,0.124,53.696,-227000000.0,97200000.0,97200000.0,1806000000.0,-192200000.0,1.281,0.819,6048300000.0,124800000.0,5923500000.0,6048300000.0,0.0,592900000.0,0.0,0.006,0.04,358700000.0,951600000.0,0.463,951600000.0,358700000.0,-69600000.0,-1.14,-1.14,-1.14,9310900000.0,9115850000.0,9310900000.0,7336374314.0,20.0,7.71,-503900000.0,-2.906,1.0,247200000.0,0.12,0.0,428300000.0,22051600000.0,21313675000.0,0.0,581600000.0,0.0,581600000.0,7621600000.0,830700000.0,6790900000.0,1298074314.0,-177900000.0,949600000.0,0.0,-937600000.0,-4500000.0,-952300000.0,1051600000.0,329000000.0,-276900000.0,-300000.0,-198000000.0,-198000000.0,-198000000.0,0.0,5800000.0,-0.096,902600000.0,-655400000.0,288200000.0,-0.035,0.139,-6.556,-5.754,15096900000.0,0.0,6.56,0.632,0.554,520700000.0,671700000.0,2053200000.0,2053200000.0,0.0,-0.012,-0.022,0.017,0.175,37300000.0,188900000.0,1.0,197877182.0,173400000,173400000.0,11.841,16931200000.0,0.0,128400000.0,0.0,97.642,233700000.0
6,VALPQ,MRT,2019-09-30,2019-09-30,2019-09-30,2021-06-25,18900000.0,17230600000.0,15889350000.0,1184000000.0,16046600000.0,0.122,48.236,-222200000.0,129500000.0,129500000.0,1652200000.0,-181300000.0,1.377,0.808,6167800000.0,125500000.0,6042300000.0,6167800000.0,0.0,540700000.0,0.0,0.017,0.08,285600000.0,826300000.0,0.426,826300000.0,285600000.0,-96800000.0,-2.54,-2.54,-2.54,9531400000.0,8810975000.0,9531400000.0,7138065070.0,25.0,8.639,-623200000.0,-3.154,1.0,287900000.0,0.148,0.0,382400000.0,22409300000.0,20358400000.0,0.0,591100000.0,0.0,591100000.0,7700100000.0,859600000.0,6840500000.0,951765070.0,-66500000.0,947800000.0,0.0,-796900000.0,-9000000.0,-814600000.0,1149600000.0,434000000.0,-401000000.0,-500000.0,-185600000.0,-185600000.0,-185600000.0,0.0,4300000.0,-0.096,869800000.0,-581900000.0,326400000.0,-0.031,0.1,-5.128,-1.894,15250700000.0,0.0,4.81,0.491,0.49,567000000.0,887700000.0,1940100000.0,1940100000.0,0.0,-0.012,-0.021,0.014,0.147,37000000.0,170500000.0,1.0,197872156.0,197600000,197600000.0,9.818,17230600000.0,0.0,88800000.0,0.0,87.199,324400000.0
7,VALPQ,MRT,2019-06-30,2019-06-30,2019-06-30,2021-06-25,19900000.0,18440100000.0,15136350000.0,2222500000.0,16217600000.0,0.12,51.541,-229600000.0,959100000.0,959100000.0,1482800000.0,-126700000.0,1.17,0.897,7145400000.0,1125300000.0,6020100000.0,7145400000.0,0.0,492800000.0,0.0,0.014,0.12,317800000.0,810600000.0,0.445,810600000.0,317800000.0,-22900000.0,-2.88,-2.88,-2.88,9720600000.0,8501225000.0,9720600000.0,6405084247.0,20.0,7.902,-560700000.0,-2.973,1.0,336900000.0,0.185,0.0,340700000.0,22727600000.0,19378425000.0,0.0,727500000.0,135000000.0,592500000.0,8717900000.0,1898800000.0,6819100000.0,1684984247.0,473600000.0,947400000.0,2000000.0,-8700000.0,-13400000.0,-30000000.0,834900000.0,120000000.0,-331100000.0,-200000.0,-133500000.0,-133500000.0,-133500000.0,0.0,6800000.0,-0.073,728200000.0,-391300000.0,335200000.0,-0.042,0.173,-12.622,-2.962,15455700000.0,0.0,8.53,0.926,0.884,628700000.0,1084800000.0,1819700000.0,1819700000.0,0.0,-0.009,-0.016,0.016,0.175,34300000.0,159500000.0,1.0,197536254.0,188600000,188600000.0,9.648,18440100000.0,0.0,110600000.0,0.0,97.774,323700000.0
8,VALPQ,MRT,2019-03-31,2019-03-31,2019-03-31,2021-06-25,19700000.0,13863000000.0,14111475000.0,1211900000.0,12651100000.0,0.12,72.682,-186400000.0,298400000.0,298400000.0,1326800000.0,-684100000.0,2.345,0.755,5018500000.0,0.0,5018500000.0,5018500000.0,0.0,450800000.0,0.0,0.01,0.16,-289200000.0,161600000.0,0.095,161600000.0,-289200000.0,-587300000.0,-6.36,-6.36,-6.36,7900500000.0,8180125000.0,7900500000.0,6452989832.0,-22.0,39.932,-306000000.0,-2.815,1.0,367500000.0,0.217,0.0,298100000.0,18066200000.0,18271575000.0,0.0,245000000.0,245000000.0,0.0,5962700000.0,516900000.0,5445800000.0,1717689832.0,-167000000.0,11300000.0,0.0,-17200000.0,-17900000.0,-25600000.0,-21200000.0,154000000.0,-119600000.0,-600000.0,-690000000.0,-690000000.0,-690000000.0,8000000.0,5900000.0,-0.407,633400000.0,-265900000.0,214200000.0,-0.025,0.217,-2.489,-2.472,12508900000.0,0.0,15.72,1.014,1.009,313700000.0,679300000.0,1694300000.0,1694300000.0,0.0,-0.049,-0.084,-0.016,-0.171,26800000.0,104400000.0,1.0,109267801.0,108700000,108700000.0,15.587,13863000000.0,0.0,102700000.0,0.0,127.534,695000000.0
9,VALPQ,MRT,2018-12-31,2018-12-31,2018-12-31,2021-06-25,18200000.0,14023700000.0,14279150000.0,1309700000.0,12714000000.0,0.119,74.575,-426700000.0,275100000.0,275100000.0,1319400000.0,-636600000.0,2.478,0.733,5010400000.0,0.0,5010400000.0,5010400000.0,0.0,438700000.0,0.0,0.011,0.16,-267400000.0,171300000.0,0.1,171300000.0,-267400000.0,-550100000.0,-5.9,-5.9,-5.9,8091400000.0,8353400000.0,8091400000.0,6362676723.0,-24.0,37.143,-482400000.0,-4.446,1.0,386000000.0,0.226,0.0,282700000.0,18230500000.0,18375600000.0,0.0,329000000.0,329000000.0,0.0,5934900000.0,528500000.0,5406400000.0,1556076723.0,-170300000.0,11000000.0,0.0,211800000.0,-17900000.0,188200000.0,-304700000.0,111000000.0,-55700000.0,-600000.0,-639700000.0,-639700000.0,-639700000.0,8100000.0,3100000.0,-0.375,621900000.0,-235900000.0,210500000.0,-0.027,0.192,-2.433,-2.414,12616200000.0,0.0,14.24,0.912,0.906,344700000.0,874200000.0,1705400000.0,1705400000.0,0.0,-0.045,-0.077,-0.015,-0.157,29900000.0,102700000.0,1.0,109275051.0,108500000,108500000.0,15.718,14023700000.0,0.0,89600000.0,0.0,129.251,781200000.0
10,VALPQ,MRT,2018-09-30,2018-09-30,2018-09-30,2021-06-25,19200000.0,14218600000.0,14429700000.0,1382500000.0,12836100000.0,0.122,76.428,-441300000.0,196000000.0,196000000.0,1330900000.0,-640600000.0,2.58,0.715,5002600000.0,0.0,5002600000.0,5002600000.0,0.0,439900000.0,0.0,0.005,0.16,-263700000.0,176200000.0,0.1,176200000.0,-263700000.0,-534400000.0,-6.4,-6.4,-6.4,8292400000.0,8513575000.0,8292400000.0,8198704540.0,-31.0,46.531,-483700000.0,-4.458,1.0,429700000.0,0.244,0.0,270700000.0,18489400000.0,18361150000.0,0.0,434000000.0,434000000.0,0.0,5928400000.0,535800000.0,5392600000.0,3689304540.0,-528400000.0,-868800000.0,0.0,205300000.0,-17800000.0,179600000.0,-666900000.0,635800000.0,-42400000.0,-800000.0,-643200000.0,-643000000.0,-643000000.0,6700000.0,2600000.0,-0.365,808900000.0,-379200000.0,225800000.0,-0.025,0.445,-5.738,-5.275,12731600000.0,-200000.0,33.76,2.095,2.081,348500000.0,1082500000.0,1760600000.0,1760600000.0,0.0,-0.045,-0.076,-0.014,-0.15,24500000.0,150000000.0,1.0,109280348.0,108500000,108500000.0,16.227,14218600000.0,0.0,108800000.0,0.0,131.047,846700000.0
11,VALPQ,MRT,2018-06-30,2018-06-30,2018-06-30,2021-06-25,20500000.0,14340600000.0,14295775000.0,1462800000.0,12877800000.0,0.125,77.753,-536000000.0,485500000.0,485500000.0,1289600000.0,-525900000.0,2.661,0.7,4994900000.0,0.0,4994900000.0,4994900000.0,0.0,414600000.0,0.0,0.006,0.16,-168100000.0,246500000.0,0.138,246500000.0,-168100000.0,-414700000.0,-5.38,-5.38,-5.38,8436200000.0,8481775000.0,8436200000.0,7695300784.0,-46.0,31.218,-425100000.0,-3.918,1.0,500300000.0,0.28,0.0,246600000.0,18300200000.0,18043175000.0,0.0,255000000.0,255000000.0,0.0,5906700000.0,549800000.0,5356900000.0,3173400784.0,315900000.0,-868800000.0,-2000000.0,205300000.0,-16600000.0,182100000.0,21700000.0,1425300000.0,110900000.0,-700000.0,-523600000.0,-523400000.0,-523400000.0,6900000.0,-2300000.0,-0.292,801800000.0,-301500000.0,218300000.0,-0.03,0.376,-6.063,-5.398,12783900000.0,-200000.0,29.04,1.773,1.76,332700000.0,1232000000.0,1789900000.0,1789900000.0,0.0,-0.037,-0.062,-0.009,-0.094,28100000.0,155300000.0,1.0,109276886.0,108500000,108500000.0,16.497,14340600000.0,0.0,108900000.0,0.0,132.171,913000000.0
12,VALPQ,MRT,2018-03-31,2018-03-31,2018-03-31,2021-06-25,29000000.0,14533700000.0,14141600000.0,1578700000.0,12955000000.0,0.126,79.277,-523400000.0,465400000.0,465400000.0,1236600000.0,-420100000.0,2.754,0.692,4987300000.0,0.0,4987300000.0,4987300000.0,0.0,391400000.0,0.0,0.009,0.16,-83400000.0,308000000.0,0.172,308000000.0,-83400000.0,-314600000.0,-4.59,-4.59,-4.59,8593600000.0,8418875000.0,8593600000.0,6219380195.0,-75.0,20.193,-329100000.0,-3.036,1.0,552300000.0,0.309,0.0,231200000.0,18482300000.0,17917125000.0,0.0,399000000.0,399000000.0,0.0,5942600000.0,573300000.0,5369300000.0,1914080195.0,193700000.0,-868800000.0,0.0,16600000.0,-15100000.0,-17300000.0,14200000.0,1406500000.0,194300000.0,200000.0,-418100000.0,-418000000.0,-418000000.0,-1500000.0,-2000000.0,-0.234,793400000.0,-241100000.0,251500000.0,-0.035,0.223,-4.579,-3.826,12834800000.0,-100000.0,17.56,1.07,1.064,304100000.0,1387400000.0,1788900000.0,1788900000.0,0.0,-0.03,-0.05,-0.005,-0.047,31300000.0,159700000.0,1.0,109002289.0,108400000,108400000.0,16.503,14533700000.0,0.0,103500000.0,0.0,134.075,1005400000.0
13,VALPQ,MRT,2017-12-31,2017-12-31,2017-12-31,2021-06-25,28600000.0,14625900000.0,14001250000.0,1612000000.0,13013900000.0,0.132,105.079,-536700000.0,445400000.0,445400000.0,1189500000.0,-304200000.0,2.125,0.675,4750700000.0,0.0,4750700000.0,4750700000.0,0.0,383200000.0,0.0,0.007,0.16,29700000.0,412900000.0,0.224,412900000.0,29700000.0,-194500000.0,-3.66,-3.66,-3.66,8732100000.0,8325775000.0,8732100000.0,6600173342.0,222.0,15.985,-277300000.0,-3.337,1.0,653500000.0,0.355,0.0,224200000.0,18172700000.0,17821050000.0,0.0,440000000.0,440000000.0,0.0,5895900000.0,758500000.0,5137400000.0,2576873342.0,-714300000.0,-868800000.0,0.0,-549000000.0,-13800000.0,-570500000.0,-403000000.0,1002500000.0,259400000.0,600000.0,-303700000.0,-303700000.0,-303700000.0,-1000000.0,-500000.0,-0.165,785500000.0,-132000000.0,432600000.0,-0.044,0.295,-8.485,-6.459,12873700000.0,0.0,23.64,1.398,1.066,345400000.0,1532700000.0,1843000000.0,1843000000.0,0.0,-0.022,-0.036,0.002,0.016,34200000.0,157800000.0,1.0,109004794.0,83100000,83100000.0,22.178,14625900000.0,0.0,109200000.0,0.0,176.004,853500000.0
14,VALPQ,MRT,2017-09-30,2017-09-30,2017-09-30,2021-06-25,28600000.0,13682900000.0,13938400000.0,2461500000.0,11221400000.0,0.136,108.436,-540800000.0,724400000.0,724400000.0,1144200000.0,-56600000.0,5.037,0.676,4747700000.0,0.0,4747700000.0,4747700000.0,0.0,239600000.0,0.0,0.007,0.16,236400000.0,476000000.0,0.251,476000000.0,236400000.0,13100000.0,-1.0,-1.0,-1.0,8165200000.0,8205400000.0,8165200000.0,6389227326.0,27.0,13.423,-238600000.0,-3.169,1.0,749200000.0,0.396,0.0,223300000.0,17217500000.0,17686600000.0,0.0,1069800000.0,1069800000.0,0.0,5515600000.0,488700000.0,5026900000.0,1814127326.0,259000000.0,9800000.0,0.0,282100000.0,-12500000.0,260300000.0,-304000000.0,232100000.0,302200000.0,-100000.0,-57600000.0,-57800000.0,-57800000.0,-9500000.0,1000000.0,-0.031,547100000.0,202100000.0,187900000.0,-0.16,0.222,-31.386,-23.88,11096400000.0,200000.0,23.88,0.958,0.95,349000000.0,1744200000.0,1893400000.0,1893400000.0,0.0,-0.004,-0.007,0.013,0.125,42200000.0,111600000.0,1.0,75968481.0,75300000,75300000.0,25.145,13682900000.0,0.0,70700000.0,0.0,181.712,1972800000.0
15,VALPQ,MRT,2017-06-30,2017-06-30,2017-06-30,2021-06-25,26900000.0,13723900000.0,13918250000.0,2531800000.0,11192100000.0,0.142,108.802,-445400000.0,169600000.0,169600000.0,1156500000.0,58900000.0,5.033,0.676,4744700000.0,0.0,4744700000.0,4744700000.0,0.0,260000000.0,0.0,0.008,0.16,325500000.0,585500000.0,0.295,585500000.0,325500000.0,96900000.0,0.44,0.44,0.44,8184600000.0,8157275000.0,8184600000.0,6237860970.0,19.0,10.654,-37700000.0,-0.501,1.0,824900000.0,0.416,0.0,228600000.0,17796000000.0,17694550000.0,0.0,1680400000.0,1680400000.0,0.0,5533600000.0,503000000.0,5030600000.0,1566060970.0,-620700000.0,9800000.0,0.0,104500000.0,-12300000.0,83400000.0,-1111900000.0,-670400000.0,407700000.0,-400000.0,53100000.0,52900000.0,52900000.0,-9000000.0,5800000.0,0.027,543200000.0,281700000.0,188000000.0,0.364,0.191,29.604,46.909,11059000000.0,200000.0,20.64,0.79,0.784,366400000.0,1772800000.0,1981400000.0,1981400000.0,0.0,0.004,0.006,0.018,0.164,41900000.0,106500000.0,1.0,75875047.0,75225000,75225000.0,26.34,13723900000.0,0.0,43800000.0,0.0,182.438,2028800000.0
16,VALPQ,MRT,2017-03-31,2017-03-31,2017-03-31,2021-06-25,23500000.0,13972300000.0,13928525000.0,2713600000.0,11258700000.0,0.175,109.397,-446700000.0,271700000.0,271700000.0,1215400000.0,695800000.0,4.969,0.699,4943500000.0,37600000.0,4905900000.0,4943500000.0,0.0,282500000.0,0.0,0.004,0.16,972700000.0,1255200000.0,0.516,1255200000.0,972700000.0,750400000.0,9.2,9.2,9.2,8221200000.0,8081100000.0,8221200000.0,6826244225.0,7.0,5.438,502200000.0,6.683,1.0,1218100000.0,0.501,0.0,222300000.0,18098000000.0,17562925000.0,0.0,1805600000.0,1805600000.0,0.0,5746500000.0,546100000.0,5200400000.0,2711444225.0,-812300000.0,9800000.0,585500000.0,-374400000.0,-12400000.0,185200000.0,-1947400000.0,-1510600000.0,948900000.0,-1200000.0,689200000.0,689100000.0,689100000.0,-8400000.0,6600000.0,0.283,544600000.0,673500000.0,165300000.0,0.017,0.33,3.935,3.891,11120700000.0,100000.0,35.8,1.114,1.106,324100000.0,1821400000.0,2433500000.0,2433500000.0,0.0,0.049,0.085,0.055,0.4,44000000.0,103400000.0,1.0,75738666.0,75150000,75150000.0,32.382,13972300000.0,0.0,61200000.0,0.0,185.925,2167500000.0
17,VALPQ,MRT,2016-12-31,2016-12-31,2016-12-31,2021-06-25,19000000.0,14374500000.0,13837950000.0,3279300000.0,11095200000.0,0.201,118.246,-322200000.0,1159700000.0,1159700000.0,1301000000.0,897100000.0,3.838,0.742,5274500000.0,331900000.0,4942600000.0,5274500000.0,0.0,305600000.0,0.0,0.004,0.16,1227500000.0,1533100000.0,0.552,1533100000.0,1227500000.0,998700000.0,12.52,12.52,12.52,8250600000.0,7700975000.0,8250600000.0,7182822312.0,6.0,4.685,755200000.0,10.823,1.0,1475400000.0,0.531,0.0,228800000.0,17634900000.0,17258325000.0,0.0,1442600000.0,1442600000.0,0.0,6119500000.0,854400000.0,5265100000.0,2945622312.0,1038400000.0,9800000.0,585500000.0,-37800000.0,-11600000.0,529000000.0,-575000000.0,-262600000.0,1077400000.0,-1400000.0,890200000.0,890200000.0,890200000.0,-8100000.0,6900000.0,0.321,546100000.0,929300000.0,145900000.0,0.013,0.357,3.309,3.105,10919300000.0,0.0,38.88,1.061,0.977,361000000.0,1864100000.0,2776400000.0,2776400000.0,0.0,0.064,0.116,0.071,0.442,39600000.0,100800000.0,1.0,75761891.0,69775000,69775000.0,39.791,14374500000.0,0.0,108500000.0,0.0,206.012,2424900000.0
18,VALPQ,MRT,2016-09-30,2016-09-30,2016-09-30,2021-06-25,21500000.0,13602300000.0,13646950000.0,2465700000.0,11136600000.0,0.227,106.801,-429200000.0,465400000.0,465400000.0,1427200000.0,-1613700000.0,4.178,0.705,4702600000.0,25600000.0,4677000000.0,4702600000.0,0.0,319800000.0,0.0,0.021,0.72,-1468900000.0,-1149100000.0,-0.371,-1149100000.0,-1468900000.0,-1698800000.0,-30.2,-30.2,-30.2,7972700000.0,7266550000.0,7972700000.0,6676668724.0,-5.0,-5.81,1001600000.0,13.417,1.0,1672900000.0,0.54,0.0,229900000.0,17249300000.0,17495175000.0,0.0,1302000000.0,1302000000.0,0.0,5621300000.0,590200000.0,5031100000.0,2561368724.0,225000000.0,1600000.0,585500000.0,-862400000.0,-43800000.0,-330600000.0,-873000000.0,-452000000.0,1430800000.0,-900000.0,-1620600000.0,-1620600000.0,-1620600000.0,96800000.0,6900000.0,-0.523,3335100000.0,-1662200000.0,156500000.0,-0.024,0.321,-1.581,-1.126,10959700000.0,0.0,34.0,0.826,0.819,352100000.0,1828200000.0,3100100000.0,3100100000.0,0.0,-0.119,-0.223,-0.084,-0.474,35000000.0,106300000.0,1.0,75334374.0,74650000,74650000.0,41.528,13602300000.0,0.0,-78200000.0,0.0,182.214,1875500000.0
19,VALPQ,MRT,2016-06-30,2016-06-30,2016-06-30,2021-06-25,19800000.0,13765000000.0,14356575000.0,2554700000.0,11210300000.0,0.248,110.751,-915000000.0,790300000.0,790300000.0,1562600000.0,-1407200000.0,4.183,0.746,4905600000.0,0.0,4905600000.0,4905600000.0,0.0,355600000.0,0.0,0.033,1.28,-1223600000.0,-868000000.0,-0.244,-868000000.0,-1223600000.0,-1455400000.0,-26.36,-26.36,-26.36,7879900000.0,7526150000.0,7879900000.0,7702741083.0,-6.0,-8.874,696300000.0,9.786,1.0,2001500000.0,0.562,0.0,231800000.0,17269500000.0,18438975000.0,0.0,1010000000.0,1010000000.0,0.0,5878100000.0,610800000.0,5267300000.0,2925741083.0,142000000.0,1600000.0,585500000.0,-699300000.0,-76200000.0,-201100000.0,-1266300000.0,-360000000.0,1611300000.0,-900000.0,-1413900000.0,-1413900000.0,-1413900000.0,119400000.0,6700000.0,-0.397,3376400000.0,-1374900000.0,152300000.0,-0.049,0.371,-2.069,-1.473,11021200000.0,0.0,38.84,0.821,0.775,408000000.0,1746000000.0,3564100000.0,3564100000.0,0.0,-0.098,-0.188,-0.066,-0.343,35800000.0,109400000.0,1.0,75328040.0,71150000,71150000.0,50.093,13765000000.0,0.0,-41500000.0,0.0,193.465,1943900000.0
20,VALPQ,MRT,2016-03-31,2016-03-31,2016-03-31,2021-06-25,21800000.0,13610000000.0,14999850000.0,2322800000.0,11287200000.0,0.248,115.281,-1380500000.0,1084000000.0,1084000000.0,1715000000.0,-1737100000.0,1.541,1.03,5861000000.0,870000000.0,4991000000.0,5861000000.0,0.0,383700000.0,0.0,0.044,1.84,-1535400000.0,-1151700000.0,-0.31,-1151700000.0,-1535400000.0,-1764400000.0,-30.08,-30.08,-30.08,6700700000.0,7743825000.0,6700700000.0,8213593433.0,-5.0,-7.132,91500000.0,1.574,1.0,1998500000.0,0.538,0.0,229000000.0,16879600000.0,19224375000.0,0.0,295000000.0,295000000.0,0.0,6903600000.0,1507400000.0,5396200000.0,2439793433.0,196200000.0,1600000.0,0.0,-217700000.0,-108400000.0,-342900000.0,-929300000.0,450300000.0,1472000000.0,-500000.0,-1744200000.0,-1744200000.0,-1744200000.0,129300000.0,7100000.0,-0.47,3406800000.0,-1408300000.0,213000000.0,-0.061,0.364,-1.399,-1.379,11097100000.0,0.0,41.48,0.657,0.649,574000000.0,1158500000.0,3713500000.0,3713500000.0,0.0,-0.116,-0.225,-0.08,-0.413,37600000.0,111700000.0,1.0,58818550.0,58125000,58125000.0,63.888,13610000000.0,0.0,-20200000.0,0.0,234.151,815400000.0
21,VALPQ,MRT,2015-12-31,2015-12-31,2015-12-31,2021-06-25,12500000.0,13610500000.0,15683900000.0,2285100000.0,11325400000.0,0.259,112.195,-1619500000.0,121300000.0,121300000.0,1869600000.0,-1585900000.0,2.947,1.089,5868600000.0,0.0,5868600000.0,5868600000.0,0.0,407500000.0,0.0,0.039,2.4,-1392400000.0,-984900000.0,-0.242,-984900000.0,-1392400000.0,-1608700000.0,-27.52,-27.52,-27.52,6512900000.0,8194775000.0,6512900000.0,9286861820.0,-7.0,-9.429,78400000.0,1.351,1.0,2193800000.0,0.54,0.0,216300000.0,18582300000.0,20049350000.0,0.0,1180000000.0,1180000000.0,0.0,7093300000.0,775500000.0,6317800000.0,3623961820.0,-543500000.0,1600000.0,0.0,-24100000.0,-141200000.0,-191800000.0,-2040600000.0,-422700000.0,1697900000.0,-300000.0,-1594800000.0,-1594800000.0,-1594800000.0,128600000.0,8900000.0,-0.392,3437300000.0,-1243500000.0,224600000.0,-0.087,0.556,-2.272,-2.237,11087800000.0,0.0,61.56,0.892,0.879,582000000.0,985300000.0,4063400000.0,4063400000.0,0.0,-0.102,-0.195,-0.069,-0.343,40200000.0,118400000.0,1.0,58868776.0,58050000,58050000.0,69.998,13610500000.0,0.0,-13900000.0,0.0,234.462,1509600000.0
22,VALPQ,MRT,2015-09-30,2015-09-30,2015-09-30,2021-06-25,8500000.0,16440800000.0,16291475000.0,2412600000.0,14028200000.0,0.27,155.096,-1767400000.0,240400000.0,240400000.0,1968400000.0,-2564100000.0,3.004,0.823,5903300000.0,0.0,5903300000.0,5903300000.0,0.0,562200000.0,0.0,0.085,4.8,-2220800000.0,-1658600000.0,-0.377,-1658600000.0,-2220800000.0,-2432100000.0,-44.64,-44.64,-44.64,9011100000.0,8620300000.0,9011100000.0,8595756716.0,-4.0,-5.183,25300000.0,0.435,1.0,2426500000.0,0.552,276100000.0,211300000.0,21024500000.0,20383325000.0,0.0,850000000.0,850000000.0,0.0,7419000000.0,803100000.0,6615900000.0,3318356716.0,-933300000.0,169200000.0,0.0,-53300000.0,-282200000.0,-366100000.0,-2359900000.0,-804700000.0,1792700000.0,0.0,-2574800000.0,-2574800000.0,-2574800000.0,421600000.0,10700000.0,-0.586,4196300000.0,-1769800000.0,267900000.0,-0.108,0.368,-1.289,-1.262,13528900000.0,0.0,56.32,0.755,0.745,735600000.0,3492600000.0,4394900000.0,4394900000.0,0.0,-0.158,-0.299,-0.109,-0.505,43500000.0,116500000.0,1.0,58919686.0,58100000,58125000.0,75.644,16164700000.0,0.0,142700000.0,208000000.0,278.222,1609500000.0
23,VALPQ,MRT,2015-06-30,2015-06-30,2015-06-30,2021-06-25,14600000.0,16338100000.0,17124400000.0,2640600000.0,13697500000.0,0.268,150.807,-1850900000.0,648300000.0,648300000.0,2035100000.0,-2425000000.0,2.845,0.866,5925700000.0,14400000.0,5911300000.0,5925700000.0,0.0,552200000.0,0.0,0.081,7.2,-2059300000.0,-1507100000.0,-0.329,-1507100000.0,-2059300000.0,-2253300000.0,-42.28,-42.28,-42.28,8750600000.0,9326625000.0,8750600000.0,10460661706.0,-5.0,-6.941,168600000.0,2.906,1.0,2549000000.0,0.556,276100000.0,194000000.0,20411100000.0,20164950000.0,0.0,650000000.0,650000000.0,0.0,7576200000.0,928300000.0,6647900000.0,5217661706.0,503300000.0,169200000.0,0.0,1200400000.0,-422300000.0,733600000.0,-2249800000.0,-616700000.0,2019500000.0,0.0,-2437400000.0,-2437400000.0,-2437400000.0,389100000.0,12400000.0,-0.532,4184800000.0,-1635800000.0,318900000.0,-0.17,0.596,-2.141,-2.107,13169900000.0,0.0,89.08,1.138,1.128,714400000.0,3236000000.0,4584100000.0,4584100000.0,0.0,-0.142,-0.261,-0.102,-0.449,43900000.0,117400000.0,1.0,58572763.0,58025000,58050000.0,79.002,16062000000.0,0.0,184100000.0,210000000.0,276.812,1712300000.0
24,VALPQ,MRT,2015-03-31,2015-03-31,2015-03-31,2021-06-25,2100000.0,16346200000.0,17607675000.0,3053800000.0,13292400000.0,0.265,146.693,-1691200000.0,887800000.0,887800000.0,2075000000.0,-3857300000.0,2.694,0.921,6130800000.0,211500000.0,5919300000.0,6130800000.0,0.0,543900000.0,0.0,0.114,9.6,-3522500000.0,-2978600000.0,-0.639,-2978600000.0,-3522500000.0,-3701700000.0,-67.0,-67.0,-67.0,8504500000.0,10034625000.0,8504500000.0,10189615081.0,-3.0,-3.421,405300000.0,6.991,1.0,2586700000.0,0.555,276100000.0,179200000.0,20179500000.0,19684375000.0,0.0,745300000.0,745300000.0,0.0,7831100000.0,1133600000.0,6697500000.0,4934015081.0,765300000.0,169200000.0,0.0,1387000000.0,-562500000.0,779900000.0,-2111100000.0,-695300000.0,2096500000.0,0.0,-3870400000.0,-3870400000.0,-3870400000.0,1197400000.0,13100000.0,-0.83,4886500000.0,-2299800000.0,296500000.0,-0.143,0.58,-1.275,-1.258,12725300000.0,0.0,84.28,1.058,1.048,795400000.0,3011000000.0,4661700000.0,4661700000.0,0.0,-0.22,-0.386,-0.179,-0.756,42700000.0,123900000.0,1.0,58543131.0,57975000,57975000.0,80.409,16070100000.0,0.0,168700000.0,182100000.0,277.19,1920200000.0
25,VALPQ,MRT,2014-12-31,2014-12-31,2014-12-31,2021-06-25,11900000.0,16040800000.0,18401425000.0,2891000000.0,13149800000.0,0.248,141.883,-1566700000.0,664800000.0,664800000.0,2076900000.0,-3888500000.0,2.623,0.952,5920400000.0,34800000.0,5885600000.0,5920400000.0,0.0,537900000.0,0.0,0.1,12.0,-3600700000.0,-3062800000.0,-0.671,-3062800000.0,-3600700000.0,-3762100000.0,-67.52,-67.52,-67.52,8215000000.0,11138900000.0,8215000000.0,11800032132.0,-3.0,-3.853,487400000.0,8.418,1.0,2487600000.0,0.545,276100000.0,161400000.0,19918200000.0,19620250000.0,0.0,757300000.0,757300000.0,0.0,7817900000.0,1102100000.0,6715800000.0,7016032132.0,499200000.0,169200000.0,0.0,1186300000.0,-703000000.0,442700000.0,-1997600000.0,-707300000.0,2054100000.0,0.0,-3902600000.0,-3902600000.0,-3902600000.0,1199200000.0,14100000.0,-0.855,4888500000.0,-2400900000.0,373200000.0,-0.178,0.854,-1.798,-1.774,12534800000.0,0.0,119.8,1.537,1.52,883300000.0,2720400000.0,4564500000.0,4564500000.0,0.0,-0.212,-0.35,-0.184,-0.789,45100000.0,131900000.0,1.0,58564542.0,57900000,57900000.0,78.834,15764700000.0,0.0,140500000.0,162900000.0,272.275,1788900000.0
26,VALPQ,MRT,2014-09-30,2014-09-30,2014-09-30,2021-06-25,16300000.0,19772500000.0,19259450000.0,3030400000.0,16742100000.0,0.223,204.252,-1735000000.0,1173700000.0,1173700000.0,1887700000.0,-76000000.0,2.678,0.669,5957700000.0,53800000.0,5903900000.0,5957700000.0,0.0,502200000.0,0.0,0.073,12.0,259000000.0,761200000.0,0.178,761200000.0,259000000.0,114800000.0,-1.76,-1.8,-1.76,11836400000.0,12283050000.0,11836400000.0,14260881656.0,55.0,18.735,336200000.0,5.802,1.0,2398000000.0,0.56,3274000000.0,144200000.0,20151000000.0,19578800000.0,0.0,0.0,0.0,0.0,7923500000.0,1131500000.0,6792000000.0,9679281656.0,848300000.0,6000000.0,300000.0,1198900000.0,-702100000.0,462700000.0,-1686400000.0,-45300000.0,2071200000.0,800000.0,-89400000.0,-89400000.0,-89400000.0,819200000.0,13400000.0,-0.021,1323400000.0,1074600000.0,423800000.0,-6.818,0.818,-108.269,-93.886,13127600000.0,0.0,165.24,2.259,2.234,869800000.0,6348400000.0,4285700000.0,4285700000.0,0.0,-0.005,-0.007,0.013,0.06,47700000.0,138800000.0,1.0,58577110.0,57950000,58000000.0,73.955,16498500000.0,0.0,204200000.0,258600000.0,284.702,1898900000.0
27,VALPQ,MRT,2014-06-30,2014-06-30,2014-06-30,2021-06-25,26700000.0,18271200000.0,19102050000.0,1775800000.0,16495400000.0,0.222,200.131,-1801800000.0,145000000.0,145000000.0,1921800000.0,-127500000.0,1.629,0.577,4726600000.0,47500000.0,4679100000.0,4726600000.0,0.0,499600000.0,0.0,0.049,11.0,201400000.0,701000000.0,0.165,701000000.0,201400000.0,55000000.0,-2.6,-2.64,-2.6,11582600000.0,12472225000.0,11582600000.0,17613318846.0,87.0,25.126,316200000.0,5.463,1.0,2324700000.0,0.547,3274000000.0,146400000.0,18488800000.0,19389575000.0,0.0,0.0,0.0,0.0,6678400000.0,1090000000.0,5588400000.0,12984618846.0,-344800000.0,6000000.0,300000.0,-47500000.0,-643500000.0,-716600000.0,-1747200000.0,-33300000.0,2118000000.0,1000000.0,-140000000.0,-140000000.0,-140000000.0,837900000.0,12500000.0,-0.033,1328900000.0,995800000.0,494300000.0,-4.231,1.121,-92.747,-85.492,12881200000.0,0.0,222.28,3.058,3.029,843600000.0,6095400000.0,4246500000.0,4246500000.0,0.0,-0.007,-0.011,0.01,0.047,48400000.0,146900000.0,1.0,58415597.0,57875000,57875000.0,73.374,14997200000.0,0.0,195000000.0,317000000.0,259.131,685800000.0
28,VALPQ,MRT,2014-03-31,2014-03-31,2014-03-31,2021-06-25,23600000.0,19521200000.0,19235900000.0,1472400000.0,18048800000.0,0.22,223.46,-1867800000.0,122500000.0,122500000.0,1906500000.0,1404700000.0,1.545,0.51,4751200000.0,47500000.0,4703700000.0,4751200000.0,0.0,478300000.0,0.0,0.047,10.0,1748700000.0,2227000000.0,0.525,2227000000.0,1748700000.0,1594500000.0,23.88,23.84,23.88,12921600000.0,12654100000.0,12921600000.0,16928537882.0,10.0,7.601,187000000.0,3.234,1.0,2333700000.0,0.55,3274000000.0,154200000.0,19923000000.0,19514300000.0,0.0,0.0,0.0,0.0,6590400000.0,952900000.0,5637500000.0,12327737882.0,-439300000.0,6000000.0,8900000.0,-47500000.0,-584800000.0,-650400000.0,-1843600000.0,0.0,2054800000.0,-100000.0,1393600000.0,1393600000.0,1393600000.0,3300000.0,11100000.0,0.329,625400000.0,1708300000.0,411900000.0,0.419,0.954,8.846,8.841,14418300000.0,0.0,211.12,2.907,2.879,779600000.0,7444100000.0,4240200000.0,4240200000.0,0.0,0.072,0.11,0.09,0.412,49400000.0,147100000.0,1.0,58392089.0,57825000,57850000.0,73.328,16247200000.0,0.0,200900000.0,364700000.0,280.972,519500000.0
29,VALPQ,MRT,2013-12-31,2013-12-31,2013-12-31,2021-06-25,18200000.0,19472900000.0,19003725000.0,1535200000.0,17937700000.0,0.228,221.595,-1763500000.0,165600000.0,165600000.0,1947100000.0,1427900000.0,1.466,0.522,4766400000.0,47500000.0,4718900000.0,4766400000.0,0.0,496200000.0,0.0,0.039,9.0,1780100000.0,2276300000.0,0.527,2276300000.0,1780100000.0,1621300000.0,24.32,24.28,24.32,12791600000.0,12439225000.0,12791600000.0,17819501018.0,10.0,7.828,217000000.0,3.759,1.0,2376300000.0,0.55,3274000000.0,158800000.0,19752400000.0,19219075000.0,0.0,50000000.0,50000000.0,0.0,6674000000.0,1047300000.0,5626700000.0,13353801018.0,-321500000.0,6000000.0,22300000.0,-47500000.0,-525600000.0,-577100000.0,-1724700000.0,0.0,1980500000.0,-200000.0,1418200000.0,1418200000.0,1418200000.0,2200000.0,9700000.0,0.328,643000000.0,1733300000.0,341100000.0,0.37,1.044,9.416,9.405,14311000000.0,0.0,228.72,3.089,3.054,855700000.0,7327300000.0,4323400000.0,4323400000.0,0.0,0.075,0.114,0.093,0.412,50300000.0,146800000.0,1.0,58384929.0,57725000,57775000.0,74.896,16198900000.0,0.0,203100000.0,362100000.0,280.622,487900000.0
30,VALPQ,MRT,2013-09-30,2013-09-30,2013-09-30,2021-06-25,17500000.0,19142900000.0,18776825000.0,1517100000.0,17625800000.0,0.206,217.968,-1403000000.0,325400000.0,325400000.0,1761600000.0,1285100000.0,1.613,0.519,4791100000.0,47500000.0,4743600000.0,4791100000.0,0.0,421600000.0,0.0,0.035,7.5,1695000000.0,2116600000.0,0.547,2116600000.0,1695000000.0,1543200000.0,21.92,21.88,21.92,12593100000.0,12202925000.0,12593100000.0,16868678834.0,10.0,7.97,629200000.0,10.891,1.0,2104400000.0,0.544,3274000000.0,151800000.0,19394100000.0,18946075000.0,0.0,0.0,0.0,0.0,6540300000.0,940500000.0,5599800000.0,12552278834.0,165600000.0,3200000.0,35700000.0,-47500000.0,-437400000.0,-472000000.0,-1393700000.0,0.0,2032200000.0,-900000.0,1276300000.0,1276300000.0,1276300000.0,-129800000.0,8800000.0,0.33,589300000.0,1515100000.0,374600000.0,0.342,0.997,9.835,9.808,13997400000.0,0.0,215.0,3.247,3.213,775500000.0,7141300000.0,3866000000.0,3866000000.0,0.0,0.068,0.105,0.089,0.438,50400000.0,146600000.0,1.0,58382692.0,57775000,57825000.0,66.915,15868900000.0,0.0,266900000.0,340800000.0,274.667,576600000.0
31,VALPQ,MRT,2013-06-30,2013-06-30,2013-06-30,2021-06-25,6400000.0,18806600000.0,18549675000.0,1783500000.0,17023100000.0,0.206,213.347,-1257500000.0,489800000.0,489800000.0,1734600000.0,1249100000.0,2.071,0.527,4806200000.0,47500000.0,4758700000.0,4806200000.0,0.0,431400000.0,0.0,0.03,7.0,1631800000.0,2063200000.0,0.539,2063200000.0,1631800000.0,1489400000.0,21.36,21.32,21.36,12310100000.0,11976425000.0,12310100000.0,17806178584.0,11.0,8.63,702900000.0,12.182,1.0,2092700000.0,0.547,3274000000.0,142400000.0,18987700000.0,18786550000.0,0.0,0.0,0.0,0.0,6488800000.0,861300000.0,5627500000.0,13537178584.0,263100000.0,3200000.0,43400000.0,-69600000.0,-407600000.0,-454000000.0,-1243100000.0,0.0,1960400000.0,-200000.0,1241000000.0,1241000000.0,1241000000.0,-123500000.0,8100000.0,0.324,601900000.0,1490800000.0,300900000.0,0.328,1.1,10.908,10.884,13390500000.0,0.0,232.48,3.537,3.505,902100000.0,6879400000.0,3827300000.0,3827300000.0,0.0,0.067,0.104,0.087,0.426,55700000.0,149400000.0,1.0,58229433.0,57700000,57750000.0,66.331,15532600000.0,0.0,248400000.0,338500000.0,269.196,922200000.0
32,VALPQ,MRT,2013-03-31,2013-03-31,2013-03-31,2021-06-25,15000000.0,18592500000.0,18387575000.0,1784900000.0,16807600000.0,0.205,209.502,-1117400000.0,561800000.0,561800000.0,1701400000.0,1229200000.0,2.111,0.541,4830800000.0,47500000.0,4783300000.0,4830800000.0,0.0,456800000.0,0.0,0.027,6.5,1592900000.0,2049700000.0,0.544,2049700000.0,1592900000.0,1464700000.0,21.04,21.0,21.04,12062100000.0,11751025000.0,12062100000.0,18321359200.0,12.0,8.939,864700000.0,15.019,1.0,2066700000.0,0.548,3274000000.0,128200000.0,18742100000.0,18643075000.0,0.0,0.0,0.0,0.0,6523900000.0,845400000.0,5678500000.0,13962559200.0,352900000.0,3200000.0,37300000.0,-247500000.0,-377800000.0,-540600000.0,-1090100000.0,-45500000.0,1982100000.0,1500000.0,1221400000.0,1221400000.0,1221400000.0,-112800000.0,7800000.0,0.324,605300000.0,1461400000.0,308900000.0,0.309,1.158,11.432,11.407,13155200000.0,0.0,240.0,3.705,3.667,809100000.0,6635300000.0,3768100000.0,3768100000.0,0.0,0.066,0.104,0.085,0.423,54300000.0,148500000.0,1.0,58177330.0,57575000,57650000.0,65.447,15318500000.0,0.0,243300000.0,346800000.0,266.062,939500000.0
33,VALPQ,MRT,2012-12-31,2012-12-31,2012-12-31,2021-06-25,20100000.0,18565300000.0,18226450000.0,1723900000.0,16841400000.0,0.2,206.563,-1713200000.0,487100000.0,487100000.0,1642800000.0,1176700000.0,1.742,0.567,4845900000.0,47500000.0,4798400000.0,4845900000.0,0.0,443800000.0,0.0,0.025,6.0,1521900000.0,1965700000.0,0.54,1965700000.0,1521900000.0,1398300000.0,20.2,20.16,20.2,11846400000.0,11505700000.0,11846400000.0,18477538698.0,12.0,9.4,473900000.0,8.263,1.0,1996000000.0,0.549,3274000000.0,123600000.0,18660400000.0,18544350000.0,0.0,0.0,0.0,0.0,6713200000.0,989700000.0,5723500000.0,13766938698.0,56400000.0,3200000.0,35800000.0,-172500000.0,-348100000.0,-435500000.0,-1697200000.0,-45500000.0,2187100000.0,2000000.0,1169700000.0,1169700000.0,1169700000.0,-100600000.0,7000000.0,0.321,592700000.0,1403300000.0,357800000.0,0.297,1.162,11.77,11.739,13145600000.0,0.0,237.12,3.783,3.737,811400000.0,6434700000.0,3638800000.0,3638800000.0,0.0,0.064,0.102,0.082,0.418,53200000.0,148900000.0,1.0,58058952.0,57350000,57425000.0,63.449,15291300000.0,0.0,228600000.0,351700000.0,266.631,734200000.0
34,VALPQ,MRT,2012-09-30,2012-09-30,2012-09-30,2021-06-25,16100000.0,18234300000.0,18059825000.0,1410600000.0,16823700000.0,0.231,203.608,-1814400000.0,159800000.0,159800000.0,1997200000.0,1185900000.0,1.542,0.56,4870400000.0,47500000.0,4822900000.0,4870400000.0,0.0,544800000.0,0.0,0.027,5.9,1474900000.0,2019700000.0,0.484,2019700000.0,1474900000.0,1338100000.0,21.04,21.04,21.04,11687100000.0,11263925000.0,11687100000.0,17338218648.0,12.0,8.585,103300000.0,1.8,1.0,2174400000.0,0.521,3274000000.0,136800000.0,18756000000.0,18357150000.0,0.0,0.0,0.0,0.0,6540400000.0,914900000.0,5625500000.0,12657418648.0,-320100000.0,0.0,62000000.0,-222500000.0,-341800000.0,-480000000.0,-1759600000.0,0.0,1917700000.0,1800000.0,1179600000.0,1179600000.0,1179600000.0,25600000.0,6300000.0,0.283,699000000.0,1475400000.0,346700000.0,0.28,1.083,10.73,10.373,13120000000.0,0.0,218.24,3.034,3.003,853200000.0,6302300000.0,4171600000.0,4171600000.0,0.0,0.065,0.105,0.08,0.354,54700000.0,154200000.0,1.0,57997703.0,57400000,57475000.0,72.676,14960300000.0,0.0,158500000.0,327000000.0,260.632,495700000.0
35,VALPQ,MRT,2012-06-30,2012-06-30,2012-06-30,2021-06-25,12400000.0,18158200000.0,17913800000.0,1460500000.0,16697700000.0,0.221,199.101,-1510500000.0,226700000.0,226700000.0,1967400000.0,1046600000.0,1.269,0.591,4907500000.0,69500000.0,4838000000.0,4907500000.0,0.0,538200000.0,0.0,0.031,5.8,1330900000.0,1869100000.0,0.472,1869100000.0,1330900000.0,1194100000.0,18.68,18.64,18.68,11408500000.0,11019925000.0,11408500000.0,15766807065.0,12.0,8.436,56500000.0,0.986,1.0,1996300000.0,0.504,3274000000.0,136800000.0,18413800000.0,18104050000.0,0.0,0.0,0.0,0.0,6742800000.0,1151200000.0,5591600000.0,10865607065.0,-327300000.0,0.0,54300000.0,-115200000.0,-335400000.0,-435300000.0,-1459300000.0,0.0,1567000000.0,300000.0,1040600000.0,1040600000.0,1040600000.0,9800000.0,6000000.0,0.263,693000000.0,1303300000.0,541900000.0,0.31,0.952,10.442,10.058,12984000000.0,0.0,187.88,2.741,2.716,856300000.0,6045900000.0,3963700000.0,3963700000.0,0.0,0.058,0.094,0.074,0.336,49100000.0,154800000.0,1.0,57832697.0,57300000,57350000.0,69.175,14884200000.0,0.0,153500000.0,334300000.0,259.759,309300000.0
36,VALPQ,MRT,2012-03-31,2012-03-31,2012-03-31,2021-06-25,12900000.0,17948000000.0,17752100000.0,1297000000.0,16651000000.0,0.195,193.72,-1362100000.0,208900000.0,208900000.0,1759700000.0,807500000.0,1.047,0.619,5110100000.0,247500000.0,4862600000.0,5110100000.0,0.0,485400000.0,0.0,0.027,5.7,1063000000.0,1548400000.0,0.448,1548400000.0,1063000000.0,936600000.0,15.16,15.12,15.16,11080800000.0,10810725000.0,11080800000.0,16848837967.0,16.0,10.881,-207800000.0,-3.633,1.0,1697100000.0,0.491,3263000000.0,126400000.0,18347200000.0,17881225000.0,0.0,0.0,0.0,0.0,6860400000.0,1239000000.0,5621400000.0,12229437967.0,-3223200000.0,-2656000000.0,51800000.0,-20400000.0,-328900000.0,-393100000.0,-3984000000.0,-4500000.0,1154300000.0,-400000.0,801200000.0,801200000.0,801200000.0,15300000.0,6300000.0,0.232,652100000.0,1045000000.0,553500000.0,0.376,1.104,15.264,13.966,12889900000.0,0.0,211.72,3.538,3.503,760400000.0,5791700000.0,3456800000.0,3456800000.0,0.0,0.045,0.074,0.059,0.308,47900000.0,166700000.0,1.0,57762318.0,57200000,57300000.0,60.434,14685000000.0,0.0,135400000.0,341400000.0,256.731,58000000.0
37,VALPQ,MRT,2011-12-31,2011-12-31,2011-12-31,2021-06-25,8600000.0,17898800000.0,15681375000.0,1681300000.0,16217500000.0,0.178,226.416,-729000000.0,430700000.0,430700000.0,1449100000.0,605600000.0,1.262,0.645,5050100000.0,172500000.0,4877600000.0,5050100000.0,0.0,408900000.0,0.0,0.03,5.6,811700000.0,1220600000.0,0.436,1220600000.0,811700000.0,715800000.0,12.36,12.32,12.36,10879300000.0,9537200000.0,10879300000.0,15465555511.0,19.0,12.67,3200000.0,0.067,1.0,1348600000.0,0.482,3274000000.0,95900000.0,17911600000.0,14715575000.0,0.0,0.0,0.0,0.0,7014300000.0,1332600000.0,5681700000.0,10820855511.0,-620000000.0,-2656000000.0,39900000.0,2374500000.0,-292300000.0,2004100000.0,-3355500000.0,-4500000.0,732200000.0,-800000.0,600400000.0,600400000.0,600400000.0,2200000.0,5200000.0,0.215,567500000.0,781100000.0,644400000.0,0.453,0.995,18.023,15.184,12421900000.0,0.0,187.68,3.868,3.223,851700000.0,5613100000.0,2797700000.0,2797700000.0,0.0,0.038,0.063,0.055,0.29,47700000.0,158600000.0,1.0,57655880.0,48050000,48150000.0,58.225,14624800000.0,0.0,115400000.0,339500000.0,304.366,348700000.0
38,VALPQ,MRT,2011-09-30,2011-09-30,2011-09-30,2021-06-25,12500000.0,17650200000.0,12969550000.0,1514400000.0,16135800000.0,0.172,187.832,-636200000.0,479900000.0,479900000.0,1114700000.0,509500000.0,1.207,0.647,5124600000.0,222500000.0,4902100000.0,5124600000.0,0.0,305100000.0,0.0,0.035,5.6,655700000.0,960800000.0,0.431,960800000.0,655700000.0,601200000.0,11.44,11.4,11.44,10711100000.0,8307250000.0,10711100000.0,13819650386.0,21.0,14.383,84200000.0,1.477,1.0,1112500000.0,0.5,3296100000.0,54500000.0,17743600000.0,11630900000.0,0.0,0.0,0.0,0.0,6934100000.0,1255200000.0,5678900000.0,9318850386.0,-425300000.0,-2788400000.0,1400000.0,2432500000.0,-261500000.0,2079500000.0,-3224500000.0,0.0,720400000.0,-700000.0,503900000.0,503900000.0,503900000.0,4700000.0,5600000.0,0.226,471200000.0,641300000.0,551700000.0,0.49,0.87,18.493,14.136,12311700000.0,0.0,161.72,4.184,4.141,654900000.0,5464600000.0,2227200000.0,2227200000.0,0.0,0.039,0.061,0.056,0.294,44900000.0,141200000.0,1.0,57623364.0,57025000,57150000.0,39.057,14354100000.0,0.0,97300000.0,355000000.0,251.716,259200000.0
39,VALPQ,MRT,2011-06-30,2011-06-30,2011-06-30,2021-06-25,14800000.0,17511400000.0,10334525000.0,1566300000.0,15945100000.0,0.168,249.039,-804300000.0,554000000.0,554000000.0,831300000.0,435500000.0,1.311,0.656,5054800000.0,137400000.0,4917400000.0,5054800000.0,0.0,233800000.0,0.0,0.026,5.6,535700000.0,769500000.0,0.442,769500000.0,535700000.0,512000000.0,11.52,11.52,11.52,10571700000.0,7095875000.0,10571700000.0,6932939680.0,13.0,9.01,-191100000.0,-4.502,1.0,908600000.0,0.522,3295000000.0,23700000.0,17522500000.0,8609150000.0,0.0,0.0,0.0,0.0,6933100000.0,1194700000.0,5738400000.0,7644839680.0,-683100000.0,-2788400000.0,1400000.0,2354500000.0,-230800000.0,2097300000.0,-3393900000.0,0.0,613200000.0,300000.0,429900000.0,429900000.0,429900000.0,6600000.0,5600000.0,0.247,370800000.0,537800000.0,553100000.0,0.486,0.723,17.783,18.507,12108800000.0,0.0,213.2,4.394,5.202,682900000.0,5340800000.0,1739900000.0,1739900000.0,0.0,0.042,0.061,0.062,0.308,44300000.0,121000000.0,1.0,35857597.0,42450000,42550000.0,40.987,14216400000.0,0.0,82100000.0,364100000.0,334.898,371600000.0
40,VALPQ,MRT,2011-03-31,2011-03-31,2011-03-31,2021-06-25,13200000.0,9665100000.0,7686925000.0,3885200000.0,5779900000.0,0.206,169.595,-838800000.0,3432100000.0,3432100000.0,751000000.0,459800000.0,1.325,0.614,2720200000.0,2480100000.0,240100000.0,2720200000.0,0.0,207400000.0,0.0,0.024,5.6,537600000.0,745000000.0,0.469,745000000.0,537600000.0,533500000.0,12.72,12.72,12.72,5986700000.0,5894850000.0,5986700000.0,7500703071.0,14.0,10.068,-61400000.0,-1.739,1.0,836100000.0,0.527,336200000.0,4100000.0,5684600000.0,5527800000.0,0.0,0.0,0.0,0.0,3673200000.0,2932400000.0,740800000.0,8294103071.0,2202700000.0,-94700000.0,1400000.0,2445600000.0,-200400000.0,2198800000.0,-773600000.0,0.0,777400000.0,100000.0,454300000.0,454300000.0,454300000.0,600000.0,5500000.0,0.286,313800000.0,522300000.0,296400000.0,0.44,1.385,18.257,18.189,5259100000.0,0.0,231.36,5.226,5.146,269300000.0,5319400000.0,1587100000.0,1587100000.0,0.0,0.059,0.077,0.097,0.339,45300000.0,95600000.0,1.0,35849339.0,35300000,35350000.0,44.96,9328900000.0,0.0,79200000.0,350000000.0,264.275,952800000.0
41,VALPQ,MRT,2010-12-31,2010-12-31,2010-12-31,2021-06-25,11100000.0,7051500000.0,6966325000.0,1436700000.0,5614800000.0,0.24,169.064,-875300000.0,1050700000.0,1050700000.0,741800000.0,585900000.0,4.117,0.182,257300000.0,17200000.0,240100000.0,257300000.0,0.0,210400000.0,0.0,0.02,4.3,676700000.0,887100000.0,0.53,887100000.0,676700000.0,676700000.0,16.24,16.24,16.24,5959500000.0,5820950000.0,5959500000.0,6991674019.0,10.0,7.881,-57200000.0,-1.623,1.0,932400000.0,0.557,336200000.0,0.0,5572900000.0,5395375000.0,0.0,0.0,0.0,0.0,1086500000.0,349000000.0,737500000.0,7631074019.0,-90700000.0,0.0,1400000.0,-17200000.0,-153700000.0,-192600000.0,-715700000.0,0.0,818100000.0,-500000.0,579500000.0,579500000.0,579500000.0,-29000000.0,6400000.0,0.346,296500000.0,635900000.0,163500000.0,0.265,1.28,13.168,13.148,5049900000.0,0.0,213.52,4.558,4.496,214600000.0,5305000000.0,1674200000.0,1674200000.0,0.0,0.083,0.1,0.125,0.404,44500000.0,86100000.0,1.0,35739388.0,35250000,35250000.0,47.495,6715300000.0,0.0,97200000.0,358000000.0,190.505,1087700000.0
42,VALPQ,MRT,2010-09-30,2010-09-30,2010-09-30,2021-06-25,9600000.0,7110100000.0,6890250000.0,1525900000.0,5584200000.0,0.259,166.282,-913600000.0,905200000.0,905200000.0,758300000.0,661800000.0,3.193,0.211,265800000.0,17200000.0,248600000.0,265800000.0,0.0,212600000.0,0.0,0.017,3.0,789700000.0,1002300000.0,0.561,1002300000.0,789700000.0,789700000.0,18.36,18.4,18.36,5865600000.0,5705875000.0,5865600000.0,5423277451.0,7.0,5.411,-111500000.0,-3.161,1.0,1027800000.0,0.575,336200000.0,0.0,5656600000.0,5266925000.0,0.0,45000000.0,0.0,45000000.0,1237100000.0,477900000.0,759200000.0,6394577451.0,-112000000.0,141800000.0,15900000.0,-17200000.0,-107100000.0,-143900000.0,-769900000.0,0.0,802100000.0,-300000.0,655300000.0,655300000.0,655300000.0,-43600000.0,6500000.0,0.367,296400000.0,731400000.0,182200000.0,0.163,1.09,9.758,9.745,4986100000.0,0.0,178.92,3.58,3.534,414900000.0,5222200000.0,1786100000.0,1786100000.0,0.0,0.095,0.115,0.15,0.442,43900000.0,85600000.0,1.0,35739870.0,35275000,35300000.0,50.634,6773900000.0,0.0,134400000.0,376100000.0,192.031,1048000000.0
43,VALPQ,MRT,2010-06-30,2010-06-30,2010-06-30,2021-06-25,700000.0,6921000000.0,6726525000.0,1687600000.0,5233400000.0,0.26,163.736,-724700000.0,1237100000.0,1237100000.0,768500000.0,680500000.0,4.053,0.199,265800000.0,17200000.0,248600000.0,265800000.0,0.0,203800000.0,0.0,0.011,1.7,807800000.0,1011600000.0,0.577,1011600000.0,807800000.0,807800000.0,18.92,18.92,18.92,5767600000.0,5560525000.0,5767600000.0,4643179826.0,6.0,4.59,308500000.0,8.758,1.0,983200000.0,0.561,336200000.0,0.0,5197100000.0,5098225000.0,0.0,45200000.0,0.0,45200000.0,1147300000.0,416400000.0,730900000.0,5598179826.0,355100000.0,141800000.0,13600000.0,-17200000.0,-60700000.0,-96600000.0,-581200000.0,0.0,1033200000.0,-300000.0,674500000.0,674500000.0,674500000.0,-89300000.0,6000000.0,0.385,280800000.0,702400000.0,152500000.0,0.09,0.971,8.3,8.304,4604800000.0,0.0,157.12,3.196,3.16,302700000.0,5141700000.0,1751700000.0,1751700000.0,0.0,0.1,0.121,0.158,0.461,40900000.0,78600000.0,1.0,35629963.0,35225000,35225000.0,49.729,6584800000.0,0.0,133300000.0,365100000.0,186.935,1271200000.0
44,VALPQ,MRT,2010-03-31,2010-03-31,2010-03-31,2021-06-25,2500000.0,6782700000.0,6583525000.0,1700800000.0,5081900000.0,0.279,161.794,-840800000.0,1229400000.0,1229400000.0,733700000.0,754000000.0,5.053,0.19,274400000.0,17200000.0,257200000.0,274400000.0,0.0,199000000.0,0.0,0.002,0.4,908900000.0,1107900000.0,0.603,1107900000.0,908900000.0,908900000.0,21.0,21.0,21.0,5691100000.0,5399000000.0,5691100000.0,5515170268.0,6.0,4.978,230100000.0,6.542,1.0,1103900000.0,0.601,336200000.0,0.0,5154900000.0,5038625000.0,0.0,55400000.0,0.0,55400000.0,1082900000.0,336600000.0,746300000.0,6382170268.0,302100000.0,104100000.0,9600000.0,-17200000.0,-14200000.0,-34400000.0,-734700000.0,0.0,1070900000.0,300000.0,748500000.0,748500000.0,748500000.0,-63000000.0,5500000.0,0.407,268700000.0,835200000.0,97600000.0,0.019,1.121,8.527,8.53,4482600000.0,0.0,179.12,3.473,3.429,310600000.0,5065500000.0,1837600000.0,1837600000.0,0.0,0.114,0.139,0.18,0.495,39200000.0,72600000.0,1.0,35630696.0,35175000,35200000.0,52.242,6446500000.0,0.0,160400000.0,379000000.0,183.269,1364200000.0
45,VALPQ,MRT,2009-12-31,2009-12-31,2009-12-31,2021-06-25,5200000.0,6747200000.0,6409075000.0,1652800000.0,5094400000.0,0.295,156.672,-857200000.0,1141400000.0,1141400000.0,709000000.0,784500000.0,3.409,0.226,274400000.0,17200000.0,257200000.0,274400000.0,0.0,189500000.0,0.0,0.003,0.4,959400000.0,1148900000.0,0.608,1148900000.0,959400000.0,959400000.0,21.92,21.92,21.92,5499200000.0,5200200000.0,5499200000.0,4957520074.0,5.0,4.315,368600000.0,10.501,1.0,1179900000.0,0.625,336200000.0,0.0,5059100000.0,4918550000.0,0.0,60500000.0,0.0,60500000.0,1240100000.0,484900000.0,755200000.0,5691720074.0,351800000.0,14300000.0,9600000.0,-17200000.0,-14200000.0,-34200000.0,-840300000.0,0.0,1225800000.0,500000.0,779400000.0,779400000.0,779400000.0,-29300000.0,5100000.0,0.413,253500000.0,926400000.0,159100000.0,0.018,1.035,7.303,7.288,4477300000.0,0.0,159.76,3.013,2.969,324600000.0,4879200000.0,1888900000.0,1888900000.0,0.0,0.122,0.15,0.195,0.508,35500000.0,64000000.0,1.0,35626690.0,35100000,35125000.0,53.815,6411000000.0,0.0,180000000.0,377300000.0,182.65,1167900000.0
46,VALPQ,MRT,2009-09-30,2009-09-30,2009-09-30,2021-06-25,4100000.0,6455200000.0,6179800000.0,1550800000.0,4904400000.0,0.297,150.654,-791400000.0,1017200000.0,1017200000.0,695300000.0,875700000.0,3.848,0.22,283000000.0,17200000.0,265800000.0,283000000.0,0.0,200100000.0,0.0,0.002,0.4,1030000000.0,1230100000.0,0.67,1230100000.0,1030000000.0,1030000000.0,24.52,24.52,24.52,5284200000.0,4994625000.0,5284200000.0,5460493454.0,5.0,4.439,521500000.0,14.868,1.0,1141000000.0,0.621,336200000.0,0.0,4981800000.0,4795750000.0,0.0,60900000.0,0.0,60900000.0,1163700000.0,403000000.0,760700000.0,6059593454.0,569600000.0,50000000.0,-6500000.0,-17100000.0,-14300000.0,-34600000.0,-701600000.0,38400000.0,1312900000.0,-7100000.0,870500000.0,870500000.0,870500000.0,-121100000.0,5200000.0,0.474,224100000.0,916900000.0,28800000.0,0.016,1.147,6.961,6.94,4330500000.0,0.0,170.16,3.3,3.25,341200000.0,4674000000.0,1836300000.0,1836300000.0,0.0,0.141,0.174,0.215,0.561,31300000.0,53700000.0,1.0,35611151.0,35075000,35100000.0,52.354,6119000000.0,0.0,159500000.0,372000000.0,174.455,1147800000.0
47,VALPQ,MRT,2009-06-30,2009-06-30,2009-06-30,2021-06-25,-3100000.0,6349000000.0,5930300000.0,1537400000.0,4811600000.0,0.348,146.016,-818600000.0,882000000.0,882000000.0,676200000.0,1008600000.0,3.379,0.238,282900000.0,17200000.0,265700000.0,282900000.0,0.0,199300000.0,0.0,0.003,0.4,1205800000.0,1405100000.0,0.681,1405100000.0,1205800000.0,1205800000.0,28.24,28.24,28.24,5121500000.0,4767600000.0,5121500000.0,4308829080.0,4.0,3.067,493600000.0,14.073,1.0,1385700000.0,0.672,336200000.0,0.0,4958700000.0,4703075000.0,0.0,61600000.0,0.0,61600000.0,1220400000.0,455000000.0,765400000.0,4944629080.0,350400000.0,50000000.0,-151800000.0,-17100000.0,-14200000.0,-183100000.0,-766300000.0,0.0,1312200000.0,-12400000.0,1003100000.0,1003100000.0,1003100000.0,-64200000.0,5500000.0,0.486,225700000.0,1160000000.0,32800000.0,0.014,0.965,4.929,4.939,4234200000.0,0.0,139.48,2.398,2.373,488600000.0,4527900000.0,2061900000.0,2061900000.0,0.0,0.169,0.21,0.256,0.585,31000000.0,55300000.0,1.0,35450452.0,35075000,35100000.0,58.785,6012800000.0,0.0,202700000.0,356800000.0,171.427,1082400000.0
48,VALPQ,MRT,2009-03-31,2009-03-31,2009-03-31,2021-06-25,-22400000.0,6084900000.0,5644275000.0,1552200000.0,4532700000.0,0.385,139.783,-831900000.0,927300000.0,927300000.0,708000000.0,1105100000.0,3.541,0.241,291500000.0,17200000.0,274300000.0,291500000.0,0.0,201400000.0,0.0,0.004,0.4,1317300000.0,1518700000.0,0.699,1518700000.0,1317300000.0,1317300000.0,30.84,30.8,30.84,4895900000.0,4549350000.0,4895900000.0,3245912149.0,2.0,2.137,489900000.0,13.987,1.0,1466000000.0,0.674,336200000.0,0.0,4674600000.0,4562800000.0,0.0,61900000.0,0.0,61900000.0,1182000000.0,438300000.0,743700000.0,3744012149.0,262400000.0,50000000.0,-232400000.0,-19000000.0,-14200000.0,-268800000.0,-777100000.0,0.0,1321800000.0,-13500000.0,1099500000.0,1099500000.0,1099500000.0,-94300000.0,5600000.0,0.506,224400000.0,1241600000.0,38100000.0,0.013,0.765,3.405,3.424,3961500000.0,0.0,105.6,1.722,1.701,476600000.0,4331200000.0,2174000000.0,2174000000.0,0.0,0.195,0.242,0.289,0.606,28800000.0,53100000.0,1.0,35454660.0,35025000,35025000.0,62.07,5748700000.0,0.0,217800000.0,344900000.0,164.131,1113900000.0
49,VALPQ,MRT,2008-12-31,2008-12-31,2008-12-31,2021-06-25,-17000000.0,5830100000.0,5421800000.0,1400900000.0,4429200000.0,0.414,132.116,-764200000.0,789600000.0,789600000.0,736300000.0,1156700000.0,3.274,0.245,291500000.0,17200000.0,274300000.0,291500000.0,0.0,203100000.0,0.0,0.004,0.4,1373200000.0,1576300000.0,0.703,1576300000.0,1373200000.0,1373200000.0,32.16,32.08,32.16,4676900000.0,4333100000.0,4676900000.0,3878839980.0,3.0,2.461,389500000.0,11.003,1.0,1506300000.0,0.672,336200000.0,0.0,4567900000.0,4409725000.0,0.0,64200000.0,0.0,64200000.0,1146500000.0,427900000.0,718600000.0,4026339980.0,160100000.0,45100000.0,-232400000.0,-19000000.0,-14300000.0,-264200000.0,-714400000.0,0.0,1153700000.0,-15000000.0,1150800000.0,1150800000.0,1150800000.0,-103400000.0,5900000.0,0.513,226400000.0,1279900000.0,195800000.0,0.012,0.861,3.499,3.531,3871300000.0,0.0,113.56,1.795,1.793,482700000.0,4114000000.0,2242600000.0,2242600000.0,0.0,0.212,0.266,0.311,0.612,27300000.0,53800000.0,1.0,35455618.0,35400000,35475000.0,63.35,5493900000.0,0.0,222400000.0,340500000.0,155.195,973000000.0
50,VALPQ,MRT,2008-09-30,2008-09-30,2008-09-30,2021-06-25,-14500000.0,5457200000.0,5206475000.0,1131800000.0,4325400000.0,0.43,124.057,-765700000.0,447600000.0,447600000.0,708000000.0,1100800000.0,3.123,0.247,300100000.0,17200000.0,282900000.0,300100000.0,0.0,209400000.0,0.0,0.002,0.4,1332600000.0,1542000000.0,0.688,1542000000.0,1332600000.0,1334500000.0,30.16,30.04,30.16,4376100000.0,4101875000.0,4376100000.0,8027158033.0,6.0,5.206,378800000.0,10.738,1.0,1533000000.0,0.684,336200000.0,-1900000.0,4611100000.0,4220275000.0,0.0,108600000.0,38400000.0,70200000.0,1081100000.0,362400000.0,718700000.0,8258758033.0,-175300000.0,0.0,-330500000.0,-167200000.0,-14300000.0,-514500000.0,-797000000.0,-38400000.0,1144500000.0,-8300000.0,1089600000.0,1089600000.0,1089600000.0,-30500000.0,11200000.0,0.486,233200000.0,1299800000.0,24700000.0,0.013,1.887,7.58,7.643,3774400000.0,0.0,230.52,3.685,3.629,519500000.0,3817800000.0,2241000000.0,2241000000.0,0.0,0.209,0.266,0.316,0.595,33400000.0,54600000.0,1.0,35826644.0,35275000,35350000.0,63.529,5121000000.0,0.0,244900000.0,346700000.0,145.174,769400000.0
51,VALPQ,MRT,2008-06-30,2008-06-30,2008-06-30,2021-06-25,-3000000.0,5204900000.0,5033275000.0,1065600000.0,4139300000.0,0.429,119.089,-643800000.0,531600000.0,531600000.0,698300000.0,1083800000.0,4.449,0.225,300000000.0,17200000.0,282800000.0,300000000.0,0.0,201500000.0,0.0,0.001,0.4,1301800000.0,1503300000.0,0.697,1503300000.0,1301800000.0,1303700000.0,29.56,29.44,29.56,4248500000.0,3910225000.0,4248500000.0,11301285221.0,9.0,7.518,485900000.0,13.62,1.0,1459600000.0,0.676,336200000.0,-1900000.0,4397600000.0,4027625000.0,0.0,70000000.0,0.0,70000000.0,956400000.0,239500000.0,716900000.0,11654485221.0,-15400000.0,0.0,-323800000.0,-167200000.0,-14500000.0,-506500000.0,-635400000.0,0.0,1129700000.0,-3200000.0,1074000000.0,1074000000.0,1074000000.0,-50900000.0,9800000.0,0.498,228700000.0,1230900000.0,23600000.0,0.014,2.743,10.851,10.926,3597000000.0,0.0,322.96,5.401,5.339,435900000.0,3539000000.0,2157900000.0,2157900000.0,0.0,0.213,0.275,0.323,0.603,30600000.0,50900000.0,1.0,36086466.0,35675000,35800000.0,60.488,4868700000.0,0.0,229700000.0,357200000.0,136.474,826100000.0
52,VALPQ,MRT,2008-03-31,2008-03-31,2008-03-31,2021-06-25,-2800000.0,5195000000.0,4887075000.0,1204400000.0,3990600000.0,0.429,112.91,-529600000.0,664900000.0,664900000.0,664100000.0,1040300000.0,2.717,0.289,311700000.0,20300000.0,291400000.0,311700000.0,0.0,196100000.0,0.0,0.002,0.4,1263000000.0,1459100000.0,0.696,1459100000.0,1263000000.0,1264100000.0,28.2,28.12,28.2,4030900000.0,3718050000.0,4030900000.0,8693981638.0,7.0,5.958,590700000.0,16.546,1.0,1433000000.0,0.683,336200000.0,-1100000.0,4062300000.0,3876750000.0,0.0,74900000.0,0.0,74900000.0,1164100000.0,443300000.0,720800000.0,9012981638.0,44500000.0,0.0,-373800000.0,-165300000.0,-14600000.0,-550300000.0,-522900000.0,0.0,1120300000.0,-2600000.0,1031700000.0,1031700000.0,1031700000.0,-41100000.0,8600000.0,0.492,234100000.0,1198900000.0,30300000.0,0.014,2.236,8.736,8.882,3437500000.0,0.0,250.48,4.298,4.264,421300000.0,3245900000.0,2097100000.0,2097100000.0,0.0,0.211,0.277,0.326,0.602,33200000.0,56200000.0,1.0,35982840.0,35700000,35800000.0,58.742,4858800000.0,0.0,232400000.0,356900000.0,136.101,761100000.0
53,VALPQ,MRT,2007-12-31,2007-12-31,2007-12-31,2021-06-25,-4200000.0,4968800000.0,4715825000.0,1129300000.0,3839500000.0,0.436,102.304,-519400000.0,629500000.0,629500000.0,644100000.0,998900000.0,2.243,0.324,310500000.0,19100000.0,291400000.0,310500000.0,0.0,188400000.0,0.0,0.002,0.4,1236800000.0,1425200000.0,0.692,1425200000.0,1236800000.0,1236800000.0,26.84,26.76,26.84,3752000000.0,3546425000.0,3752000000.0,8481297590.0,7.0,5.951,727900000.0,19.847,1.0,1414100000.0,0.687,336200000.0,0.0,3810100000.0,3762075000.0,0.0,0.0,0.0,0.0,1216800000.0,503500000.0,713300000.0,8637097590.0,63700000.0,0.0,-491800000.0,-165300000.0,-14800000.0,-671000000.0,-511800000.0,0.0,1247300000.0,-800000.0,992000000.0,992000000.0,992000000.0,-28800000.0,6900000.0,0.482,237000000.0,1177100000.0,18800000.0,0.015,2.302,8.707,8.885,3358900000.0,0.0,238.48,4.196,4.249,383200000.0,2977500000.0,2058200000.0,2058200000.0,0.0,0.21,0.28,0.329,0.601,36900000.0,59500000.0,1.0,36217283.0,36675000,36800000.0,56.12,4632600000.0,0.0,244800000.0,352000000.0,126.315,625800000.0
54,VALPQ,MRT,2007-09-30,2007-09-30,2007-09-30,2021-06-25,-2000000.0,4764400000.0,4557225000.0,1161500000.0,3602900000.0,0.445,98.958,-530300000.0,622900000.0,622900000.0,647100000.0,963800000.0,2.689,0.32,467100000.0,167100000.0,300000000.0,467100000.0,0.0,187200000.0,0.0,0.002,0.4,1205000000.0,1392200000.0,0.687,1392200000.0,1205000000.0,1200200000.0,25.96,25.92,25.96,3609500000.0,3412425000.0,3609500000.0,8190087697.0,7.0,5.883,626200000.0,17.168,1.0,1378900000.0,0.681,336200000.0,4800000.0,3840500000.0,3690325000.0,0.0,0.0,0.0,0.0,1154900000.0,431900000.0,723000000.0,8270087697.0,193800000.0,13700000.0,-427900000.0,-17100000.0,-15000000.0,-451900000.0,-510600000.0,0.0,1156500000.0,-200000.0,963800000.0,963800000.0,963800000.0,-30200000.0,0.0,0.476,237800000.0,1141100000.0,27800000.0,0.015,2.291,8.581,8.644,3215100000.0,0.0,224.4,4.082,4.04,434100000.0,2742500000.0,2026000000.0,2026000000.0,0.0,0.211,0.282,0.327,0.595,29300000.0,59000000.0,1.0,36854223.0,36475000,36650000.0,55.545,4428200000.0,0.0,236400000.0,353900000.0,121.404,729600000.0
55,VALPQ,MRT,2007-06-30,2007-06-30,2007-06-30,2021-06-25,-3100000.0,4620100000.0,4399150000.0,1083100000.0,3537000000.0,0.449,94.304,-534900000.0,547000000.0,547000000.0,622100000.0,911900000.0,2.643,0.328,467000000.0,167100000.0,299900000.0,467000000.0,0.0,186000000.0,0.0,0.002,0.4,1168700000.0,1354700000.0,0.686,1354700000.0,1168700000.0,1159400000.0,24.32,24.24,24.32,3479800000.0,3265525000.0,3479800000.0,8950975723.0,8.0,6.607,584800000.0,15.848,1.0,1353600000.0,0.685,336200000.0,9300000.0,3794100000.0,3629675000.0,0.0,0.0,0.0,0.0,1140300000.0,409800000.0,730500000.0,9095775723.0,237200000.0,13700000.0,-340300000.0,-17100000.0,-15100000.0,-365300000.0,-517000000.0,0.0,1119700000.0,-200000.0,911900000.0,911900000.0,911900000.0,-23000000.0,0.0,0.462,235700000.0,1117900000.0,18800000.0,0.016,2.614,9.975,10.035,3147700000.0,0.0,244.04,4.604,4.558,445300000.0,2479500000.0,1975700000.0,1975700000.0,0.0,0.207,0.279,0.322,0.592,30500000.0,58800000.0,1.0,37271659.0,36900000,37075000.0,53.542,4283900000.0,0.0,247500000.0,347600000.0,116.095,673300000.0
56,VALPQ,MRT,2007-03-31,2007-03-31,2007-03-31,2021-06-25,-4800000.0,4510000000.0,4224675000.0,1086500000.0,3423500000.0,0.45,89.243,-388500000.0,620400000.0,620400000.0,599700000.0,852200000.0,2.554,0.349,475600000.0,167100000.0,308500000.0,475600000.0,0.0,182700000.0,0.0,0.002,0.4,1122600000.0,1305300000.0,0.686,1305300000.0,1122600000.0,1109200000.0,22.52,22.44,22.52,3344400000.0,3110075000.0,3344400000.0,8117940029.0,7.0,6.219,620000000.0,16.544,1.0,1302600000.0,0.685,336200000.0,13400000.0,3603600000.0,3563725000.0,0.0,0.0,0.0,0.0,1165600000.0,425400000.0,740200000.0,8208140029.0,369300000.0,13700000.0,-238400000.0,-17100000.0,-15200000.0,-266800000.0,-371500000.0,0.0,1008500000.0,-900000.0,852200000.0,852200000.0,852200000.0,-23700000.0,0.0,0.448,224400000.0,1078200000.0,18700000.0,0.018,2.454,9.632,9.663,3035500000.0,0.0,217.6,4.315,4.287,385500000.0,2228800000.0,1902300000.0,1902300000.0,0.0,0.202,0.274,0.315,0.59,24200000.0,50200000.0,1.0,37721232.0,37475000,37675000.0,50.762,4173800000.0,0.0,257000000.0,349500000.0,111.376,661100000.0
57,VALPQ,MRT,2006-12-31,2006-12-31,2006-12-31,2021-06-25,-5500000.0,4334400000.0,4051850000.0,987200000.0,3347200000.0,0.437,84.52,-527900000.0,565800000.0,565800000.0,564800000.0,769700000.0,2.565,0.348,475600000.0,167100000.0,308500000.0,475600000.0,0.0,179300000.0,0.0,0.002,0.4,1029200000.0,1208500000.0,0.683,1208500000.0,1029200000.0,1012700000.0,20.24,20.16,20.24,3216000000.0,2947050000.0,3216000000.0,7657093378.0,7.0,6.336,418900000.0,11.009,1.0,1205000000.0,0.681,336200000.0,16500000.0,3523100000.0,3524950000.0,0.0,0.0,0.0,0.0,1118400000.0,384900000.0,733500000.0,7602093378.0,297300000.0,23700000.0,-119200000.0,-17100000.0,-15300000.0,-148000000.0,-501300000.0,0.0,946800000.0,-200000.0,769700000.0,769700000.0,769700000.0,-28700000.0,0.0,0.435,215700000.0,989300000.0,12400000.0,0.02,2.364,9.877,9.893,2960400000.0,0.0,200.24,4.295,4.305,338800000.0,1994500000.0,1769800000.0,1769800000.0,0.0,0.19,0.261,0.292,0.582,18300000.0,44600000.0,1.0,37964909.0,38050000,38200000.0,46.512,3998200000.0,0.0,243000000.0,356500000.0,105.078,602300000.0
58,VALPQ,MRT,2006-09-30,2006-09-30,2006-09-30,2021-06-25,-7600000.0,4132100000.0,3872725000.0,854200000.0,3277900000.0,0.425,79.524,-480500000.0,429100000.0,429100000.0,543200000.0,662900000.0,3.376,0.367,484100000.0,17200000.0,466900000.0,484100000.0,0.0,176000000.0,0.0,0.002,0.4,909900000.0,1085900000.0,0.66,1085900000.0,909900000.0,889800000.0,17.4,17.28,17.4,3021900000.0,2778050000.0,3021900000.0,6900139599.0,8.0,6.354,284500000.0,7.487,1.0,1102000000.0,0.67,336200000.0,20100000.0,3597900000.0,3462775000.0,0.0,0.0,0.0,0.0,1110200000.0,253000000.0,857200000.0,6725839599.0,196900000.0,25900000.0,-80500000.0,-17200000.0,-15300000.0,-112800000.0,-455600000.0,0.0,765000000.0,300000.0,662900000.0,662900000.0,662900000.0,-13300000.0,0.0,0.403,210300000.0,891700000.0,17300000.0,0.023,2.226,10.146,10.076,2892000000.0,0.0,175.32,4.088,4.049,357700000.0,1777300000.0,1645200000.0,1645200000.0,0.0,0.171,0.239,0.263,0.553,17900000.0,40300000.0,1.0,38363219.0,38000000,38475000.0,43.295,3795900000.0,0.0,226900000.0,350900000.0,99.892,601200000.0
59,VALPQ,MRT,2006-06-30,2006-06-30,2006-06-30,2021-06-25,-7500000.0,3922200000.0,3717150000.0,725800000.0,3196400000.0,0.386,74.768,-536800000.0,309800000.0,309800000.0,509500000.0,522400000.0,3.156,0.372,484100000.0,17200000.0,466900000.0,484100000.0,0.0,171000000.0,0.0,0.002,0.4,735100000.0,906100000.0,0.632,906100000.0,735100000.0,713000000.0,13.68,13.6,13.68,2858000000.0,2629175000.0,2858000000.0,7318061255.0,10.0,8.076,10200000.0,0.267,1.0,924700000.0,0.645,336200000.0,22100000.0,3530300000.0,3368750000.0,0.0,0.0,0.0,0.0,1064200000.0,230000000.0,834200000.0,7076561255.0,12900000.0,25900000.0,14400000.0,-17200000.0,-15300000.0,-20900000.0,-511300000.0,0.0,547000000.0,200000.0,522400000.0,522400000.0,522400000.0,-9500000.0,0.0,0.364,201900000.0,722800000.0,16500000.0,0.029,2.476,13.546,13.456,2823200000.0,0.0,184.08,4.934,4.906,370100000.0,1566300000.0,1434200000.0,1434200000.0,0.0,0.141,0.199,0.218,0.513,18500000.0,37100000.0,1.0,38442858.0,38225000,38375000.0,37.52,3586000000.0,0.0,190600000.0,333900000.0,93.813,495800000.0
60,VALPQ,MRT,2006-03-31,2006-03-31,2006-03-31,2021-06-25,-9800000.0,3818700000.0,3587400000.0,589300000.0,3229400000.0,0.336,70.433,-575900000.0,251100000.0,251100000.0,473700000.0,395400000.0,2.139,0.418,492600000.0,17200000.0,475400000.0,492600000.0,0.0,164900000.0,0.0,0.002,0.4,558900000.0,723800000.0,0.601,723800000.0,558900000.0,533700000.0,10.4,10.32,10.4,2692300000.0,2491725000.0,2692300000.0,8121298798.0,15.0,11.22,-99400000.0,-2.6,1.0,731600000.0,0.607,336200000.0,25200000.0,3448500000.0,3244350000.0,0.0,0.0,0.0,0.0,1126400000.0,275500000.0,850900000.0,7897198798.0,20400000.0,146900000.0,49400000.0,-55400000.0,-15300000.0,-27000000.0,-427500000.0,0.0,476500000.0,400000.0,395400000.0,395400000.0,395400000.0,-19400000.0,0.0,0.328,193200000.0,538400000.0,25100000.0,0.038,2.933,19.973,19.788,2846300000.0,0.0,205.8,6.552,6.527,293700000.0,1375400000.0,1205300000.0,1205300000.0,0.0,0.11,0.159,0.172,0.464,18400000.0,34400000.0,1.0,38373172.0,38225000,38425000.0,31.532,3482500000.0,0.0,138300000.0,343000000.0,91.105,313800000.0
61,VALPQ,MRT,2005-12-31,2005-12-31,2005-12-31,2021-06-25,-10900000.0,3617900000.0,3477975000.0,578400000.0,3039500000.0,0.297,66.974,-477100000.0,268500000.0,268500000.0,454400000.0,284900000.0,2.5,0.424,492600000.0,17200000.0,475400000.0,492600000.0,0.0,159400000.0,0.0,0.002,0.4,414200000.0,573600000.0,0.555,573600000.0,414200000.0,385400000.0,7.52,7.48,7.52,2540000000.0,2378500000.0,2540000000.0,7066218583.0,17.0,12.319,-118800000.0,-3.132,1.0,579900000.0,0.561,336200000.0,28800000.0,3274400000.0,3165875000.0,0.0,0.0,0.0,0.0,1077900000.0,231400000.0,846500000.0,6797318583.0,1500000.0,132900000.0,67200000.0,-58300000.0,-15200000.0,-14400000.0,-341700000.0,0.0,358300000.0,-700000.0,284900000.0,284900000.0,284900000.0,-14900000.0,0.0,0.275,185400000.0,394500000.0,19100000.0,0.053,2.676,23.859,23.59,2663600000.0,0.0,177.4,6.572,6.505,269000000.0,1229500000.0,1034300000.0,1034300000.0,0.0,0.082,0.12,0.131,0.4,20800000.0,32000000.0,1.0,38316339.0,37925000,38100000.0,27.272,3281700000.0,0.0,100500000.0,338300000.0,86.531,347000000.0
62,VALPQ,MRT,2005-09-30,2005-09-30,2005-09-30,2021-06-25,-10100000.0,3509800000.0,3404000000.0,496900000.0,3012900000.0,0.272,63.979,-458800000.0,232200000.0,232200000.0,437200000.0,210000000.0,2.251,0.447,501100000.0,17200000.0,483900000.0,501100000.0,0.0,151100000.0,0.0,0.002,0.4,320400000.0,471500000.0,0.508,471500000.0,320400000.0,289900000.0,5.56,5.52,5.56,2426400000.0,2288975000.0,2426400000.0,7285529457.0,23.0,15.452,-137100000.0,-3.615,1.0,490100000.0,0.529,336200000.0,30500000.0,3221800000.0,3109350000.0,0.0,0.0,0.0,0.0,1083400000.0,220700000.0,862700000.0,7081329457.0,-48500000.0,111700000.0,64500000.0,-58200000.0,-15200000.0,-14600000.0,-340300000.0,0.0,321700000.0,-1000000.0,210000000.0,210000000.0,210000000.0,-4700000.0,0.0,0.226,181900000.0,308200000.0,17800000.0,0.072,2.918,33.721,33.518,2639000000.0,0.0,186.36,7.637,7.622,217500000.0,1193200000.0,927300000.0,927300000.0,0.0,0.062,0.092,0.103,0.346,28400000.0,37100000.0,1.0,37998119.0,37925000,38175000.0,24.451,3173600000.0,0.0,79900000.0,356100000.0,83.681,276200000.0
63,VALPQ,MRT,2005-06-30,2005-06-30,2005-06-30,2021-06-25,-10200000.0,3403200000.0,3340100000.0,528100000.0,2875100000.0,0.249,61.023,-348400000.0,296900000.0,296900000.0,417500000.0,161500000.0,2.214,0.474,501100000.0,17200000.0,483900000.0,501100000.0,0.0,146100000.0,0.0,0.003,0.4,252100000.0,398200000.0,0.479,398200000.0,252100000.0,219400000.0,4.28,4.28,4.28,2308200000.0,2218100000.0,2308200000.0,5741117456.0,23.0,14.418,-41200000.0,-1.089,1.0,413300000.0,0.497,336200000.0,32700000.0,3032700000.0,3052850000.0,0.0,0.0,0.0,0.0,1095000000.0,238500000.0,856500000.0,5424517456.0,13700000.0,111000000.0,24300000.0,-61200000.0,-15200000.0,-54700000.0,-231000000.0,0.0,307200000.0,-1100000.0,161500000.0,161500000.0,161500000.0,-8000000.0,0.0,0.194,173800000.0,239500000.0,23300000.0,0.093,2.35,33.588,33.411,2505100000.0,0.0,143.0,6.529,6.511,188400000.0,1120500000.0,830800000.0,830800000.0,0.0,0.048,0.073,0.083,0.303,21700000.0,35800000.0,1.0,37933688.0,37825000,37875000.0,21.964,3067000000.0,0.0,57900000.0,355600000.0,81.084,289600000.0
64,VALPQ,MRT,2005-03-31,2005-03-31,2005-03-31,2021-06-25,-9800000.0,3381000000.0,3294000000.0,453900000.0,2927100000.0,0.229,59.361,-325500000.0,230700000.0,230700000.0,409000000.0,111300000.0,2.001,0.51,547300000.0,23000000.0,524300000.0,547300000.0,0.0,140100000.0,0.0,0.003,0.4,183500000.0,323600000.0,0.428,323600000.0,183500000.0,149100000.0,2.96,2.96,2.96,2239400000.0,2170700000.0,2239400000.0,5978688960.0,33.0,18.476,-40300000.0,-1.068,1.0,346400000.0,0.459,336200000.0,34400000.0,3134600000.0,3035850000.0,0.0,0.0,0.0,0.0,1141600000.0,226800000.0,914800000.0,5695588960.0,-66600000.0,-15000000.0,22000000.0,-23000000.0,-15200000.0,-16300000.0,-336000000.0,0.0,285200000.0,-800000.0,111300000.0,111300000.0,111300000.0,100000.0,0.0,0.147,169400000.0,177000000.0,25700000.0,0.135,2.543,51.173,50.892,2558900000.0,0.0,150.64,7.54,7.523,178200000.0,1054300000.0,755400000.0,755400000.0,0.0,0.034,0.051,0.06,0.243,17700000.0,35400000.0,1.0,37809274.0,37725000,37875000.0,20.024,3044800000.0,0.0,37800000.0,371600000.0,80.71,227100000.0
65,VALPQ,MRT,2004-12-31,2004-12-31,2004-12-31,2021-06-25,-9000000.0,3322000000.0,3251600000.0,493700000.0,2828300000.0,0.225,57.991,-304500000.0,267000000.0,267000000.0,407800000.0,93000000.0,2.288,0.523,550100000.0,23000000.0,527100000.0,550100000.0,0.0,139200000.0,0.0,0.003,0.4,159500000.0,298700000.0,0.408,298700000.0,159500000.0,122900000.0,2.48,2.48,2.48,2181900000.0,2137150000.0,2181900000.0,5073342458.0,32.0,16.985,-48900000.0,-1.3,1.0,323500000.0,0.442,341000000.0,36600000.0,3048300000.0,2990000000.0,0.0,0.0,0.0,0.0,1140100000.0,215800000.0,924300000.0,4795342458.0,-87000000.0,-11300000.0,7800000.0,-23000000.0,-15100000.0,-28800000.0,-312900000.0,0.0,255600000.0,-900000.0,93000000.0,93000000.0,93000000.0,900000.0,0.0,0.127,166100000.0,157400000.0,15600000.0,0.161,2.198,51.563,51.194,2431300000.0,0.0,126.96,6.557,6.532,183000000.0,1016300000.0,731300000.0,731300000.0,0.0,0.029,0.044,0.053,0.218,13800000.0,33100000.0,1.0,37770498.0,37625000,37650000.0,19.437,2981000000.0,0.0,29900000.0,375300000.0,79.229,277900000.0
66,VALPQ,MRT,2004-09-30,2004-09-30,2004-09-30,2021-06-25,-11300000.0,3254200000.0,3216850000.0,469800000.0,2784400000.0,0.216,56.879,-292000000.0,280700000.0,280700000.0,396100000.0,90800000.0,2.404,0.519,558700000.0,23000000.0,535700000.0,558700000.0,0.0,130600000.0,0.0,0.003,0.4,157700000.0,288300000.0,0.416,288300000.0,157700000.0,119800000.0,2.4,2.4,2.4,2142900000.0,2111950000.0,2142900000.0,5212314323.0,33.0,18.079,-39000000.0,-1.035,1.0,297700000.0,0.429,341000000.0,37900000.0,2995800000.0,2945875000.0,0.0,0.0,0.0,0.0,1111300000.0,195400000.0,915900000.0,4934014323.0,-46200000.0,-7800000.0,10900000.0,-23000000.0,-15000000.0,-33000000.0,-297100000.0,0.0,253000000.0,100000.0,90800000.0,90800000.0,90800000.0,-6700000.0,0.0,0.131,150500000.0,147200000.0,26200000.0,0.167,2.302,54.339,54.45,2401500000.0,0.0,130.68,7.112,7.096,151100000.0,981600000.0,693800000.0,693800000.0,0.0,0.028,0.043,0.054,0.227,4100000.0,26000000.0,1.0,37756461.0,37675000,37700000.0,18.415,2913200000.0,0.0,29000000.0,362500000.0,77.324,274400000.0
67,VALPQ,MRT,2004-06-30,2004-06-30,2004-06-30,2021-06-25,-11700000.0,3218800000.0,3196625000.0,459900000.0,2758900000.0,0.223,56.196,-264800000.0,283200000.0,283200000.0,411800000.0,92800000.0,2.424,0.519,561500000.0,23000000.0,538500000.0,561500000.0,0.0,128800000.0,0.0,0.003,0.4,164800000.0,293600000.0,0.412,293600000.0,164800000.0,126700000.0,2.48,2.48,2.48,2118600000.0,2088850000.0,2118600000.0,4666996437.0,28.0,15.896,3800000.0,0.101,1.0,300700000.0,0.422,342700000.0,38100000.0,2964700000.0,2913050000.0,0.0,0.0,0.0,0.0,1100200000.0,189700000.0,910500000.0,4394196437.0,21000000.0,-16200000.0,11300000.0,3700000.0,-15000000.0,-6000000.0,-267300000.0,9000000.0,268600000.0,100000.0,92800000.0,92800000.0,92800000.0,-6700000.0,0.0,0.13,149200000.0,151500000.0,17300000.0,0.161,2.074,47.351,46.935,2375000000.0,0.0,116.4,6.167,6.159,144900000.0,959600000.0,712500000.0,712500000.0,0.0,0.029,0.044,0.057,0.231,4500000.0,24400000.0,1.0,37750828.0,37700000,37700000.0,18.899,2876100000.0,0.0,33900000.0,353500000.0,76.289,270200000.0
68,VALPQ,MRT,2004-03-31,2004-03-31,2004-03-31,2021-06-25,-11000000.0,3211400000.0,3169325000.0,484700000.0,2726700000.0,0.232,55.915,-258000000.0,297300000.0,297300000.0,418700000.0,106400000.0,2.547,0.525,570100000.0,23000000.0,547100000.0,570100000.0,0.0,129700000.0,0.0,0.004,0.4,184300000.0,314000000.0,0.427,314000000.0,184300000.0,146800000.0,2.84,2.84,2.84,2105200000.0,2064700000.0,2105200000.0,4471132062.0,24.0,14.239,14700000.0,0.39,1.0,317200000.0,0.431,342700000.0,37500000.0,2951200000.0,2882750000.0,0.0,0.0,0.0,0.0,1106200000.0,190300000.0,915900000.0,4252232062.0,138400000.0,65000000.0,14600000.0,3700000.0,-15000000.0,-2600000.0,-150900000.0,37100000.0,272700000.0,1600000.0,106400000.0,106400000.0,106400000.0,-7900000.0,0.0,0.145,145100000.0,172100000.0,16100000.0,0.141,2.02,39.965,39.676,2306200000.0,0.0,112.68,5.778,5.765,151000000.0,945900000.0,735900000.0,735900000.0,0.0,0.034,0.052,0.064,0.25,6500000.0,21800000.0,1.0,37737239.0,37650000,37700000.0,19.546,2868700000.0,0.0,40400000.0,337000000.0,76.194,294400000.0
69,VALPQ,MRT,2003-12-31,2003-12-31,2003-12-31,2021-06-25,-10900000.0,3183000000.0,3142275000.0,543300000.0,2639700000.0,0.236,55.644,-185700000.0,354000000.0,354000000.0,420800000.0,108300000.0,2.899,0.529,572900000.0,23000000.0,549900000.0,572900000.0,0.0,125100000.0,0.0,0.004,0.4,188300000.0,313400000.0,0.422,313400000.0,188300000.0,151600000.0,2.88,2.88,2.88,2081100000.0,2035950000.0,2081100000.0,4326571662.0,23.0,13.805,87500000.0,2.34,1.0,321500000.0,0.433,342700000.0,36700000.0,2871800000.0,2882000000.0,0.0,0.0,0.0,0.0,1101900000.0,187400000.0,914500000.0,4072071662.0,206900000.0,65300000.0,12400000.0,3700000.0,-15000000.0,-5400000.0,-77000000.0,38400000.0,273200000.0,1900000.0,108300000.0,108300000.0,108300000.0,-4400000.0,0.0,0.146,141500000.0,180000000.0,15800000.0,0.139,1.957,37.6,37.736,2217200000.0,0.0,108.68,5.486,5.476,149400000.0,928600000.0,742300000.0,742300000.0,0.0,0.034,0.053,0.065,0.254,6600000.0,22000000.0,1.0,37468455.0,37400000,37525000.0,19.848,2840300000.0,0.0,43300000.0,345900000.0,75.944,355900000.0
70,VALPQ,MRT,2003-09-30,2003-09-30,2003-09-30,2021-06-25,-11400000.0,3173300000.0,3111900000.0,532300000.0,2641000000.0,0.248,54.863,-202500000.0,326900000.0,326900000.0,426400000.0,71100000.0,2.401,0.548,581400000.0,23000000.0,558400000.0,581400000.0,0.0,131700000.0,0.0,0.004,0.4,136400000.0,268100000.0,0.348,268100000.0,136400000.0,101700000.0,1.84,1.88,1.84,2050500000.0,2007425000.0,2050500000.0,4313799941.0,32.0,16.09,53100000.0,1.421,1.0,344400000.0,0.447,341600000.0,34700000.0,2864500000.0,2897775000.0,0.0,0.0,0.0,0.0,1122800000.0,221700000.0,901100000.0,4018399941.0,163900000.0,67100000.0,9900000.0,10200000.0,-15000000.0,4500000.0,-98500000.0,32600000.0,255600000.0,1400000.0,71100000.0,71100000.0,71100000.0,6000000.0,0.0,0.092,205000000.0,139400000.0,12400000.0,0.217,1.96,56.518,58.304,2225200000.0,0.0,107.28,5.213,5.202,164400000.0,905800000.0,770800000.0,770800000.0,0.0,0.023,0.035,0.047,0.177,5300000.0,20700000.0,1.0,37457121.0,37375000,37500000.0,20.623,2831700000.0,0.0,30600000.0,325800000.0,75.765,310600000.0
71,VALPQ,MRT,2003-06-30,2003-06-30,2003-06-30,2021-06-25,-13400000.0,3109600000.0,3089700000.0,473900000.0,2635700000.0,0.244,54.1,-227200000.0,262200000.0,262200000.0,407100000.0,73800000.0,2.246,0.538,557600000.0,21500000.0,536100000.0,557600000.0,0.0,130700000.0,0.0,0.004,0.4,140200000.0,270900000.0,0.36,270900000.0,140200000.0,106700000.0,1.96,1.96,1.96,2022000000.0,1989200000.0,2022000000.0,4427355059.0,32.0,16.343,18000000.0,0.482,1.0,345600000.0,0.459,350500000.0,33500000.0,2843500000.0,2916975000.0,0.0,9000000.0,9000000.0,0.0,1087600000.0,211000000.0,876600000.0,4020055059.0,-44600000.0,-23700000.0,9400000.0,-64500000.0,-14900000.0,-71900000.0,-218300000.0,30700000.0,245200000.0,100000.0,73800000.0,73800000.0,73800000.0,4100000.0,0.0,0.098,201900000.0,143700000.0,10300000.0,0.204,1.988,54.472,54.898,2218600000.0,0.0,107.6,5.341,5.343,166100000.0,881700000.0,752700000.0,752700000.0,0.0,0.024,0.037,0.048,0.186,5200000.0,20300000.0,1.0,37361106.0,37375000,37525000.0,20.139,2759100000.0,0.0,32900000.0,324700000.0,73.822,262900000.0
72,VALPQ,MRT,2003-03-31,2003-03-31,2003-03-31,2021-06-25,-12400000.0,3103200000.0,2902700000.0,413600000.0,2689600000.0,0.243,53.357,-231100000.0,158900000.0,158900000.0,372200000.0,66000000.0,1.951,0.559,566200000.0,21500000.0,544700000.0,566200000.0,0.0,126900000.0,0.0,0.004,0.4,131100000.0,258000000.0,0.366,258000000.0,131100000.0,98600000.0,1.8,1.8,1.8,1990200000.0,1856650000.0,1990200000.0,3877180011.0,30.0,15.028,500000.0,0.013,1.0,332300000.0,0.472,350300000.0,32500000.0,2948200000.0,2778950000.0,0.0,37100000.0,37100000.0,0.0,1113000000.0,212000000.0,901000000.0,3455280011.0,-159900000.0,-99900000.0,19500000.0,-62200000.0,-14500000.0,-59900000.0,-327000000.0,2800000.0,231600000.0,-1100000.0,66000000.0,66000000.0,66000000.0,7000000.0,0.0,0.094,196900000.0,135400000.0,20500000.0,0.222,1.736,52.353,56.689,2206700000.0,0.0,102.04,4.905,5.403,174900000.0,854400000.0,704500000.0,704500000.0,0.0,0.023,0.036,0.047,0.186,5000000.0,20100000.0,1.0,33862015.0,37300000,37475000.0,18.887,2752900000.0,0.0,32600000.0,312800000.0,73.804,201600000.0
73,VALPQ,MRT,2002-12-31,2002-12-31,2002-12-31,2021-06-25,-12100000.0,3061500000.0,2712500000.0,387500000.0,2674000000.0,0.237,55.92,-218000000.0,147100000.0,147100000.0,341500000.0,59300000.0,1.954,0.556,569000000.0,21500000.0,547500000.0,569000000.0,0.0,122300000.0,0.0,0.003,0.4,119200000.0,241500000.0,0.376,241500000.0,119200000.0,88100000.0,1.68,1.68,1.68,1967000000.0,1723175000.0,1967000000.0,4794098108.0,40.0,19.851,-15900000.0,-0.452,1.0,300100000.0,0.468,350200000.0,31100000.0,2934900000.0,2630025000.0,0.0,38400000.0,38400000.0,0.0,1094500000.0,198300000.0,896200000.0,4386298108.0,-131700000.0,-99900000.0,19500000.0,-59300000.0,-14200000.0,-56300000.0,-277400000.0,16200000.0,202100000.0,-900000.0,59300000.0,59300000.0,59300000.0,1900000.0,0.0,0.092,190500000.0,109600000.0,15000000.0,0.238,2.23,73.968,70.119,2258000000.0,0.0,117.8,6.836,6.458,162800000.0,835300000.0,641600000.0,641600000.0,0.0,0.022,0.034,0.045,0.186,4000000.0,18600000.0,1.0,37235128.0,35175000,35350000.0,18.24,2711300000.0,0.0,28800000.0,332300000.0,77.08,189200000.0
74,VALPQ,MRT,2002-09-30,2002-09-30,2002-09-30,2021-06-25,-12400000.0,3084500000.0,2528075000.0,386400000.0,2698100000.0,0.225,57.363,-187100000.0,163000000.0,163000000.0,296700000.0,99900000.0,1.925,0.56,570800000.0,21200000.0,549600000.0,570800000.0,0.0,115300000.0,0.0,0.004,0.4,166500000.0,281800000.0,0.495,281800000.0,166500000.0,135100000.0,2.92,2.84,2.92,1977600000.0,1591475000.0,1977600000.0,3887890767.0,23.0,13.797,74500000.0,2.161,1.0,273000000.0,0.479,350300000.0,31400000.0,2941300000.0,2463050000.0,0.0,32500000.0,32500000.0,0.0,1106900000.0,200700000.0,906200000.0,3725790767.0,-52400000.0,-99900000.0,9700000.0,-63700000.0,-13900000.0,-70200000.0,-249700000.0,10400000.0,261600000.0,-1700000.0,99900000.0,99900000.0,99900000.0,-16000000.0,0.0,0.175,134900000.0,138100000.0,29800000.0,0.137,1.884,37.295,34.301,2283300000.0,0.0,100.16,6.54,6.061,147200000.0,849700000.0,569700000.0,569700000.0,0.0,0.04,0.063,0.068,0.292,3400000.0,18700000.0,1.0,37198390.0,34475000,34675000.0,16.525,2734200000.0,0.0,35200000.0,341300000.0,79.31,185700000.0
75,VALPQ,MRT,2002-06-30,2002-06-30,2002-06-30,2021-06-25,-9100000.0,2361600000.0,2330000000.0,489900000.0,1871700000.0,0.265,44.103,-163500000.0,306800000.0,306800000.0,294100000.0,138700000.0,3.812,0.583,468900000.0,12700000.0,456200000.0,468900000.0,0.0,113600000.0,0.0,0.004,0.4,219500000.0,333100000.0,0.539,333100000.0,219500000.0,187600000.0,4.08,4.04,4.08,1491800000.0,1452325000.0,1491800000.0,3846618793.0,18.0,11.548,148900000.0,4.402,1.0,323900000.0,0.524,103800000.0,31900000.0,2291400000.0,2334575000.0,0.0,30400000.0,30400000.0,0.0,869800000.0,128500000.0,741300000.0,3690318793.0,64600000.0,0.0,-65300000.0,-12700000.0,-13600000.0,-92600000.0,-162900000.0,-26100000.0,312400000.0,-200000.0,138700000.0,138700000.0,138700000.0,-14500000.0,0.0,0.224,132800000.0,191100000.0,8800000.0,0.098,2.474,26.606,26.725,1699800000.0,0.0,109.04,5.971,5.968,116500000.0,822900000.0,618000000.0,618000000.0,0.0,0.06,0.096,0.094,0.355,3100000.0,17900000.0,1.0,33843716.0,33825000,34050000.0,18.271,2257800000.0,0.0,48900000.0,270400000.0,66.749,361400000.0
76,VALPQ,MRT,2002-03-31,2002-03-31,2002-03-31,2021-06-25,-10000000.0,2342400000.0,2302700000.0,480000000.0,1862400000.0,0.299,43.246,-139800000.0,318800000.0,318800000.0,309700000.0,176600000.0,3.283,0.608,475100000.0,12700000.0,462400000.0,475100000.0,0.0,114400000.0,0.0,0.003,0.4,272300000.0,386700000.0,0.563,386700000.0,272300000.0,240000000.0,5.16,5.12,5.16,1456300000.0,1436350000.0,1456300000.0,4254564227.0,16.0,11.002,216900000.0,6.441,1.0,377700000.0,0.549,0.0,32300000.0,2352500000.0,2359600000.0,0.0,18200000.0,18200000.0,0.0,886100000.0,146200000.0,739900000.0,4058264227.0,109000000.0,0.0,-79400000.0,-12700000.0,-13600000.0,-106300000.0,-152800000.0,-39900000.0,356700000.0,-200000.0,176600000.0,176600000.0,176600000.0,-13700000.0,0.0,0.257,133700000.0,244000000.0,6700000.0,0.078,2.787,22.98,23.364,1716600000.0,0.0,120.56,5.904,5.906,108000000.0,803000000.0,687400000.0,687400000.0,0.0,0.077,0.123,0.115,0.396,1400000.0,17500000.0,1.0,33661780.0,33675000,33850000.0,20.413,2342400000.0,0.0,63400000.0,263900000.0,69.559,333800000.0
77,VALPQ,MRT,2001-12-31,2001-12-31,2001-12-31,2021-06-25,-9900000.0,2323800000.0,2264825000.0,461300000.0,1862500000.0,0.332,42.08,-131400000.0,278800000.0,278800000.0,320500000.0,207300000.0,3.09,0.614,475100000.0,12700000.0,462400000.0,475100000.0,0.0,117300000.0,0.0,0.004,0.4,317000000.0,434300000.0,0.577,434300000.0,317000000.0,284200000.0,6.04,6.0,6.04,1440200000.0,1414775000.0,1440200000.0,3611368653.0,11.0,8.315,266500000.0,7.787,1.0,432200000.0,0.574,103800000.0,32800000.0,2267000000.0,2363850000.0,0.0,31600000.0,31600000.0,0.0,883600000.0,149300000.0,734300000.0,3345368653.0,172200000.0,0.0,-77100000.0,40000000.0,-13700000.0,-54500000.0,-181000000.0,-54600000.0,397900000.0,-200000.0,207300000.0,207300000.0,207300000.0,-12400000.0,0.0,0.275,135000000.0,297200000.0,10100000.0,0.066,2.323,16.138,16.457,1715300000.0,0.0,99.4,4.444,4.52,116500000.0,790200000.0,752700000.0,752700000.0,0.0,0.092,0.147,0.134,0.421,3000000.0,16800000.0,1.0,33655620.0,34225000,34475000.0,21.993,2220000000.0,0.0,76900000.0,259100000.0,64.865,312000000.0
78,VALPQ,MRT,2001-09-30,2001-09-30,2001-09-30,2021-06-25,-9600000.0,2292200000.0,2210875000.0,467000000.0,1825200000.0,0.366,41.641,-174200000.0,215400000.0,215400000.0,348300000.0,220100000.0,3.57,0.613,481400000.0,12700000.0,468700000.0,481400000.0,0.0,121800000.0,0.0,0.007,0.4,340300000.0,462100000.0,0.571,462100000.0,340300000.0,310800000.0,6.44,6.4,6.44,1421000000.0,1386950000.0,1421000000.0,2256120083.0,7.0,4.882,169100000.0,4.955,1.0,461200000.0,0.57,0.0,29500000.0,2427400000.0,2376900000.0,0.0,43000000.0,43000000.0,0.0,871200000.0,130800000.0,740400000.0,2016920083.0,112200000.0,0.0,-69600000.0,71000000.0,-13700000.0,-18200000.0,-212900000.0,-43000000.0,343300000.0,0.0,220100000.0,220100000.0,220100000.0,0.0,0.0,0.272,128400000.0,332800000.0,8900000.0,0.062,1.419,9.164,9.081,1701500000.0,0.0,58.48,2.492,2.465,178500000.0,763600000.0,809500000.0,809500000.0,0.0,0.1,0.159,0.143,0.42,4600000.0,15600000.0,1.0,34489058.0,34125000,34275000.0,23.722,2292200000.0,0.0,90700000.0,261300000.0,67.171,336200000.0
79,VALPQ,MRT,2001-06-30,2001-06-30,2001-06-30,2021-06-25,-10100000.0,2252400000.0,2150450000.0,446100000.0,1806300000.0,0.34,41.239,-174800000.0,242200000.0,242200000.0,338400000.0,176100000.0,4.457,0.577,481400000.0,12700000.0,468700000.0,481400000.0,0.0,117300000.0,0.0,0.004,0.4,277700000.0,395000000.0,0.54,395000000.0,277700000.0,252400000.0,5.12,5.08,5.12,1427900000.0,1354050000.0,1427900000.0,3527171057.0,13.0,8.93,82600000.0,2.386,1.0,393400000.0,0.538,0.0,25300000.0,2391500000.0,2330175000.0,0.0,13600000.0,13600000.0,0.0,824500000.0,100100000.0,724400000.0,3249371057.0,136600000.0,0.0,12100000.0,69400000.0,-13800000.0,61800000.0,-182600000.0,-13600000.0,257400000.0,0.0,176100000.0,176100000.0,176100000.0,0.0,0.0,0.241,124300000.0,269100000.0,8900000.0,0.078,2.276,18.452,18.281,1681000000.0,0.0,93.6,4.44,4.429,160300000.0,697600000.0,731800000.0,731800000.0,0.0,0.082,0.13,0.119,0.379,6200000.0,14900000.0,1.0,34715503.0,34625000,34925000.0,21.135,2252400000.0,0.0,76300000.0,245500000.0,65.051,346000000.0
80,VALPQ,MRT,2001-03-31,2001-03-31,2001-03-31,2021-06-25,-11000000.0,2190900000.0,2086075000.0,386100000.0,1804800000.0,0.303,39.653,-201400000.0,209800000.0,209800000.0,316400000.0,129200000.0,3.892,0.599,487600000.0,12700000.0,474900000.0,487600000.0,0.0,111200000.0,0.0,0.003,0.4,206300000.0,317500000.0,0.502,317500000.0,206300000.0,187600000.0,3.76,3.72,3.76,1370000000.0,1311500000.0,1370000000.0,5175473730.0,25.0,16.301,-100000.0,-0.003,1.0,316500000.0,0.5,0.0,18700000.0,2369500000.0,2282975000.0,0.0,0.0,0.0,0.0,820900000.0,99200000.0,721700000.0,4847173730.0,127200000.0,0.0,16500000.0,124700000.0,-13900000.0,121200000.0,-195300000.0,0.0,201300000.0,0.0,129200000.0,129200000.0,129200000.0,0.0,0.0,0.204,118000000.0,198500000.0,5900000.0,0.106,3.538,37.517,37.234,1678400000.0,0.0,140.0,7.659,7.643,152900000.0,639900000.0,632900000.0,632900000.0,0.0,0.062,0.099,0.09,0.326,9500000.0,13900000.0,1.0,34622670.0,34550000,34925000.0,18.318,2190900000.0,0.0,58400000.0,237200000.0,63.412,286900000.0
81,VALPQ,MRT,2000-12-31,2000-12-31,2000-12-31,2021-06-25,-1100000.0,2108000000.0,2020875000.0,288700000.0,1819300000.0,0.264,38.631,-256100000.0,106600000.0,106600000.0,290600000.0,85400000.0,2.465,0.586,434900000.0,12700000.0,422200000.0,434900000.0,0.0,105700000.0,0.0,0.003,0.4,138600000.0,244300000.0,0.458,244300000.0,138600000.0,125200000.0,2.48,2.44,2.48,1328900000.0,1279000000.0,1328900000.0,5025307481.0,36.0,20.57,-118300000.0,-3.439,1.0,243200000.0,0.456,0.0,13400000.0,2319200000.0,2217675000.0,0.0,0.0,0.0,0.0,779100000.0,117100000.0,662000000.0,4718207481.0,-37800000.0,0.0,16900000.0,59700000.0,-13800000.0,59900000.0,-235500000.0,11200000.0,137800000.0,0.0,85400000.0,85400000.0,85400000.0,0.0,0.0,0.16,112000000.0,131200000.0,13200000.0,0.161,3.55,55.248,54.935,1685300000.0,0.0,136.24,8.839,8.78,159100000.0,596600000.0,533800000.0,533800000.0,0.0,0.042,0.067,0.062,0.26,7000000.0,13300000.0,1.0,34631588.0,34400000,34825000.0,15.517,2108000000.0,0.0,39800000.0,230300000.0,61.279,171600000.0
82,VALPQ,MRT,2000-09-30,2000-09-30,2000-09-30,2021-06-25,-1100000.0,2050500000.0,1989800000.0,266600000.0,1783900000.0,0.223,37.428,-227900000.0,103200000.0,103200000.0,271400000.0,43800000.0,2.277,0.59,410300000.0,300000.0,410000000.0,410300000.0,0.0,104100000.0,0.0,0.003,0.4,76900000.0,181000000.0,0.409,181000000.0,76900000.0,63500000.0,1.2,1.2,1.2,1289400000.0,1255425000.0,1289400000.0,5591980864.0,73.0,30.895,-127500000.0,-3.701,1.0,171400000.0,0.387,0.0,13400000.0,2240500000.0,2157800000.0,0.0,0.0,0.0,0.0,761100000.0,117100000.0,644000000.0,5285680864.0,-91100000.0,0.0,17100000.0,34000000.0,-13800000.0,29100000.0,-220600000.0,-9700000.0,100400000.0,0.0,43800000.0,43800000.0,43800000.0,0.0,0.0,0.099,109200000.0,62200000.0,10300000.0,0.333,4.099,120.678,127.5,1650500000.0,0.0,153.0,11.937,11.903,140800000.0,557300000.0,442800000.0,442800000.0,0.0,0.022,0.035,0.036,0.174,6300000.0,12200000.0,1.0,34546934.0,34450000,34875000.0,12.853,2050500000.0,0.0,19700000.0,222000000.0,59.521,149500000.0
83,VALPQ,MRT,2000-06-30,2000-06-30,2000-06-30,2021-06-25,-1100000.0,1994900000.0,1970100000.0,239900000.0,1755000000.0,0.188,36.588,-249600000.0,105600000.0,105600000.0,252500000.0,7500000.0,2.436,0.586,411900000.0,1900000.0,410000000.0,411900000.0,0.0,105000000.0,0.0,0.003,0.4,24400000.0,129400000.0,0.35,129400000.0,24400000.0,10400000.0,0.16,0.16,0.16,1257700000.0,1242300000.0,1257700000.0,5227716596.0,214.0,40.4,-174800000.0,-5.085,1.0,116900000.0,0.316,0.0,14000000.0,2202700000.0,2104900000.0,0.0,0.0,0.0,0.0,737200000.0,98500000.0,638700000.0,4947416596.0,-147100000.0,0.0,9200000.0,34500000.0,-13700000.0,21800000.0,-243700000.0,-9700000.0,74800000.0,0.0,7500000.0,7500000.0,7500000.0,0.0,0.0,0.02,108700000.0,8200000.0,9700000.0,2.5,3.934,659.656,897.0,1622400000.0,0.0,143.52,13.393,13.355,113500000.0,535400000.0,369400000.0,369400000.0,0.0,0.004,0.006,0.012,0.066,4600000.0,11700000.0,1.0,34471966.0,34375000,34800000.0,10.746,1994900000.0,0.0,2900000.0,217000000.0,58.033,141400000.0
84,VALPQ,MRT,2000-03-31,2000-03-31,2000-03-31,2021-06-25,-1100000.0,1930100000.0,1967200000.0,200900000.0,1729200000.0,0.169,36.231,-254500000.0,82600000.0,82600000.0,247100000.0,-16600000.0,1.968,0.557,362900000.0,2800000.0,360100000.0,362900000.0,0.0,107200000.0,0.0,0.003,0.4,-5700000.0,101500000.0,0.306,101500000.0,-5700000.0,-22600000.0,-0.52,-0.52,-0.52,1240000000.0,1240575000.0,1240000000.0,5191247720.0,-911.0,51.145,-187600000.0,-5.481,1.0,85100000.0,0.256,0.0,16900000.0,2108300000.0,2048575000.0,0.0,0.0,0.0,0.0,690100000.0,102100000.0,588000000.0,4960447720.0,-212300000.0,0.0,7200000.0,-15400000.0,-13700000.0,-30000000.0,-249200000.0,-9700000.0,66900000.0,0.0,-16600000.0,-16600000.0,-16600000.0,0.0,0.0,-0.05,109500000.0,-24400000.0,7200000.0,-0.769,4.0,-298.822,-277.923,1596200000.0,0.0,144.52,14.932,14.889,96500000.0,524600000.0,332200000.0,332200000.0,0.0,-0.008,-0.013,-0.003,-0.017,1200000.0,11400000.0,1.0,34323607.0,34225000,34650000.0,9.706,1930100000.0,0.0,-6000000.0,213300000.0,56.394,98800000.0
85,VALPQ,MRT,1999-12-31,1999-12-31,1999-12-31,2021-06-25,-1100000.0,1983700000.0,1980500000.0,273200000.0,1710500000.0,0.184,36.179,-248100000.0,144400000.0,144400000.0,250800000.0,300000.0,2.027,0.607,375200000.0,4000000.0,371200000.0,375200000.0,0.0,108200000.0,0.0,0.004,0.4,23100000.0,131300000.0,0.361,131300000.0,23100000.0,3800000.0,0.0,0.0,0.0,1234600000.0,1246100000.0,1234600000.0,3271322575.0,142.0,24.915,-131900000.0,-3.865,1.0,112900000.0,0.31,0.0,19300000.0,2079700000.0,2007300000.0,0.0,20900000.0,20900000.0,0.0,749100000.0,134800000.0,614300000.0,3089422575.0,-185700000.0,0.0,2000000.0,-23700000.0,-13700000.0,-43400000.0,-258500000.0,-20900000.0,116200000.0,0.0,300000.0,300000.0,300000.0,0.0,0.0,0.001,109400000.0,3500000.0,8100000.0,,2.502,10298.075,,1577100000.0,0.0,90.0,8.494,8.444,85300000.0,525000000.0,363700000.0,363700000.0,0.0,0.0,0.0,0.012,0.064,1200000.0,11200000.0,1.0,34326918.0,34125000,34425000.0,10.658,1983700000.0,0.0,3500000.0,211600000.0,58.13,138400000.0
86,VALPQ,MRT,1999-09-30,1999-09-30,1999-09-30,2021-06-25,-1100000.0,1971700000.0,1982775000.0,298300000.0,1673400000.0,0.22,36.22,-280100000.0,194300000.0,194300000.0,273200000.0,26300000.0,2.392,0.594,376200000.0,4000000.0,372200000.0,376200000.0,0.0,106300000.0,0.0,0.006,0.4,66000000.0,172300000.0,0.395,172300000.0,66000000.0,45400000.0,0.84,0.84,0.84,1236900000.0,1248700000.0,1236900000.0,2604139051.0,39.0,15.114,-120900000.0,-3.54,1.0,163300000.0,0.374,0.0,20600000.0,2028900000.0,1962975000.0,0.0,0.0,0.0,0.0,734800000.0,124700000.0,610100000.0,2479439051.0,-99300000.0,0.0,-1100000.0,-28100000.0,-13800000.0,-46000000.0,-212500000.0,0.0,159200000.0,0.0,26300000.0,26300000.0,26300000.0,0.0,0.0,0.06,108800000.0,54500000.0,6700000.0,0.476,2.005,94.275,86.0,1550200000.0,0.0,72.24,5.68,5.652,80900000.0,527300000.0,436500000.0,436500000.0,0.0,0.013,0.021,0.034,0.151,600000.0,12500000.0,1.0,34322246.0,34150000,34150000.0,12.782,1971700000.0,0.0,19100000.0,206400000.0,57.736,173600000.0
87,VALPQ,MRT,1999-06-30,1999-06-30,1999-06-30,2021-06-25,-1100000.0,1983300000.0,1987425000.0,339800000.0,1643500000.0,0.272,36.68,-317800000.0,252700000.0,252700000.0,291600000.0,96300000.0,2.602,0.586,377400000.0,4100000.0,373300000.0,377400000.0,0.0,102600000.0,0.0,0.005,0.4,163800000.0,266400000.0,0.493,266400000.0,163800000.0,141600000.0,2.84,2.84,2.84,1250800000.0,1245950000.0,1250800000.0,2817027682.0,17.0,10.574,-53000000.0,-1.554,1.0,248300000.0,0.46,0.0,22200000.0,1977400000.0,1936550000.0,0.0,0.0,0.0,0.0,732500000.0,130600000.0,601900000.0,2733427682.0,-98600000.0,0.0,-63100000.0,-34400000.0,-13900000.0,-113400000.0,-250000000.0,0.0,264800000.0,0.0,96300000.0,96300000.0,96300000.0,0.0,0.0,0.178,105500000.0,142800000.0,9900000.0,0.141,2.185,28.385,28.085,1518500000.0,0.0,79.76,5.063,5.038,64400000.0,541700000.0,539900000.0,539900000.0,0.0,0.048,0.077,0.085,0.303,600000.0,13500000.0,1.0,34270658.0,34100000,34100000.0,15.833,1983300000.0,0.0,45300000.0,196800000.0,58.161,209200000.0
88,VALPQ,MRT,1999-03-31,1999-03-31,1999-03-31,2021-06-25,-1100000.0,1983300000.0,1988850000.0,398100000.0,1585200000.0,0.349,37.039,-329900000.0,294900000.0,294900000.0,312900000.0,186700000.0,3.218,0.571,378500000.0,4000000.0,374500000.0,378500000.0,0.0,97800000.0,0.0,0.008,0.4,300000000.0,397800000.0,0.573,397800000.0,300000000.0,276000000.0,5.4,5.4,5.4,1262100000.0,1240950000.0,1262100000.0,1893097593.0,6.0,4.759,38700000.0,1.136,1.0,381600000.0,0.549,0.0,24000000.0,1943200000.0,1909000000.0,0.0,0.0,0.0,0.0,721200000.0,123700000.0,597500000.0,1824097593.0,-23600000.0,0.0,-72500000.0,-42100000.0,-13900000.0,-130600000.0,-261600000.0,0.0,368600000.0,0.0,186700000.0,186700000.0,186700000.0,0.0,0.0,0.269,102000000.0,279600000.0,12800000.0,0.074,1.445,9.77,9.859,1460900000.0,0.0,53.24,2.626,2.612,80700000.0,555000000.0,694500000.0,694500000.0,0.0,0.094,0.15,0.157,0.432,600000.0,14700000.0,1.0,34261788.0,34075000,34150000.0,20.382,1983300000.0,0.0,89300000.0,190900000.0,58.204,274400000.0
89,VALPQ,MRT,1998-12-31,1998-12-31,1998-12-31,2021-06-25,-1100000.0,1992800000.0,1969925000.0,476300000.0,1516500000.0,0.413,35.673,-330800000.0,330100000.0,330100000.0,329100000.0,253900000.0,2.988,0.601,399100000.0,23600000.0,375500000.0,399100000.0,0.0,93600000.0,0.0,0.009,0.4,403900000.0,497500000.0,0.612,497500000.0,403900000.0,377700000.0,7.28,7.24,7.28,1245000000.0,1215675000.0,1245000000.0,1582118007.0,4.0,3.18,118500000.0,3.395,1.0,484100000.0,0.595,0.0,26200000.0,1902400000.0,1881725000.0,0.0,0.0,0.0,0.0,747800000.0,159400000.0,588400000.0,1471018007.0,67900000.0,0.0,-72600000.0,-30600000.0,-14100000.0,-119000000.0,-262400000.0,0.0,449300000.0,0.0,253900000.0,253900000.0,253900000.0,0.0,0.0,0.312,98900000.0,385200000.0,9100000.0,0.055,1.182,5.794,5.874,1389400000.0,0.0,42.76,1.809,1.835,118400000.0,538400000.0,813200000.0,813200000.0,0.0,0.129,0.209,0.215,0.497,600000.0,15400000.0,1.0,34401731.0,34900000,35150000.0,23.301,1992800000.0,0.0,123800000.0,180000000.0,57.1,316900000.0
90,VALPQ,MRT,1998-09-30,1998-09-30,1998-09-30,2021-06-25,-1100000.0,1990300000.0,1914725000.0,510900000.0,1479400000.0,0.467,35.278,-395500000.0,293600000.0,293600000.0,326900000.0,304400000.0,2.867,0.624,404700000.0,22700000.0,382000000.0,404700000.0,0.0,100700000.0,0.0,0.009,0.4,483600000.0,584300000.0,0.653,584300000.0,483600000.0,457400000.0,8.64,8.56,8.64,1225900000.0,1173600000.0,1225900000.0,1593879619.0,3.0,2.728,97000000.0,2.791,1.0,568100000.0,0.635,0.0,26200000.0,1923200000.0,1858375000.0,0.0,0.0,0.0,0.0,764400000.0,178200000.0,586200000.0,1532979619.0,171900000.0,2100000.0,-69600000.0,153700000.0,-14200000.0,72600000.0,-393200000.0,0.0,492500000.0,0.0,304400000.0,304400000.0,304400000.0,0.0,0.0,0.34,104100000.0,464000000.0,16400000.0,0.046,1.25,5.036,5.037,1338400000.0,0.0,43.52,1.713,1.69,149100000.0,514800000.0,895000000.0,895000000.0,0.0,0.159,0.259,0.26,0.54,0.0,15400000.0,1.0,35224716.0,34750000,34875000.0,25.755,1990300000.0,0.0,153000000.0,171400000.0,57.275,332700000.0
91,VALPQ,MRT,1998-06-30,1998-06-30,1998-06-30,2021-06-25,-1100000.0,1989000000.0,,526500000.0,1462500000.0,,34.842,-320400000.0,351300000.0,351300000.0,326800000.0,313200000.0,2.882,0.616,412200000.0,23400000.0,388800000.0,412200000.0,0.0,105400000.0,0.0,0.006,0.4,509300000.0,614700000.0,0.655,614700000.0,509300000.0,484300000.0,8.88,8.8,8.88,1230800000.0,,1230800000.0,2592288240.0,5.0,4.217,143600000.0,4.065,1.0,611700000.0,0.652,0.0,25000000.0,1867200000.0,,0.0,0.0,0.0,0.0,758200000.0,182700000.0,575500000.0,2489888240.0,279600000.0,2100000.0,-7700000.0,152400000.0,-14200000.0,132700000.0,-317100000.0,0.0,464000000.0,0.0,313200000.0,313200000.0,313200000.0,0.0,0.0,0.334,109900000.0,501800000.0,10900000.0,0.045,2.023,7.95,7.883,1320900000.0,0.0,70.0,2.653,2.635,155100000.0,459300000.0,938500000.0,938500000.0,0.0,,,,0.543,0.0,15100000.0,1.0,35569832.0,35325000,35675000.0,26.568,1989000000.0,0.0,171100000.0,150300000.0,56.306,343800000.0
92,VALPQ,MRT,1998-03-31,1998-03-31,1998-03-31,2021-06-25,-1100000.0,1907600000.0,,505900000.0,1401700000.0,,32.82,-331600000.0,318500000.0,318500000.0,320300000.0,284800000.0,2.876,0.643,420900000.0,25700000.0,395200000.0,420900000.0,0.0,110000000.0,0.0,0.003,0.3,468900000.0,578900000.0,0.643,578900000.0,468900000.0,445700000.0,8.08,8.0,8.08,1161000000.0,,1161000000.0,4133953954.0,9.0,7.141,93900000.0,2.654,1.0,579600000.0,0.644,0.0,23200000.0,1834100000.0,,0.0,0.0,0.0,0.0,746600000.0,175900000.0,570700000.0,3966053954.0,231000000.0,2100000.0,0.0,141200000.0,-10700000.0,134000000.0,-328500000.0,0.0,425500000.0,0.0,284800000.0,284800000.0,284800000.0,0.0,0.0,0.316,115200000.0,464400000.0,13100000.0,0.037,3.416,13.926,13.802,1261900000.0,0.0,111.52,4.407,4.384,166400000.0,382200000.0,899900000.0,899900000.0,0.0,,,,0.521,0.0,14800000.0,1.0,35563612.0,35375000,35725000.0,25.439,1907600000.0,0.0,160900000.0,139300000.0,53.925,330000000.0
93,VALPQ,MRT,1997-12-31,1997-12-31,1997-12-31,2021-06-25,-1100000.0,1772000000.0,1543700000.0,447100000.0,1324900000.0,0.528,30.545,-282300000.0,262200000.0,262200000.0,306700000.0,233900000.0,3.416,0.646,430100000.0,29300000.0,400800000.0,430100000.0,0.0,113400000.0,0.0,0.001,0.2,393100000.0,506500000.0,0.621,506500000.0,393100000.0,371700000.0,6.64,6.56,6.64,1076700000.0,961300000.0,1076700000.0,,,,54300000.0,1.54,1.0,508400000.0,0.624,0.0,21400000.0,1809000000.0,1616650000.0,0.0,0.0,0.0,0.0,695300000.0,130900000.0,564400000.0,4765523941.0,181500000.0,2100000.0,0.0,127800000.0,-7100000.0,124500000.0,-279600000.0,0.0,336600000.0,0.0,233900000.0,233900000.0,233900000.0,0.0,0.0,0.287,119100000.0,389300000.0,7800000.0,0.03,4.426,20.374,20.181,1177100000.0,0.0,134.0,5.847,5.795,157200000.0,298600000.0,815100000.0,815100000.0,0.0,0.152,0.243,0.243,0.482,0.0,14300000.0,1.0,35563612.0,35250000,35725000.0,23.123,1772000000.0,0.0,137800000.0,128200000.0,50.27,316200000.0
94,VALPQ,MRT,1997-09-30,1997-09-30,1997-09-30,2021-06-25,,,,,,,,,,,,,,,,,,,,,,0.001,0.1,,,,,,,,,,,,,,,,,,1.0,,,,,,,,,,,,,,,,,,,,,,,,,,,,,,,,,,,,,,,,158.0,,,,,,,,,,,,,,1.0,,35300000,,,,,,,,
95,VALPQ,MRT,1997-06-30,1997-06-30,1997-06-30,2021-06-25,,,,,,,,,,,,,,,,,,,,,,0.0,0.0,,,,,,,,,,,,,,,,,,1.0,,,,,,,,,,,,,,,,,,,,,,,,,,,,,,,,,,,,,,,,105.5,,,,,,,,,,,,,,1.0,,35250000,,,,,,,,
96,VALPQ,MRT,1997-03-31,1997-03-31,1997-03-31,2021-06-25,,,,,,,,,,,,,,,,,,,,,,0.0,0.0,,,,,,,,,,,,,,,,,,1.0,,,,,,,,,,,,,,,,,,,,,,,,,,,,,,,,,,,,,,,,98.5,,,,,,,,,,,,,,1.0,,35200000,,,,,,,,
97,VALPQ,MRT,1996-12-31,1996-12-31,1996-12-31,2021-06-25,-1100000.0,1315400000.0,,211400000.0,1104000000.0,,25.731,-176000000.0,80700000.0,80700000.0,227300000.0,95400000.0,2.035,0.555,293500000.0,34900000.0,258600000.0,293500000.0,0.0,86200000.0,0.0,0.0,0.0,160200000.0,246400000.0,0.526,246400000.0,160200000.0,139400000.0,2.92,2.88,2.92,845900000.0,,845900000.0,,,,22600000.0,0.687,1.0,241500000.0,0.515,0.0,20800000.0,1424300000.0,,0.0,0.0,0.0,0.0,469500000.0,103900000.0,365600000.0,,3600000.0,18900000.0,0.0,-44500000.0,0.0,-44900000.0,-150100000.0,5000000.0,198600000.0,0.0,95400000.0,95400000.0,95400000.0,0.0,0.0,0.203,92800000.0,148700000.0,11500000.0,0.0,,,33.219,991600000.0,0.0,97.0,,6.802,111000000.0,71800000.0,468800000.0,468800000.0,0.0,,,,0.342,0.0,11000000.0,1.0,,32875000,33275000.0,14.26,1315400000.0,0.0,44000000.0,73000000.0,40.012,107500000.0
98,VALPQ,MRT,1995-12-31,1995-12-31,1995-12-31,2021-06-25,,,,,,,,-143200000.0,,,155900000.0,48100000.0,,,,,,,,61800000.0,,0.0,0.0,68100000.0,129900000.0,0.465,129900000.0,68100000.0,51500000.0,1.6,1.6,1.6,,,,,,,-58600000.0,-1.955,1.0,123200000.0,0.441,,16600000.0,,,,,,,,,,,-70800000.0,11800000.0,-7200000.0,-16700000.0,0.0,-23500000.0,-131900000.0,800000.0,84600000.0,0.0,48100000.0,48100000.0,48100000.0,-6300000.0,0.0,0.172,68000000.0,55200000.0,,0.0,,,28.75,,0.0,46.0,,4.94,,,279100000.0,279100000.0,0.0,,,,0.244,0.0,9600000.0,1.0,,29975000,30200000.0,9.311,,,3400000.0,,,
