None,ticker,dimension,calendardate,datekey,reportperiod,lastupdated,accoci,assets,assetsavg,assetsc,assetsnc,assetturnover,bvps,capex,cashneq,cashnequsd,cor,consolinc,currentratio,de,debt,debtc,debtnc,debtusd,deferredrev,depamor,deposits,divyield,dps,ebit,ebitda,ebitdamargin,ebitdausd,ebitusd,ebt,eps,epsdil,epsusd,equity,equityavg,equityusd,ev,evebit,evebitda,fcf,fcfps,fxusd,gp,grossmargin,intangibles,intexp,invcap,invcapavg,inventory,investments,investmentsc,investmentsnc,liabilities,liabilitiesc,liabilitiesnc,marketcap,ncf,ncfbus,ncfcommon,ncfdebt,ncfdiv,ncff,ncfi,ncfinv,ncfo,ncfx,netinc,netinccmn,netinccmnusd,netincdis,netincnci,netmargin,opex,opinc,payables,payoutratio,pb,pe,pe1,ppnenet,prefdivis,price,ps,ps1,receivables,retearn,revenue,revenueusd,rnd,roa,roe,roic,ros,sbcomp,sgna,sharefactor,sharesbas,shareswa,shareswadil,sps,tangibles,taxassets,taxexp,taxliabilities,tbvps,workingcapital
0,CVC,MRY,2015-12-31,2015-12-31,2015-12-31,2021-08-25,-37672000.0,6800174000.0,6739798500.0,1875586000.0,4924588000.0,0.966,-18.231,-820024000.0,1003279000.0,1003279000.0,3198194000.0,175248000.0,0.857,-2.385,9567299000.0,1013136000.0,8554163000.0,9567299000.0,59789000.0,865252000.0,0.0,0.014,0.45,916085000.0,1781337000.0,0.274,1781337000.0,916085000.0,330321000.0,0.65,0.63,0.65,-4911316000.0,-4964917750.0,-4911316000.0,17585266590.0,19.0,9.872,438063000.0,1.626,1.0,3311549000.0,0.509,2250376000.0,585764000.0,10926054000.0,11296374250.0,0.0,0.0,0.0,0.0,11711758000.0,2187764000.0,9523994000.0,8826674590.0,152866000.0,0.0,-414000.0,-147563000.0,-125170000.0,-276904000.0,-827803000.0,-7779000.0,1258087000.0,0.0,175449000.0,175449000.0,175449000.0,12541000.0,-201000.0,0.027,2463078000.0,848471000.0,483382000.0,0.692,-1.797,50.309,49.077,3017015000.0,0.0,31.9,1.356,1.32,267150000.0,-4059411000.0,6509743000.0,6509743000.0,0.0,0.026,-0.035,0.081,0.141,54627000.0,1599475000.0,1.0,276698263.0,269388000,276339000.0,24.165,4549798000.0,14596000.0,154872000.0,0.0,16.889,-312178000.0
1,CVC,MRY,2014-12-31,2014-12-31,2014-12-31,2021-08-25,-42235000.0,6765171000.0,6643229750.0,1930666000.0,4834505000.0,0.973,-19.052,-886693000.0,850413000.0,850413000.0,3136808000.0,312204000.0,1.103,-2.34,9693022000.0,558368000.0,9134654000.0,9693022000.0,57633000.0,866502000.0,0.0,0.029,0.6,1003207000.0,1869709000.0,0.289,1869709000.0,1003207000.0,427207000.0,1.18,1.15,1.18,-5041469000.0,-5120957000.0,-5041469000.0,14551920035.0,15.0,7.783,491578000.0,1.858,1.0,3324138000.0,0.514,2286485000.0,576000000.0,11571127000.0,11752049000.0,0.0,0.0,0.0,0.0,11797185000.0,1750168000.0,10047017000.0,5647723035.0,148189000.0,0.0,48747000.0,-220153000.0,-160545000.0,-346902000.0,-888062000.0,-1369000.0,1378271000.0,0.0,311439000.0,311439000.0,311439000.0,-2822000.0,765000.0,0.048,2402880000.0,921258000.0,461412000.0,0.508,-1.12,18.134,17.492,3025747000.0,0.0,20.64,0.874,0.845,279258000.0,-4234860000.0,6460946000.0,6460946000.0,0.0,0.047,-0.061,0.085,0.155,43648000.0,1533898000.0,1.0,273629992.0,264623000,270703000.0,24.416,4478686000.0,37943000.0,115768000.0,0.0,16.925,180498000.0
2,CVC,MRY,2013-12-31,2013-12-31,2013-12-31,2021-08-25,-42694000.0,6591076000.0,6951116250.0,1724434000.0,4866642000.0,0.897,-20.265,-947480000.0,702224000.0,702224000.0,3079226000.0,465641000.0,1.197,-2.245,9759234000.0,339451000.0,9419783000.0,9759234000.0,52464000.0,909147000.0,0.0,0.033,0.6,1132398000.0,2041545000.0,0.328,2041545000.0,1132398000.0,531296000.0,1.79,1.75,1.79,-5284330000.0,-5462168500.0,-5284330000.0,13869113025.0,12.0,6.793,187497000.0,0.719,1.0,3152926000.0,0.506,2170024000.0,601102000.0,12037010000.0,12805971000.0,0.0,0.0,0.0,0.0,11865326000.0,1441052000.0,10424274000.0,4798105025.0,369614000.0,0.0,5858000.0,-473335000.0,-159709000.0,-655054000.0,-948658000.0,-1178000.0,1134977000.0,31893000.0,465661000.0,465661000.0,465661000.0,-338316000.0,-20000.0,0.075,2453702000.0,699224000.0,453870000.0,0.335,-0.908,10.304,10.017,2978353000.0,0.0,17.93,0.77,0.75,286282000.0,-4546299000.0,6232152000.0,6232152000.0,0.0,0.067,-0.085,0.088,0.182,51435000.0,1521005000.0,1.0,267602065.0,260763000,265935000.0,23.9,4421052000.0,159824000.0,65635000.0,0.0,16.954,283382000.0
3,CVC,MRY,2012-12-31,2012-12-31,2012-12-31,2021-08-25,-30763000.0,7250289000.0,7153954000.0,1377552000.0,5872737000.0,0.857,-21.502,-995926000.0,332610000.0,332610000.0,3001577000.0,233613000.0,0.812,-2.283,10027526000.0,435779000.0,9591747000.0,10027526000.0,63035000.0,907775000.0,0.0,0.04,0.6,946569000.0,1854344000.0,0.302,1854344000.0,946569000.0,285517000.0,0.89,0.87,0.89,-5639164000.0,-5666223750.0,-5639164000.0,14819587578.0,16.0,7.992,65282000.0,0.249,1.0,3130098000.0,0.51,1903182000.0,661052000.0,13345010000.0,13586718000.0,0.0,0.0,0.0,0.0,12876296000.0,1697013000.0,11179283000.0,3931609578.0,-256694000.0,750000.0,-1109000.0,-284879000.0,-163872000.0,-661539000.0,-993072000.0,955000.0,1061208000.0,-9250000.0,233523000.0,233523000.0,233523000.0,-159288000.0,90000.0,0.038,2361050000.0,769048000.0,493473000.0,0.674,-0.697,16.836,16.787,2929933000.0,0.0,14.94,0.641,0.639,324720000.0,-5011960000.0,6131675000.0,6131675000.0,0.0,0.033,-0.041,0.07,0.154,60646000.0,1454045000.0,1.0,263159945.0,262258000,267330000.0,23.38,5347107000.0,139523000.0,51994000.0,0.0,20.389,-319461000.0
4,CVC,MRY,2011-12-31,2011-12-31,2011-12-31,2021-08-25,-21468000.0,7143325000.0,7455358000.0,1354952000.0,5788373000.0,0.827,-20.175,-736028000.0,641015000.0,641015000.0,2653978000.0,292281000.0,0.849,-2.278,11158782000.0,366030000.0,10792752000.0,11158782000.0,72495000.0,846533000.0,0.0,0.04,0.575,1199212000.0,2045745000.0,0.332,2045745000.0,1199212000.0,512409000.0,1.06,1.02,1.06,-5575855000.0,-5763697750.0,-5575855000.0,14399402094.0,12.0,7.039,569154000.0,2.059,1.0,3508630000.0,0.569,2501001000.0,686803000.0,13564663000.0,13623700500.0,0.0,0.0,0.0,0.0,12703628000.0,1595428000.0,11108200000.0,3973805094.0,301438000.0,750000.0,-29084000.0,503666000.0,-162032000.0,-269778000.0,-735228000.0,50000.0,1305182000.0,-114395000.0,291857000.0,291857000.0,291857000.0,-954000.0,424000.0,0.047,2250905000.0,1257725000.0,488336000.0,0.542,-0.713,13.616,13.415,3269232000.0,0.0,14.22,0.645,0.638,305374000.0,-5245483000.0,6162608000.0,6162608000.0,0.0,0.039,-0.051,0.088,0.195,44569000.0,1398061000.0,1.0,279451835.0,276369000,284904000.0,22.298,4642324000.0,84925000.0,220552000.0,0.0,16.798,-240476000.0
5,CVC,MRY,2010-12-31,2010-12-31,2010-12-31,2021-08-25,-23325000.0,8867092000.0,7841123750.0,1666282000.0,7200810000.0,0.788,-21.479,-823038000.0,315140000.0,315140000.0,2663748000.0,361597000.0,0.763,-2.406,11708546000.0,646114000.0,11062432000.0,11708546000.0,63678000.0,887092000.0,0.0,0.014,0.475,1186008000.0,2073100000.0,0.336,2073100000.0,1186008000.0,474715000.0,1.23,1.2,1.23,-6296918000.0,-6237894750.0,-6296918000.0,21223942839.0,18.0,10.238,784969000.0,2.678,1.0,3513827000.0,0.569,2513198000.0,711293000.0,15562904000.0,14344953000.0,0.0,0.0,0.0,0.0,15147827000.0,2184396000.0,12963431000.0,10153627839.0,92702000.0,-1449124000.0,0.0,1286335000.0,0.0,695906000.0,-2272029000.0,133000.0,1608007000.0,-15814000.0,360948000.0,360948000.0,360948000.0,-153848000.0,649000.0,0.058,2327765000.0,1186062000.0,467333000.0,0.386,-1.612,28.13,27.512,3361590000.0,0.0,33.84,1.644,1.606,325119000.0,-5494829000.0,6177575000.0,6177575000.0,0.0,0.046,-0.058,0.083,0.192,48434000.0,1440731000.0,1.0,300048104.0,293165000,301880000.0,21.072,6353894000.0,202932000.0,113767000.0,0.0,21.673,-518114000.0
6,CVC,MRY,2009-12-31,2009-12-31,2009-12-31,2021-08-25,-49760000.0,9555730000.0,9635680000.0,2280450000.0,7275280000.0,0.612,-17.672,-739481000.0,245032000.0,245032000.0,2532844000.0,285299000.0,0.994,-2.851,11566823000.0,727146000.0,10839677000.0,11566823000.0,80823000.0,916408000.0,0.0,0.015,0.4,1071941000.0,1988349000.0,0.337,1988349000.0,1071941000.0,398749000.0,0.98,0.96,0.98,-5155955000.0,-5254491000.0,-5155955000.0,19813373053.0,18.0,9.965,657594000.0,2.254,1.0,3367230000.0,0.571,2775486000.0,673192000.0,15806710000.0,15497879750.0,0.0,0.0,0.0,0.0,14698989000.0,2295325000.0,12403664000.0,7792147053.0,-24403000.0,66202000.0,0.0,-883660000.0,0.0,-833472000.0,-667273000.0,1131000.0,1397075000.0,-43338000.0,285572000.0,285572000.0,285572000.0,-161467000.0,-273000.0,0.048,2311516000.0,1055714000.0,415331000.0,0.408,-1.511,27.286,26.347,2973581000.0,0.0,25.82,1.321,1.277,533188000.0,-4749714000.0,5900074000.0,5900074000.0,0.0,0.03,-0.054,0.069,0.182,47143000.0,1389525000.0,1.0,301787260.0,291759000,298444000.0,20.222,6780244000.0,522799000.0,113177000.0,0.0,23.239,-14875000.0
7,CVC,MRY,2008-12-31,2008-12-31,2008-12-31,2021-08-25,-35025000.0,9383208000.0,9532336000.0,1858869000.0,7524339000.0,0.663,-18.492,-864616000.0,333475000.0,333475000.0,2645831000.0,-236172000.0,0.809,-2.746,11990423000.0,704693000.0,11285730000.0,11990423000.0,195390000.0,1441532000.0,0.0,0.012,0.2,476648000.0,1918180000.0,0.304,1918180000.0,476648000.0,-317008000.0,-0.79,-0.79,-0.79,-5367991000.0,-4696596250.0,-5367991000.0,16618044765.0,35.0,8.663,447284000.0,1.541,1.0,3674021000.0,0.581,3910905000.0,793656000.0,14830322000.0,13832043250.0,0.0,0.0,0.0,0.0,14738854000.0,2298929000.0,12439925000.0,5001811765.0,47575000.0,-781514000.0,0.0,455922000.0,0.0,369928000.0,-1650971000.0,32000.0,1311900000.0,84655000.0,-228064000.0,-228064000.0,-228064000.0,-6166000.0,-8108000.0,-0.036,2996277000.0,677744000.0,385966000.0,-0.253,-0.932,-21.932,-21.316,3472640000.0,0.0,16.84,0.791,0.774,650286000.0,-5035286000.0,6319852000.0,6319852000.0,0.0,-0.024,0.049,0.034,0.075,51703000.0,1504862000.0,1.0,297019701.0,290286000,290286000.0,21.771,5472303000.0,285305000.0,-88944000.0,0.0,18.851,-440060000.0
8,CVC,MRY,2007-12-31,2007-12-31,2007-12-31,2021-08-25,2857000.0,9140577000.0,9668168500.0,1744287000.0,7396290000.0,0.671,-17.687,-794741000.0,419078000.0,419078000.0,2891581000.0,217832000.0,0.742,-2.793,11620787000.0,835441000.0,10785346000.0,11620787000.0,211349000.0,1118888000.0,0.0,0.0,0.0,1237972000.0,2356860000.0,0.363,2356860000.0,1237972000.0,297120000.0,0.76,0.74,0.76,-5098790000.0,-5172277000.0,-5098790000.0,18484895978.0,15.0,7.843,141148000.0,0.49,1.0,3592900000.0,0.554,3830369000.0,940852000.0,14160379000.0,15168639250.0,0.0,0.0,0.0,0.0,14239367000.0,2351538000.0,11887829000.0,7206729978.0,-58242000.0,212904000.0,0.0,-804193000.0,0.0,-813944000.0,-551242000.0,24783000.0,935889000.0,0.0,218153000.0,218153000.0,218153000.0,-195235000.0,-321000.0,0.034,2682349000.0,910551000.0,370044000.0,0.0,-1.413,33.035,32.237,3472203000.0,0.0,24.5,1.111,1.089,584025000.0,-4806543000.0,6484481000.0,6484481000.0,0.0,0.023,-0.042,0.082,0.191,53077000.0,1558728000.0,1.0,294152244.0,288271000,294604000.0,22.494,5310208000.0,232984000.0,78967000.0,0.0,18.421,-607251000.0
9,CVC,MRY,2006-12-31,2006-12-31,2006-12-31,2021-08-25,-11950000.0,9844857000.0,10536123500.0,1667447000.0,8177410000.0,0.553,-18.825,-869680000.0,535791000.0,535791000.0,2651890000.0,-126465000.0,0.686,-2.844,12485342000.0,720865000.0,11764477000.0,12485342000.0,176800000.0,1119829000.0,0.0,0.351,10.0,661275000.0,1781104000.0,0.306,1781104000.0,661275000.0,-266927000.0,-0.45,-0.45,-0.45,-5339253000.0,-4684113500.0,-5339253000.0,20344380914.0,31.0,11.422,58095000.0,0.205,1.0,3176603000.0,0.545,4078677000.0,928202000.0,15285033000.0,15881154500.0,0.0,49950000.0,0.0,49950000.0,15184110000.0,2430698000.0,12753412000.0,8319817914.0,23295000.0,0.0,0.0,2915304000.0,0.0,-149390000.0,-872709000.0,-93000.0,927775000.0,0.0,-126465000.0,-126465000.0,-126465000.0,-16428000.0,0.0,-0.022,2587711000.0,588892000.0,389400000.0,-22.222,-1.558,-65.788,-63.289,3713030000.0,0.0,28.48,1.427,1.386,546192000.0,-5027473000.0,5828493000.0,5828493000.0,0.0,-0.012,0.027,0.042,0.113,63675000.0,1471366000.0,1.0,292128438.0,283627000,283627000.0,20.55,5766180000.0,184032000.0,-140462000.0,0.0,20.33,-763251000.0
10,CVC,MRY,2005-12-31,2005-12-31,2005-12-31,2021-08-25,-3562000.0,9851112000.0,10326947000.0,2161624000.0,7689488000.0,0.492,-8.844,-776131000.0,405950000.0,405950000.0,2249367000.0,89320000.0,0.835,-4.951,9836699000.0,883358000.0,8953341000.0,9836699000.0,178733000.0,1074711000.0,0.0,0.0,0.0,771640000.0,1846351000.0,0.363,1846351000.0,771640000.0,7101000.0,0.32,0.32,0.32,-2493380000.0,-2558969500.0,-2493380000.0,16558647950.0,21.0,8.968,110232000.0,0.391,1.0,2832678000.0,0.557,4043274000.0,764539000.0,12649107000.0,13057381250.0,0.0,49871000.0,10408000.0,39463000.0,12344492000.0,2589480000.0,9755012000.0,6773591950.0,-383970000.0,-4231000.0,13942000.0,-661606000.0,0.0,-644594000.0,-762960000.0,-9940000.0,886363000.0,191000.0,89320000.0,89320000.0,89320000.0,-226274000.0,0.0,0.018,2358112000.0,474566000.0,373362000.0,0.0,-2.717,75.835,73.344,3868077000.0,0.0,23.47,1.333,1.302,570365000.0,-3440967000.0,5082045000.0,5082045000.0,0.0,0.009,-0.035,0.059,0.152,28870000.0,1283938000.0,1.0,288606389.0,281936000,281936000.0,18.026,5807838000.0,36450000.0,-82219000.0,0.0,20.6,-427856000.0
11,CVC,MRY,2004-12-31,2004-12-31,2004-12-31,2021-08-25,-3935000.0,11387592000.0,11368248750.0,2381797000.0,9005795000.0,0.407,-9.221,-706534000.0,915923000.0,915923000.0,2191247000.0,-678945000.0,1.116,-5.302,11002672000.0,634444000.0,10368228000.0,11002672000.0,135945000.0,1138675000.0,0.0,0.0,0.0,-159334000.0,979341000.0,0.211,979341000.0,-159334000.0,-880342000.0,-2.36,-2.36,-2.36,-2647264000.0,-2336289500.0,-2647264000.0,17331847046.0,-109.0,17.697,-20698000.0,-0.072,1.0,2441290000.0,0.527,4083762000.0,721008000.0,15256519000.0,14813985250.0,0.0,31119000.0,3819000.0,27300000.0,14034856000.0,2134060000.0,11900796000.0,7151947046.0,541478000.0,-84738000.0,7270000.0,2564386000.0,0.0,805200000.0,-792315000.0,34754000.0,685836000.0,-191000.0,-678945000.0,-678945000.0,-678945000.0,185476000.0,0.0,-0.147,2226764000.0,214526000.0,347355000.0,0.0,-2.702,-10.534,-10.551,4013814000.0,0.0,24.9,1.544,1.543,547700000.0,-3530287000.0,4632537000.0,4632537000.0,0.0,-0.06,0.291,-0.011,-0.034,30341000.0,1184682000.0,1.0,287226789.0,287085000,287085000.0,16.136,7303830000.0,127559000.0,-201397000.0,0.0,25.441,247737000.0
12,CVC,MRY,2003-12-31,2003-12-31,2003-12-31,2021-08-25,-952000.0,11230210000.0,10734198250.0,1102827000.0,10127383000.0,0.375,-6.97,-828062000.0,326962000.0,326962000.0,1864579000.0,-306412000.0,0.697,-6.604,8501417000.0,126675000.0,8374742000.0,8501417000.0,134031000.0,1042850000.0,0.0,0.0,0.0,332880000.0,1375730000.0,0.342,1375730000.0,332880000.0,-282788000.0,-1.07,-1.07,-1.07,-1989802000.0,-1844436000.0,-1989802000.0,14719259391.0,44.0,10.699,-391604000.0,-1.372,1.0,2158630000.0,0.537,4314656000.0,615668000.0,13507861000.0,13133253250.0,0.0,31323000.0,5874000.0,25449000.0,13140011000.0,1582148000.0,11557863000.0,6707205391.0,152560000.0,-179728000.0,2722000.0,335255000.0,0.0,398148000.0,-561249000.0,446541000.0,436458000.0,0.0,-306412000.0,-306412000.0,-306412000.0,22476000.0,0.0,-0.076,2143197000.0,15433000.0,368080000.0,0.0,-3.371,-21.889,-21.86,4593210000.0,0.0,23.39,1.667,1.66,526113000.0,-2768972000.0,4023209000.0,4023209000.0,0.0,-0.029,0.166,0.025,0.083,36059000.0,1094380000.0,1.0,286755254.0,285486000,285486000.0,14.092,6915554000.0,107660000.0,23624000.0,0.0,24.224,-479321000.0
13,CVC,MRY,2002-12-31,2002-12-31,2002-12-31,2021-08-25,-1790000.0,10510146000.0,10311982000.0,877785000.0,9632361000.0,0.369,-5.868,-1305922000.0,125940000.0,125940000.0,1738637000.0,93883000.0,0.538,-6.206,7696982000.0,20745000.0,7676237000.0,7696982000.0,130881000.0,873648000.0,0.0,0.0,0.0,525981000.0,1399629000.0,0.368,1399629000.0,525981000.0,19501000.0,0.32,0.29,0.32,-1722361000.0,-1815355750.0,-1722361000.0,12430088894.0,24.0,8.881,-900006000.0,-3.066,1.0,2063198000.0,0.543,3315069000.0,506480000.0,13135734000.0,12901671750.0,0.0,397943000.0,0.0,397943000.0,10688213000.0,1630385000.0,9057828000.0,5054226894.0,17950000.0,0.0,3241000.0,996183000.0,0.0,983646000.0,-1339547000.0,-33625000.0,405916000.0,0.0,93883000.0,93883000.0,93883000.0,-562667000.0,0.0,0.025,1872199000.0,190999000.0,635421000.0,0.0,-2.934,53.835,52.312,4665825000.0,0.0,16.74,1.329,1.292,461290000.0,-2471733000.0,3801835000.0,3801835000.0,0.0,0.009,-0.052,0.041,0.138,0.0,924460000.0,1.0,301925143.0,293516000,331959000.0,12.953,7195077000.0,0.0,-74382000.0,0.0,24.513,-752600000.0
14,CVC,MRY,2001-12-31,2001-12-31,2001-12-31,2021-08-25,0.0,10220116000.0,10015137750.0,938868000.0,9281248000.0,0.359,-5.625,-1351748000.0,107990000.0,107990000.0,1685252000.0,981450000.0,0.583,-5.925,7006106000.0,34028000.0,6972078000.0,7006106000.0,140537000.0,1115494000.0,0.0,0.0,0.0,1742399000.0,2857893000.0,0.795,2857893000.0,1742399000.0,1207027000.0,3.48,3.43,3.48,-1585906000.0,-1471759750.0,-1585906000.0,14695823466.0,8.0,5.142,-1568878000.0,-5.565,1.0,1909795000.0,0.531,4049679000.0,535372000.0,11457370000.0,12472925000.0,0.0,99351000.0,0.0,99351000.0,9396781000.0,1611183000.0,7785598000.0,8318081466.0,70050000.0,0.0,12514000.0,435075000.0,0.0,651389000.0,-295072000.0,-61477000.0,-217130000.0,0.0,981450000.0,981450000.0,981450000.0,61841000.0,0.0,0.273,2121648000.0,-211853000.0,569544000.0,0.0,-5.245,8.475,13.635,4014583000.0,0.0,47.45,2.314,3.721,454449000.0,-2563316000.0,3595047000.0,3595047000.0,0.0,0.098,-0.667,0.14,0.485,82861000.0,963432000.0,1.0,175302033.0,281938000,285731000.0,12.751,6170437000.0,0.0,225577000.0,0.0,21.886,-672315000.0
15,CVC,MRY,2000-12-31,2000-12-31,2000-12-31,2021-08-25,286440000.0,8273290000.0,7677058750.0,1123489000.0,7149801000.0,0.511,-9.118,-1322389000.0,37940000.0,37940000.0,1909043000.0,229253000.0,0.68,-3.427,6539461000.0,84816000.0,6454645000.0,6539461000.0,150742000.0,941657000.0,0.0,0.0,0.0,827030000.0,1768687000.0,0.451,1768687000.0,827030000.0,263105000.0,0.83,0.82,0.83,-2529879000.0,-3117842250.0,-2529879000.0,21790605577.0,26.0,12.32,-1237352000.0,-4.459,1.0,2015452000.0,0.514,2350542000.0,563925000.0,10772832000.0,11273006000.0,0.0,1025782000.0,0.0,1025782000.0,8670890000.0,1651437000.0,7019453000.0,14838462577.0,-24725000.0,-189493000.0,25594000.0,379304000.0,0.0,386240000.0,-521062000.0,-180000.0,85037000.0,0.0,229253000.0,229253000.0,229253000.0,58905000.0,0.0,0.058,2008337000.0,7115000.0,500240000.0,0.0,-5.865,64.725,102.337,3285674000.0,0.0,84.94,3.781,6.006,453779000.0,-3571049000.0,3924495000.0,3924495000.0,0.0,0.03,-0.074,0.073,0.211,0.0,1066680000.0,1.0,174693461.0,277473000,280751000.0,14.144,5922748000.0,0.0,33852000.0,0.0,21.345,-527948000.0
16,CVC,MRY,1999-12-31,1999-12-31,1999-12-31,2021-08-25,0.0,7130308000.0,6782664500.0,,,0.581,-19.598,-874775000.0,62665000.0,62665000.0,2020183000.0,-800607000.0,,-2.674,6094701000.0,,,6094701000.0,274043000.0,893797000.0,0.0,0.0,0.0,-304052000.0,589745000.0,0.15,589745000.0,-304052000.0,-774601000.0,-4.99,-4.99,-4.99,-3067083000.0,-3000115750.0,-3067083000.0,18872770904.0,-62.0,32.002,-600658000.0,-3.838,1.0,1922802000.0,0.488,2641057000.0,470549000.0,10521287000.0,9718798250.0,335826000.0,314865000.0,,,8200297000.0,,,13056611904.0,-111161000.0,-167598000.0,14671000.0,678572000.0,0.0,646234000.0,-1031512000.0,10861000.0,274117000.0,0.0,-781244000.0,-781244000.0,-781244000.0,0.0,-19363000.0,-0.198,2096916000.0,-174114000.0,458489000.0,0.0,-4.257,-16.713,-15.13,2752495000.0,0.0,75.5,3.311,2.997,355900000.0,-3800302000.0,3942985000.0,3942985000.0,0.0,-0.115,0.26,-0.031,-0.077,0.0,1203119000.0,1.0,172935257.0,156503000,156503000.0,25.194,4489251000.0,0.0,6643000.0,0.0,28.685,
17,CVC,MRY,1998-12-31,1998-12-31,1998-12-31,2021-08-25,0.0,7061062000.0,6208422000.0,,,0.526,-18.39,-566078000.0,173826000.0,173826000.0,1635888000.0,-448504000.0,,-2.823,5357608000.0,,,5357608000.0,334213000.0,734107000.0,0.0,0.0,0.0,-558000.0,733549000.0,0.225,733549000.0,-558000.0,-426960000.0,-3.01,-3.01,-3.01,-2611685000.0,-2500070750.0,-2611685000.0,11909813472.0,-21344.0,16.236,-166006000.0,-1.169,1.0,1629255000.0,0.499,3060237000.0,426402000.0,9184607000.0,8300448250.0,293310000.0,276231000.0,,,7374070000.0,,,7555274472.0,-236315000.0,-348629000.0,12082000.0,62766000.0,0.0,-167964000.0,-468423000.0,0.0,400072000.0,0.0,-426960000.0,-426960000.0,-426960000.0,0.0,-21544000.0,-0.131,1640572000.0,-11317000.0,460003000.0,0.0,-2.893,-17.696,-16.654,2506834000.0,0.0,50.13,2.314,2.18,386181000.0,-2999695000.0,3265143000.0,3265143000.0,0.0,-0.069,0.171,0.0,0.0,0.0,906465000.0,1.0,150713634.0,142016000,142016000.0,22.991,4000825000.0,0.0,0.0,0.0,28.172,
18,CVC,MRY,1997-12-31,1997-12-31,1997-12-31,2021-08-25,0.0,5614788000.0,4324756500.0,,,0.451,-23.881,489251000.0,410141000.0,410141000.0,853800000.0,-12104000.0,,-2.542,4496879000.0,,,4496879000.0,277693000.0,499809000.0,0.0,0.0,0.0,356596000.0,856405000.0,0.439,856405000.0,356596000.0,-12104000.0,-0.12,-0.12,-0.12,-2378773000.0,-2376529000.0,-2378773000.0,,,,730714000.0,7.336,1.0,1095558000.0,0.562,2252889000.0,368700000.0,7448637000.0,6317586000.0,180576000.0,207776000.0,,,6047971000.0,,,1792095635.0,398529000.0,-737867000.0,7616000.0,559708000.0,0.0,405682000.0,-248616000.0,0.0,241463000.0,0.0,-12104000.0,-12104000.0,-12104000.0,0.0,0.0,-0.006,1014383000.0,81175000.0,298453000.0,0.0,-0.753,-148.058,-199.479,1831167000.0,0.0,23.938,0.919,1.223,313477000.0,-2551191000.0,1949358000.0,1949358000.0,0.0,-0.003,0.005,0.056,0.183,0.0,514574000.0,1.0,74865614.0,99608000,99608000.0,19.57,3361899000.0,0.0,0.0,0.0,33.751,
19,CVC,MRY,1996-12-31,1996-12-31,1996-12-31,2021-08-25,0.0,3034725000.0,,,,,-23.908,-449117000.0,11612000.0,11612000.0,538272000.0,-332079000.0,,-1.639,3141882000.0,,,3141882000.0,0.0,388982000.0,0.0,0.0,0.0,-63902000.0,325080000.0,0.247,325080000.0,-63902000.0,-332079000.0,-4.63,-4.63,-4.63,-2374285000.0,,-2374285000.0,,,,-248737000.0,-2.505,1.0,776870000.0,0.591,978460000.0,268177000.0,5186535000.0,,134258000.0,311865000.0,,,3890945000.0,,,,-3720000.0,-292631000.0,3229000.0,-32586000.0,0.0,537648000.0,-741748000.0,0.0,200380000.0,0.0,-332079000.0,-459859000.0,-459859000.0,0.0,0.0,-0.35,702458000.0,74412000.0,208276000.0,0.0,,,-1.654,1390971000.0,127780000.0,7.657,,0.578,124774000.0,-2539087000.0,1315142000.0,1315142000.0,0.0,,,,-0.049,0.0,313476000.0,1.0,,99308000,99308000.0,13.243,2056265000.0,0.0,0.0,0.0,20.706,
20,CVC,MRY,1995-12-31,1995-12-31,1995-12-31,2021-08-25,,,,,,,,-285265000.0,,,412479000.0,-317458000.0,,,,,,,,319929000.0,,0.0,0.0,-3608000.0,316321000.0,0.293,316321000.0,-3608000.0,-317458000.0,-3.545,,-3.545,,,,,,,-130550000.0,-1.37,1.0,665581000.0,0.617,,313850000.0,,,,,,,,,,,3982000.0,-264953000.0,7720000.0,-52649000.0,0.0,400501000.0,-551234000.0,0.0,154715000.0,0.0,-317458000.0,-337707000.0,-337707000.0,0.0,0.0,-0.313,586138000.0,79443000.0,,0.0,,,-3.826,,20249000.0,13.562,,1.199,,,1078060000.0,1078060000.0,0.0,,,,-0.003,0.0,266209000.0,1.0,,95304000,,11.312,,,0.0,,,
0,CVC,MRQ,2016-03-31,2016-03-31,2016-03-31,2021-08-25,-40582000.0,6732386000.0,,1836861000.0,4895525000.0,,-17.826,-148500000.0,933457000.0,933457000.0,810961000.0,94311000.0,0.877,-2.393,9548076000.0,1037519000.0,8510557000.0,9548076000.0,67272000.0,212453000.0,0.0,0.009,0.0,305645000.0,518098000.0,0.316,518098000.0,305645000.0,157163000.0,0.35,0.34,0.35,-4832549000.0,,-4832549000.0,17760907120.0,18.0,9.585,4054000.0,0.015,1.0,829796000.0,0.506,2348777000.0,148482000.0,10904215000.0,,0.0,0.0,0.0,0.0,11565269000.0,2094013000.0,9471256000.0,9129768120.0,-69822000.0,0.0,-27804000.0,-21478000.0,-4066000.0,-53348000.0,-148028000.0,472000.0,152554000.0,0.0,94377000.0,94377000.0,94377000.0,0.0,-66000.0,0.058,578541000.0,251255000.0,483113000.0,0.0,-1.889,40.542,39.286,2957893000.0,0.0,33.0,1.397,1.369,263045000.0,-3965034000.0,1640757000.0,1640757000.0,0.0,,,,,14522000.0,365051000.0,1.0,276659640.0,271092000,279013000.0,6.052,4383609000.0,0.0,62786000.0,0.0,16.17,-257152000.0
1,CVC,MRQ,2015-12-31,2015-12-31,2015-12-31,2021-08-25,-37672000.0,6800174000.0,,1875586000.0,4924588000.0,,-18.171,-212761000.0,1003279000.0,1003279000.0,795831000.0,32148000.0,0.857,-2.385,9567299000.0,1013136000.0,8554163000.0,9567299000.0,59789000.0,215135000.0,0.0,0.014,0.0,204077000.0,419212000.0,0.257,419212000.0,204077000.0,55900000.0,0.12,0.11,0.12,-4911316000.0,,-4911316000.0,17585266590.0,19.0,9.872,125270000.0,0.463,1.0,833147000.0,0.511,2250376000.0,148177000.0,10926054000.0,,0.0,0.0,0.0,0.0,11711758000.0,2187764000.0,9523994000.0,8826674590.0,130643000.0,0.0,435000.0,5248000.0,0.0,5535000.0,-212671000.0,90000.0,338031000.0,0.0,32118000.0,32118000.0,32118000.0,1633000.0,30000.0,0.02,636007000.0,197140000.0,483382000.0,0.0,-1.797,50.309,49.077,3017015000.0,0.0,31.9,1.356,1.32,267150000.0,-4059411000.0,1628978000.0,1628978000.0,0.0,,,,,17372000.0,421504000.0,1.0,276698263.0,270285000,278460000.0,6.027,4549798000.0,14596000.0,23782000.0,0.0,16.833,-312178000.0
2,CVC,MRQ,2015-09-30,2015-09-30,2015-09-30,2021-08-25,-33548000.0,6745748000.0,,1914726000.0,4831022000.0,,-18.359,-222145000.0,872636000.0,872636000.0,800879000.0,23025000.0,1.021,-2.361,9631228000.0,656531000.0,8974697000.0,9631228000.0,66133000.0,217288000.0,0.0,0.018,0.15,184343000.0,401631000.0,0.249,401631000.0,184343000.0,37644000.0,0.09,0.08,0.09,-4957446000.0,,-4957446000.0,17786085866.0,19.0,9.785,113676000.0,0.421,1.0,811722000.0,0.503,2260987000.0,146699000.0,11368021000.0,,0.0,0.0,0.0,0.0,11703492000.0,1875332000.0,9828160000.0,8977128866.0,76071000.0,0.0,3965000.0,13478000.0,-40501000.0,-30089000.0,-229621000.0,-7476000.0,335821000.0,0.0,23103000.0,23103000.0,23103000.0,406000.0,-78000.0,0.014,628606000.0,183116000.0,474694000.0,1.667,-1.811,45.042,43.293,3005260000.0,0.0,32.47,1.379,1.346,280794000.0,-4091529000.0,1612601000.0,1612601000.0,0.0,,,,,13728000.0,411799000.0,1.0,276474557.0,270024000,277266000.0,5.972,4484761000.0,0.0,14541000.0,0.0,16.609,39394000.0
3,CVC,MRQ,2015-06-30,2015-06-30,2015-06-30,2021-08-25,-25146000.0,6712069000.0,,1896469000.0,4815600000.0,,-18.415,-212460000.0,796565000.0,796565000.0,805596000.0,75676000.0,1.033,-2.352,9605522000.0,613200000.0,8992322000.0,9605522000.0,59733000.0,213929000.0,0.0,0.025,0.15,300080000.0,514009000.0,0.311,514009000.0,300080000.0,154204000.0,0.28,0.27,0.28,-4959147000.0,,-4959147000.0,15432491543.0,15.0,8.157,156441000.0,0.581,1.0,847797000.0,0.513,2335016000.0,145876000.0,11350584000.0,,0.0,0.0,0.0,0.0,11663248000.0,1835426000.0,9827822000.0,6597535543.0,-87857000.0,0.0,10735000.0,-177311000.0,-80744000.0,-243915000.0,-212646000.0,-186000.0,368901000.0,0.0,75595000.0,75595000.0,75595000.0,0.0,81000.0,0.046,603333000.0,244464000.0,454597000.0,0.536,-1.33,26.636,25.742,2978229000.0,0.0,23.94,1.011,0.988,287153000.0,-4114632000.0,1653393000.0,1653393000.0,0.0,,,,,11891000.0,389408000.0,1.0,275586280.0,269301000,275228000.0,6.14,4377053000.0,0.0,78609000.0,0.0,16.253,61043000.0
4,CVC,MRQ,2015-03-31,2015-03-31,2015-03-31,2021-08-25,-32248000.0,6701203000.0,,1788426000.0,4912777000.0,,-18.781,-172658000.0,884422000.0,884422000.0,795888000.0,44399000.0,1.029,-2.33,9719378000.0,643663000.0,9075715000.0,9719378000.0,59502000.0,218900000.0,0.0,0.033,0.15,227585000.0,446485000.0,0.277,446485000.0,227585000.0,82573000.0,0.17,0.16,0.17,-5031762000.0,,-5031762000.0,13860748514.0,13.0,7.302,42676000.0,0.159,1.0,818883000.0,0.507,2257712000.0,145012000.0,11540838000.0,,0.0,0.0,0.0,0.0,11723800000.0,1737609000.0,9986191000.0,5018139514.0,34009000.0,0.0,-15549000.0,11022000.0,-3925000.0,-8435000.0,-172865000.0,-207000.0,215334000.0,0.0,44633000.0,44633000.0,44633000.0,10502000.0,-234000.0,0.028,595132000.0,223751000.0,451116000.0,0.882,-0.997,18.843,18.119,2954073000.0,0.0,18.3,0.772,0.754,250936000.0,-4190227000.0,1614771000.0,1614771000.0,0.0,,,,,11636000.0,376764000.0,1.0,274215274.0,267919000,274370000.0,6.027,4443491000.0,41628000.0,37940000.0,0.0,16.585,50817000.0
5,CVC,MRQ,2014-12-31,2014-12-31,2014-12-31,2021-08-25,-42235000.0,6765171000.0,,1930666000.0,4834505000.0,,-18.882,-261001000.0,850413000.0,850413000.0,787880000.0,56144000.0,1.103,-2.34,9693022000.0,558368000.0,9134654000.0,9693022000.0,57633000.0,222060000.0,0.0,0.029,0.15,233562000.0,455622000.0,0.279,455622000.0,233562000.0,88021000.0,0.21,0.2,0.21,-5041469000.0,,-5041469000.0,14551920035.0,15.0,7.783,88266000.0,0.331,1.0,843156000.0,0.517,2286485000.0,145541000.0,11571127000.0,,0.0,0.0,0.0,0.0,11797185000.0,1750168000.0,10047017000.0,5647723035.0,36555000.0,0.0,11676000.0,-28659000.0,-40032000.0,-56977000.0,-261487000.0,-486000.0,349267000.0,0.0,55975000.0,55975000.0,55975000.0,175000.0,169000.0,0.034,637320000.0,205836000.0,461412000.0,0.714,-1.12,18.134,17.492,3025747000.0,0.0,20.64,0.874,0.845,279258000.0,-4234860000.0,1631036000.0,1631036000.0,0.0,,,,,11028000.0,413310000.0,1.0,273629992.0,266996000,273937000.0,6.109,4478686000.0,37943000.0,32046000.0,0.0,16.774,180498000.0
6,CVC,MRQ,2014-09-30,2014-09-30,2014-09-30,2021-08-25,-40524000.0,6563745000.0,,1814580000.0,4749165000.0,,-19.131,-203168000.0,814108000.0,814108000.0,787628000.0,71822000.0,1.096,-2.291,9718305000.0,538656000.0,9179649000.0,9718305000.0,52320000.0,209069000.0,0.0,0.034,0.15,266746000.0,475815000.0,0.293,475815000.0,266746000.0,120304000.0,0.27,0.26,0.27,-5077472000.0,,-5077472000.0,13716116174.0,14.0,7.287,118358000.0,0.446,1.0,838559000.0,0.516,2202908000.0,146442000.0,11609393000.0,,0.0,0.0,0.0,0.0,11631752000.0,1655641000.0,9976111000.0,4747542174.0,-92931000.0,0.0,22520000.0,-192393000.0,-39883000.0,-211134000.0,-203435000.0,-267000.0,321526000.0,0.0,71491000.0,71491000.0,71491000.0,79000.0,331000.0,0.044,586113000.0,252446000.0,439504000.0,0.556,-0.935,15.449,14.966,2962069000.0,0.0,17.51,0.74,0.725,284550000.0,-4290835000.0,1626187000.0,1626187000.0,0.0,,,,,10765000.0,377181000.0,1.0,271133191.0,265403000,271269000.0,6.127,4360837000.0,0.0,48813000.0,0.0,16.431,158939000.0
7,CVC,MRQ,2014-06-30,2014-06-30,2014-06-30,2021-08-25,-43127000.0,6701128000.0,,1954795000.0,4746333000.0,,-19.502,-238155000.0,907039000.0,907039000.0,788317000.0,94538000.0,1.209,-2.301,9875613000.0,508823000.0,9366790000.0,9875613000.0,55446000.0,221088000.0,0.0,0.034,0.15,299193000.0,520281000.0,0.32,520281000.0,299193000.0,156058000.0,0.36,0.35,0.36,-5143201000.0,,-5143201000.0,13773160624.0,12.0,6.609,185641000.0,0.704,1.0,839820000.0,0.516,2202668000.0,143135000.0,11850672000.0,,0.0,0.0,0.0,0.0,11834342000.0,1616362000.0,10217980000.0,4776024624.0,138667000.0,0.0,8454000.0,38919000.0,-79082000.0,-45808000.0,-238479000.0,-324000.0,423796000.0,0.0,94210000.0,94210000.0,94210000.0,-3510000.0,328000.0,0.058,583927000.0,255893000.0,458569000.0,0.417,-0.929,9.004,8.695,2960014000.0,0.0,17.65,0.752,0.732,290214000.0,-4362326000.0,1628137000.0,1628137000.0,0.0,,,,,10437000.0,363187000.0,1.0,270596296.0,263730000,269260000.0,6.173,4498460000.0,22599000.0,61848000.0,0.0,17.057,338433000.0
8,CVC,MRQ,2014-03-31,2014-03-31,2014-03-31,2021-08-25,-47518000.0,6542875000.0,,1718545000.0,4824330000.0,,-19.905,-184369000.0,768372000.0,768372000.0,772983000.0,89700000.0,1.196,-2.251,9765508000.0,359729000.0,9405779000.0,9765508000.0,56244000.0,214285000.0,0.0,0.036,0.15,203706000.0,417991000.0,0.265,417991000.0,203706000.0,62824000.0,0.34,0.33,0.34,-5221686000.0,,-5221686000.0,13571828142.0,11.0,6.438,99313000.0,0.379,1.0,802603000.0,0.509,2126222000.0,140882000.0,11977004000.0,,0.0,0.0,0.0,0.0,11753796000.0,1436785000.0,10317011000.0,4515068142.0,65898000.0,0.0,6097000.0,-38020000.0,-1548000.0,-32983000.0,-184661000.0,-292000.0,283682000.0,0.0,89763000.0,89763000.0,89763000.0,434000.0,-63000.0,0.057,595520000.0,207083000.0,444440000.0,0.441,-0.865,7.899,7.703,2939974000.0,0.0,16.87,0.717,0.703,257147000.0,-4456536000.0,1575586000.0,1575586000.0,0.0,,,,,11418000.0,380220000.0,1.0,267638894.0,262328000,268224000.0,6.006,4416653000.0,138576000.0,-26939000.0,0.0,16.836,281760000.0
9,CVC,MRQ,2013-12-31,2013-12-31,2013-12-31,2021-08-25,-42694000.0,6591076000.0,,1724434000.0,4866642000.0,,-20.197,-209467000.0,702224000.0,702224000.0,759465000.0,51288000.0,1.197,-2.245,9759234000.0,339451000.0,9419783000.0,9759234000.0,52464000.0,251544000.0,0.0,0.033,0.15,216681000.0,468225000.0,0.296,468225000.0,216681000.0,73441000.0,0.2,0.19,0.2,-5284330000.0,,-5284330000.0,13869113025.0,12.0,6.793,111917000.0,0.428,1.0,824003000.0,0.52,2170024000.0,143240000.0,12037010000.0,,0.0,0.0,0.0,0.0,11865326000.0,1441052000.0,10424274000.0,4798105025.0,-122074000.0,0.0,3151000.0,-194032000.0,-39251000.0,-234291000.0,-210645000.0,-1178000.0,321384000.0,0.0,51842000.0,51842000.0,51842000.0,-4800000.0,-554000.0,0.033,655356000.0,168647000.0,453870000.0,0.75,-0.908,10.304,10.017,2978353000.0,0.0,17.93,0.77,0.75,286282000.0,-4546299000.0,1583468000.0,1583468000.0,0.0,,,,,15573000.0,379680000.0,1.0,267602065.0,261633000,267279000.0,6.052,4421052000.0,159824000.0,21599000.0,0.0,16.898,283382000.0
10,CVC,MRQ,2013-09-30,2013-09-30,2013-09-30,2021-08-25,-30064000.0,6482136000.0,,1808640000.0,4673496000.0,,-20.273,-243728000.0,824298000.0,824298000.0,767377000.0,295034000.0,1.233,-2.221,9895306000.0,417656000.0,9477650000.0,9895306000.0,54846000.0,203405000.0,0.0,0.036,0.15,474048000.0,677453000.0,0.432,677453000.0,474048000.0,328773000.0,1.13,1.1,1.13,-5297057000.0,,-5297057000.0,14238922469.0,12.0,6.938,68299000.0,0.261,1.0,800460000.0,0.511,2062818000.0,145275000.0,12023924000.0,,0.0,0.0,0.0,0.0,11766280000.0,1466402000.0,10299878000.0,4502972469.0,374788000.0,0.0,10369000.0,-332894000.0,-39216000.0,-358665000.0,-243728000.0,0.0,312027000.0,17286000.0,294601000.0,294601000.0,294601000.0,-235286000.0,433000.0,0.188,575033000.0,225427000.0,431432000.0,0.133,-0.85,8.49,8.255,2946034000.0,0.0,16.84,0.731,0.714,276245000.0,-4598141000.0,1567837000.0,1567837000.0,0.0,,,,,7570000.0,371572000.0,1.0,267397415.0,261287000,267558000.0,6.0,4419318000.0,85520000.0,34172000.0,0.0,16.914,342238000.0
11,CVC,MRQ,2013-06-30,2013-06-30,2013-06-30,2021-08-25,-30344000.0,7588100000.0,,1658201000.0,5929899000.0,,-21.403,-256334000.0,449510000.0,449510000.0,764343000.0,135717000.0,0.992,-2.358,10185460000.0,531339000.0,9654121000.0,10185460000.0,51393000.0,229269000.0,0.0,0.036,0.15,315169000.0,544438000.0,0.347,544438000.0,315169000.0,155866000.0,0.52,0.51,0.52,-5578018000.0,,-5578018000.0,14296139746.0,17.0,8.046,55832000.0,0.214,1.0,805276000.0,0.513,1995790000.0,159303000.0,13656015000.0,,0.0,0.0,0.0,0.0,13153584000.0,1672245000.0,11481339000.0,4492332746.0,205505000.0,0.0,2510000.0,78306000.0,-78168000.0,-24137000.0,-256334000.0,0.0,312166000.0,18094000.0,135359000.0,135359000.0,135359000.0,-107495000.0,358000.0,0.086,607513000.0,197763000.0,452051000.0,0.288,-0.805,19.366,18.689,2967316000.0,0.0,16.82,0.732,0.714,262927000.0,-4892742000.0,1569619000.0,1569619000.0,0.0,,,,,12276000.0,378517000.0,1.0,267082803.0,260614000,264828000.0,6.023,5592310000.0,325378000.0,20507000.0,0.0,21.458,-14044000.0
12,CVC,MRQ,2013-03-31,2013-03-31,2013-03-31,2021-08-25,-30553000.0,7143153000.0,,1171808000.0,5971345000.0,,-21.924,-237951000.0,244140000.0,244140000.0,788041000.0,-16398000.0,0.815,-2.253,10047947000.0,240936000.0,9807011000.0,10047947000.0,65158000.0,224929000.0,0.0,0.04,0.15,126500000.0,351429000.0,0.233,351429000.0,126500000.0,-26784000.0,-0.06,-0.06,-0.06,-5689269000.0,,-5689269000.0,14618494426.0,18.0,8.459,-48551000.0,-0.187,1.0,723187000.0,0.479,2001740000.0,153284000.0,13506935000.0,,0.0,0.0,0.0,0.0,12819144000.0,1438285000.0,11380859000.0,3961366426.0,-88605000.0,0.0,-10172000.0,-24715000.0,-3074000.0,-37961000.0,-237951000.0,0.0,189400000.0,-3487000.0,-16141000.0,-16141000.0,-16141000.0,9265000.0,-257000.0,-0.011,615800000.0,107387000.0,435279000.0,-2.5,-0.696,24.738,24.129,2931605000.0,0.0,14.96,0.647,0.634,264575000.0,-5028101000.0,1511228000.0,1511228000.0,0.0,,,,,16016000.0,391236000.0,1.0,264797221.0,259500000,259500000.0,5.824,5141413000.0,134732000.0,-10643000.0,0.0,19.813,-266477000.0
13,CVC,MRQ,2012-12-31,2012-12-31,2012-12-31,2021-08-25,-30763000.0,7250289000.0,,1377552000.0,5872737000.0,,-21.83,-251188000.0,332610000.0,332610000.0,829234000.0,116584000.0,0.812,-2.283,10027526000.0,435779000.0,9591747000.0,10027526000.0,63035000.0,252425000.0,0.0,0.04,0.15,226605000.0,479030000.0,0.316,479030000.0,226605000.0,66988000.0,0.45,0.43,0.45,-5639164000.0,,-5639164000.0,14819587578.0,16.0,7.992,-80743000.0,-0.313,1.0,685878000.0,0.453,1903182000.0,159617000.0,13345010000.0,,0.0,0.0,0.0,0.0,12876296000.0,1697013000.0,11179283000.0,3931609578.0,-72219000.0,750000.0,10976000.0,-305700000.0,-38644000.0,-339238000.0,-249481000.0,955000.0,170445000.0,1943000.0,116538000.0,116538000.0,116538000.0,-190451000.0,46000.0,0.077,654959000.0,30919000.0,493473000.0,0.333,-0.697,16.836,16.787,2929933000.0,0.0,14.94,0.641,0.639,324720000.0,-5011960000.0,1515112000.0,1515112000.0,0.0,,,,,23446000.0,403243000.0,1.0,263159945.0,258322000,263208000.0,5.865,5347107000.0,139523000.0,-49550000.0,0.0,20.699,-319461000.0
14,CVC,MRQ,2012-09-30,2012-09-30,2012-09-30,2021-08-25,-21166000.0,7285306000.0,,1442487000.0,5842819000.0,,-22.105,-281574000.0,438665000.0,438665000.0,737477000.0,-3864000.0,0.944,-2.265,11326643000.0,424337000.0,10902306000.0,11326643000.0,64102000.0,227814000.0,0.0,0.038,0.15,174119000.0,401933000.0,0.261,401933000.0,174119000.0,6114000.0,-0.01,-0.01,-0.01,-5745284000.0,,-5745284000.0,14965076378.0,15.0,8.654,62016000.0,0.239,1.0,802038000.0,0.521,2721505000.0,168005000.0,13924042000.0,,0.0,0.0,0.0,0.0,13015370000.0,1527737000.0,11487633000.0,4222431378.0,84151000.0,0.0,4446000.0,138471000.0,-39208000.0,27347000.0,-281000000.0,0.0,343590000.0,-16569000.0,-3791000.0,-3791000.0,-3791000.0,7576000.0,-73000.0,-0.002,584375000.0,217663000.0,461363000.0,-15.0,-0.735,23.773,23.657,3321871000.0,0.0,15.85,0.73,0.712,288433000.0,-5128498000.0,1539515000.0,1539515000.0,0.0,,,,,13519000.0,356231000.0,1.0,266399456.0,259905000,264636000.0,5.923,4563801000.0,196310000.0,9905000.0,0.0,17.559,-85250000.0
15,CVC,MRQ,2012-06-30,2012-06-30,2012-06-30,2021-08-25,-21266000.0,6991689000.0,,1205029000.0,5786660000.0,,-21.472,-273625000.0,338521000.0,338521000.0,725841000.0,63789000.0,0.808,-2.234,11081166000.0,395694000.0,10685472000.0,11081166000.0,67169000.0,215172000.0,0.0,0.045,0.15,280531000.0,495703000.0,0.318,495703000.0,280531000.0,114063000.0,0.24,0.24,0.24,-5656198000.0,,-5656198000.0,14205193924.0,13.0,7.717,68049000.0,0.258,1.0,830777000.0,0.534,2653166000.0,166468000.0,13590080000.0,,0.0,0.0,0.0,0.0,12633323000.0,1491088000.0,11142235000.0,3602917924.0,-152760000.0,0.0,38000.0,-95917000.0,-39614000.0,-215446000.0,-273625000.0,0.0,341674000.0,2838000.0,63529000.0,63529000.0,63529000.0,13450000.0,260000.0,0.041,562589000.0,268188000.0,471651000.0,0.625,-0.637,16.323,16.207,3298574000.0,0.0,13.29,0.61,0.592,289813000.0,-5124707000.0,1556618000.0,1556618000.0,0.0,,,,,13400000.0,346321000.0,1.0,271099919.0,263428000,267482000.0,5.909,4338523000.0,84941000.0,50534000.0,0.0,16.469,-286059000.0
16,CVC,MRQ,2012-03-31,2012-03-31,2012-03-31,2021-08-25,-21419000.0,7088532000.0,,1361364000.0,5727168000.0,,-21.032,-189539000.0,526740000.0,526740000.0,725957000.0,57104000.0,0.862,-2.258,11129016000.0,431964000.0,10697052000.0,11129016000.0,73496000.0,212364000.0,0.0,0.041,0.15,263346000.0,475710000.0,0.31,475710000.0,263346000.0,96384000.0,0.21,0.21,0.21,-5624249000.0,,-5624249000.0,14544525190.0,13.0,7.542,15960000.0,0.06,1.0,809268000.0,0.527,2623690000.0,166962000.0,13487740000.0,,0.0,0.0,0.0,0.0,12698135000.0,1579378000.0,11118757000.0,4026758190.0,-115866000.0,0.0,-16569000.0,-21733000.0,-46406000.0,-134202000.0,-188966000.0,0.0,205499000.0,2538000.0,57247000.0,57247000.0,57247000.0,7260000.0,-143000.0,0.037,561835000.0,247433000.0,444061000.0,0.714,-0.716,16.433,16.311,3243197000.0,0.0,14.68,0.666,0.65,258378000.0,-5188236000.0,1535225000.0,1535225000.0,0.0,,,,,10281000.0,349769000.0,1.0,274302329.0,267419000,274038000.0,5.741,4464842000.0,109712000.0,39137000.0,0.0,16.696,-218014000.0
17,CVC,MRQ,2011-12-31,2011-12-31,2011-12-31,2021-08-25,-21468000.0,7143325000.0,,1354952000.0,5788373000.0,,-20.653,-149808000.0,641015000.0,641015000.0,404057000.0,60501000.0,0.849,-2.278,11158782000.0,366030000.0,10792752000.0,11158782000.0,72495000.0,97200000.0,0.0,0.04,0.15,258631000.0,355831000.0,0.309,355831000.0,258631000.0,133505000.0,0.23,0.21,0.23,-5575855000.0,,-5575855000.0,14399402094.0,12.0,7.039,140664000.0,0.521,1.0,748956000.0,0.65,2501001000.0,125126000.0,13564663000.0,,0.0,0.0,0.0,0.0,12703628000.0,1595428000.0,11108200000.0,3973805094.0,426812000.0,8526000.0,-2279000.0,424138000.0,-41114000.0,288392000.0,-141262000.0,20000.0,290472000.0,3482000.0,60629000.0,60629000.0,60629000.0,52669000.0,-128000.0,0.053,373673000.0,375283000.0,488336000.0,0.652,-0.713,13.616,13.415,3269232000.0,0.0,14.22,0.645,0.638,305374000.0,-5245483000.0,1153013000.0,1153013000.0,0.0,,,,,7984000.0,270454000.0,1.0,279451835.0,269982000,278205000.0,4.271,4642324000.0,84925000.0,72876000.0,0.0,17.195,-240476000.0
18,CVC,MRQ,2011-09-30,2011-09-30,2011-09-30,2021-08-25,-23151000.0,6740144000.0,,1055530000.0,5684614000.0,,-20.145,-240104000.0,189766000.0,189766000.0,766205000.0,39604000.0,0.544,-2.213,10615363000.0,692886000.0,9922477000.0,10615363000.0,71218000.0,256545000.0,0.0,0.035,0.15,256914000.0,513459000.0,0.308,513459000.0,256914000.0,74616000.0,0.14,0.14,0.14,-5542781000.0,,-5542781000.0,14818426676.0,12.0,6.57,75014000.0,0.273,1.0,899585000.0,0.54,2463553000.0,182298000.0,12760583000.0,,0.0,0.0,0.0,0.0,12266028000.0,1941605000.0,10324423000.0,4480227676.0,-168234000.0,0.0,63000.0,-98238000.0,-41411000.0,-234739000.0,-238374000.0,0.0,315118000.0,0.0,39319000.0,39319000.0,39319000.0,0.0,285000.0,0.024,627182000.0,272403000.0,502446000.0,1.071,-0.808,12.983,12.893,3237310000.0,0.0,15.73,0.68,0.657,310637000.0,-5306112000.0,1665790000.0,1665790000.0,0.0,,,,,10981000.0,370610000.0,1.0,284820577.0,275145000,284113000.0,6.054,4276591000.0,162827000.0,35297000.0,0.0,15.543,-886075000.0
19,CVC,MRQ,2011-06-30,2011-06-30,2011-06-30,2021-08-25,-23370000.0,6975055000.0,,1263243000.0,5711812000.0,,-19.61,-215786000.0,359730000.0,359730000.0,745728000.0,88132000.0,0.642,-2.275,10697929000.0,668062000.0,10029867000.0,10697929000.0,67125000.0,247605000.0,0.0,0.014,0.15,335975000.0,583580000.0,0.346,583580000.0,335975000.0,147680000.0,0.32,0.31,0.32,-5457601000.0,,-5457601000.0,22907285590.0,17.0,9.974,120471000.0,0.433,1.0,942953000.0,0.558,2557130000.0,188295000.0,12789498000.0,,0.0,0.0,0.0,0.0,12414862000.0,1966626000.0,10448236000.0,10417863590.0,-169101000.0,13037000.0,3577000.0,-127628000.0,-41754000.0,-309990000.0,-204449000.0,30000.0,336257000.0,-113764000.0,87844000.0,87844000.0,87844000.0,-18592000.0,288000.0,0.052,630512000.0,312441000.0,495241000.0,0.469,-1.909,24.933,24.801,3248536000.0,0.0,36.21,1.612,1.559,299906000.0,-5345432000.0,1688681000.0,1688681000.0,0.0,,,,,13205000.0,382813000.0,1.0,287706810.0,278303000,286154000.0,6.068,4417925000.0,177545000.0,59836000.0,0.0,15.875,-703383000.0
20,CVC,MRQ,2011-03-31,2011-03-31,2011-03-31,2021-08-25,-23007000.0,8962908000.0,,1861341000.0,7101567000.0,,-22.964,-130330000.0,611213000.0,611213000.0,737988000.0,104044000.0,0.857,-2.381,13100635000.0,761194000.0,12339441000.0,13100635000.0,90463000.0,245183000.0,0.0,0.014,0.125,347692000.0,592875000.0,0.358,592875000.0,347692000.0,156608000.0,0.37,0.36,0.37,-6478554000.0,,-6478554000.0,22493780365.0,18.0,10.495,233005000.0,0.826,1.0,917136000.0,0.554,3901458000.0,191084000.0,15380058000.0,,0.0,0.0,0.0,0.0,15425288000.0,2170814000.0,13254474000.0,10061498365.0,211961000.0,-20813000.0,-30445000.0,305394000.0,-37753000.0,-13441000.0,-151143000.0,0.0,363335000.0,-4113000.0,104065000.0,104065000.0,104065000.0,-35031000.0,-21000.0,0.063,619538000.0,297598000.0,550903000.0,0.338,-1.553,25.742,25.637,3326968000.0,0.0,34.61,1.591,1.544,487507000.0,-5405050000.0,1655124000.0,1655124000.0,0.0,,,,,12399000.0,374184000.0,1.0,290710730.0,282123000,291221000.0,5.867,5061450000.0,189980000.0,52543000.0,0.0,17.941,-309473000.0
21,CVC,MRQ,2010-12-31,2010-12-31,2010-12-31,2021-08-25,-23325000.0,8867092000.0,,1666282000.0,7200810000.0,,-21.763,-248076000.0,315140000.0,315140000.0,687425000.0,113965000.0,0.763,-2.406,11708546000.0,646114000.0,11062432000.0,11708546000.0,63678000.0,234947000.0,0.0,0.014,0.125,330681000.0,565628000.0,0.359,565628000.0,330681000.0,148761000.0,0.39,0.38,0.39,-6296918000.0,,-6296918000.0,21223942839.0,18.0,10.238,366462000.0,1.267,1.0,889329000.0,0.564,2513198000.0,181920000.0,15562904000.0,,0.0,0.0,0.0,0.0,15147827000.0,2184396000.0,12963431000.0,10153627839.0,-53328000.0,-1347953000.0,-2206000.0,1199190000.0,104322000.0,908840000.0,-1595996000.0,33000.0,614538000.0,-12803000.0,113863000.0,113863000.0,113863000.0,-40212000.0,102000.0,0.072,619409000.0,269920000.0,467333000.0,0.321,-1.612,28.13,27.512,3361590000.0,0.0,33.84,1.644,1.606,325119000.0,-5494829000.0,1576754000.0,1576754000.0,0.0,,,,,12117000.0,384692000.0,1.0,300048104.0,289346000,298646000.0,5.449,6353894000.0,202932000.0,34898000.0,0.0,21.96,-518114000.0
22,CVC,MRQ,2010-09-30,2010-09-30,2010-09-30,2021-08-25,-36157000.0,7501616000.0,,1823606000.0,5678010000.0,,-21.249,-223276000.0,428391000.0,428391000.0,668543000.0,112363000.0,0.92,-2.199,11498706000.0,676668000.0,10822038000.0,11498706000.0,87519000.0,218955000.0,0.0,0.017,0.125,335706000.0,554661000.0,0.36,554661000.0,335706000.0,159077000.0,0.38,0.37,0.38,-6240357000.0,,-6240357000.0,19115557768.0,18.0,10.409,145848000.0,0.497,1.0,874284000.0,0.567,2850278000.0,176629000.0,13740342000.0,,0.0,0.0,0.0,0.0,13724422000.0,1981311000.0,11743111000.0,7982891768.0,-85365000.0,44595000.0,3080000.0,-131287000.0,-36819000.0,-295308000.0,-178681000.0,0.0,369124000.0,3702000.0,112061000.0,112061000.0,112061000.0,-43616000.0,302000.0,0.073,565843000.0,308441000.0,476497000.0,0.329,-1.279,24.526,23.595,2900376000.0,0.0,26.19,1.409,1.358,544257000.0,-5585930000.0,1542827000.0,1542827000.0,0.0,,,,,12604000.0,346877000.0,1.0,304806864.0,293671000,302143000.0,5.254,4651338000.0,360604000.0,47016000.0,0.0,15.839,-157705000.0
23,CVC,MRQ,2010-06-30,2010-06-30,2010-06-30,2021-08-25,-36934000.0,7631595000.0,,1949712000.0,5681883000.0,,-20.961,-206595000.0,517458000.0,517458000.0,647084000.0,61081000.0,1.002,-2.228,11650124000.0,682300000.0,10967824000.0,11650124000.0,83720000.0,191297000.0,0.0,0.018,0.125,238881000.0,430178000.0,0.278,430178000.0,238881000.0,49772000.0,0.21,0.2,0.21,-6199554000.0,,-6199554000.0,18464601093.0,18.0,9.846,30588000.0,0.103,1.0,901119000.0,0.582,2795351000.0,189109000.0,14022959000.0,,0.0,0.0,0.0,0.0,13815156000.0,1945951000.0,11869205000.0,7340886093.0,157561000.0,-145766000.0,2516000.0,347308000.0,-36984000.0,245213000.0,-352452000.0,34000.0,237183000.0,-41031000.0,60864000.0,60864000.0,60864000.0,-40553000.0,217000.0,0.039,572131000.0,328988000.0,450049000.0,0.595,-1.184,23.501,22.439,2892010000.0,0.0,24.01,1.259,1.218,528050000.0,-5678698000.0,1548203000.0,1548203000.0,0.0,,,,,11255000.0,353986000.0,1.0,305742861.0,295762000,303914000.0,5.235,4836244000.0,390217000.0,-11092000.0,0.0,16.352,3761000.0
24,CVC,MRQ,2010-03-31,2010-03-31,2010-03-31,2021-08-25,-37680000.0,7364192000.0,,1645727000.0,5718465000.0,,-21.147,-145091000.0,318866000.0,318866000.0,737596000.0,74188000.0,1.034,-2.183,11442581000.0,369047000.0,11073534000.0,11442581000.0,79495000.0,241893000.0,0.0,0.017,0.1,324189000.0,566082000.0,0.323,566082000.0,324189000.0,140888000.0,0.25,0.24,0.25,-6214750000.0,,-6214750000.0,18305414914.0,16.0,8.889,242071000.0,0.824,1.0,1014805000.0,0.579,2843380000.0,183301000.0,14053607000.0,,0.0,0.0,0.0,0.0,13565731000.0,1590920000.0,11974811000.0,7290478914.0,73834000.0,0.0,-3390000.0,-128876000.0,-30519000.0,-162839000.0,-144900000.0,66000.0,387162000.0,34318000.0,74160000.0,74160000.0,74160000.0,4122000.0,28000.0,0.042,659732000.0,355073000.0,461778000.0,0.4,-1.173,21.537,20.81,2902214000.0,0.0,24.14,1.218,1.185,470328000.0,-5713269000.0,1752401000.0,1752401000.0,0.0,,,,,12458000.0,418048000.0,1.0,302008240.0,293884000,302826000.0,5.963,4520812000.0,394673000.0,66728000.0,0.0,15.383,54807000.0
25,CVC,MRQ,2009-12-31,2009-12-31,2009-12-31,2021-08-25,-49760000.0,9555730000.0,,2280450000.0,7275280000.0,,-17.61,-191838000.0,245032000.0,245032000.0,444497000.0,78623000.0,0.994,-2.851,11566823000.0,727146000.0,10839677000.0,11566823000.0,80823000.0,143446000.0,0.0,0.015,0.1,142148000.0,285594000.0,0.348,285594000.0,142148000.0,34146000.0,0.27,0.26,0.27,-5155955000.0,,-5155955000.0,19813373053.0,18.0,9.965,64141000.0,0.219,1.0,375863000.0,0.458,2775486000.0,108002000.0,15806710000.0,,0.0,0.0,0.0,0.0,14698989000.0,2295325000.0,12403664000.0,7792147053.0,-36278000.0,66537000.0,1380000.0,-1284979000.0,90686000.0,-224396000.0,-127249000.0,2000.0,255979000.0,-41397000.0,78405000.0,78405000.0,78405000.0,-151589000.0,218000.0,0.096,321407000.0,54456000.0,415331000.0,0.37,-1.511,27.286,26.347,2973581000.0,0.0,25.82,1.321,1.277,533188000.0,-4749714000.0,820360000.0,820360000.0,0.0,,,,,4459000.0,178068000.0,1.0,301787260.0,292782000,301522000.0,2.802,6780244000.0,522799000.0,-44259000.0,0.0,23.158,-14875000.0
26,CVC,MRQ,2009-09-30,2009-09-30,2009-09-30,2021-08-25,-33330000.0,10127998000.0,,2007847000.0,8120151000.0,,-17.803,-194990000.0,350340000.0,350340000.0,689465000.0,98599000.0,0.947,-2.944,12371566000.0,559742000.0,11811824000.0,12371566000.0,245245000.0,251498000.0,0.0,0.017,0.1,341969000.0,593467000.0,0.347,593467000.0,341969000.0,158884000.0,0.34,0.33,0.34,-5204757000.0,,-5204757000.0,18503251006.0,31.0,9.288,202172000.0,0.692,1.0,1021780000.0,0.597,3855575000.0,183085000.0,16174127000.0,,0.0,0.0,0.0,0.0,15321360000.0,2119522000.0,13201838000.0,7159017006.0,-81014000.0,0.0,8061000.0,625063000.0,-31346000.0,-286867000.0,-194456000.0,9000.0,397162000.0,-10683000.0,98942000.0,98942000.0,98942000.0,-6343000.0,-343000.0,0.058,651403000.0,370377000.0,362451000.0,0.294,-1.375,-61.722,-57.927,3324566000.0,0.0,23.75,1.152,1.117,594394000.0,-4827972000.0,1711245000.0,1711245000.0,0.0,,,,,13159000.0,398071000.0,1.0,301432295.0,292346000,300079000.0,5.853,6272423000.0,445472000.0,59942000.0,0.0,21.455,-111675000.0
27,CVC,MRQ,2009-06-30,2009-06-30,2009-06-30,2021-08-25,-33700000.0,9307950000.0,,2028152000.0,7279798000.0,,-18.193,-184078000.0,420650000.0,420650000.0,695168000.0,87059000.0,0.911,-2.755,11764884000.0,707306000.0,11057578000.0,11764884000.0,187540000.0,258201000.0,0.0,0.021,0.1,355925000.0,614126000.0,0.361,614126000.0,355925000.0,167933000.0,0.3,0.29,0.3,-5296319000.0,,-5296319000.0,17690077327.0,33.0,9.089,208791000.0,0.717,1.0,1007689000.0,0.592,3800890000.0,187992000.0,14624518000.0,,0.0,0.0,0.0,0.0,14592186000.0,2226776000.0,12365410000.0,5859760327.0,41135000.0,-127000.0,-9497000.0,-135183000.0,-30258000.0,-177507000.0,-178785000.0,20000.0,392869000.0,-12359000.0,87008000.0,87008000.0,87008000.0,592000.0,51000.0,0.051,668765000.0,338924000.0,390545000.0,0.333,-1.106,-31.85,-30.328,3357438000.0,0.0,19.41,0.938,0.904,595582000.0,-4926914000.0,1702857000.0,1702857000.0,0.0,,,,,16041000.0,406536000.0,1.0,301893886.0,291121000,297726000.0,5.849,5507060000.0,407611000.0,80925000.0,0.0,18.917,-198624000.0
28,CVC,MRQ,2009-03-31,2009-03-31,2009-03-31,2021-08-25,-34363000.0,9551042000.0,,1823007000.0,7728035000.0,,-18.437,-168575000.0,360943000.0,360943000.0,703714000.0,21018000.0,0.832,-2.779,12191260000.0,677441000.0,11513819000.0,12191260000.0,154802000.0,263263000.0,0.0,0.023,0.1,231899000.0,495162000.0,0.297,495162000.0,231899000.0,37786000.0,0.07,0.07,0.07,-5360933000.0,,-5360933000.0,15499204058.0,29.0,7.805,182490000.0,0.628,1.0,961898000.0,0.578,3804760000.0,194113000.0,15386164000.0,,0.0,0.0,0.0,0.0,14900082000.0,2190435000.0,12709647000.0,3842256058.0,51754000.0,-208000.0,56000.0,-88561000.0,-29082000.0,-144702000.0,-166783000.0,1100000.0,351065000.0,21101000.0,21217000.0,21217000.0,21217000.0,-4127000.0,-199000.0,0.013,669941000.0,291957000.0,375941000.0,1.429,-0.717,-21.794,-21.213,3407988000.0,0.0,12.94,0.614,0.602,585207000.0,-5013788000.0,1665612000.0,1665612000.0,0.0,,,,,13484000.0,406850000.0,1.0,296928598.0,290769000,294430000.0,5.728,5746282000.0,364537000.0,16569000.0,0.0,19.762,-367428000.0
29,CVC,MRQ,2008-12-31,2008-12-31,2008-12-31,2021-08-25,-35025000.0,9383208000.0,,1858869000.0,7524339000.0,,-18.466,-224376000.0,333475000.0,333475000.0,401911000.0,-332226000.0,0.809,-2.746,11990423000.0,704693000.0,11285730000.0,11990423000.0,195390000.0,615377000.0,0.0,0.012,0.1,-326037000.0,289340000.0,0.255,289340000.0,-326037000.0,-524943000.0,-1.12,-1.12,-1.12,-5367991000.0,,-5367991000.0,16618044765.0,35.0,8.663,-2195000.0,-0.008,1.0,731597000.0,0.645,3910905000.0,198906000.0,14830322000.0,,0.0,0.0,0.0,0.0,14738854000.0,2298929000.0,12439925000.0,5001811765.0,56350000.0,-56157000.0,-6423000.0,67427000.0,32021000.0,43916000.0,-233531000.0,37561000.0,222181000.0,84655000.0,-323155000.0,-323155000.0,-323155000.0,-7110000.0,-9071000.0,-0.285,882473000.0,-150876000.0,385966000.0,-0.089,-0.932,-21.932,-21.316,3472640000.0,0.0,16.84,0.791,0.774,650286000.0,-5035286000.0,1133508000.0,1133508000.0,0.0,,,,,4440000.0,215966000.0,1.0,297019701.0,290694000,276159000.0,3.899,5472303000.0,285305000.0,-201788000.0,0.0,18.825,-440060000.0
30,CVC,MRQ,2008-09-30,2008-09-30,2008-09-30,2021-08-25,2119000.0,9716985000.0,,1842125000.0,7874860000.0,,-17.161,-254294000.0,363203000.0,363203000.0,737460000.0,31402000.0,0.538,-2.95,11979436000.0,1874049000.0,10105387000.0,11979436000.0,231745000.0,277541000.0,0.0,0.004,0.1,270225000.0,547766000.0,0.313,547766000.0,270225000.0,73671000.0,0.11,0.1,0.11,-4983007000.0,,-4983007000.0,18477802297.0,17.0,8.552,126846000.0,0.437,1.0,1010100000.0,0.578,4326218000.0,196554000.0,13581715000.0,,0.0,0.0,0.0,0.0,14699992000.0,3425285000.0,11274707000.0,7471560297.0,-460801000.0,-619569000.0,1717000.0,102616000.0,-29230000.0,51358000.0,-885757000.0,344000.0,381140000.0,0.0,30948000.0,30948000.0,30948000.0,-32000.0,454000.0,0.018,721477000.0,288623000.0,391713000.0,0.909,-1.499,74.441,71.886,3436085000.0,0.0,25.16,1.065,1.041,595706000.0,-4712709000.0,1747560000.0,1747560000.0,0.0,,,,,19107000.0,443570000.0,1.0,296961856.0,290365000,295921000.0,6.018,5390767000.0,281525000.0,42723000.0,0.0,18.565,-1583160000.0
31,CVC,MRQ,2008-06-30,2008-06-30,2008-06-30,2021-08-25,2365000.0,9483067000.0,,2260425000.0,7222642000.0,,-17.24,-192540000.0,865087000.0,865087000.0,707305000.0,92298000.0,0.781,-2.896,11871329000.0,1419184000.0,10452145000.0,11871329000.0,162593000.0,287622000.0,0.0,0.0,0.0,365844000.0,653466000.0,0.383,653466000.0,365844000.0,179301000.0,0.33,0.32,0.33,-5001929000.0,,-5001929000.0,16375492837.0,17.0,8.026,254695000.0,0.878,1.0,1000530000.0,0.586,3779251000.0,186543000.0,13816573000.0,,0.0,0.0,0.0,0.0,14484996000.0,2893485000.0,11591511000.0,6706449837.0,413582000.0,-105788000.0,3473000.0,315159000.0,-2211000.0,303397000.0,-336999000.0,-37873000.0,447235000.0,0.0,94694000.0,94694000.0,94694000.0,503000.0,-2396000.0,0.055,708006000.0,292524000.0,391100000.0,0.0,-1.341,-676.394,-753.333,3361239000.0,0.0,22.6,0.989,0.967,555751000.0,-4739810000.0,1707835000.0,1707835000.0,0.0,,,,,16518000.0,422387000.0,1.0,296745568.0,290132000,294949000.0,5.886,5703816000.0,320345000.0,84607000.0,0.0,19.659,-633060000.0
32,CVC,MRQ,2008-03-31,2008-03-31,2008-03-31,2021-08-25,2611000.0,9546084000.0,,2235152000.0,7310932000.0,,-11.842,-193406000.0,428924000.0,428924000.0,792439000.0,-28701000.0,0.987,-3.78,10097967000.0,876593000.0,9221374000.0,10097967000.0,166391000.0,260992000.0,0.0,0.0,0.0,164684000.0,425676000.0,0.247,425676000.0,164684000.0,-46969000.0,-0.11,-0.11,-0.11,-3433458000.0,,-3433458000.0,17507533346.0,14.0,7.556,67938000.0,0.234,1.0,928253000.0,0.539,3851560000.0,211653000.0,13099563000.0,,0.0,0.0,0.0,0.0,12979542000.0,2264004000.0,10715538000.0,6305824346.0,38444000.0,0.0,1233000.0,-29280000.0,-580000.0,-28743000.0,-194684000.0,0.0,261344000.0,0.0,-31606000.0,-31606000.0,-31606000.0,473000.0,2905000.0,-0.018,682712000.0,245541000.0,776180000.0,0.0,-1.837,29.629,28.959,3412582000.0,0.0,21.43,0.949,0.935,544334000.0,-3630671000.0,1720692000.0,1720692000.0,0.0,,,,,11638000.0,421330000.0,1.0,294252186.0,289950000,289950000.0,5.934,5694524000.0,374266000.0,-15363000.0,0.0,19.64,-28852000.0
33,CVC,MRQ,2007-12-31,2007-12-31,2007-12-31,2021-08-25,2857000.0,9140577000.0,,1744287000.0,7396290000.0,,-17.586,-239713000.0,419078000.0,419078000.0,837849000.0,6012000.0,0.742,-2.793,11620787000.0,835441000.0,10785346000.0,11620787000.0,211349000.0,275391000.0,0.0,0.0,0.0,258229000.0,533620000.0,0.29,533620000.0,258229000.0,31714000.0,0.02,0.02,0.02,-5098790000.0,,-5098790000.0,18484895978.0,15.0,7.843,68047000.0,0.235,1.0,1004216000.0,0.545,3830369000.0,226515000.0,14160379000.0,,0.0,0.0,0.0,0.0,14239367000.0,2351538000.0,11887829000.0,7206729978.0,-342088000.0,4785000.0,38581000.0,-544313000.0,67313000.0,-434716000.0,-231541000.0,8000.0,307760000.0,0.0,6333000.0,6333000.0,6333000.0,1940000.0,-321000.0,0.003,674440000.0,329776000.0,370044000.0,0.0,-1.413,33.035,32.237,3472203000.0,0.0,24.5,1.111,1.089,584025000.0,-4806543000.0,1842065000.0,1842065000.0,0.0,,,,,11032000.0,396878000.0,1.0,294152244.0,289927000,294814000.0,6.354,5310208000.0,232984000.0,25381000.0,0.0,18.316,-607251000.0
34,CVC,MRQ,2007-09-30,2007-09-30,2007-09-30,2021-08-25,-11954000.0,9806521000.0,,2258496000.0,7548025000.0,,-17.705,-222429000.0,870559000.0,870559000.0,637807000.0,-79336000.0,0.782,-2.911,12148725000.0,1304591000.0,10844134000.0,12148725000.0,248836000.0,280199000.0,0.0,0.0,0.0,147436000.0,427635000.0,0.283,427635000.0,147436000.0,-90051000.0,-0.27,-0.27,-0.27,-5131617000.0,,-5131617000.0,21535040147.0,18.0,9.292,-21946000.0,-0.076,1.0,873992000.0,0.578,3259615000.0,237487000.0,14936140000.0,,0.0,0.0,0.0,0.0,14938138000.0,2888932000.0,12049206000.0,10277981147.0,-233324000.0,-256000.0,418000.0,-216195000.0,-852000.0,-215113000.0,-217215000.0,-100000.0,200483000.0,0.0,-79336000.0,-79336000.0,-79336000.0,440000.0,0.0,-0.052,671924000.0,202068000.0,396664000.0,0.0,-2.003,54.7,53.754,3483713000.0,0.0,34.94,1.63,1.606,544544000.0,-4813179000.0,1511799000.0,1511799000.0,0.0,,,,,12103000.0,390618000.0,1.0,294160880.0,289845000,289845000.0,5.216,6546906000.0,339657000.0,-10715000.0,0.0,22.588,-630436000.0
35,CVC,MRQ,2007-06-30,2007-06-30,2007-06-30,2021-08-25,-11958000.0,10071960000.0,,2380183000.0,7691777000.0,,-17.567,-174994000.0,1109726000.0,1109726000.0,681355000.0,317432000.0,1.007,-2.989,12366785000.0,774832000.0,11591953000.0,12366785000.0,178988000.0,278850000.0,0.0,0.0,0.0,651113000.0,929963000.0,0.593,929963000.0,651113000.0,412911000.0,1.1,1.08,1.1,-5064313000.0,,-5064313000.0,22509819314.0,20.0,9.875,30679000.0,0.106,1.0,886629000.0,0.565,3323267000.0,238202000.0,15642943000.0,,0.0,1294000.0,0.0,1294000.0,15136273000.0,2362809000.0,12773464000.0,10612108314.0,536186000.0,208375000.0,5188000.0,-45906000.0,-22641000.0,-72396000.0,59531000.0,24824000.0,205673000.0,0.0,317432000.0,317432000.0,317432000.0,-190018000.0,0.0,0.202,678240000.0,208389000.0,376061000.0,0.0,-2.095,51.001,50.972,3521189000.0,0.0,36.19,1.719,1.69,527947000.0,-4733933000.0,1567984000.0,1567984000.0,0.0,,,,,14808000.0,399264000.0,1.0,293233167.0,288286000,294394000.0,5.439,6748693000.0,280923000.0,95479000.0,0.0,23.41,17374000.0
36,CVC,MRQ,2007-03-31,2007-03-31,2007-03-31,2021-08-25,-11950000.0,9653616000.0,,1688509000.0,7965107000.0,,-18.93,-157605000.0,558179000.0,558179000.0,734570000.0,-26276000.0,0.726,-2.79,12455890000.0,701214000.0,11754676000.0,12455890000.0,154151000.0,284448000.0,0.0,0.329,0.0,181194000.0,465642000.0,0.298,465642000.0,181194000.0,-57454000.0,-0.09,-0.09,-0.09,-5394388000.0,,-5394388000.0,20824309418.0,28.0,11.148,64368000.0,0.226,1.0,828063000.0,0.53,3289767000.0,238648000.0,15935095000.0,,0.0,51075000.0,0.0,51075000.0,15048004000.0,2326465000.0,12721539000.0,8899219418.0,-19016000.0,0.0,-44187000.0,2221000.0,-43820000.0,-91719000.0,-162017000.0,51000.0,221973000.0,0.0,-26276000.0,-26276000.0,-26276000.0,-7597000.0,0.0,-0.017,657745000.0,170318000.0,401647000.0,0.0,-1.65,-93.902,-89.5,3608121000.0,0.0,30.43,1.482,1.444,509779000.0,-5051458000.0,1562633000.0,1562633000.0,0.0,,,,,15134000.0,371968000.0,1.0,292448880.0,284971000,284971000.0,5.483,6363849000.0,286199000.0,-31178000.0,0.0,22.332,-637956000.0
37,CVC,MRQ,2006-12-31,2006-12-31,2006-12-31,2021-08-25,-11950000.0,9844857000.0,,1667447000.0,8177410000.0,,-18.796,-177814000.0,535791000.0,535791000.0,782888000.0,-23924000.0,0.686,-2.844,12485342000.0,720865000.0,11764477000.0,12485342000.0,176800000.0,279047000.0,0.0,0.351,0.0,215307000.0,494354000.0,0.297,494354000.0,215307000.0,-26795000.0,-0.09,-0.09,-0.09,-5339253000.0,,-5339253000.0,20344380914.0,31.0,11.422,60973000.0,0.215,1.0,879432000.0,0.529,4078677000.0,242102000.0,15285033000.0,,0.0,49950000.0,0.0,49950000.0,15184110000.0,2430698000.0,12753412000.0,8319817914.0,-117085000.0,0.0,-11103000.0,-41767000.0,2838591000.0,-173773000.0,-184577000.0,-1213000.0,238787000.0,0.0,-23924000.0,-23924000.0,-23924000.0,28439000.0,0.0,-0.014,676680000.0,202752000.0,389400000.0,0.0,-1.558,-65.788,-63.289,3713030000.0,0.0,28.48,1.427,1.386,546192000.0,-5027473000.0,1662320000.0,1662320000.0,0.0,,,,,16911000.0,396634000.0,1.0,292128438.0,284056000,284056000.0,5.852,5766180000.0,184032000.0,-2871000.0,0.0,20.299,-763251000.0
38,CVC,MRQ,2006-09-30,2006-09-30,2006-09-30,2021-08-25,-3562000.0,9776714000.0,,1673641000.0,8103073000.0,,-19.192,-210272000.0,528315000.0,528315000.0,624820000.0,-59157000.0,0.807,-2.794,12552878000.0,309645000.0,12243233000.0,12552878000.0,177122000.0,285207000.0,0.0,0.44,0.0,104264000.0,389471000.0,0.282,389471000.0,104264000.0,-139126000.0,-0.21,-0.21,-0.21,-5448568000.0,,-5448568000.0,18732453005.0,27.0,10.449,36105000.0,0.127,1.0,756896000.0,0.548,3678584000.0,243390000.0,16049327000.0,,0.0,56112000.0,9985000.0,46127000.0,15225282000.0,2073366000.0,13151916000.0,6632927005.0,-17266000.0,0.0,523000.0,-1777000.0,-624000.0,-58307000.0,-205922000.0,404000.0,246377000.0,0.0,-59157000.0,-59157000.0,-59157000.0,-2578000.0,0.0,-0.043,629924000.0,126972000.0,399405000.0,0.0,-1.217,-174.873,-174.692,3793937000.0,0.0,22.71,1.188,1.155,491276000.0,-5128704000.0,1381716000.0,1381716000.0,0.0,,,,,16739000.0,346446000.0,1.0,292070762.0,283901000,283901000.0,4.867,6098130000.0,238223000.0,-79969000.0,0.0,21.48,-399725000.0
39,CVC,MRQ,2006-06-30,2006-06-30,2006-06-30,2021-08-25,-3562000.0,9714825000.0,,1875842000.0,7838983000.0,,-19.067,-209605000.0,545179000.0,545179000.0,587090000.0,14586000.0,0.826,-2.797,12644705000.0,613629000.0,12031076000.0,12644705000.0,117784000.0,278170000.0,0.0,0.466,10.0,240284000.0,518454000.0,0.371,518454000.0,240284000.0,-9296000.0,0.05,0.05,0.05,-5407235000.0,,-5407235000.0,15676178432.0,23.0,8.848,65690000.0,0.232,1.0,809699000.0,0.58,3631361000.0,249580000.0,15912376000.0,,0.0,53349000.0,10130000.0,43219000.0,15122060000.0,2270614000.0,12851446000.0,6219016432.0,-2936538000.0,0.0,9199000.0,-274981000.0,-2837967000.0,-3111063000.0,-212267000.0,178000.0,275295000.0,0.0,14586000.0,14586000.0,14586000.0,-43113000.0,0.0,0.01,649978000.0,159721000.0,391703000.0,200.0,-1.15,-149.048,-153.214,3847076000.0,0.0,21.45,1.143,1.118,488313000.0,-5069749000.0,1396789000.0,1396789000.0,0.0,,,,,16496000.0,371631000.0,1.0,289930836.0,283592000,283592000.0,4.925,6083464000.0,77415000.0,-23882000.0,0.0,21.451,-394772000.0
40,CVC,MRQ,2006-03-31,2006-03-31,2006-03-31,2021-08-25,-3562000.0,12808098000.0,,5013004000.0,7795094000.0,,-8.982,-271989000.0,3498626000.0,3498626000.0,670207000.0,-57970000.0,2.115,-6.04,12955788000.0,785949000.0,12169839000.0,12955788000.0,101884000.0,277405000.0,0.0,0.0,0.0,102504000.0,379909000.0,0.27,379909000.0,102504000.0,-90628000.0,-0.2,-0.2,-0.2,-2541398000.0,,-2541398000.0,17160918048.0,20.0,8.867,-104673000.0,-0.37,1.0,739151000.0,0.524,3617120000.0,193132000.0,16277882000.0,,0.0,51386000.0,10322000.0,41064000.0,15349496000.0,2370258000.0,12979238000.0,7730169048.0,3094184000.0,0.0,1381000.0,3233829000.0,0.0,3193753000.0,-269943000.0,538000.0,167316000.0,0.0,-57970000.0,-57970000.0,-57970000.0,2386000.0,0.0,-0.041,635424000.0,103727000.0,366861000.0,0.0,-3.042,49.084,48.545,3897685000.0,0.0,26.7,1.465,1.431,497512000.0,-3498937000.0,1409358000.0,1409358000.0,0.0,,,,,13529000.0,358704000.0,1.0,289519440.0,282950000,282950000.0,4.981,9190978000.0,74908000.0,-32658000.0,0.0,32.483,2642746000.0
41,CVC,MRQ,2005-12-31,2005-12-31,2005-12-31,2021-08-25,-3562000.0,9851112000.0,,2161624000.0,7689488000.0,,-9.472,-228109000.0,405950000.0,405950000.0,627690000.0,64611000.0,0.835,-4.951,9836699000.0,883358000.0,8953341000.0,9836699000.0,178733000.0,269796000.0,0.0,0.0,0.0,235108000.0,504904000.0,0.362,504904000.0,235108000.0,42733000.0,0.23,0.23,0.23,-2493380000.0,,-2493380000.0,16558647950.0,21.0,8.968,11687000.0,0.044,1.0,767625000.0,0.55,4043274000.0,192375000.0,12649107000.0,,0.0,49871000.0,10408000.0,39463000.0,12344492000.0,2589480000.0,9755012000.0,6773591950.0,36108000.0,180000.0,1357000.0,-213902000.0,0.0,-213096000.0,-225043000.0,2731000.0,239796000.0,0.0,64611000.0,64611000.0,64611000.0,-15082000.0,0.0,0.046,563654000.0,203971000.0,373362000.0,0.0,-2.717,75.835,73.344,3868077000.0,0.0,23.47,1.333,1.302,570365000.0,-3440967000.0,1395315000.0,1395315000.0,0.0,,,,,-14105000.0,296488000.0,1.0,288606389.0,263231000,263231000.0,5.301,5807838000.0,36450000.0,-21878000.0,0.0,22.064,-427856000.0
42,CVC,MRQ,2005-09-30,2005-09-30,2005-09-30,2021-08-25,-2204000.0,10204476000.0,,2283383000.0,7921093000.0,,-8.8,-186335000.0,360010000.0,360010000.0,548526000.0,-62952000.0,0.548,-5.019,10145066000.0,2382691000.0,7762375000.0,10145066000.0,197001000.0,266536000.0,0.0,0.0,0.0,101833000.0,368369000.0,0.297,368369000.0,101833000.0,-87781000.0,-0.22,-0.22,-0.22,-2538990000.0,,-2538990000.0,18722367700.0,57.0,12.543,49329000.0,0.171,1.0,693219000.0,0.558,3752460000.0,189614000.0,12072195000.0,,0.0,51830000.0,13871000.0,37959000.0,12743466000.0,4164877000.0,8578589000.0,8847631700.0,133996000.0,-122000.0,2040000.0,25453000.0,0.0,29434000.0,-133249000.0,-12745000.0,235664000.0,0.0,-62952000.0,-62952000.0,-62952000.0,-870000.0,0.0,-0.051,585362000.0,107857000.0,339709000.0,0.0,-3.485,-31.157,-30.98,3871686000.0,0.0,30.67,1.809,1.809,494338000.0,-3404858000.0,1241745000.0,1241745000.0,0.0,,,,,5321000.0,317388000.0,1.0,288478373.0,288507000,288507000.0,4.304,6452016000.0,165706000.0,-24829000.0,0.0,22.363,-1881494000.0
43,CVC,MRQ,2005-06-30,2005-06-30,2005-06-30,2021-08-25,-2204000.0,10110988000.0,,2005053000.0,8105935000.0,,-8.611,-182258000.0,291967000.0,291967000.0,518849000.0,213798000.0,0.555,-5.075,10166703000.0,2112951000.0,8053752000.0,10166703000.0,118501000.0,275052000.0,0.0,0.0,0.0,407161000.0,682213000.0,0.554,682213000.0,407161000.0,215475000.0,0.74,0.74,0.74,-2481149000.0,,-2481149000.0,19314637181.0,62.0,13.149,34069000.0,0.118,1.0,713010000.0,0.579,3803343000.0,191686000.0,12569924000.0,,0.0,32333000.0,1056000.0,31277000.0,12592137000.0,3612457000.0,8979680000.0,9273124181.0,-536137000.0,-30000.0,8330000.0,-487784000.0,0.0,-488629000.0,-221815000.0,-98000.0,216327000.0,113000.0,213798000.0,213798000.0,213798000.0,-240761000.0,0.0,0.174,617941000.0,95069000.0,332903000.0,0.0,-3.737,-32.63,-32.525,3928826000.0,0.0,32.2,1.945,1.946,521267000.0,-3341978000.0,1231859000.0,1231859000.0,0.0,,,,,21201000.0,342202000.0,1.0,287985223.0,288143000,288143000.0,4.275,6307645000.0,124918000.0,1677000.0,0.0,21.891,-1607404000.0
44,CVC,MRQ,2005-03-31,2005-03-31,2005-03-31,2021-08-25,-2264000.0,11141212000.0,,2630321000.0,8510891000.0,,-9.457,-179429000.0,788675000.0,788675000.0,554474000.0,-126137000.0,1.185,-5.092,10830188000.0,761672000.0,10068516000.0,10830188000.0,99719000.0,263327000.0,0.0,0.0,0.0,27262000.0,290589000.0,0.24,290589000.0,27262000.0,-163602000.0,-0.44,-0.44,-0.44,-2722359000.0,,-2722359000.0,18065738775.0,-130.0,17.907,15147000.0,0.053,1.0,658724000.0,0.543,4024279000.0,190864000.0,14938299000.0,,0.0,31159000.0,2472000.0,28687000.0,13863571000.0,2220147000.0,11643424000.0,8074326775.0,-17937000.0,-4259000.0,2215000.0,14627000.0,0.0,27697000.0,-182853000.0,172000.0,194576000.0,78000.0,-126137000.0,-126137000.0,-126137000.0,30046000.0,0.0,-0.104,592427000.0,66297000.0,368031000.0,0.0,-2.966,-11.786,-11.786,3946419000.0,0.0,28.05,1.718,1.718,534086000.0,-3563999000.0,1213198000.0,1213198000.0,0.0,,,,,16453000.0,328494000.0,1.0,287854787.0,287856000,287856000.0,4.215,7116933000.0,206598000.0,-37465000.0,0.0,24.724,410174000.0
45,CVC,MRQ,2004-12-31,2004-12-31,2004-12-31,2021-08-25,-3935000.0,11387592000.0,,2381797000.0,9005795000.0,,-9.214,-180773000.0,915923000.0,915923000.0,618962000.0,-308679000.0,1.116,-5.302,11002672000.0,634444000.0,10368228000.0,11002672000.0,135945000.0,356524000.0,0.0,0.0,0.0,-205063000.0,151461000.0,0.126,151461000.0,-205063000.0,-393100000.0,-1.07,-1.07,-1.07,-2647264000.0,,-2647264000.0,17331847046.0,-109.0,17.697,20985000.0,0.073,1.0,585938000.0,0.486,4083762000.0,188037000.0,15256519000.0,,0.0,31119000.0,3819000.0,27300000.0,14034856000.0,2134060000.0,11900796000.0,7151947046.0,-83927000.0,0.0,3918000.0,9151000.0,0.0,13815000.0,-214194000.0,2376000.0,201758000.0,-191000.0,-308679000.0,-308679000.0,-308679000.0,121026000.0,0.0,-0.256,674118000.0,-88180000.0,347355000.0,0.0,-2.702,-10.534,-10.551,4013814000.0,0.0,24.9,1.544,1.543,547700000.0,-3530287000.0,1204900000.0,1204900000.0,0.0,,,,,4965000.0,320616000.0,1.0,287226789.0,287322000,287322000.0,4.194,7303830000.0,127559000.0,-84421000.0,0.0,25.42,247737000.0
46,CVC,MRQ,2004-09-30,2004-09-30,2004-09-30,2021-08-25,-952000.0,11794825000.0,,2185970000.0,9608855000.0,,-8.111,-195544000.0,922924000.0,922924000.0,475063000.0,-63175000.0,1.114,-6.064,11102824000.0,483077000.0,10619747000.0,11102824000.0,167402000.0,261876000.0,0.0,0.0,0.0,82809000.0,344685000.0,0.308,344685000.0,82809000.0,-91807000.0,-0.22,-0.22,-0.22,-2329223000.0,,-2329223000.0,16241790690.0,-423.0,16.216,34174000.0,0.119,1.0,642422000.0,0.575,4359571000.0,174616000.0,15652070000.0,,0.0,30090000.0,3770000.0,26320000.0,14124048000.0,1963084000.0,12160964000.0,6266281690.0,661748000.0,0.0,316000.0,855338000.0,0.0,677662000.0,-195738000.0,-194000.0,229718000.0,0.0,-63175000.0,-63175000.0,-63175000.0,20930000.0,0.0,-0.057,542924000.0,99498000.0,383231000.0,0.0,-2.69,-10.865,-10.09,4413563000.0,0.0,20.28,1.392,1.294,542946000.0,-3139238000.0,1117485000.0,1117485000.0,0.0,,,,,5631000.0,282168000.0,1.0,308988249.0,287173000,287173000.0,3.891,7435254000.0,55654000.0,-28632000.0,0.0,25.891,222886000.0
47,CVC,MRQ,2004-06-30,2004-06-30,2004-06-30,2021-08-25,-952000.0,11141016000.0,,1297361000.0,9843655000.0,,-7.917,-187331000.0,254641000.0,254641000.0,505349000.0,-187111000.0,0.726,-5.868,10230150000.0,264108000.0,9966042000.0,10230150000.0,122145000.0,266113000.0,0.0,0.0,0.0,-43969000.0,222144000.0,0.191,222144000.0,-43969000.0,-225227000.0,-0.65,-0.65,-0.65,-2272079000.0,,-2272079000.0,13919666586.0,-129.0,14.622,-62162000.0,-0.217,1.0,658233000.0,0.566,4361613000.0,181258000.0,14968964000.0,,0.0,27977000.0,4976000.0,23001000.0,13333094000.0,1785948000.0,11547146000.0,5638333586.0,34593000.0,14000.0,2479000.0,1728591000.0,0.0,142382000.0,-154745000.0,32572000.0,125169000.0,0.0,-187111000.0,-187111000.0,-187111000.0,31423000.0,0.0,-0.161,460024000.0,198209000.0,373915000.0,0.0,-2.482,-9.086,-9.097,4446263000.0,0.0,19.65,1.293,1.294,536402000.0,-3076063000.0,1163582000.0,1163582000.0,0.0,,,,,7409000.0,289152000.0,1.0,286938096.0,287004000,287004000.0,4.054,6779403000.0,43491000.0,-38116000.0,0.0,23.621,-488587000.0
48,CVC,MRQ,2004-03-31,2004-03-31,2004-03-31,2021-08-25,-952000.0,11149562000.0,,1053867000.0,10095695000.0,,-7.309,-142886000.0,205334000.0,205334000.0,591873000.0,-119980000.0,0.636,-6.28,8486667000.0,113991000.0,8372676000.0,8486667000.0,88436000.0,254162000.0,0.0,0.0,0.0,6889000.0,261051000.0,0.228,261051000.0,6889000.0,-170208000.0,-0.42,-0.42,-0.42,-2096592000.0,,-2096592000.0,14736588361.0,38.0,10.296,-13695000.0,-0.048,1.0,554697000.0,0.484,4394703000.0,177097000.0,13378388000.0,,0.0,34814000.0,8126000.0,26688000.0,13166153000.0,1657804000.0,11508349000.0,6562133361.0,-70936000.0,-84752000.0,557000.0,-28694000.0,0.0,-28659000.0,-227638000.0,0.0,129191000.0,0.0,-119980000.0,-119980000.0,-119980000.0,12097000.0,0.0,-0.105,549698000.0,4999000.0,403727000.0,0.0,-3.13,-23.856,-23.588,4497595000.0,0.0,22.88,1.574,1.574,523380000.0,-2888952000.0,1146570000.0,1146570000.0,0.0,,,,,12336000.0,292746000.0,1.0,286806528.0,286842000,286842000.0,3.997,6754859000.0,50521000.0,-50228000.0,0.0,23.549,-603937000.0
49,CVC,MRQ,2003-12-31,2003-12-31,2003-12-31,2021-08-25,-952000.0,11230210000.0,,1102827000.0,10127383000.0,,-6.938,-171465000.0,326962000.0,326962000.0,560845000.0,-206475000.0,0.697,-6.604,8501417000.0,126675000.0,8374742000.0,8501417000.0,134031000.0,257802000.0,0.0,0.0,0.0,-84115000.0,173687000.0,0.162,173687000.0,-84115000.0,-264384000.0,-0.72,-0.72,-0.72,-1989802000.0,,-1989802000.0,14719259391.0,44.0,10.699,-13899000.0,-0.048,1.0,512500000.0,0.477,4314656000.0,180269000.0,13507861000.0,,0.0,31323000.0,5874000.0,25449000.0,13140011000.0,1582148000.0,11557863000.0,6707205391.0,26196000.0,70678000.0,824000.0,67909000.0,0.0,59920000.0,-102777000.0,-1990000.0,157566000.0,0.0,-206475000.0,-206475000.0,-206475000.0,9084000.0,0.0,-0.192,574794000.0,-62294000.0,368080000.0,0.0,-3.371,-21.889,-21.86,4593210000.0,0.0,23.39,1.667,1.66,526113000.0,-2768972000.0,1073345000.0,1073345000.0,0.0,,,,,19729000.0,313412000.0,1.0,286755254.0,286782000,286782000.0,3.743,6915554000.0,107660000.0,-57909000.0,0.0,24.114,-479321000.0
50,CVC,MRQ,2003-09-30,2003-09-30,2003-09-30,2021-08-25,-1790000.0,10823771000.0,,859556000.0,9964215000.0,,-6.288,-241714000.0,252304000.0,252304000.0,412639000.0,-106962000.0,0.532,-6.959,8264358000.0,258474000.0,8005884000.0,8264358000.0,168295000.0,282013000.0,0.0,0.0,0.0,13102000.0,295115000.0,0.302,295115000.0,13102000.0,-158394000.0,-0.37,-0.37,-0.37,-1802997000.0,,-1802997000.0,12609982779.0,12.0,6.07,-78912000.0,-0.275,1.0,563127000.0,0.577,4223589000.0,171496000.0,12995880000.0,,0.0,55458000.0,0.0,55458000.0,12546767000.0,1616356000.0,10930411000.0,5189487779.0,-40724000.0,-250406000.0,224000.0,282442000.0,0.0,282188000.0,-494030000.0,-1910000.0,162802000.0,0.0,-106962000.0,-106962000.0,-106962000.0,-8316000.0,0.0,-0.11,543131000.0,19996000.0,389379000.0,0.0,-2.878,12.069,12.569,4606857000.0,0.0,18.1,1.282,1.282,460082000.0,-2571670000.0,975766000.0,975766000.0,0.0,,,,,15314000.0,262150000.0,1.0,286712032.0,286716000,286716000.0,3.403,6600182000.0,0.0,-51432000.0,0.0,23.02,-756800000.0
51,CVC,MRQ,2003-06-30,2003-06-30,2003-06-30,2021-08-25,-1790000.0,10453956000.0,,862838000.0,9591118000.0,,-5.975,-258164000.0,293028000.0,293028000.0,420572000.0,158347000.0,0.643,-5.784,7713523000.0,26696000.0,7686827000.0,7713523000.0,75571000.0,246347000.0,0.0,0.0,0.0,455038000.0,701385000.0,0.721,701385000.0,455038000.0,320529000.0,0.54,0.54,0.54,-1712646000.0,,-1712646000.0,13744837022.0,13.0,6.752,-56352000.0,-0.197,1.0,552575000.0,0.568,3779965000.0,134509000.0,12752771000.0,,0.0,56462000.0,0.0,56462000.0,9906351000.0,1341715000.0,8564636000.0,5950482022.0,69870000.0,0.0,746000.0,-322551000.0,0.0,-322530000.0,192352000.0,450516000.0,201812000.0,0.0,158347000.0,158347000.0,158347000.0,1764000.0,0.0,0.163,526414000.0,26161000.0,407259000.0,0.0,-3.474,13.087,13.481,4617402000.0,0.0,20.76,1.508,1.508,453740000.0,-2464708000.0,973147000.0,973147000.0,0.0,,,,,560000.0,272184000.0,1.0,286632082.0,286650000,288977000.0,3.395,6673991000.0,0.0,162182000.0,0.0,23.283,-478877000.0
52,CVC,MRQ,2003-03-31,2003-03-31,2003-03-31,2021-08-25,-1790000.0,10428856000.0,,953086000.0,9475770000.0,,-6.645,-156719000.0,223158000.0,223158000.0,470523000.0,-151322000.0,0.713,-5.37,8017513000.0,14717000.0,8002796000.0,8017513000.0,81239000.0,256688000.0,0.0,0.0,0.0,-51145000.0,205543000.0,0.205,205543000.0,-51145000.0,-180539000.0,-0.54,-0.54,-0.54,-1872299000.0,,-1872299000.0,12914558666.0,20.0,8.264,-242441000.0,-0.861,1.0,530428000.0,0.53,3610337000.0,129394000.0,13276501000.0,,0.0,78479000.0,0.0,78479000.0,10053359000.0,1336373000.0,8716986000.0,5321594666.0,97218000.0,0.0,928000.0,307455000.0,0.0,378570000.0,-156794000.0,-75000.0,-85722000.0,0.0,-151322000.0,-151322000.0,-151322000.0,19944000.0,0.0,-0.151,498858000.0,31570000.0,526027000.0,0.0,-2.842,26.815,28.773,4551679000.0,0.0,18.99,1.374,1.382,446797000.0,-2623055000.0,1000951000.0,1000951000.0,0.0,,,,,456000.0,246634000.0,1.0,280231420.0,281742000,281742000.0,3.553,6818519000.0,0.0,-29217000.0,0.0,24.201,-383287000.0
53,CVC,MRQ,2002-12-31,2002-12-31,2002-12-31,2021-08-25,-1790000.0,10510146000.0,,877785000.0,9632361000.0,,-5.818,-483686000.0,125940000.0,125940000.0,562494000.0,529921000.0,0.538,-6.206,7696982000.0,20745000.0,7676237000.0,7696982000.0,130881000.0,231881000.0,0.0,0.0,0.0,643404000.0,875285000.0,0.797,875285000.0,643404000.0,520289000.0,1.81,1.78,1.81,-1722361000.0,,-1722361000.0,12430088894.0,24.0,8.881,-209244000.0,-0.707,1.0,536380000.0,0.488,3315069000.0,123115000.0,13135734000.0,,0.0,397943000.0,0.0,397943000.0,10688213000.0,1630385000.0,9057828000.0,5054226894.0,-180196000.0,0.0,1027000.0,44888000.0,0.0,45586000.0,-490636000.0,-6950000.0,274442000.0,0.0,529921000.0,529921000.0,529921000.0,-637177000.0,0.0,0.482,465516000.0,70864000.0,635421000.0,0.0,-2.934,53.835,52.312,4665825000.0,0.0,16.74,1.329,1.292,461290000.0,-2471733000.0,1098874000.0,1098874000.0,0.0,,,,,-1418000.0,236030000.0,1.0,301925143.0,296024000,331959000.0,3.712,7195077000.0,0.0,-9632000.0,0.0,24.306,-752600000.0
54,CVC,MRQ,2002-09-30,2002-09-30,2002-09-30,2021-08-25,0.0,10303018000.0,,1032168000.0,9270850000.0,,-6.295,-271221000.0,306136000.0,306136000.0,362924000.0,-82244000.0,0.774,-5.179,7681998000.0,66804000.0,7615194000.0,7681998000.0,185762000.0,218201000.0,0.0,0.0,0.0,35243000.0,253444000.0,0.291,253444000.0,35243000.0,-94536000.0,-0.27,-0.27,-0.27,-1890474000.0,,-1890474000.0,8821495599.0,-22.0,14.396,-149464000.0,-0.498,1.0,509463000.0,0.584,3171957000.0,129779000.0,13173436000.0,,0.0,86610000.0,0.0,86610000.0,9790060000.0,1333487000.0,8456573000.0,1590011599.0,81226000.0,0.0,-4000.0,245107000.0,0.0,237581000.0,-279832000.0,-8611000.0,121757000.0,0.0,-82244000.0,-82244000.0,-82244000.0,51546000.0,0.0,-0.094,504501000.0,4962000.0,348988000.0,0.0,-0.841,-2.137,-3.458,4364534000.0,0.0,9.06,0.463,0.792,476579000.0,-2990621000.0,872387000.0,872387000.0,0.0,,,,,805000.0,218132000.0,1.0,175497969.0,300326000,300326000.0,2.905,7131061000.0,28605000.0,-12292000.0,0.0,23.744,-301319000.0
55,CVC,MRQ,2002-06-30,2002-06-30,2002-06-30,2021-08-25,0.0,10106146000.0,,972394000.0,9133752000.0,,-6.334,-293959000.0,224910000.0,224910000.0,347510000.0,-97902000.0,0.689,-5.206,7456394000.0,102627000.0,7353767000.0,7456394000.0,114137000.0,221199000.0,0.0,0.0,0.0,7339000.0,228538000.0,0.254,228538000.0,7339000.0,-124234000.0,-0.34,-0.34,-0.34,-1832517000.0,,-1832517000.0,8930855358.0,-21.0,14.33,-249863000.0,-0.864,1.0,552658000.0,0.614,3151414000.0,131573000.0,12774047000.0,,0.0,89306000.0,0.0,89306000.0,9540206000.0,1412169000.0,8128037000.0,1660010358.0,23312000.0,0.0,530000.0,280279000.0,0.0,284398000.0,-297581000.0,-3622000.0,44096000.0,0.0,-97902000.0,-97902000.0,-97902000.0,10548000.0,0.0,-0.109,461889000.0,90769000.0,443546000.0,0.0,-0.906,-2.247,-3.611,4386287000.0,0.0,9.46,0.478,0.787,489680000.0,-2911099000.0,900168000.0,900168000.0,0.0,,,,,194000.0,238709000.0,1.0,175476782.0,289314000,289314000.0,3.111,6954732000.0,0.0,-26332000.0,0.0,24.039,-439775000.0
56,CVC,MRQ,2002-03-31,2002-03-31,2002-03-31,2021-08-25,0.0,10328618000.0,,904244000.0,9424374000.0,,-6.3,-257056000.0,201598000.0,201598000.0,436440000.0,-255892000.0,0.645,-5.361,7472443000.0,37983000.0,7434460000.0,7472443000.0,108797000.0,202367000.0,0.0,0.0,0.0,-159417000.0,42950000.0,0.047,42950000.0,-159417000.0,-281430000.0,-0.89,-0.89,-0.89,-1816071000.0,,-1816071000.0,12338011122.0,-37.0,16.771,-291435000.0,-1.011,1.0,474697000.0,0.521,3673070000.0,122013000.0,12523470000.0,,0.0,98451000.0,0.0,98451000.0,9736810000.0,1402923000.0,8333887000.0,5960269122.0,93608000.0,0.0,1688000.0,425909000.0,0.0,416081000.0,-271498000.0,-14442000.0,-34379000.0,0.0,-255892000.0,-255892000.0,-255892000.0,13227000.0,0.0,-0.281,445062000.0,29635000.0,435344000.0,0.0,-3.282,-7.816,-11.448,4287102000.0,0.0,34.0,1.64,2.697,474518000.0,-2812946000.0,911137000.0,911137000.0,0.0,,,,,419000.0,242695000.0,1.0,175302033.0,288269000,288269000.0,3.161,6655548000.0,0.0,-25538000.0,0.0,23.088,-498679000.0
57,CVC,MRQ,2001-12-31,2001-12-31,2001-12-31,2021-08-25,0.0,10220116000.0,,938868000.0,9281248000.0,,-5.535,-385374000.0,107990000.0,107990000.0,298186000.0,-307852000.0,0.583,-5.925,7006106000.0,34028000.0,6972078000.0,7006106000.0,140537000.0,376013000.0,0.0,0.0,0.0,-288191000.0,87822000.0,0.117,87822000.0,-288191000.0,-416259000.0,-1.12,-1.1,-1.12,-1585906000.0,,-1585906000.0,14695823466.0,8.0,5.142,-645136000.0,-2.251,1.0,454703000.0,0.604,4049679000.0,128068000.0,11457370000.0,,0.0,99351000.0,0.0,99351000.0,9396781000.0,1611183000.0,7785598000.0,8318081466.0,-192972000.0,-662000.0,3349000.0,309301000.0,0.0,561953000.0,-427768000.0,-41732000.0,-259762000.0,0.0,-307852000.0,-307852000.0,-307852000.0,45131000.0,0.0,-0.409,629628000.0,-174925000.0,569544000.0,0.0,-5.245,8.475,13.635,4014583000.0,0.0,47.45,2.314,3.721,454449000.0,-2563316000.0,752889000.0,752889000.0,0.0,,,,,-9668000.0,210893000.0,1.0,175302033.0,286546000,288422000.0,2.627,6170437000.0,0.0,-108407000.0,0.0,21.534,-672315000.0
58,CVC,MRQ,2001-09-30,2001-09-30,2001-09-30,2021-08-25,0.0,10264182000.0,,,,,-4.746,-307710000.0,300962000.0,300962000.0,455139000.0,-77063000.0,,-6.866,6678704000.0,,,6678704000.0,252023000.0,251377000.0,0.0,0.0,0.0,12548000.0,263925000.0,0.29,263925000.0,12548000.0,-126577000.0,-0.27,-0.27,-0.27,-1340179000.0,,-1340179000.0,13534957657.0,6.0,3.99,-26604000.0,-0.094,1.0,456403000.0,0.501,4098332000.0,139125000.0,12543592000.0,,397632000.0,93747000.0,,,9201574000.0,,,7176080657.0,57688000.0,19511000.0,2081000.0,69365000.0,0.0,71246000.0,-292922000.0,-4723000.0,281106000.0,0.0,-77063000.0,-77063000.0,-77063000.0,6647000.0,0.0,-0.085,495696000.0,-39293000.0,625553000.0,0.0,-5.355,4.758,4.921,3832015000.0,0.0,40.94,1.901,3.062,498651000.0,-2281747000.0,911542000.0,911542000.0,0.0,,,,,0.0,231415000.0,1.0,175282869.0,282356000,282356000.0,3.228,6165850000.0,0.0,-49514000.0,0.0,21.837,
59,CVC,MRQ,2001-06-30,2001-06-30,2001-06-30,2021-08-25,5120000.0,9970397000.0,,,,,-7.546,-327843000.0,243274000.0,243274000.0,504571000.0,238490000.0,,-6.697,6602151000.0,,,6602151000.0,166777000.0,240158000.0,0.0,0.0,0.0,100833000.0,340991000.0,0.322,340991000.0,100833000.0,-31774000.0,-0.69,-0.69,-0.69,-1321945000.0,,-1321945000.0,17063932811.0,7.0,4.909,-346347000.0,-1.977,1.0,554493000.0,0.524,3421803000.0,132607000.0,12907471000.0,,397289000.0,1146242000.0,,,8852450000.0,,,10248308811.0,145285000.0,-320286000.0,1804000.0,-281888000.0,0.0,-306020000.0,469809000.0,-215000.0,-18504000.0,0.0,-121740000.0,-121740000.0,-121740000.0,0.0,360230000.0,-0.115,511502000.0,42991000.0,523612000.0,0.0,-7.752,6.636,6.998,3672773000.0,0.0,58.5,2.628,2.628,473230000.0,-2204684000.0,1059064000.0,1059064000.0,0.0,,,,,92529000.0,271344000.0,1.0,175184766.0,175194000,175194000.0,6.045,6548594000.0,0.0,89966000.0,0.0,37.379,
60,CVC,MRQ,2001-03-31,2001-03-31,2001-03-31,2021-08-25,3765000.0,9605856000.0,,,,,-9.363,-330821000.0,97989000.0,97989000.0,570049000.0,1127875000.0,,-5.564,6913613000.0,,,6913613000.0,198758000.0,247946000.0,0.0,0.0,0.0,1560455000.0,1808401000.0,1.729,1808401000.0,1560455000.0,1423071000.0,6.49,6.32,6.49,-1639009000.0,,-1639009000.0,18824387724.0,8.0,5.647,-550791000.0,-3.147,1.0,475959000.0,0.455,3438213000.0,137384000.0,12983267000.0,,338689000.0,1162528000.0,,,9119072000.0,,,12322866724.0,60049000.0,301437000.0,5280000.0,338297000.0,0.0,324210000.0,-44191000.0,-14807000.0,-219970000.0,0.0,1136826000.0,1136826000.0,1136826000.0,0.0,-8951000.0,1.087,532216000.0,-56257000.0,520030000.0,0.0,-7.518,8.283,8.773,3515611000.0,0.0,70.36,3.142,3.14,457886000.0,-2443174000.0,1046008000.0,1046008000.0,0.0,,,,,0.0,284270000.0,1.0,175140232.0,175043000,178569000.0,5.976,6167643000.0,0.0,286245000.0,0.0,35.235,
61,CVC,MRQ,2000-12-31,2000-12-31,2000-12-31,2021-08-25,286440000.0,8273290000.0,,1123489000.0,7149801000.0,,-9.118,-431753000.0,37940000.0,37940000.0,325488000.0,556638000.0,0.68,-3.427,6539461000.0,84816000.0,6454645000.0,6539461000.0,150742000.0,232324000.0,0.0,0.0,0.0,746253000.0,978577000.0,1.289,978577000.0,746253000.0,604068000.0,2.79,2.78,2.79,-2529879000.0,,-2529879000.0,21790605577.0,26.0,12.32,-556170000.0,-2.004,1.0,433658000.0,0.571,2350542000.0,142185000.0,10772832000.0,,0.0,1025782000.0,0.0,1025782000.0,8670890000.0,1651437000.0,7019453000.0,14838462577.0,-617000.0,-29968000.0,8488000.0,-446300000.0,0.0,-430853000.0,529593000.0,314000.0,-124417000.0,0.0,570216000.0,570216000.0,570216000.0,58905000.0,-13578000.0,0.751,527968000.0,-94310000.0,500240000.0,0.0,-5.865,64.725,102.337,3285674000.0,0.0,84.94,3.781,6.006,453779000.0,-3571049000.0,759146000.0,759146000.0,0.0,,,,,0.0,295644000.0,1.0,174693461.0,277473000,280751000.0,2.736,5922748000.0,0.0,33852000.0,0.0,21.345,-527948000.0
62,CVC,MRQ,2000-09-30,2000-09-30,2000-09-30,2021-08-25,12068000.0,7749308000.0,,,,,-19.521,-336178000.0,38557000.0,38557000.0,507758000.0,-40142000.0,,-2.663,6990700000.0,,,6990700000.0,341707000.0,238503000.0,0.0,0.0,0.0,109299000.0,347802000.0,0.336,347802000.0,109299000.0,-40894000.0,-0.23,-0.23,-0.23,-3397699000.0,,-3397699000.0,18325294327.0,-160.0,21.285,-183282000.0,-1.053,1.0,527790000.0,0.51,2728077000.0,150193000.0,11973374000.0,,0.0,511333000.0,,,9046580000.0,,,11601839327.0,4626000.0,-14673000.0,7027000.0,204493000.0,0.0,203075000.0,-351345000.0,-494000.0,152896000.0,0.0,-40894000.0,-40894000.0,-40894000.0,0.0,752000.0,-0.039,501394000.0,26396000.0,524136000.0,0.0,-3.415,-21.579,,3046894000.0,0.0,66.75,2.682,2.686,394455000.0,-4169746000.0,1035548000.0,1035548000.0,0.0,,,,,0.0,262891000.0,1.0,173810327.0,174053000,174053000.0,5.95,5021231000.0,0.0,0.0,0.0,28.849,
63,CVC,MRQ,2000-06-30,2000-06-30,2000-06-30,2021-08-25,0.0,7410555000.0,,,,,-19.4,-351100000.0,33931000.0,33931000.0,523316000.0,-171748000.0,,-2.577,6757386000.0,,,6757386000.0,208404000.0,237478000.0,0.0,0.0,0.0,-38952000.0,198526000.0,0.184,198526000.0,-38952000.0,-178420000.0,-1.03,-1.03,-1.03,-3365656000.0,,-3365656000.0,18188747611.0,-77.0,25.506,-289868000.0,-1.671,1.0,558261000.0,0.516,2807494000.0,139468000.0,11326516000.0,,0.0,327734000.0,,,8674825000.0,,,11777695611.0,-17410000.0,-19626000.0,5636000.0,294700000.0,0.0,292084000.0,-370726000.0,0.0,61232000.0,0.0,-178420000.0,-178420000.0,-178420000.0,0.0,6672000.0,-0.165,542963000.0,15298000.0,504422000.0,0.0,-3.499,-17.453,-16.809,2859023000.0,0.0,67.91,2.809,2.809,384290000.0,-4129604000.0,1081577000.0,1081577000.0,0.0,,,,,0.0,305485000.0,1.0,173430947.0,173485000,173485000.0,6.234,4603061000.0,0.0,0.0,0.0,26.533,
64,CVC,MRQ,2000-03-31,2000-03-31,2000-03-31,2021-08-25,0.0,7275082000.0,,,,,-18.334,-203358000.0,51341000.0,51341000.0,552481000.0,-115495000.0,,-2.644,6462393000.0,,,6462393000.0,246144000.0,233352000.0,0.0,0.0,0.0,10430000.0,243782000.0,0.233,243782000.0,10430000.0,-121649000.0,-0.7,-0.7,-0.7,-3178135000.0,,-3178135000.0,16565169768.0,-80.0,23.181,-208032000.0,-1.2,1.0,495743000.0,0.473,2666832000.0,132079000.0,11019302000.0,,330843000.0,323284000.0,,,8403686000.0,,,10533133768.0,-11324000.0,-125226000.0,4443000.0,326411000.0,0.0,321934000.0,-328584000.0,0.0,-4674000.0,0.0,-121649000.0,-121649000.0,-121649000.0,0.0,6154000.0,-0.116,436012000.0,59731000.0,494036000.0,0.0,-3.314,-15.857,,2830532000.0,0.0,60.75,2.596,2.595,365495000.0,-3915797000.0,1048224000.0,1048224000.0,0.0,,,,,0.0,202660000.0,1.0,173384918.0,173351000,173351000.0,6.047,4608250000.0,0.0,0.0,0.0,26.583,
65,CVC,MRQ,1999-12-31,1999-12-31,1999-12-31,2021-08-25,0.0,7130308000.0,,,,,-19.598,-273961000.0,62665000.0,62665000.0,629111000.0,-347526000.0,,-2.674,6094701000.0,,,6094701000.0,274043000.0,265888000.0,0.0,0.0,0.0,-195046000.0,70842000.0,0.061,70842000.0,-195046000.0,-321520000.0,,,,-3067083000.0,,-3067083000.0,18872770904.0,-62.0,32.002,-193237000.0,-1.235,1.0,531547000.0,0.458,2641057000.0,126474000.0,10521287000.0,,335826000.0,314865000.0,,,8200297000.0,,,13056611904.0,-2778000.0,-21045000.0,14671000.0,200747000.0,0.0,209768000.0,-293270000.0,1736000.0,80724000.0,0.0,-328163000.0,-196687000.0,-196687000.0,0.0,-19363000.0,-0.169,569979000.0,-38432000.0,458489000.0,,-4.257,-16.713,-15.13,2752495000.0,-131476000.0,75.5,3.311,2.997,355900000.0,-3800302000.0,1160658000.0,1160658000.0,0.0,,,,,0.0,304091000.0,1.0,172935257.0,156503000,,7.416,4489251000.0,0.0,6643000.0,0.0,28.685,
66,CVC,MRQ,1999-09-30,1999-09-30,1999-09-30,2021-08-25,0.0,7083303000.0,,,,,-18.83,-214975000.0,65443000.0,65443000.0,429153000.0,-133277000.0,,-2.778,5881602000.0,,,5881602000.0,348453000.0,212737000.0,0.0,0.0,0.0,-12760000.0,199977000.0,0.222,199977000.0,-12760000.0,-133277000.0,,,,-2869668000.0,,-2869668000.0,16824173413.0,-52.0,31.299,-34428000.0,-0.226,1.0,473157000.0,0.524,2840796000.0,120517000.0,10058666000.0,,298017000.0,284380000.0,,,7973342000.0,,,11086733413.0,7154000.0,1453000.0,0.0,62732000.0,0.0,41865000.0,-215258000.0,-1736000.0,180547000.0,0.0,-133277000.0,-178063000.0,-178063000.0,0.0,0.0,-0.197,493521000.0,-20364000.0,453028000.0,,-3.863,-14.827,,2800716000.0,44786000.0,72.75,2.949,2.949,373096000.0,-3626311000.0,902310000.0,902310000.0,0.0,,,,,0.0,280784000.0,1.0,152394961.0,152394961,,5.921,4242507000.0,0.0,0.0,0.0,27.839,
67,CVC,MRQ,1999-06-30,1999-06-30,1999-06-30,2021-08-25,0.0,6981678000.0,,,,,-19.783,-222212000.0,58289000.0,58289000.0,461946000.0,-124000000.0,,-2.563,5795729000.0,,,5795729000.0,240367000.0,209719000.0,0.0,0.0,0.0,-9734000.0,199985000.0,0.211,199985000.0,-9734000.0,-124000000.0,-1.1,-1.1,-1.1,-3009964000.0,,-3009964000.0,15555668460.0,-56.0,28.272,-214793000.0,-1.412,1.0,484363000.0,0.512,2923688000.0,114266000.0,9795430000.0,,289738000.0,290330000.0,,,7714987000.0,,,10651597460.0,-100285000.0,-99144000.0,-1624000.0,233901000.0,0.0,213652000.0,-321356000.0,0.0,7419000.0,0.0,-124000000.0,-167847000.0,-167847000.0,0.0,0.0,-0.177,492634000.0,-8271000.0,451212000.0,0.0,-3.539,-15.588,-15.351,2689362000.0,43847000.0,70.0,2.907,2.902,376811000.0,-3406189000.0,946309000.0,946309000.0,0.0,,,,,0.0,282915000.0,1.0,152165678.0,152149000,152149000.0,6.22,4057990000.0,0.0,0.0,0.0,26.671,
68,CVC,MRQ,1999-03-31,1999-03-31,1999-03-31,2021-08-25,0.0,5935369000.0,,,,,-20.14,-163627000.0,158276000.0,158276000.0,499973000.0,-238647000.0,,-2.272,5062347000.0,,,5062347000.0,258935000.0,205453000.0,0.0,0.0,0.0,-129355000.0,76098000.0,0.082,76098000.0,-129355000.0,-238647000.0,-1.57,-1.57,-1.57,-3053748000.0,,-3053748000.0,15904520411.0,-57.0,30.309,-158200000.0,-1.043,1.0,433735000.0,0.465,2339630000.0,109292000.0,8499810000.0,,288538000.0,281905000.0,,,6937066000.0,,,11243611411.0,-15252000.0,-48862000.0,1624000.0,181192000.0,0.0,180949000.0,-201628000.0,10861000.0,5427000.0,0.0,-238647000.0,-238647000.0,-238647000.0,0.0,0.0,-0.256,540782000.0,-107047000.0,405697000.0,0.0,-3.682,-17.612,,2178110000.0,0.0,74.13,3.191,3.19,333878000.0,-3224050000.0,933708000.0,933708000.0,0.0,,,,,0.0,335329000.0,1.0,151674240.0,151625000,151625000.0,6.158,3595739000.0,0.0,0.0,0.0,23.715,
69,CVC,MRQ,1998-12-31,1998-12-31,1998-12-31,2021-08-25,0.0,7061062000.0,,,,,-18.39,-610365000.0,173826000.0,173826000.0,483521000.0,-304740000.0,,-2.823,5357608000.0,,,5357608000.0,334213000.0,236239000.0,0.0,0.0,0.0,-174763000.0,61476000.0,0.063,61476000.0,-174763000.0,-283196000.0,,,,-2611685000.0,,-2611685000.0,11909813472.0,-21344.0,16.236,-510087000.0,-3.592,1.0,493833000.0,0.505,3060237000.0,108433000.0,9184607000.0,,293310000.0,276231000.0,,,7374070000.0,,,7555274472.0,24059000.0,-172574000.0,9638000.0,442504000.0,0.0,260436000.0,-336655000.0,0.0,100278000.0,0.0,-283196000.0,-163191000.0,-163191000.0,0.0,-21544000.0,-0.167,529294000.0,-35461000.0,460003000.0,,-2.893,-17.696,-16.654,2506834000.0,-120005000.0,50.13,2.314,2.18,386181000.0,-2999695000.0,977354000.0,977354000.0,0.0,,,,,0.0,293055000.0,1.0,150713634.0,142016000,,6.882,4000825000.0,0.0,0.0,0.0,28.172,
70,CVC,MRQ,1998-09-30,1998-09-30,1998-09-30,2021-08-25,0.0,5505574000.0,,,,,-17.494,-134103000.0,149089000.0,149089000.0,407045000.0,-72697000.0,,-2.349,4503628000.0,,,4503628000.0,390058000.0,178922000.0,0.0,0.0,0.0,33741000.0,212663000.0,0.264,212663000.0,33741000.0,-72697000.0,,,,-2634207000.0,,-2634207000.0,10864394807.0,35.0,11.459,103251000.0,0.686,1.0,399826000.0,0.496,2131350000.0,106438000.0,7728763000.0,,275442000.0,284908000.0,,,6187231000.0,,,6503465807.0,-23206000.0,7151000.0,-6262000.0,-88987000.0,0.0,-133608000.0,-126952000.0,0.0,237354000.0,0.0,-72697000.0,-113614000.0,-113614000.0,0.0,0.0,-0.141,383777000.0,16049000.0,372112000.0,,-2.469,-83.499,,1967937000.0,40917000.0,43.19,2.249,2.249,304291000.0,-2804509000.0,806871000.0,806871000.0,0.0,,,,,0.0,204855000.0,1.0,150578046.0,150578046,,5.358,3374224000.0,0.0,0.0,0.0,22.408,
71,CVC,MRQ,1998-06-30,1998-06-30,1998-06-30,2021-08-25,0.0,5476124000.0,,,,,-16.77,-84944000.0,170114000.0,170114000.0,401602000.0,-122951000.0,,-2.404,4531043000.0,,,4531043000.0,327620000.0,183897000.0,0.0,0.0,0.0,-9394000.0,174503000.0,0.217,174503000.0,-9394000.0,-122951000.0,-0.82,-0.82,-0.82,-2521124000.0,,-2521124000.0,11051110294.0,23.0,10.35,-46923000.0,-0.312,1.0,403588000.0,0.501,2188778000.0,113557000.0,7648275000.0,,263463000.0,285023000.0,,,6061962000.0,,,6283564294.0,-269199000.0,-110264000.0,6262000.0,-122295000.0,0.0,-112012000.0,-195208000.0,0.0,38021000.0,0.0,-122951000.0,-122951000.0,-122951000.0,0.0,0.0,-0.153,384333000.0,19255000.0,361735000.0,0.0,-2.492,76.46,33.534,1907295000.0,0.0,41.75,2.414,2.411,311586000.0,-2691426000.0,805190000.0,805190000.0,0.0,,,,,0.0,211966000.0,1.0,150504534.0,150332000,150332000.0,5.356,3287346000.0,0.0,0.0,0.0,21.867,
72,CVC,MRQ,1998-03-31,1998-03-31,1998-03-31,2021-08-25,0.0,6790928000.0,,,,,-19.291,263334000.0,446972000.0,446972000.0,332019000.0,15634000.0,,-3.011,5214518000.0,,,5214518000.0,326936000.0,135049000.0,0.0,0.0,0.0,110146000.0,245195000.0,0.38,245195000.0,110146000.0,15634000.0,-0.235,,-0.235,-2233267000.0,,-2233267000.0,6547945060.0,14.0,6.569,287753000.0,2.486,1.0,313363000.0,0.486,2918326000.0,94512000.0,8640148000.0,,173681000.0,280435000.0,,,6724990000.0,,,2461207060.0,32031000.0,-72942000.0,2444000.0,-168456000.0,0.0,-182780000.0,190392000.0,0.0,24419000.0,0.0,15634000.0,-23461000.0,-23461000.0,0.0,0.0,-0.036,324230000.0,-10867000.0,343381000.0,0.0,-1.102,32.233,42.695,2333938000.0,39095000.0,32.875,1.101,1.702,314849000.0,-2578395000.0,645382000.0,645382000.0,0.0,,,,,0.0,189181000.0,1.0,74865614.0,115768000,,5.575,3872602000.0,0.0,0.0,0.0,33.451,
73,CVC,MRQ,1997-12-31,1997-12-31,1997-12-31,2021-08-25,0.0,5614788000.0,,,,,-23.755,804431000.0,410141000.0,410141000.0,285541000.0,71815000.0,,-2.542,4496879000.0,,,4496879000.0,277693000.0,136786000.0,0.0,0.0,0.0,178982000.0,315768000.0,0.498,315768000.0,178982000.0,71815000.0,1.83,1.83,1.83,-2378773000.0,,-2378773000.0,,,,806873000.0,8.058,1.0,348822000.0,0.55,2252889000.0,107167000.0,7448637000.0,,180576000.0,207776000.0,,,6047971000.0,,,1792095635.0,378006000.0,-29197000.0,4898000.0,-421883000.0,0.0,-399670000.0,775234000.0,0.0,2442000.0,0.0,71815000.0,182139000.0,182139000.0,0.0,0.0,0.287,303955000.0,44867000.0,298453000.0,0.0,-0.753,-148.058,-199.479,1831167000.0,-110324000.0,23.938,0.919,1.223,313477000.0,-2551191000.0,634363000.0,634363000.0,0.0,,,,,0.0,167169000.0,1.0,74865614.0,100136000,100136000.0,6.335,3361899000.0,0.0,0.0,0.0,33.573,
74,CVC,MRQ,1997-09-30,1997-09-30,1997-09-30,2021-08-25,,,,,,,,-112096000.0,,,227829000.0,84047000.0,,,,,,,,140442000.0,,0.0,0.0,191795000.0,332237000.0,0.641,332237000.0,191795000.0,84047000.0,0.47,0.44,0.47,,,,,,,9041000.0,0.091,1.0,290101000.0,0.56,,107748000.0,,,,,,,,,,,-2325000.0,-24186000.0,2301000.0,125909000.0,0.0,12820000.0,-136282000.0,0.0,121137000.0,0.0,84047000.0,46454000.0,46454000.0,0.0,0.0,0.09,273228000.0,16873000.0,,0.0,,,,,37593000.0,15.688,,,,,517930000.0,517930000.0,0.0,,,,,0.0,132786000.0,1.0,,99568000,99568000.0,5.202,,,0.0,,,
75,CVC,MRQ,1997-06-30,1997-06-30,1997-06-30,2021-08-25,,,,,,,,-109223000.0,,,189031000.0,-92010000.0,,,,,,,,114576000.0,,0.0,0.0,-10987000.0,103589000.0,0.236,103589000.0,-10987000.0,-92010000.0,-1.295,,-1.295,,,,,,,-54982000.0,-0.553,1.0,249485000.0,0.569,,81023000.0,,,,,,,,,,,20974000.0,-485519000.0,322000.0,616436000.0,0.0,561475000.0,-594742000.0,0.0,54241000.0,0.0,-92010000.0,-128776000.0,-128776000.0,0.0,0.0,-0.294,244328000.0,5157000.0,,0.0,,,,,36766000.0,13.408,,,,,438516000.0,438516000.0,0.0,,,,,0.0,129752000.0,1.0,,99372000,,4.413,,,0.0,,,
76,CVC,MRQ,1997-03-31,1997-03-31,1997-03-31,2021-08-25,,,,,,,,-93861000.0,,,151399000.0,-75956000.0,,,,,,,,108005000.0,,0.0,0.0,-3194000.0,104811000.0,0.292,104811000.0,-3194000.0,-75956000.0,-1.125,,-1.125,,,,,,,-30218000.0,-0.304,1.0,207150000.0,0.578,,72762000.0,,,,,,,,,,,1874000.0,-198965000.0,95000.0,239246000.0,0.0,231057000.0,-292826000.0,0.0,63643000.0,0.0,-75956000.0,-111921000.0,-111921000.0,0.0,0.0,-0.312,192872000.0,14278000.0,,0.0,,,,,35965000.0,7.47,,,,,358549000.0,358549000.0,0.0,,,,,0.0,84867000.0,1.0,,99364000,,3.608,,,0.0,,,
77,CVC,MRQ,1996-12-31,1996-12-31,1996-12-31,2021-08-25,0.0,3034725000.0,,,,,-23.908,,11612000.0,11612000.0,,,,-1.639,3141882000.0,,,3141882000.0,0.0,,0.0,0.0,0.0,,,,,,,,,,-2374285000.0,,-2374285000.0,,,,,,1.0,,,978460000.0,,5186535000.0,,134258000.0,311865000.0,,,3890945000.0,,,,,,,,,,,,,,,,,,,,,,208276000.0,,,,-1.654,1390971000.0,,7.657,,0.578,124774000.0,-2539087000.0,,,,,,,,,,1.0,,99308000,,,2056265000.0,0.0,,0.0,20.706,
0,CVC,MRT,2016-03-31,2016-03-31,2016-03-31,2021-08-25,-40582000.0,6732386000.0,6747594250.0,1836861000.0,4895525000.0,0.969,-17.826,-795866000.0,933457000.0,933457000.0,3213267000.0,225160000.0,0.877,-2.393,9548076000.0,1037519000.0,8510557000.0,9548076000.0,67272000.0,858805000.0,0.0,0.009,0.3,994145000.0,1852950000.0,0.284,1852950000.0,994145000.0,404911000.0,0.84,0.8,0.84,-4832549000.0,-4915114500.0,-4832549000.0,17760907120.0,18.0,9.585,399441000.0,1.473,1.0,3322462000.0,0.508,2348777000.0,589234000.0,10904215000.0,11137218500.0,0.0,0.0,0.0,0.0,11565269000.0,2094013000.0,9471256000.0,9129768120.0,49035000.0,0.0,-12669000.0,-180063000.0,-125311000.0,-321817000.0,-802966000.0,-7100000.0,1195307000.0,0.0,225193000.0,225193000.0,225193000.0,2039000.0,-33000.0,0.034,2446487000.0,875975000.0,483113000.0,0.357,-1.889,40.542,39.286,2957893000.0,0.0,33.0,1.397,1.369,263045000.0,-3965034000.0,6535729000.0,6535729000.0,0.0,0.033,-0.046,0.089,0.152,57513000.0,1587762000.0,1.0,276659640.0,271092000,279013000.0,24.109,4383609000.0,0.0,179718000.0,0.0,16.17,-257152000.0
1,CVC,MRT,2015-12-31,2015-12-31,2015-12-31,2021-08-25,-37672000.0,6800174000.0,6739798500.0,1875586000.0,4924588000.0,0.966,-18.231,-820024000.0,1003279000.0,1003279000.0,3198194000.0,175248000.0,0.857,-2.385,9567299000.0,1013136000.0,8554163000.0,9567299000.0,59789000.0,865252000.0,0.0,0.014,0.45,916085000.0,1781337000.0,0.274,1781337000.0,916085000.0,330321000.0,0.65,0.63,0.65,-4911316000.0,-4964917750.0,-4911316000.0,17585266590.0,19.0,9.872,438063000.0,1.626,1.0,3311549000.0,0.509,2250376000.0,585764000.0,10926054000.0,11296374250.0,0.0,0.0,0.0,0.0,11711758000.0,2187764000.0,9523994000.0,8826674590.0,152866000.0,0.0,-414000.0,-147563000.0,-125170000.0,-276904000.0,-827803000.0,-7779000.0,1258087000.0,0.0,175449000.0,175449000.0,175449000.0,12541000.0,-201000.0,0.027,2463078000.0,848471000.0,483382000.0,0.692,-1.797,50.309,49.077,3017015000.0,0.0,31.9,1.356,1.32,267150000.0,-4059411000.0,6509743000.0,6509743000.0,0.0,0.026,-0.035,0.081,0.141,54627000.0,1599475000.0,1.0,276698263.0,269388000,276339000.0,24.165,4549798000.0,14596000.0,154872000.0,0.0,16.889,-312178000.0
2,CVC,MRT,2015-09-30,2015-09-30,2015-09-30,2021-08-25,-33548000.0,6745748000.0,6731047750.0,1914726000.0,4831022000.0,0.967,-18.359,-868264000.0,872636000.0,872636000.0,3190243000.0,199244000.0,1.021,-2.361,9631228000.0,656531000.0,8974697000.0,9631228000.0,66133000.0,872177000.0,0.0,0.018,0.6,945570000.0,1817747000.0,0.279,1817747000.0,945570000.0,362442000.0,0.75,0.71,0.75,-4957446000.0,-4997456000.0,-4957446000.0,17786085866.0,19.0,9.785,401059000.0,1.485,1.0,3321558000.0,0.51,2260987000.0,583128000.0,11368021000.0,11457642500.0,0.0,0.0,0.0,0.0,11703492000.0,1875332000.0,9828160000.0,8977128866.0,58778000.0,0.0,10827000.0,-181470000.0,-165202000.0,-339416000.0,-876619000.0,-8355000.0,1269323000.0,0.0,199306000.0,199306000.0,199306000.0,11083000.0,-62000.0,0.031,2464391000.0,857167000.0,474694000.0,0.8,-1.811,45.042,43.293,3005260000.0,0.0,32.47,1.379,1.346,280794000.0,-4091529000.0,6511801000.0,6511801000.0,0.0,0.03,-0.04,0.083,0.145,48283000.0,1591281000.0,1.0,276474557.0,270024000,277266000.0,24.116,4484761000.0,0.0,163136000.0,0.0,16.609,39394000.0
3,CVC,MRT,2015-06-30,2015-06-30,2015-06-30,2021-08-25,-25146000.0,6712069000.0,6685547000.0,1896469000.0,4815600000.0,0.976,-18.415,-849287000.0,796565000.0,796565000.0,3176992000.0,248041000.0,1.033,-2.352,9605522000.0,613200000.0,8992322000.0,9605522000.0,59733000.0,863958000.0,0.0,0.025,0.6,1027973000.0,1891931000.0,0.29,1891931000.0,1027973000.0,445102000.0,0.93,0.89,0.93,-4959147000.0,-5027462500.0,-4959147000.0,15432491543.0,15.0,8.157,405741000.0,1.507,1.0,3348395000.0,0.513,2335016000.0,582871000.0,11350584000.0,11517985500.0,0.0,0.0,0.0,0.0,11663248000.0,1835426000.0,9827822000.0,6597535543.0,-110224000.0,0.0,29382000.0,-387341000.0,-164584000.0,-520461000.0,-850433000.0,-1146000.0,1255028000.0,0.0,247694000.0,247694000.0,247694000.0,10756000.0,347000.0,0.038,2421898000.0,926497000.0,454597000.0,0.645,-1.33,26.636,25.742,2978229000.0,0.0,23.94,1.011,0.988,287153000.0,-4114632000.0,6525387000.0,6525387000.0,0.0,0.037,-0.049,0.089,0.158,45320000.0,1556663000.0,1.0,275586280.0,269301000,275228000.0,24.231,4377053000.0,0.0,197408000.0,0.0,16.253,61043000.0
4,CVC,MRT,2015-03-31,2015-03-31,2015-03-31,2021-08-25,-32248000.0,6701203000.0,6682811750.0,1788426000.0,4912777000.0,0.973,-18.781,-874982000.0,884422000.0,884422000.0,3159713000.0,266903000.0,1.029,-2.33,9719378000.0,643663000.0,9075715000.0,9719378000.0,59502000.0,871117000.0,0.0,0.033,0.6,1027086000.0,1898203000.0,0.292,1898203000.0,1027086000.0,446956000.0,1.01,0.97,1.01,-5031762000.0,-5073476000.0,-5031762000.0,13860748514.0,13.0,7.302,434941000.0,1.623,1.0,3340418000.0,0.514,2257712000.0,580130000.0,11540838000.0,11643007500.0,0.0,0.0,0.0,0.0,11723800000.0,1737609000.0,9986191000.0,5018139514.0,116300000.0,0.0,27101000.0,-171111000.0,-162922000.0,-322354000.0,-876266000.0,-1284000.0,1309923000.0,0.0,266309000.0,266309000.0,266309000.0,7246000.0,594000.0,0.041,2402492000.0,937926000.0,451116000.0,0.594,-0.997,18.843,18.119,2954073000.0,0.0,18.3,0.772,0.754,250936000.0,-4190227000.0,6500131000.0,6500131000.0,0.0,0.04,-0.052,0.088,0.158,43866000.0,1530442000.0,1.0,274215274.0,267919000,274370000.0,24.262,4443491000.0,41628000.0,180647000.0,0.0,16.585,50817000.0
5,CVC,MRT,2014-12-31,2014-12-31,2014-12-31,2021-08-25,-42235000.0,6765171000.0,6643229750.0,1930666000.0,4834505000.0,0.973,-19.052,-886693000.0,850413000.0,850413000.0,3136808000.0,312204000.0,1.103,-2.34,9693022000.0,558368000.0,9134654000.0,9693022000.0,57633000.0,866502000.0,0.0,0.029,0.6,1003207000.0,1869709000.0,0.289,1869709000.0,1003207000.0,427207000.0,1.18,1.15,1.18,-5041469000.0,-5120957000.0,-5041469000.0,14551920035.0,15.0,7.783,491578000.0,1.858,1.0,3324138000.0,0.514,2286485000.0,576000000.0,11571127000.0,11752049000.0,0.0,0.0,0.0,0.0,11797185000.0,1750168000.0,10047017000.0,5647723035.0,148189000.0,0.0,48747000.0,-220153000.0,-160545000.0,-346902000.0,-888062000.0,-1369000.0,1378271000.0,0.0,311439000.0,311439000.0,311439000.0,-2822000.0,765000.0,0.048,2402880000.0,921258000.0,461412000.0,0.508,-1.12,18.134,17.492,3025747000.0,0.0,20.64,0.874,0.845,279258000.0,-4234860000.0,6460946000.0,6460946000.0,0.0,0.047,-0.061,0.085,0.155,43648000.0,1533898000.0,1.0,273629992.0,264623000,270703000.0,24.416,4478686000.0,37943000.0,115768000.0,0.0,16.925,180498000.0
6,CVC,MRT,2014-09-30,2014-09-30,2014-09-30,2021-08-25,-40524000.0,6563745000.0,6599706000.0,1814580000.0,4749165000.0,0.972,-19.131,-835159000.0,814108000.0,814108000.0,3108393000.0,307348000.0,1.096,-2.291,9718305000.0,538656000.0,9179649000.0,9718305000.0,52320000.0,895986000.0,0.0,0.034,0.6,986326000.0,1882312000.0,0.293,1882312000.0,986326000.0,412627000.0,1.17,1.13,1.17,-5077472000.0,-5181672250.0,-5077472000.0,13716116174.0,14.0,7.287,515229000.0,1.941,1.0,3304985000.0,0.515,2202908000.0,573699000.0,11609393000.0,11868519750.0,0.0,0.0,0.0,0.0,11631752000.0,1655641000.0,9976111000.0,4747542174.0,-10440000.0,0.0,40222000.0,-385526000.0,-159764000.0,-524216000.0,-837220000.0,-2061000.0,1350388000.0,0.0,307306000.0,307306000.0,307306000.0,-7797000.0,42000.0,0.048,2420916000.0,884069000.0,439504000.0,0.513,-0.935,15.449,14.966,2962069000.0,0.0,17.51,0.74,0.725,284550000.0,-4290835000.0,6413378000.0,6413378000.0,0.0,0.047,-0.059,0.083,0.154,48193000.0,1500268000.0,1.0,271133191.0,265403000,271269000.0,24.165,4360837000.0,0.0,105321000.0,0.0,16.431,158939000.0
7,CVC,MRT,2014-06-30,2014-06-30,2014-06-30,2021-08-25,-43127000.0,6701128000.0,6579303750.0,1954795000.0,4746333000.0,0.966,-19.502,-875719000.0,907039000.0,907039000.0,3088142000.0,530560000.0,1.209,-2.301,9875613000.0,508823000.0,9366790000.0,9875613000.0,55446000.0,890322000.0,0.0,0.034,0.6,1193628000.0,2083950000.0,0.328,2083950000.0,1193628000.0,621096000.0,2.03,1.97,2.03,-5143201000.0,-5236568500.0,-5143201000.0,13773160624.0,12.0,6.609,465170000.0,1.764,1.0,3266886000.0,0.514,2202668000.0,572532000.0,11850672000.0,11972152500.0,0.0,0.0,0.0,0.0,11834342000.0,1616362000.0,10217980000.0,4776024624.0,457279000.0,0.0,28071000.0,-526027000.0,-159097000.0,-671747000.0,-877513000.0,-1794000.0,1340889000.0,17286000.0,530416000.0,530416000.0,530416000.0,-243162000.0,144000.0,0.083,2409836000.0,857050000.0,458569000.0,0.296,-0.929,9.004,8.695,2960014000.0,0.0,17.65,0.752,0.732,290214000.0,-4362326000.0,6355028000.0,6355028000.0,0.0,0.081,-0.101,0.1,0.188,44998000.0,1494659000.0,1.0,270596296.0,263730000,269260000.0,24.097,4498460000.0,22599000.0,90680000.0,0.0,17.057,338433000.0
8,CVC,MRT,2014-03-31,2014-03-31,2014-03-31,2021-08-25,-47518000.0,6542875000.0,6801046750.0,1718545000.0,4824330000.0,0.926,-19.905,-893898000.0,768372000.0,768372000.0,3064168000.0,571739000.0,1.196,-2.251,9765508000.0,359729000.0,9405779000.0,9765508000.0,56244000.0,898503000.0,0.0,0.036,0.6,1209604000.0,2108107000.0,0.335,2108107000.0,1209604000.0,620904000.0,2.19,2.13,2.19,-5221686000.0,-5345272750.0,-5221686000.0,13571828142.0,11.0,6.438,335361000.0,1.278,1.0,3232342000.0,0.513,2126222000.0,588700000.0,11977004000.0,12423488250.0,0.0,0.0,0.0,0.0,11753796000.0,1436785000.0,10317011000.0,4515068142.0,524117000.0,0.0,22127000.0,-486640000.0,-158183000.0,-650076000.0,-895368000.0,-1470000.0,1229259000.0,35380000.0,571565000.0,571565000.0,571565000.0,-347147000.0,174000.0,0.091,2433422000.0,798920000.0,444440000.0,0.274,-0.865,7.899,7.703,2939974000.0,0.0,16.87,0.717,0.703,257147000.0,-4456536000.0,6296510000.0,6296510000.0,0.0,0.084,-0.107,0.097,0.192,46837000.0,1509989000.0,1.0,267638894.0,262328000,268224000.0,24.002,4416653000.0,138576000.0,49339000.0,0.0,16.836,281760000.0
9,CVC,MRT,2013-12-31,2013-12-31,2013-12-31,2021-08-25,-42694000.0,6591076000.0,6951116250.0,1724434000.0,4866642000.0,0.897,-20.265,-947480000.0,702224000.0,702224000.0,3079226000.0,465641000.0,1.197,-2.245,9759234000.0,339451000.0,9419783000.0,9759234000.0,52464000.0,909147000.0,0.0,0.033,0.6,1132398000.0,2041545000.0,0.328,2041545000.0,1132398000.0,531296000.0,1.79,1.75,1.79,-5284330000.0,-5462168500.0,-5284330000.0,13869113025.0,12.0,6.793,187497000.0,0.719,1.0,3152926000.0,0.506,2170024000.0,601102000.0,12037010000.0,12805971000.0,0.0,0.0,0.0,0.0,11865326000.0,1441052000.0,10424274000.0,4798105025.0,369614000.0,0.0,5858000.0,-473335000.0,-159709000.0,-655054000.0,-948658000.0,-1178000.0,1134977000.0,31893000.0,465661000.0,465661000.0,465661000.0,-338316000.0,-20000.0,0.075,2453702000.0,699224000.0,453870000.0,0.335,-0.908,10.304,10.017,2978353000.0,0.0,17.93,0.77,0.75,286282000.0,-4546299000.0,6232152000.0,6232152000.0,0.0,0.067,-0.085,0.088,0.182,51435000.0,1521005000.0,1.0,267602065.0,260763000,265935000.0,23.9,4421052000.0,159824000.0,65635000.0,0.0,16.954,283382000.0
10,CVC,MRT,2013-09-30,2013-09-30,2013-09-30,2021-08-25,-30064000.0,6482136000.0,7115919500.0,1808640000.0,4673496000.0,0.866,-20.273,-989201000.0,824298000.0,824298000.0,3148995000.0,530937000.0,1.233,-2.221,9895306000.0,417656000.0,9477650000.0,9895306000.0,54846000.0,910028000.0,0.0,0.036,0.6,1142322000.0,2052350000.0,0.333,2052350000.0,1142322000.0,524843000.0,2.04,1.98,2.04,-5297057000.0,-5550877000.0,-5297057000.0,14238922469.0,12.0,6.938,-5163000.0,-0.02,1.0,3014801000.0,0.489,2062818000.0,617479000.0,12023924000.0,13132971000.0,0.0,0.0,0.0,0.0,11766280000.0,1466402000.0,10299878000.0,4502972469.0,419469000.0,750000.0,13683000.0,-585003000.0,-159102000.0,-760001000.0,-987494000.0,955000.0,984038000.0,33836000.0,530357000.0,530357000.0,530357000.0,-523967000.0,580000.0,0.086,2453305000.0,561496000.0,431432000.0,0.294,-0.85,8.49,8.255,2946034000.0,0.0,16.84,0.731,0.714,276245000.0,-4598141000.0,6163796000.0,6163796000.0,0.0,0.075,-0.096,0.087,0.185,59308000.0,1544568000.0,1.0,267397415.0,261287000,267558000.0,23.59,4419318000.0,85520000.0,-5514000.0,0.0,16.914,342238000.0
11,CVC,MRT,2013-06-30,2013-06-30,2013-06-30,2021-08-25,-30344000.0,7588100000.0,7316712000.0,1658201000.0,5929899000.0,0.839,-21.403,-1027047000.0,449510000.0,449510000.0,3119095000.0,232039000.0,0.992,-2.358,10185460000.0,531339000.0,9654121000.0,10185460000.0,51393000.0,934437000.0,0.0,0.036,0.6,842393000.0,1776830000.0,0.29,1776830000.0,842393000.0,202184000.0,0.9,0.87,0.9,-5578018000.0,-5662933750.0,-5578018000.0,14296139746.0,17.0,8.046,-11446000.0,-0.044,1.0,3016379000.0,0.492,1995790000.0,640209000.0,13656015000.0,13608000500.0,0.0,0.0,0.0,0.0,13153584000.0,1672245000.0,11481339000.0,4492332746.0,128832000.0,750000.0,7760000.0,-113638000.0,-159094000.0,-373989000.0,-1024766000.0,955000.0,1015601000.0,-19000.0,231965000.0,231965000.0,231965000.0,-281105000.0,74000.0,0.038,2462647000.0,553732000.0,452051000.0,0.667,-0.805,19.366,18.689,2967316000.0,0.0,16.82,0.732,0.714,262927000.0,-4892742000.0,6135474000.0,6135474000.0,0.0,0.032,-0.041,0.062,0.137,65257000.0,1529227000.0,1.0,267082803.0,260614000,264828000.0,23.542,5592310000.0,325378000.0,-29781000.0,0.0,21.458,-14044000.0
12,CVC,MRT,2013-03-31,2013-03-31,2013-03-31,2021-08-25,-30553000.0,7143153000.0,7167609250.0,1171808000.0,5971345000.0,0.854,-21.924,-1044338000.0,244140000.0,244140000.0,3080593000.0,160111000.0,0.815,-2.253,10047947000.0,240936000.0,9807011000.0,10047947000.0,65158000.0,920340000.0,0.0,0.04,0.6,807755000.0,1728095000.0,0.282,1728095000.0,807755000.0,160381000.0,0.62,0.6,0.62,-5689269000.0,-5682478750.0,-5689269000.0,14618494426.0,18.0,8.459,771000.0,0.003,1.0,3041880000.0,0.497,2001740000.0,647374000.0,13506935000.0,13591516750.0,0.0,0.0,0.0,0.0,12819144000.0,1438285000.0,11380859000.0,3961366426.0,-229433000.0,750000.0,5288000.0,-287861000.0,-120540000.0,-565298000.0,-1042057000.0,955000.0,1045109000.0,-15275000.0,160135000.0,160135000.0,160135000.0,-160160000.0,-24000.0,0.026,2417723000.0,624157000.0,435279000.0,0.968,-0.696,24.738,24.129,2931605000.0,0.0,14.96,0.647,0.634,264575000.0,-5028101000.0,6122473000.0,6122473000.0,0.0,0.022,-0.028,0.059,0.132,66381000.0,1497031000.0,1.0,264797221.0,259500000,259500000.0,23.593,5141413000.0,134732000.0,246000.0,0.0,19.813,-266477000.0
13,CVC,MRT,2012-12-31,2012-12-31,2012-12-31,2021-08-25,-30763000.0,7250289000.0,7153954000.0,1377552000.0,5872737000.0,0.857,-21.502,-995926000.0,332610000.0,332610000.0,3001577000.0,233613000.0,0.812,-2.283,10027526000.0,435779000.0,9591747000.0,10027526000.0,63035000.0,907775000.0,0.0,0.04,0.6,946569000.0,1854344000.0,0.302,1854344000.0,946569000.0,285517000.0,0.89,0.87,0.89,-5639164000.0,-5666223750.0,-5639164000.0,14819587578.0,16.0,7.992,65282000.0,0.249,1.0,3130098000.0,0.51,1903182000.0,661052000.0,13345010000.0,13586718000.0,0.0,0.0,0.0,0.0,12876296000.0,1697013000.0,11179283000.0,3931609578.0,-256694000.0,750000.0,-1109000.0,-284879000.0,-163872000.0,-661539000.0,-993072000.0,955000.0,1061208000.0,-9250000.0,233523000.0,233523000.0,233523000.0,-159288000.0,90000.0,0.038,2361050000.0,769048000.0,493473000.0,0.674,-0.697,16.836,16.787,2929933000.0,0.0,14.94,0.641,0.639,324720000.0,-5011960000.0,6131675000.0,6131675000.0,0.0,0.033,-0.041,0.07,0.154,60646000.0,1454045000.0,1.0,263159945.0,262258000,267330000.0,23.38,5347107000.0,139523000.0,51994000.0,0.0,20.389,-319461000.0
14,CVC,MRT,2012-09-30,2012-09-30,2012-09-30,2021-08-25,-21166000.0,7285306000.0,7127213000.0,1442487000.0,5842819000.0,0.812,-22.105,-894546000.0,438665000.0,438665000.0,2593332000.0,177530000.0,0.944,-2.265,11326643000.0,424337000.0,10902306000.0,11326643000.0,64102000.0,752550000.0,0.0,0.038,0.6,976627000.0,1729177000.0,0.299,1729177000.0,976627000.0,350066000.0,0.67,0.65,0.67,-5745284000.0,-5650396500.0,-5745284000.0,14965076378.0,15.0,8.654,286689000.0,1.103,1.0,3191039000.0,0.552,2721505000.0,626561000.0,13924042000.0,13641631250.0,0.0,0.0,0.0,0.0,13015370000.0,1527737000.0,11487633000.0,4222431378.0,242337000.0,8526000.0,-14364000.0,444959000.0,-166342000.0,-33909000.0,-884853000.0,20000.0,1181235000.0,-7711000.0,177614000.0,177614000.0,177614000.0,80955000.0,-84000.0,0.031,2082472000.0,1108567000.0,461363000.0,0.896,-0.735,23.773,23.657,3321871000.0,0.0,15.85,0.73,0.712,288433000.0,-5128498000.0,5784371000.0,5784371000.0,0.0,0.025,-0.031,0.072,0.169,45184000.0,1322775000.0,1.0,266399456.0,259905000,264636000.0,22.256,4563801000.0,196310000.0,172452000.0,0.0,17.559,-85250000.0
15,CVC,MRT,2012-06-30,2012-06-30,2012-06-30,2021-08-25,-21266000.0,6991689000.0,6990922500.0,1205029000.0,5786660000.0,0.845,-21.472,-853076000.0,338521000.0,338521000.0,2622060000.0,220998000.0,0.808,-2.234,11081166000.0,395694000.0,10685472000.0,11081166000.0,67169000.0,781281000.0,0.0,0.045,0.6,1059422000.0,1840703000.0,0.311,1840703000.0,1059422000.0,418568000.0,0.82,0.8,0.82,-5656198000.0,-5599770750.0,-5656198000.0,14205193924.0,13.0,7.717,299687000.0,1.138,1.0,3288586000.0,0.556,2653166000.0,640854000.0,13590080000.0,13350766500.0,0.0,0.0,0.0,0.0,12633323000.0,1491088000.0,11142235000.0,3602917924.0,-10048000.0,8526000.0,-18747000.0,208250000.0,-168545000.0,-295995000.0,-842227000.0,20000.0,1152763000.0,8858000.0,220724000.0,220724000.0,220724000.0,73379000.0,274000.0,0.037,2125279000.0,1163307000.0,471651000.0,0.732,-0.637,16.323,16.207,3298574000.0,0.0,13.29,0.61,0.592,289813000.0,-5124707000.0,5910646000.0,5910646000.0,0.0,0.032,-0.039,0.079,0.179,42646000.0,1337154000.0,1.0,271099919.0,263428000,267482000.0,22.437,4338523000.0,84941000.0,197844000.0,0.0,16.469,-286059000.0
16,CVC,MRT,2012-03-31,2012-03-31,2012-03-31,2021-08-25,-21419000.0,7088532000.0,6986764000.0,1361364000.0,5727168000.0,0.865,-21.032,-795237000.0,526740000.0,526740000.0,2641947000.0,245341000.0,0.862,-2.258,11129016000.0,431964000.0,10697052000.0,11129016000.0,73496000.0,813714000.0,0.0,0.041,0.6,1114866000.0,1928580000.0,0.319,1928580000.0,1114866000.0,452185000.0,0.9,0.87,0.9,-5624249000.0,-5550121500.0,-5624249000.0,14544525190.0,13.0,7.542,352109000.0,1.317,1.0,3400762000.0,0.563,2623690000.0,662681000.0,13487740000.0,13150621000.0,0.0,0.0,0.0,0.0,12698135000.0,1579378000.0,11118757000.0,4026758190.0,-26389000.0,21563000.0,-15208000.0,176539000.0,-170685000.0,-390539000.0,-773051000.0,50000.0,1147346000.0,-107744000.0,245039000.0,245039000.0,245039000.0,41337000.0,302000.0,0.041,2193202000.0,1207560000.0,444061000.0,0.667,-0.716,16.433,16.311,3243197000.0,0.0,14.68,0.666,0.65,258378000.0,-5188236000.0,6042709000.0,6042709000.0,0.0,0.035,-0.044,0.085,0.184,42451000.0,1373646000.0,1.0,274302329.0,267419000,274038000.0,22.596,4464842000.0,109712000.0,207146000.0,0.0,16.696,-218014000.0
17,CVC,MRT,2011-12-31,2011-12-31,2011-12-31,2021-08-25,-21468000.0,7143325000.0,7455358000.0,1354952000.0,5788373000.0,0.827,-20.175,-736028000.0,641015000.0,641015000.0,2653978000.0,292281000.0,0.849,-2.278,11158782000.0,366030000.0,10792752000.0,11158782000.0,72495000.0,846533000.0,0.0,0.04,0.575,1199212000.0,2045745000.0,0.332,2045745000.0,1199212000.0,512409000.0,1.06,1.02,1.06,-5575855000.0,-5763697750.0,-5575855000.0,14399402094.0,12.0,7.039,569154000.0,2.059,1.0,3508630000.0,0.569,2501001000.0,686803000.0,13564663000.0,13623700500.0,0.0,0.0,0.0,0.0,12703628000.0,1595428000.0,11108200000.0,3973805094.0,301438000.0,750000.0,-29084000.0,503666000.0,-162032000.0,-269778000.0,-735228000.0,50000.0,1305182000.0,-114395000.0,291857000.0,291857000.0,291857000.0,-954000.0,424000.0,0.047,2250905000.0,1257725000.0,488336000.0,0.542,-0.713,13.616,13.415,3269232000.0,0.0,14.22,0.645,0.638,305374000.0,-5245483000.0,6162608000.0,6162608000.0,0.0,0.039,-0.051,0.088,0.195,44569000.0,1398061000.0,1.0,279451835.0,276369000,284904000.0,22.298,4642324000.0,84925000.0,220552000.0,0.0,16.798,-240476000.0
18,CVC,MRT,2011-09-30,2011-09-30,2011-09-30,2021-08-25,-23151000.0,6740144000.0,7886299750.0,1055530000.0,5684614000.0,0.835,-20.145,-834296000.0,189766000.0,189766000.0,2937346000.0,345745000.0,0.544,-2.213,10615363000.0,692886000.0,9922477000.0,10615363000.0,71218000.0,984280000.0,0.0,0.035,0.55,1271262000.0,2255542000.0,0.342,2255542000.0,1271262000.0,527665000.0,1.22,1.19,1.22,-5542781000.0,-5943963500.0,-5542781000.0,14818426676.0,12.0,6.57,794952000.0,2.889,1.0,3649003000.0,0.554,2463553000.0,743597000.0,12760583000.0,14123260750.0,0.0,0.0,0.0,0.0,12266028000.0,1941605000.0,10324423000.0,4480227676.0,-178702000.0,-1355729000.0,-29011000.0,1278718000.0,-16596000.0,350670000.0,-2189962000.0,63000.0,1629248000.0,-130680000.0,345091000.0,345091000.0,345091000.0,-93835000.0,654000.0,0.052,2496641000.0,1152362000.0,502446000.0,0.451,-0.808,12.983,12.893,3237310000.0,0.0,15.73,0.68,0.657,310637000.0,-5306112000.0,6586349000.0,6586349000.0,0.0,0.044,-0.058,0.09,0.193,48702000.0,1512299000.0,1.0,284820577.0,275145000,284113000.0,23.938,4276591000.0,162827000.0,182574000.0,0.0,15.543,-886075000.0
19,CVC,MRT,2011-06-30,2011-06-30,2011-06-30,2021-08-25,-23370000.0,6975055000.0,8076667750.0,1263243000.0,5711812000.0,0.8,-19.61,-817468000.0,359730000.0,359730000.0,2839684000.0,418504000.0,0.642,-2.275,10697929000.0,668062000.0,10029867000.0,10697929000.0,67125000.0,946690000.0,0.0,0.014,0.525,1350054000.0,2296744000.0,0.355,2296744000.0,1350054000.0,612126000.0,1.46,1.42,1.46,-5457601000.0,-6118357500.0,-5457601000.0,22907285590.0,17.0,9.974,865786000.0,3.111,1.0,3623702000.0,0.561,2557130000.0,737928000.0,12789498000.0,14368200500.0,0.0,0.0,0.0,0.0,12414862000.0,1966626000.0,10448236000.0,10417863590.0,-95833000.0,-1311134000.0,-25994000.0,1245669000.0,-12004000.0,290101000.0,-2130269000.0,63000.0,1683254000.0,-126978000.0,417833000.0,417833000.0,417833000.0,-137451000.0,671000.0,0.065,2435302000.0,1188400000.0,495241000.0,0.36,-1.909,24.933,24.801,3248536000.0,0.0,36.21,1.612,1.559,299906000.0,-5345432000.0,6463386000.0,6463386000.0,0.0,0.052,-0.068,0.094,0.209,50325000.0,1488566000.0,1.0,287706810.0,278303000,286154000.0,23.224,4417925000.0,177545000.0,194293000.0,0.0,15.875,-703383000.0
20,CVC,MRT,2011-03-31,2011-03-31,2011-03-31,2021-08-25,-23007000.0,8962908000.0,8240802750.0,1861341000.0,7101567000.0,0.767,-22.964,-808277000.0,611213000.0,611213000.0,2741040000.0,391453000.0,0.857,-2.381,13100635000.0,761194000.0,12339441000.0,13100635000.0,90463000.0,890382000.0,0.0,0.014,0.5,1252960000.0,2143342000.0,0.339,2143342000.0,1252960000.0,514218000.0,1.35,1.31,1.35,-6478554000.0,-6303845750.0,-6478554000.0,22493780365.0,18.0,10.495,775903000.0,2.75,1.0,3581868000.0,0.566,3901458000.0,738742000.0,15380058000.0,14676565750.0,0.0,0.0,0.0,0.0,15425288000.0,2170814000.0,13254474000.0,10061498365.0,230829000.0,-1469937000.0,-27055000.0,1720605000.0,-7234000.0,845304000.0,-2278272000.0,67000.0,1584180000.0,-54245000.0,390853000.0,390853000.0,390853000.0,-159412000.0,600000.0,0.062,2376921000.0,1204947000.0,550903000.0,0.37,-1.553,25.742,25.637,3326968000.0,0.0,34.61,1.591,1.544,487507000.0,-5405050000.0,6322908000.0,6322908000.0,0.0,0.047,-0.062,0.085,0.198,48375000.0,1459739000.0,1.0,290710730.0,282123000,291221000.0,22.412,5061450000.0,189980000.0,123365000.0,0.0,17.941,-309473000.0
21,CVC,MRT,2010-12-31,2010-12-31,2010-12-31,2021-08-25,-23325000.0,8867092000.0,7841123750.0,1666282000.0,7200810000.0,0.788,-21.479,-823038000.0,315140000.0,315140000.0,2663748000.0,361597000.0,0.763,-2.406,11708546000.0,646114000.0,11062432000.0,11708546000.0,63678000.0,887092000.0,0.0,0.014,0.475,1186008000.0,2073100000.0,0.336,2073100000.0,1186008000.0,474715000.0,1.23,1.2,1.23,-6296918000.0,-6237894750.0,-6296918000.0,21223942839.0,18.0,10.238,784969000.0,2.678,1.0,3513827000.0,0.569,2513198000.0,711293000.0,15562904000.0,14344953000.0,0.0,0.0,0.0,0.0,15147827000.0,2184396000.0,12963431000.0,10153627839.0,92702000.0,-1449124000.0,0.0,1286335000.0,0.0,695906000.0,-2272029000.0,133000.0,1608007000.0,-15814000.0,360948000.0,360948000.0,360948000.0,-153848000.0,649000.0,0.058,2327765000.0,1186062000.0,467333000.0,0.386,-1.612,28.13,27.512,3361590000.0,0.0,33.84,1.644,1.606,325119000.0,-5494829000.0,6177575000.0,6177575000.0,0.0,0.046,-0.058,0.083,0.192,48434000.0,1440731000.0,1.0,300048104.0,293165000,301880000.0,21.072,6353894000.0,202932000.0,113767000.0,0.0,21.673,-518114000.0
22,CVC,MRT,2010-09-30,2010-09-30,2010-09-30,2021-08-25,-36157000.0,7501616000.0,8013283250.0,1823606000.0,5678010000.0,0.707,-21.249,-766800000.0,428391000.0,428391000.0,2497720000.0,326255000.0,0.92,-2.199,11498706000.0,676668000.0,10822038000.0,11498706000.0,87519000.0,795591000.0,0.0,0.017,0.45,1040924000.0,1836515000.0,0.324,1836515000.0,1040924000.0,383883000.0,1.11,1.07,1.11,-6240357000.0,-5952654000.0,-6240357000.0,19115557768.0,18.0,10.409,482648000.0,1.643,1.0,3166071000.0,0.559,2850278000.0,657041000.0,13740342000.0,14405904500.0,0.0,0.0,0.0,0.0,13724422000.0,1981311000.0,11743111000.0,7982891768.0,109752000.0,-34634000.0,3586000.0,-1197834000.0,-13636000.0,-437330000.0,-803282000.0,102000.0,1249448000.0,-44408000.0,325490000.0,325490000.0,325490000.0,-231636000.0,765000.0,0.057,2119113000.0,1046958000.0,476497000.0,0.405,-1.279,24.526,23.595,2900376000.0,0.0,26.19,1.409,1.358,544257000.0,-5585930000.0,5663791000.0,5663791000.0,0.0,0.041,-0.055,0.072,0.184,40776000.0,1296979000.0,1.0,304806864.0,293671000,302143000.0,19.286,4651338000.0,360604000.0,58393000.0,0.0,15.839,-157705000.0
23,CVC,MRT,2010-06-30,2010-06-30,2010-06-30,2021-08-25,-36934000.0,7631595000.0,8669878750.0,1949712000.0,5681883000.0,0.673,-20.961,-738514000.0,517458000.0,517458000.0,2518642000.0,312491000.0,1.002,-2.228,11650124000.0,682300000.0,10967824000.0,11650124000.0,83720000.0,828134000.0,0.0,0.018,0.425,1047187000.0,1875321000.0,0.322,1875321000.0,1047187000.0,383690000.0,1.07,1.03,1.07,-6199554000.0,-5693754000.0,-6199554000.0,18464601093.0,18.0,9.846,538972000.0,1.822,1.0,3313567000.0,0.568,2795351000.0,663497000.0,14022959000.0,15014350750.0,0.0,0.0,0.0,0.0,13815156000.0,1945951000.0,11869205000.0,7340886093.0,114103000.0,-79229000.0,8567000.0,-441484000.0,-8163000.0,-428889000.0,-819057000.0,111000.0,1277486000.0,-58793000.0,312371000.0,312371000.0,312371000.0,-194363000.0,120000.0,0.054,2204673000.0,1108894000.0,450049000.0,0.397,-1.184,23.501,22.439,2892010000.0,0.0,24.01,1.259,1.218,528050000.0,-5678698000.0,5832209000.0,5832209000.0,0.0,0.036,-0.055,0.07,0.18,41331000.0,1348173000.0,1.0,305742861.0,295762000,303914000.0,19.719,4836244000.0,390217000.0,71319000.0,0.0,16.352,3761000.0
24,CVC,MRT,2010-03-31,2010-03-31,2010-03-31,2021-08-25,-37680000.0,7364192000.0,9088967500.0,1645727000.0,5718465000.0,0.659,-21.147,-715997000.0,318866000.0,318866000.0,2566726000.0,338469000.0,1.034,-2.183,11442581000.0,369047000.0,11073534000.0,11442581000.0,79495000.0,895038000.0,0.0,0.017,0.4,1164231000.0,2059269000.0,0.344,2059269000.0,1164231000.0,501851000.0,1.16,1.12,1.16,-6214750000.0,-5467945250.0,-6214750000.0,18305414914.0,16.0,8.889,717175000.0,2.44,1.0,3420137000.0,0.571,2843380000.0,662380000.0,14053607000.0,15164740500.0,0.0,0.0,0.0,0.0,13565731000.0,1590920000.0,11974811000.0,7290478914.0,-2323000.0,66410000.0,-3446000.0,-923975000.0,-1437000.0,-851609000.0,-645390000.0,97000.0,1433172000.0,-30121000.0,338515000.0,338515000.0,338515000.0,-153218000.0,-46000.0,0.057,2301307000.0,1118830000.0,461778000.0,0.345,-1.173,21.537,20.81,2902214000.0,0.0,24.14,1.218,1.185,470328000.0,-5713269000.0,5986863000.0,5986863000.0,0.0,0.037,-0.062,0.077,0.194,46117000.0,1400723000.0,1.0,302008240.0,293884000,302826000.0,20.372,4520812000.0,394673000.0,163336000.0,0.0,15.383,54807000.0
25,CVC,MRT,2009-12-31,2009-12-31,2009-12-31,2021-08-25,-49760000.0,9555730000.0,9635680000.0,2280450000.0,7275280000.0,0.612,-17.672,-739481000.0,245032000.0,245032000.0,2532844000.0,285299000.0,0.994,-2.851,11566823000.0,727146000.0,10839677000.0,11566823000.0,80823000.0,916408000.0,0.0,0.015,0.4,1071941000.0,1988349000.0,0.337,1988349000.0,1071941000.0,398749000.0,0.98,0.96,0.98,-5155955000.0,-5254491000.0,-5155955000.0,19813373053.0,18.0,9.965,657594000.0,2.254,1.0,3367230000.0,0.571,2775486000.0,673192000.0,15806710000.0,15497879750.0,0.0,0.0,0.0,0.0,14698989000.0,2295325000.0,12403664000.0,7792147053.0,-24403000.0,66202000.0,0.0,-883660000.0,0.0,-833472000.0,-667273000.0,1131000.0,1397075000.0,-43338000.0,285572000.0,285572000.0,285572000.0,-161467000.0,-273000.0,0.048,2311516000.0,1055714000.0,415331000.0,0.408,-1.511,27.286,26.347,2973581000.0,0.0,25.82,1.321,1.277,533188000.0,-4749714000.0,5900074000.0,5900074000.0,0.0,0.03,-0.054,0.069,0.182,47143000.0,1389525000.0,1.0,301787260.0,291759000,298444000.0,20.222,6780244000.0,522799000.0,113177000.0,0.0,23.239,-14875000.0
26,CVC,MRT,2009-09-30,2009-09-30,2009-09-30,2021-08-25,-33330000.0,10127998000.0,9592549500.0,2007847000.0,8120151000.0,0.648,-17.803,-772019000.0,350340000.0,350340000.0,2490258000.0,-125550000.0,0.947,-2.944,12371566000.0,559742000.0,11811824000.0,12371566000.0,245245000.0,1388339000.0,0.0,0.017,0.4,603756000.0,1992095000.0,0.321,1992095000.0,603756000.0,-160340000.0,-0.41,-0.43,-0.41,-5204757000.0,-5307500000.0,-5204757000.0,18503251006.0,31.0,9.288,591258000.0,2.022,1.0,3722964000.0,0.599,3855575000.0,764096000.0,16174127000.0,15253782750.0,0.0,0.0,0.0,0.0,15321360000.0,2119522000.0,13201838000.0,7159017006.0,68225000.0,-56492000.0,-7803000.0,468746000.0,-58665000.0,-565160000.0,-773555000.0,38690000.0,1363277000.0,82714000.0,-115988000.0,-115988000.0,-115988000.0,-16988000.0,-9562000.0,-0.019,2872582000.0,850382000.0,362451000.0,-0.976,-1.375,-61.722,-57.927,3324566000.0,0.0,23.75,1.152,1.117,594394000.0,-4827972000.0,6213222000.0,6213222000.0,0.0,-0.012,0.022,0.04,0.097,47124000.0,1427423000.0,1.0,301432295.0,292346000,300079000.0,21.253,6272423000.0,445472000.0,-44352000.0,0.0,21.455,-111675000.0
27,CVC,MRT,2009-06-30,2009-06-30,2009-06-30,2021-08-25,-33700000.0,9307950000.0,9489796250.0,2028152000.0,7279798000.0,0.659,-18.193,-831323000.0,420650000.0,420650000.0,2538253000.0,-192747000.0,0.911,-2.755,11764884000.0,707306000.0,11057578000.0,11764884000.0,187540000.0,1414382000.0,0.0,0.021,0.4,532012000.0,1946394000.0,0.311,1946394000.0,532012000.0,-245553000.0,-0.64,-0.66,-0.64,-5296319000.0,-5252062500.0,-5296319000.0,17690077327.0,33.0,9.089,515932000.0,1.772,1.0,3711284000.0,0.594,3800890000.0,777565000.0,14624518000.0,14605679750.0,0.0,0.0,0.0,0.0,14592186000.0,2226776000.0,12365410000.0,5859760327.0,-311562000.0,-676061000.0,-14147000.0,-53701000.0,-56549000.0,-226935000.0,-1464856000.0,39025000.0,1347255000.0,93397000.0,-183982000.0,-183982000.0,-183982000.0,-10677000.0,-8765000.0,-0.029,2942656000.0,768628000.0,390545000.0,-0.625,-1.106,-31.85,-30.328,3357438000.0,0.0,19.41,0.938,0.904,595582000.0,-4926914000.0,6249537000.0,6249537000.0,0.0,-0.019,0.035,0.036,0.085,53072000.0,1472922000.0,1.0,301893886.0,291121000,297726000.0,21.467,5507060000.0,407611000.0,-61571000.0,0.0,18.917,-198624000.0
28,CVC,MRT,2009-03-31,2009-03-31,2009-03-31,2021-08-25,-34363000.0,9551042000.0,9533575500.0,1823007000.0,7728035000.0,0.656,-18.437,-839785000.0,360943000.0,360943000.0,2550390000.0,-187508000.0,0.832,-2.779,12191260000.0,677441000.0,11513819000.0,12191260000.0,154802000.0,1443803000.0,0.0,0.023,0.3,541931000.0,1985734000.0,0.317,1985734000.0,541931000.0,-234185000.0,-0.61,-0.63,-0.61,-5360933000.0,-5178465000.0,-5360933000.0,15499204058.0,29.0,7.805,561836000.0,1.932,1.0,3704125000.0,0.592,3804760000.0,776116000.0,15386164000.0,14403693500.0,0.0,0.0,0.0,0.0,14900082000.0,2190435000.0,12709647000.0,3842256058.0,60885000.0,-781722000.0,-1177000.0,396641000.0,-28502000.0,253969000.0,-1623070000.0,1132000.0,1401621000.0,105756000.0,-176296000.0,-176296000.0,-176296000.0,-10766000.0,-11212000.0,-0.028,2981897000.0,722228000.0,375941000.0,-0.492,-0.717,-21.794,-21.213,3407988000.0,0.0,12.94,0.614,0.602,585207000.0,-5013788000.0,6254515000.0,6254515000.0,0.0,-0.018,0.034,0.038,0.087,53549000.0,1488773000.0,1.0,296928598.0,290769000,294430000.0,21.51,5746282000.0,364537000.0,-57889000.0,0.0,19.762,-367428000.0
29,CVC,MRT,2008-12-31,2008-12-31,2008-12-31,2021-08-25,-35025000.0,9383208000.0,9532336000.0,1858869000.0,7524339000.0,0.663,-18.492,-864616000.0,333475000.0,333475000.0,2645831000.0,-236172000.0,0.809,-2.746,11990423000.0,704693000.0,11285730000.0,11990423000.0,195390000.0,1441532000.0,0.0,0.012,0.2,476648000.0,1918180000.0,0.304,1918180000.0,476648000.0,-317008000.0,-0.79,-0.79,-0.79,-5367991000.0,-4696596250.0,-5367991000.0,16618044765.0,35.0,8.663,447284000.0,1.541,1.0,3674021000.0,0.581,3910905000.0,793656000.0,14830322000.0,13832043250.0,0.0,0.0,0.0,0.0,14738854000.0,2298929000.0,12439925000.0,5001811765.0,47575000.0,-781514000.0,0.0,455922000.0,0.0,369928000.0,-1650971000.0,32000.0,1311900000.0,84655000.0,-228064000.0,-228064000.0,-228064000.0,-6166000.0,-8108000.0,-0.036,2996277000.0,677744000.0,385966000.0,-0.253,-0.932,-21.932,-21.316,3472640000.0,0.0,16.84,0.791,0.774,650286000.0,-5035286000.0,6319852000.0,6319852000.0,0.0,-0.024,0.049,0.034,0.075,51703000.0,1504862000.0,1.0,297019701.0,290286000,290286000.0,21.771,5472303000.0,285305000.0,-88944000.0,0.0,18.851,-440060000.0
30,CVC,MRT,2008-09-30,2008-09-30,2008-09-30,2021-08-25,2119000.0,9716985000.0,9471678250.0,1842125000.0,7874860000.0,0.741,-17.161,-879953000.0,363203000.0,363203000.0,3075053000.0,101011000.0,0.538,-2.95,11979436000.0,1874049000.0,10105387000.0,11979436000.0,231745000.0,1101546000.0,0.0,0.004,0.1,1058982000.0,2160528000.0,0.308,2160528000.0,1058982000.0,237717000.0,0.35,0.33,0.35,-4983007000.0,-4629296000.0,-4983007000.0,18477802297.0,17.0,8.552,517526000.0,1.782,1.0,3943099000.0,0.562,4326218000.0,821265000.0,13581715000.0,13664557500.0,0.0,0.0,0.0,0.0,14699992000.0,3425285000.0,11274707000.0,7471560297.0,-350863000.0,-720572000.0,45004000.0,-155818000.0,35292000.0,-108704000.0,-1648981000.0,-37521000.0,1397479000.0,0.0,100369000.0,100369000.0,100369000.0,2884000.0,642000.0,0.014,2786635000.0,1156464000.0,391713000.0,0.286,-1.499,74.441,71.886,3436085000.0,0.0,25.16,1.065,1.041,595706000.0,-4712709000.0,7018152000.0,7018152000.0,0.0,0.011,-0.022,0.077,0.151,58295000.0,1684165000.0,1.0,296961856.0,290365000,295921000.0,24.17,5390767000.0,281525000.0,137348000.0,0.0,18.565,-1583160000.0
31,CVC,MRT,2008-06-30,2008-06-30,2008-06-30,2021-08-25,2365000.0,9483067000.0,9494062250.0,2260425000.0,7222642000.0,0.714,-17.24,-848088000.0,865087000.0,865087000.0,2975400000.0,-9727000.0,0.781,-2.896,11871329000.0,1419184000.0,10452145000.0,11871329000.0,162593000.0,1104204000.0,0.0,0.0,0.0,936193000.0,2040397000.0,0.301,2040397000.0,936193000.0,73995000.0,-0.03,-0.04,-0.03,-5001929000.0,-4666448500.0,-5001929000.0,16375492837.0,17.0,8.026,368734000.0,1.271,1.0,3806991000.0,0.561,3779251000.0,862198000.0,13816573000.0,14003163750.0,0.0,0.0,0.0,0.0,14484996000.0,2893485000.0,11591511000.0,6706449837.0,-123386000.0,-101259000.0,43705000.0,-474629000.0,63670000.0,-375175000.0,-980439000.0,-37965000.0,1216822000.0,0.0,-9915000.0,-9915000.0,-9915000.0,3356000.0,188000.0,-0.001,2737082000.0,1069909000.0,391100000.0,0.0,-1.341,-676.394,-753.333,3361239000.0,0.0,22.6,0.989,0.967,555751000.0,-4739810000.0,6782391000.0,6782391000.0,0.0,-0.001,0.002,0.067,0.138,51291000.0,1631213000.0,1.0,296745568.0,290132000,294949000.0,23.377,5703816000.0,320345000.0,83910000.0,0.0,19.659,-633060000.0
32,CVC,MRT,2008-03-31,2008-03-31,2008-03-31,2021-08-25,2611000.0,9546084000.0,9641285500.0,2235152000.0,7310932000.0,0.689,-11.842,-830542000.0,428924000.0,428924000.0,2949450000.0,215407000.0,0.987,-3.78,10097967000.0,876593000.0,9221374000.0,10097967000.0,166391000.0,1095432000.0,0.0,0.0,0.0,1221462000.0,2316894000.0,0.349,2316894000.0,1221462000.0,307605000.0,0.74,0.72,0.74,-3433458000.0,-4682044500.0,-3433458000.0,17507533346.0,14.0,7.556,144718000.0,0.499,1.0,3693090000.0,0.556,3851560000.0,913857000.0,13099563000.0,14459756250.0,0.0,0.0,0.0,0.0,12979542000.0,2264004000.0,10715538000.0,6305824346.0,-782000.0,212904000.0,45420000.0,-835694000.0,43240000.0,-750968000.0,-583909000.0,24732000.0,975260000.0,0.0,212823000.0,212823000.0,212823000.0,-187165000.0,2584000.0,0.032,2707316000.0,985774000.0,776180000.0,0.0,-1.837,29.629,28.959,3412582000.0,0.0,21.43,0.949,0.935,544334000.0,-3630671000.0,6642540000.0,6642540000.0,0.0,0.022,-0.045,0.084,0.184,49581000.0,1608090000.0,1.0,294252186.0,289950000,289950000.0,22.909,5694524000.0,374266000.0,94782000.0,0.0,19.64,-28852000.0
33,CVC,MRT,2007-12-31,2007-12-31,2007-12-31,2021-08-25,2857000.0,9140577000.0,9668168500.0,1744287000.0,7396290000.0,0.671,-17.687,-794741000.0,419078000.0,419078000.0,2891581000.0,217832000.0,0.742,-2.793,11620787000.0,835441000.0,10785346000.0,11620787000.0,211349000.0,1118888000.0,0.0,0.0,0.0,1237972000.0,2356860000.0,0.363,2356860000.0,1237972000.0,297120000.0,0.76,0.74,0.76,-5098790000.0,-5172277000.0,-5098790000.0,18484895978.0,15.0,7.843,141148000.0,0.49,1.0,3592900000.0,0.554,3830369000.0,940852000.0,14160379000.0,15168639250.0,0.0,0.0,0.0,0.0,14239367000.0,2351538000.0,11887829000.0,7206729978.0,-58242000.0,212904000.0,0.0,-804193000.0,0.0,-813944000.0,-551242000.0,24783000.0,935889000.0,0.0,218153000.0,218153000.0,218153000.0,-195235000.0,-321000.0,0.034,2682349000.0,910551000.0,370044000.0,0.0,-1.413,33.035,32.237,3472203000.0,0.0,24.5,1.111,1.089,584025000.0,-4806543000.0,6484481000.0,6484481000.0,0.0,0.023,-0.042,0.082,0.191,53077000.0,1558728000.0,1.0,294152244.0,288271000,294604000.0,22.494,5310208000.0,232984000.0,78967000.0,0.0,18.421,-607251000.0
34,CVC,MRT,2007-09-30,2007-09-30,2007-09-30,2021-08-25,-11954000.0,9806521000.0,9844238500.0,2258496000.0,7548025000.0,0.64,-17.705,-732842000.0,870559000.0,870559000.0,2836620000.0,187896000.0,0.782,-2.911,12148725000.0,1304591000.0,10844134000.0,12148725000.0,248836000.0,1122544000.0,0.0,0.0,0.0,1195050000.0,2317594000.0,0.368,2317594000.0,1195050000.0,238611000.0,0.65,0.63,0.65,-5131617000.0,-5232392750.0,-5131617000.0,21535040147.0,18.0,9.292,134074000.0,0.463,1.0,3468116000.0,0.55,3259615000.0,956439000.0,14936140000.0,15449802750.0,0.0,0.0,0.0,0.0,14938138000.0,2888932000.0,12049206000.0,10277981147.0,166761000.0,208119000.0,-49684000.0,-301647000.0,2771278000.0,-553001000.0,-504278000.0,23562000.0,866916000.0,0.0,187896000.0,187896000.0,187896000.0,-168736000.0,0.0,0.03,2684589000.0,783527000.0,396664000.0,0.0,-2.003,54.7,53.754,3483713000.0,0.0,34.94,1.63,1.606,544544000.0,-4813179000.0,6304736000.0,6304736000.0,0.0,0.019,-0.036,0.077,0.19,58956000.0,1558484000.0,1.0,294160880.0,289845000,289845000.0,21.752,6546906000.0,339657000.0,50715000.0,0.0,22.588,-630436000.0
35,CVC,MRT,2007-06-30,2007-06-30,2007-06-30,2021-08-25,-11958000.0,10071960000.0,9836786750.0,2380183000.0,7691777000.0,0.628,-17.567,-720685000.0,1109726000.0,1109726000.0,2823633000.0,208075000.0,1.007,-2.989,12366785000.0,774832000.0,11591953000.0,12366785000.0,178988000.0,1127552000.0,0.0,0.0,0.0,1151878000.0,2279430000.0,0.369,2279430000.0,1151878000.0,189536000.0,0.71,0.69,0.71,-5064313000.0,-5311630500.0,-5064313000.0,22509819314.0,20.0,9.875,192125000.0,0.666,1.0,3351020000.0,0.543,3323267000.0,962342000.0,15642943000.0,15728099500.0,0.0,1294000.0,0.0,1294000.0,15136273000.0,2362809000.0,12773464000.0,10612108314.0,382819000.0,208375000.0,-49579000.0,-87229000.0,2771506000.0,-396195000.0,-492985000.0,24066000.0,912810000.0,0.0,208075000.0,208075000.0,208075000.0,-171754000.0,0.0,0.034,2642589000.0,708431000.0,376061000.0,0.0,-2.095,51.001,50.972,3521189000.0,0.0,36.19,1.719,1.69,527947000.0,-4733933000.0,6174653000.0,6174653000.0,0.0,0.021,-0.039,0.073,0.187,63592000.0,1514312000.0,1.0,293233167.0,288286000,294394000.0,21.418,6748693000.0,280923000.0,-18539000.0,0.0,23.41,17374000.0
36,CVC,MRT,2007-03-31,2007-03-31,2007-03-31,2021-08-25,-11950000.0,9653616000.0,9747503000.0,1688509000.0,7965107000.0,0.616,-18.93,-755296000.0,558179000.0,558179000.0,2729368000.0,-94771000.0,0.726,-2.79,12455890000.0,701214000.0,11754676000.0,12455890000.0,154151000.0,1126872000.0,0.0,0.329,10.0,741049000.0,1867921000.0,0.311,1867921000.0,741049000.0,-232671000.0,-0.34,-0.34,-0.34,-5394388000.0,-5397361000.0,-5394388000.0,20824309418.0,28.0,11.148,227136000.0,0.797,1.0,3274090000.0,0.545,3289767000.0,973720000.0,15935095000.0,15795457750.0,0.0,51075000.0,0.0,51075000.0,15048004000.0,2326465000.0,12721539000.0,8899219418.0,-3089905000.0,0.0,-45568000.0,-316304000.0,-43820000.0,-3434862000.0,-764783000.0,-580000.0,982432000.0,0.0,-94771000.0,-94771000.0,-94771000.0,-24849000.0,0.0,-0.016,2614327000.0,659763000.0,401647000.0,-29.412,-1.65,-93.902,-89.5,3608121000.0,0.0,30.43,1.482,1.444,509779000.0,-5051458000.0,6003458000.0,6003458000.0,0.0,-0.01,0.018,0.047,0.123,65280000.0,1486679000.0,1.0,292448880.0,284971000,284971000.0,21.067,6363849000.0,286199000.0,-137900000.0,0.0,22.332,-637956000.0
37,CVC,MRT,2006-12-31,2006-12-31,2006-12-31,2021-08-25,-11950000.0,9844857000.0,10536123500.0,1667447000.0,8177410000.0,0.553,-18.825,-869680000.0,535791000.0,535791000.0,2651890000.0,-126465000.0,0.686,-2.844,12485342000.0,720865000.0,11764477000.0,12485342000.0,176800000.0,1119829000.0,0.0,0.351,10.0,661275000.0,1781104000.0,0.306,1781104000.0,661275000.0,-266927000.0,-0.45,-0.45,-0.45,-5339253000.0,-4684113500.0,-5339253000.0,20344380914.0,31.0,11.422,58095000.0,0.205,1.0,3176603000.0,0.545,4078677000.0,928202000.0,15285033000.0,15881154500.0,0.0,49950000.0,0.0,49950000.0,15184110000.0,2430698000.0,12753412000.0,8319817914.0,23295000.0,0.0,0.0,2915304000.0,0.0,-149390000.0,-872709000.0,-93000.0,927775000.0,0.0,-126465000.0,-126465000.0,-126465000.0,-16428000.0,0.0,-0.022,2587711000.0,588892000.0,389400000.0,-22.222,-1.558,-65.788,-63.289,3713030000.0,0.0,28.48,1.427,1.386,546192000.0,-5027473000.0,5828493000.0,5828493000.0,0.0,-0.012,0.027,0.042,0.113,63675000.0,1471366000.0,1.0,292128438.0,283627000,283627000.0,20.55,5766180000.0,184032000.0,-140462000.0,0.0,20.33,-763251000.0
38,CVC,MRT,2006-09-30,2006-09-30,2006-09-30,2021-08-25,-3562000.0,9776714000.0,10537687250.0,1673641000.0,8103073000.0,0.53,-19.192,-919975000.0,528315000.0,528315000.0,2509807000.0,-37930000.0,0.807,-2.794,12552878000.0,309645000.0,12243233000.0,12552878000.0,177122000.0,1110578000.0,0.0,0.44,10.0,682160000.0,1792738000.0,0.321,1792738000.0,682160000.0,-196317000.0,-0.13,-0.13,-0.13,-5448568000.0,-3972645250.0,-5448568000.0,18732453005.0,27.0,10.449,8809000.0,0.031,1.0,3073371000.0,0.55,3678584000.0,878477000.0,16049327000.0,15222173000.0,0.0,56112000.0,9985000.0,46127000.0,15225282000.0,2073366000.0,13151916000.0,6632927005.0,176488000.0,180000.0,12460000.0,2743169000.0,-2838591000.0,-188713000.0,-913175000.0,3851000.0,928784000.0,0.0,-37930000.0,-37930000.0,-37930000.0,-58387000.0,0.0,-0.007,2478980000.0,594391000.0,399405000.0,-76.923,-1.217,-174.873,-174.692,3793937000.0,0.0,22.71,1.188,1.155,491276000.0,-5128704000.0,5583178000.0,5583178000.0,0.0,-0.004,0.01,0.045,0.122,32659000.0,1373269000.0,1.0,292070762.0,283901000,283901000.0,19.666,6098130000.0,238223000.0,-158387000.0,0.0,21.48,-399725000.0
39,CVC,MRT,2006-06-30,2006-06-30,2006-06-30,2021-08-25,-3562000.0,9714825000.0,10644627750.0,1875842000.0,7838983000.0,0.511,-19.067,-896038000.0,545179000.0,545179000.0,2433513000.0,-41725000.0,0.826,-2.797,12644705000.0,613629000.0,12031076000.0,12644705000.0,117784000.0,1091907000.0,0.0,0.466,10.0,679729000.0,1771636000.0,0.325,1771636000.0,679729000.0,-144972000.0,-0.14,-0.14,-0.14,-5407235000.0,-3245250750.0,-5407235000.0,15676178432.0,23.0,8.848,22033000.0,0.078,1.0,3009694000.0,0.553,3631361000.0,824701000.0,15912376000.0,14227890000.0,0.0,53349000.0,10130000.0,43219000.0,15122060000.0,2270614000.0,12851446000.0,6219016432.0,327750000.0,58000.0,13977000.0,2770399000.0,-2837967000.0,-100972000.0,-840502000.0,-9298000.0,918071000.0,0.0,-41725000.0,-41725000.0,-41725000.0,-56679000.0,0.0,-0.008,2434418000.0,575276000.0,391703000.0,-71.429,-1.15,-149.048,-153.214,3847076000.0,0.0,21.45,1.143,1.118,488313000.0,-5069749000.0,5443207000.0,5443207000.0,0.0,-0.004,0.013,0.048,0.125,21241000.0,1344211000.0,1.0,289930836.0,283592000,283592000.0,19.194,6083464000.0,77415000.0,-103247000.0,0.0,21.451,-394772000.0
40,CVC,MRT,2006-03-31,2006-03-31,2006-03-31,2021-08-25,-3562000.0,12808098000.0,10743668500.0,5013004000.0,7795094000.0,0.491,-8.982,-868691000.0,3498626000.0,3498626000.0,2365272000.0,157487000.0,2.115,-6.04,12955788000.0,785949000.0,12169839000.0,12955788000.0,101884000.0,1088789000.0,0.0,0.0,0.0,846606000.0,1935395000.0,0.367,1935395000.0,846606000.0,79799000.0,0.55,0.55,0.55,-2541398000.0,-2513729250.0,-2541398000.0,17160918048.0,20.0,8.867,-9588000.0,-0.034,1.0,2913005000.0,0.552,3617120000.0,766807000.0,16277882000.0,13392277000.0,0.0,51386000.0,10322000.0,41064000.0,15349496000.0,2370258000.0,12979238000.0,7730169048.0,2728151000.0,28000.0,13108000.0,2557596000.0,0.0,2521462000.0,-850050000.0,-9574000.0,859103000.0,113000.0,157487000.0,157487000.0,157487000.0,-254327000.0,0.0,0.03,2402381000.0,510624000.0,366861000.0,0.0,-3.042,49.084,48.545,3897685000.0,0.0,26.7,1.465,1.431,497512000.0,-3498937000.0,5278277000.0,5278277000.0,0.0,0.015,-0.063,0.063,0.16,25946000.0,1314782000.0,1.0,289519440.0,282950000,282950000.0,18.654,9190978000.0,74908000.0,-77688000.0,0.0,32.483,2642746000.0
41,CVC,MRT,2005-12-31,2005-12-31,2005-12-31,2021-08-25,-3562000.0,9851112000.0,10326947000.0,2161624000.0,7689488000.0,0.492,-8.844,-776131000.0,405950000.0,405950000.0,2249367000.0,89320000.0,0.835,-4.951,9836699000.0,883358000.0,8953341000.0,9836699000.0,178733000.0,1074711000.0,0.0,0.0,0.0,771640000.0,1846351000.0,0.363,1846351000.0,771640000.0,7101000.0,0.32,0.32,0.32,-2493380000.0,-2558969500.0,-2493380000.0,16558647950.0,21.0,8.968,110232000.0,0.391,1.0,2832678000.0,0.557,4043274000.0,764539000.0,12649107000.0,13057381250.0,0.0,49871000.0,10408000.0,39463000.0,12344492000.0,2589480000.0,9755012000.0,6773591950.0,-383970000.0,-4231000.0,13942000.0,-661606000.0,0.0,-644594000.0,-762960000.0,-9940000.0,886363000.0,191000.0,89320000.0,89320000.0,89320000.0,-226274000.0,0.0,0.018,2358112000.0,474566000.0,373362000.0,0.0,-2.717,75.835,73.344,3868077000.0,0.0,23.47,1.333,1.302,570365000.0,-3440967000.0,5082045000.0,5082045000.0,0.0,0.009,-0.035,0.059,0.152,28870000.0,1283938000.0,1.0,288606389.0,281936000,281936000.0,18.026,5807838000.0,36450000.0,-82219000.0,0.0,20.6,-427856000.0
42,CVC,MRT,2005-09-30,2005-09-30,2005-09-30,2021-08-25,-2204000.0,10204476000.0,10711067000.0,2283383000.0,7921093000.0,0.457,-8.8,-728795000.0,360010000.0,360010000.0,2240811000.0,-283970000.0,0.548,-5.019,10145066000.0,2382691000.0,7762375000.0,10145066000.0,197001000.0,1161439000.0,0.0,0.0,0.0,331193000.0,1492632000.0,0.305,1492632000.0,331193000.0,-429008000.0,-0.99,-0.99,-0.99,-2538990000.0,-2597440500.0,-2538990000.0,18722367700.0,57.0,12.543,119530000.0,0.414,1.0,2650891000.0,0.542,3752460000.0,760201000.0,12072195000.0,13709234250.0,0.0,51830000.0,13871000.0,37959000.0,12743466000.0,4164877000.0,8578589000.0,8847631700.0,-504005000.0,-4411000.0,16503000.0,-438553000.0,0.0,-417683000.0,-752111000.0,-10295000.0,848325000.0,0.0,-283970000.0,-283970000.0,-283970000.0,-90559000.0,0.0,-0.058,2469848000.0,181043000.0,339709000.0,0.0,-3.485,-31.157,-30.98,3871686000.0,0.0,30.67,1.809,1.809,494338000.0,-3404858000.0,4891702000.0,4891702000.0,0.0,-0.027,0.109,0.024,0.068,47940000.0,1308700000.0,1.0,288478373.0,288507000,288507000.0,16.955,6452016000.0,165706000.0,-145038000.0,0.0,22.363,-1881494000.0
43,CVC,MRT,2005-06-30,2005-06-30,2005-06-30,2021-08-25,-2204000.0,10110988000.0,11108654250.0,2005053000.0,8105935000.0,0.429,-8.611,-738004000.0,291967000.0,291967000.0,2167348000.0,-284193000.0,0.555,-5.075,10166703000.0,2112951000.0,8053752000.0,10166703000.0,118501000.0,1156779000.0,0.0,0.0,0.0,312169000.0,1468948000.0,0.308,1468948000.0,312169000.0,-433034000.0,-0.99,-0.99,-0.99,-2481149000.0,-2544998750.0,-2481149000.0,19314637181.0,62.0,13.149,104375000.0,0.362,1.0,2600094000.0,0.545,3803343000.0,745203000.0,12569924000.0,14604203000.0,0.0,32333000.0,1056000.0,31277000.0,12592137000.0,3612457000.0,8979680000.0,9273124181.0,23747000.0,-4289000.0,14779000.0,391332000.0,0.0,230545000.0,-814600000.0,2256000.0,842379000.0,0.0,-284193000.0,-284193000.0,-284193000.0,-68759000.0,0.0,-0.06,2427410000.0,172684000.0,332903000.0,0.0,-3.737,-32.63,-32.525,3928826000.0,0.0,32.2,1.945,1.946,521267000.0,-3341978000.0,4767442000.0,4767442000.0,0.0,-0.026,0.112,0.021,0.065,48250000.0,1273480000.0,1.0,287985223.0,288143000,288143000.0,16.545,6307645000.0,124918000.0,-148841000.0,0.0,21.891,-1607404000.0
44,CVC,MRT,2005-03-31,2005-03-31,2005-03-31,2021-08-25,-2264000.0,11141212000.0,11366161250.0,2630321000.0,8510891000.0,0.413,-9.457,-743077000.0,788675000.0,788675000.0,2153848000.0,-685102000.0,1.185,-5.092,10830188000.0,761672000.0,10068516000.0,10830188000.0,99719000.0,1147840000.0,0.0,0.0,0.0,-138961000.0,1008879000.0,0.215,1008879000.0,-138961000.0,-873736000.0,-2.38,-2.38,-2.38,-2722359000.0,-2492731250.0,-2722359000.0,18065738775.0,-130.0,17.907,8144000.0,0.028,1.0,2545317000.0,0.542,4024279000.0,734775000.0,14938299000.0,15203963000.0,0.0,31159000.0,2472000.0,28687000.0,13863571000.0,2220147000.0,11643424000.0,8074326775.0,594477000.0,-4245000.0,8928000.0,2607707000.0,0.0,861556000.0,-747530000.0,34926000.0,751221000.0,-113000.0,-685102000.0,-685102000.0,-685102000.0,203425000.0,0.0,-0.146,2269493000.0,275824000.0,368031000.0,0.0,-2.966,-11.786,-11.786,3946419000.0,0.0,28.05,1.718,1.718,534086000.0,-3563999000.0,4699165000.0,4699165000.0,0.0,-0.06,0.275,-0.009,-0.03,34458000.0,1220430000.0,1.0,287854787.0,287856000,287856000.0,16.325,7116933000.0,206598000.0,-188634000.0,0.0,24.724,410174000.0
45,CVC,MRT,2004-12-31,2004-12-31,2004-12-31,2021-08-25,-3935000.0,11387592000.0,11368248750.0,2381797000.0,9005795000.0,0.407,-9.221,-706534000.0,915923000.0,915923000.0,2191247000.0,-678945000.0,1.116,-5.302,11002672000.0,634444000.0,10368228000.0,11002672000.0,135945000.0,1138675000.0,0.0,0.0,0.0,-159334000.0,979341000.0,0.211,979341000.0,-159334000.0,-880342000.0,-2.36,-2.36,-2.36,-2647264000.0,-2336289500.0,-2647264000.0,17331847046.0,-109.0,17.697,-20698000.0,-0.072,1.0,2441290000.0,0.527,4083762000.0,721008000.0,15256519000.0,14813985250.0,0.0,31119000.0,3819000.0,27300000.0,14034856000.0,2134060000.0,11900796000.0,7151947046.0,541478000.0,-84738000.0,7270000.0,2564386000.0,0.0,805200000.0,-792315000.0,34754000.0,685836000.0,-191000.0,-678945000.0,-678945000.0,-678945000.0,185476000.0,0.0,-0.147,2226764000.0,214526000.0,347355000.0,0.0,-2.702,-10.534,-10.551,4013814000.0,0.0,24.9,1.544,1.543,547700000.0,-3530287000.0,4632537000.0,4632537000.0,0.0,-0.06,0.291,-0.011,-0.034,30341000.0,1184682000.0,1.0,287226789.0,287085000,287085000.0,16.136,7303830000.0,127559000.0,-201397000.0,0.0,25.441,247737000.0
46,CVC,MRT,2004-09-30,2004-09-30,2004-09-30,2021-08-25,-952000.0,11794825000.0,11328903250.0,2185970000.0,9608855000.0,0.397,-8.111,-697226000.0,922924000.0,922924000.0,2133130000.0,-576741000.0,1.114,-6.064,11102824000.0,483077000.0,10619747000.0,11102824000.0,167402000.0,1039953000.0,0.0,0.0,0.0,-38386000.0,1001567000.0,0.223,1001567000.0,-38386000.0,-751626000.0,-2.01,-2.01,-2.01,-2329223000.0,-2171924000.0,-2329223000.0,16241790690.0,-423.0,16.216,-55582000.0,-0.194,1.0,2367852000.0,0.526,4359571000.0,713240000.0,15652070000.0,14376820750.0,0.0,30090000.0,3770000.0,26320000.0,14124048000.0,1963084000.0,12160964000.0,6266281690.0,651601000.0,-14060000.0,4176000.0,2623144000.0,0.0,851305000.0,-680898000.0,30388000.0,641644000.0,0.0,-576741000.0,-576741000.0,-576741000.0,73534000.0,0.0,-0.128,2127440000.0,240412000.0,383231000.0,0.0,-2.69,-10.865,-10.09,4413563000.0,0.0,20.28,1.392,1.294,542946000.0,-3139238000.0,4500982000.0,4500982000.0,0.0,-0.051,0.266,-0.003,-0.009,45105000.0,1177478000.0,1.0,308988249.0,287173000,287173000.0,15.673,7435254000.0,55654000.0,-174885000.0,0.0,25.891,222886000.0
47,CVC,MRT,2004-06-30,2004-06-30,2004-06-30,2021-08-25,-952000.0,11141016000.0,11086139750.0,1297361000.0,9843655000.0,0.393,-7.917,-743396000.0,254641000.0,254641000.0,2070706000.0,-620528000.0,0.726,-5.868,10230150000.0,264108000.0,9966042000.0,10230150000.0,122145000.0,1060090000.0,0.0,0.0,0.0,-108093000.0,951997000.0,0.218,951997000.0,-108093000.0,-818213000.0,-2.16,-2.16,-2.16,-2272079000.0,-2040367500.0,-2272079000.0,13919666586.0,-129.0,14.622,-168668000.0,-0.588,1.0,2288557000.0,0.525,4361613000.0,710120000.0,14968964000.0,13712773250.0,0.0,27977000.0,4976000.0,23001000.0,13333094000.0,1785948000.0,11547146000.0,5638333586.0,-50871000.0,-264466000.0,4084000.0,2050248000.0,0.0,455831000.0,-979190000.0,28672000.0,574728000.0,0.0,-620528000.0,-620528000.0,-620528000.0,44288000.0,0.0,-0.142,2127647000.0,160910000.0,373915000.0,0.0,-2.482,-9.086,-9.097,4446263000.0,0.0,19.65,1.293,1.294,536402000.0,-3076063000.0,4359263000.0,4359263000.0,0.0,-0.056,0.304,-0.008,-0.025,54788000.0,1157460000.0,1.0,286938096.0,287004000,287004000.0,15.189,6779403000.0,43491000.0,-197685000.0,0.0,23.621,-488587000.0
48,CVC,MRT,2004-03-31,2004-03-31,2004-03-31,2021-08-25,-952000.0,11149562000.0,10914374750.0,1053867000.0,10095695000.0,0.382,-7.309,-814229000.0,205334000.0,205334000.0,1985929000.0,-275070000.0,0.636,-6.28,8486667000.0,113991000.0,8372676000.0,8486667000.0,88436000.0,1040324000.0,0.0,0.0,0.0,390914000.0,1431238000.0,0.343,1431238000.0,390914000.0,-272457000.0,-0.97,-0.97,-0.97,-2096592000.0,-1900509250.0,-2096592000.0,14736588361.0,38.0,10.296,-162858000.0,-0.568,1.0,2182899000.0,0.524,4394703000.0,663371000.0,13378388000.0,13158725000.0,0.0,34814000.0,8126000.0,26688000.0,13166153000.0,1657804000.0,11508349000.0,6562133361.0,-15594000.0,-264480000.0,2351000.0,-894000.0,0.0,-9081000.0,-632093000.0,446616000.0,651371000.0,0.0,-275070000.0,-275070000.0,-275070000.0,14629000.0,0.0,-0.066,2194037000.0,-11138000.0,403727000.0,0.0,-3.13,-23.856,-23.588,4497595000.0,0.0,22.88,1.574,1.574,523380000.0,-2888952000.0,4168828000.0,4168828000.0,0.0,-0.025,0.145,0.03,0.094,47939000.0,1140492000.0,1.0,286806528.0,286842000,286842000.0,14.534,6754859000.0,50521000.0,2613000.0,0.0,23.549,-603937000.0
49,CVC,MRT,2003-12-31,2003-12-31,2003-12-31,2021-08-25,-952000.0,11230210000.0,10734198250.0,1102827000.0,10127383000.0,0.375,-6.97,-828062000.0,326962000.0,326962000.0,1864579000.0,-306412000.0,0.697,-6.604,8501417000.0,126675000.0,8374742000.0,8501417000.0,134031000.0,1042850000.0,0.0,0.0,0.0,332880000.0,1375730000.0,0.342,1375730000.0,332880000.0,-282788000.0,-1.07,-1.07,-1.07,-1989802000.0,-1844436000.0,-1989802000.0,14719259391.0,44.0,10.699,-391604000.0,-1.372,1.0,2158630000.0,0.537,4314656000.0,615668000.0,13507861000.0,13133253250.0,0.0,31323000.0,5874000.0,25449000.0,13140011000.0,1582148000.0,11557863000.0,6707205391.0,152560000.0,-179728000.0,2722000.0,335255000.0,0.0,398148000.0,-561249000.0,446541000.0,436458000.0,0.0,-306412000.0,-306412000.0,-306412000.0,22476000.0,0.0,-0.076,2143197000.0,15433000.0,368080000.0,0.0,-3.371,-21.889,-21.86,4593210000.0,0.0,23.39,1.667,1.66,526113000.0,-2768972000.0,4023209000.0,4023209000.0,0.0,-0.029,0.166,0.025,0.083,36059000.0,1094380000.0,1.0,286755254.0,285486000,285486000.0,14.092,6915554000.0,107660000.0,23624000.0,0.0,24.224,-479321000.0
50,CVC,MRT,2003-09-30,2003-09-30,2003-09-30,2021-08-25,-1790000.0,10823771000.0,10554182250.0,859556000.0,9964215000.0,0.384,-6.288,-1140283000.0,252304000.0,252304000.0,1866228000.0,429984000.0,0.532,-6.959,8264358000.0,258474000.0,8005884000.0,8264358000.0,168295000.0,1016929000.0,0.0,0.0,0.0,1060399000.0,2077328000.0,0.513,2077328000.0,1060399000.0,501885000.0,1.44,1.41,1.44,-1802997000.0,-1777575750.0,-1802997000.0,12609982779.0,12.0,6.07,-586949000.0,-2.047,1.0,2182510000.0,0.539,4223589000.0,558514000.0,12995880000.0,13040221500.0,0.0,55458000.0,0.0,55458000.0,12546767000.0,1616356000.0,10930411000.0,5189487779.0,-53832000.0,-250406000.0,2925000.0,312234000.0,0.0,383814000.0,-949108000.0,441581000.0,553334000.0,0.0,429984000.0,429984000.0,429984000.0,-623785000.0,0.0,0.106,2033919000.0,148591000.0,389379000.0,0.0,-2.878,12.069,12.569,4606857000.0,0.0,18.1,1.282,1.282,460082000.0,-2571670000.0,4048738000.0,4048738000.0,0.0,0.041,-0.242,0.081,0.262,14912000.0,1016998000.0,1.0,286712032.0,286716000,286716000.0,14.121,6600182000.0,0.0,71901000.0,0.0,23.02,-756800000.0
51,CVC,MRT,2003-06-30,2003-06-30,2003-06-30,2021-08-25,-1790000.0,10453956000.0,10423994000.0,862838000.0,9591118000.0,0.378,-5.975,-1169790000.0,293028000.0,293028000.0,1816513000.0,454702000.0,0.643,-5.784,7713523000.0,26696000.0,7686827000.0,7713523000.0,75571000.0,953117000.0,0.0,0.0,0.0,1082540000.0,2035657000.0,0.516,2035657000.0,1082540000.0,565743000.0,1.54,1.51,1.54,-1712646000.0,-1799445000.0,-1712646000.0,13744837022.0,13.0,6.752,-657501000.0,-2.294,1.0,2128846000.0,0.54,3779965000.0,516797000.0,12752771000.0,13084610500.0,0.0,56462000.0,0.0,56462000.0,9906351000.0,1341715000.0,8564636000.0,5950482022.0,68118000.0,0.0,2697000.0,274899000.0,0.0,339207000.0,-734910000.0,434880000.0,512289000.0,0.0,454702000.0,454702000.0,454702000.0,-563923000.0,0.0,0.115,1995289000.0,133557000.0,407259000.0,0.0,-3.474,13.087,13.481,4617402000.0,0.0,20.76,1.508,1.508,453740000.0,-2464708000.0,3945359000.0,3945359000.0,0.0,0.044,-0.253,0.083,0.274,403000.0,972980000.0,1.0,286632082.0,286650000,288977000.0,13.764,6673991000.0,0.0,111041000.0,0.0,23.283,-478877000.0
52,CVC,MRT,2003-03-31,2003-03-31,2003-03-31,2021-08-25,-1790000.0,10428856000.0,10337041500.0,953086000.0,9475770000.0,0.375,-6.645,-1205585000.0,223158000.0,223158000.0,1743451000.0,198453000.0,0.713,-5.37,8017513000.0,14717000.0,8002796000.0,8017513000.0,81239000.0,927969000.0,0.0,0.0,0.0,634841000.0,1562810000.0,0.404,1562810000.0,634841000.0,120980000.0,0.66,0.63,0.66,-1872299000.0,-1829412750.0,-1872299000.0,12914558666.0,20.0,8.264,-851012000.0,-3.021,1.0,2128929000.0,0.55,3610337000.0,513861000.0,13276501000.0,13089929500.0,0.0,78479000.0,0.0,78479000.0,10053359000.0,1336373000.0,8716986000.0,5321594666.0,21560000.0,0.0,2481000.0,877729000.0,0.0,946135000.0,-1224843000.0,-19258000.0,354573000.0,0.0,198453000.0,198453000.0,198453000.0,-555139000.0,0.0,0.051,1930764000.0,198165000.0,526027000.0,0.0,-2.842,26.815,28.773,4551679000.0,0.0,18.99,1.374,1.382,446797000.0,-2623055000.0,3872380000.0,3872380000.0,0.0,0.019,-0.108,0.048,0.164,37000.0,939505000.0,1.0,280231420.0,281742000,281742000.0,13.744,6818519000.0,0.0,-77473000.0,0.0,24.201,-383287000.0
53,CVC,MRT,2002-12-31,2002-12-31,2002-12-31,2021-08-25,-1790000.0,10510146000.0,10311982000.0,877785000.0,9632361000.0,0.369,-5.868,-1305922000.0,125940000.0,125940000.0,1738637000.0,93883000.0,0.538,-6.206,7696982000.0,20745000.0,7676237000.0,7696982000.0,130881000.0,873648000.0,0.0,0.0,0.0,525981000.0,1399629000.0,0.368,1399629000.0,525981000.0,19501000.0,0.32,0.29,0.32,-1722361000.0,-1815355750.0,-1722361000.0,12430088894.0,24.0,8.881,-900006000.0,-3.066,1.0,2063198000.0,0.543,3315069000.0,506480000.0,13135734000.0,12901671750.0,0.0,397943000.0,0.0,397943000.0,10688213000.0,1630385000.0,9057828000.0,5054226894.0,17950000.0,0.0,3241000.0,996183000.0,0.0,983646000.0,-1339547000.0,-33625000.0,405916000.0,0.0,93883000.0,93883000.0,93883000.0,-562667000.0,0.0,0.025,1872199000.0,190999000.0,635421000.0,0.0,-2.934,53.835,52.312,4665825000.0,0.0,16.74,1.329,1.292,461290000.0,-2471733000.0,3801835000.0,3801835000.0,0.0,0.009,-0.052,0.041,0.138,0.0,924460000.0,1.0,301925143.0,293516000,331959000.0,12.953,7195077000.0,0.0,-74382000.0,0.0,24.513,-752600000.0
54,CVC,MRT,2002-09-30,2002-09-30,2002-09-30,2021-08-25,0.0,10303018000.0,10239474500.0,1032168000.0,9270850000.0,0.336,-6.295,-1207610000.0,306136000.0,306136000.0,1445060000.0,-743890000.0,0.774,-5.179,7681998000.0,66804000.0,7615194000.0,7681998000.0,185762000.0,1017780000.0,0.0,0.0,0.0,-405026000.0,612754000.0,0.178,612754000.0,-405026000.0,-916459000.0,-2.62,-2.6,-2.62,-1890474000.0,-1781242000.0,-1890474000.0,8821495599.0,-22.0,14.396,-1335898000.0,-4.448,1.0,1991521000.0,0.58,3171957000.0,511433000.0,13173436000.0,12482080750.0,0.0,86610000.0,0.0,86610000.0,9790060000.0,1333487000.0,8456573000.0,1590011599.0,5174000.0,-662000.0,5563000.0,1260596000.0,0.0,1500013000.0,-1276679000.0,-68407000.0,-128288000.0,0.0,-743890000.0,-743890000.0,-743890000.0,120452000.0,0.0,-0.216,2041080000.0,-49559000.0,348988000.0,0.0,-0.841,-2.137,-3.458,4364534000.0,0.0,9.06,0.463,0.792,476579000.0,-2990621000.0,3436581000.0,3436581000.0,0.0,-0.073,0.418,-0.032,-0.118,-8250000.0,910429000.0,1.0,175497969.0,300326000,300326000.0,11.443,7131061000.0,28605000.0,-172569000.0,0.0,23.744,-301319000.0
55,CVC,MRT,2002-06-30,2002-06-30,2002-06-30,2021-08-25,0.0,10106146000.0,10229765500.0,972394000.0,9133752000.0,0.34,-6.334,-1244099000.0,224910000.0,224910000.0,1537275000.0,-738709000.0,0.689,-5.206,7456394000.0,102627000.0,7353767000.0,7456394000.0,114137000.0,1050956000.0,0.0,0.0,0.0,-427721000.0,623235000.0,0.179,623235000.0,-427721000.0,-948500000.0,-2.62,-2.6,-2.62,-1832517000.0,-1643668250.0,-1832517000.0,8930855358.0,-21.0,14.33,-1213038000.0,-4.193,1.0,1938461000.0,0.558,3151414000.0,520779000.0,12774047000.0,12324619750.0,0.0,89306000.0,0.0,89306000.0,9540206000.0,1412169000.0,8128037000.0,1660010358.0,-18364000.0,18849000.0,7648000.0,1084854000.0,0.0,1333678000.0,-1289769000.0,-64519000.0,31061000.0,0.0,-738709000.0,-738709000.0,-738709000.0,75553000.0,0.0,-0.213,2032275000.0,-93814000.0,443546000.0,0.0,-0.906,-2.247,-3.611,4386287000.0,0.0,9.46,0.478,0.787,489680000.0,-2911099000.0,3475736000.0,3475736000.0,0.0,-0.072,0.449,-0.035,-0.123,-9055000.0,923712000.0,1.0,175476782.0,289314000,289314000.0,12.014,6954732000.0,0.0,-209791000.0,0.0,24.039,-439775000.0
56,CVC,MRT,2002-03-31,2002-03-31,2002-03-31,2021-08-25,0.0,10328618000.0,10195828250.0,904244000.0,9424374000.0,0.356,-6.3,-1277983000.0,201598000.0,201598000.0,1694336000.0,-402317000.0,0.645,-5.361,7472443000.0,37983000.0,7434460000.0,7472443000.0,108797000.0,1069915000.0,0.0,0.0,0.0,-334227000.0,735688000.0,0.202,735688000.0,-334227000.0,-856040000.0,-2.97,-2.95,-2.97,-1816071000.0,-1516025250.0,-1816071000.0,12338011122.0,-37.0,16.771,-1309522000.0,-4.543,1.0,1940296000.0,0.534,3673070000.0,521813000.0,12523470000.0,12357975750.0,0.0,98451000.0,0.0,98451000.0,9736810000.0,1402923000.0,8333887000.0,5960269122.0,103609000.0,-301437000.0,8922000.0,522687000.0,0.0,743260000.0,-522379000.0,-61112000.0,-31539000.0,0.0,-762547000.0,-762547000.0,-762547000.0,65005000.0,360230000.0,-0.21,2081888000.0,-141592000.0,435344000.0,0.0,-3.282,-7.816,-11.448,4287102000.0,0.0,34.0,1.64,2.697,474518000.0,-2812946000.0,3634632000.0,3634632000.0,0.0,-0.075,0.503,-0.027,-0.092,83280000.0,956347000.0,1.0,175302033.0,288269000,288269000.0,12.608,6655548000.0,0.0,-93493000.0,0.0,23.088,-498679000.0
57,CVC,MRT,2001-12-31,2001-12-31,2001-12-31,2021-08-25,0.0,10220116000.0,10015137750.0,938868000.0,9281248000.0,0.359,-5.625,-1351748000.0,107990000.0,107990000.0,1685252000.0,981450000.0,0.583,-5.925,7006106000.0,34028000.0,6972078000.0,7006106000.0,140537000.0,1115494000.0,0.0,0.0,0.0,1742399000.0,2857893000.0,0.795,2857893000.0,1742399000.0,1207027000.0,3.48,3.43,3.48,-1585906000.0,-1471759750.0,-1585906000.0,14695823466.0,8.0,5.142,-1568878000.0,-5.565,1.0,1909795000.0,0.531,4049679000.0,535372000.0,11457370000.0,12472925000.0,0.0,99351000.0,0.0,99351000.0,9396781000.0,1611183000.0,7785598000.0,8318081466.0,70050000.0,0.0,12514000.0,435075000.0,0.0,651389000.0,-295072000.0,-61477000.0,-217130000.0,0.0,981450000.0,981450000.0,981450000.0,61841000.0,0.0,0.273,2121648000.0,-211853000.0,569544000.0,0.0,-5.245,8.475,13.635,4014583000.0,0.0,47.45,2.314,3.721,454449000.0,-2563316000.0,3595047000.0,3595047000.0,0.0,0.098,-0.667,0.14,0.485,82861000.0,963432000.0,1.0,175302033.0,281938000,285731000.0,12.751,6170437000.0,0.0,225577000.0,0.0,21.886,-672315000.0
58,CVC,MRT,2001-09-30,2001-09-30,2001-09-30,2021-08-25,0.0,10264182000.0,9528431250.0,,,0.396,-4.746,-1398127000.0,300962000.0,300962000.0,1855247000.0,1845940000.0,,-6.866,6678704000.0,,,6678704000.0,252023000.0,971805000.0,0.0,0.0,0.0,2420089000.0,3391894000.0,0.898,3391894000.0,2420089000.0,1868788000.0,8.32,8.14,8.32,-1340179000.0,-1707753000.0,-1340179000.0,13534957657.0,6.0,3.99,-1479912000.0,-5.241,1.0,1920513000.0,0.509,4098332000.0,551301000.0,12543592000.0,12301790500.0,397632000.0,93747000.0,,,9201574000.0,,,7176080657.0,262405000.0,-29306000.0,17653000.0,-320526000.0,0.0,-341417000.0,662289000.0,-19431000.0,-81785000.0,0.0,1508239000.0,1508239000.0,1508239000.0,65552000.0,337701000.0,0.399,2067382000.0,-146869000.0,625553000.0,0.0,-5.355,4.758,4.921,3832015000.0,0.0,40.94,1.901,3.062,498651000.0,-2281747000.0,3775760000.0,3775760000.0,0.0,0.158,-0.883,0.197,0.641,92529000.0,1082673000.0,1.0,175282869.0,282356000,282356000.0,13.372,6165850000.0,0.0,360549000.0,0.0,21.837,
59,CVC,MRT,2001-06-30,2001-06-30,2001-06-30,2021-08-25,5120000.0,9970397000.0,8899712750.0,,,0.438,-7.546,-1426595000.0,243274000.0,243274000.0,1907866000.0,1882861000.0,,-6.697,6602151000.0,,,6602151000.0,166777000.0,958931000.0,0.0,0.0,0.0,2516840000.0,3475771000.0,0.891,3475771000.0,2516840000.0,1954471000.0,8.36,8.18,8.36,-1321945000.0,-2222133000.0,-1321945000.0,17063932811.0,7.0,4.909,-1636590000.0,-9.342,1.0,1991900000.0,0.511,3421803000.0,562369000.0,12907471000.0,12159236000.0,397289000.0,1146242000.0,,,8852450000.0,,,10248308811.0,209343000.0,-63490000.0,22599000.0,-185398000.0,0.0,-209588000.0,603866000.0,-15202000.0,-209995000.0,0.0,1544408000.0,1544408000.0,1544408000.0,58905000.0,338453000.0,0.396,2073080000.0,-81180000.0,523612000.0,0.0,-7.752,6.636,6.998,3672773000.0,0.0,58.5,2.628,2.628,473230000.0,-2204684000.0,3899766000.0,3899766000.0,0.0,0.174,-0.695,0.207,0.645,92529000.0,1114149000.0,1.0,175184766.0,175194000,175194000.0,22.26,6548594000.0,0.0,410063000.0,0.0,37.379,
60,CVC,MRT,2001-03-31,2001-03-31,2001-03-31,2021-08-25,3765000.0,9605856000.0,8259752250.0,,,0.475,-9.363,-1449852000.0,97989000.0,97989000.0,1926611000.0,1472623000.0,,-5.564,6913613000.0,,,6913613000.0,198758000.0,956251000.0,0.0,0.0,0.0,2377055000.0,3333306000.0,0.85,3333306000.0,2377055000.0,1807825000.0,8.02,7.84,8.02,-1639009000.0,-2733060750.0,-1639009000.0,18824387724.0,8.0,5.647,-1580111000.0,-9.027,1.0,1995668000.0,0.509,3438213000.0,569230000.0,12983267000.0,11763997250.0,338689000.0,1162528000.0,,,9119072000.0,,,12322866724.0,46648000.0,237170000.0,26431000.0,391190000.0,0.0,388516000.0,-236669000.0,-14987000.0,-130259000.0,0.0,1487728000.0,1487728000.0,1487728000.0,58905000.0,-15105000.0,0.379,2104541000.0,-108873000.0,520030000.0,0.0,-7.518,8.283,8.773,3515611000.0,0.0,70.36,3.142,3.14,457886000.0,-2443174000.0,3922279000.0,3922279000.0,0.0,0.18,-0.544,0.202,0.606,0.0,1148290000.0,1.0,175140232.0,175043000,178569000.0,22.408,6167643000.0,0.0,320097000.0,0.0,35.235,
61,CVC,MRT,2000-12-31,2000-12-31,2000-12-31,2021-08-25,286440000.0,8273290000.0,7677058750.0,1123489000.0,7149801000.0,0.511,-9.118,-1322389000.0,37940000.0,37940000.0,1909043000.0,229253000.0,0.68,-3.427,6539461000.0,84816000.0,6454645000.0,6539461000.0,150742000.0,941657000.0,0.0,0.0,0.0,827030000.0,1768687000.0,0.451,1768687000.0,827030000.0,263105000.0,0.83,0.82,0.83,-2529879000.0,-3117842250.0,-2529879000.0,21790605577.0,26.0,12.32,-1237352000.0,-4.459,1.0,2015452000.0,0.514,2350542000.0,563925000.0,10772832000.0,11273006000.0,0.0,1025782000.0,0.0,1025782000.0,8670890000.0,1651437000.0,7019453000.0,14838462577.0,-24725000.0,-189493000.0,25594000.0,379304000.0,0.0,386240000.0,-521062000.0,-180000.0,85037000.0,0.0,229253000.0,229253000.0,229253000.0,58905000.0,0.0,0.058,2008337000.0,7115000.0,500240000.0,0.0,-5.865,64.725,102.337,3285674000.0,0.0,84.94,3.781,6.006,453779000.0,-3571049000.0,3924495000.0,3924495000.0,0.0,0.03,-0.074,0.073,0.211,0.0,1066680000.0,1.0,174693461.0,277473000,280751000.0,14.144,5922748000.0,0.0,33852000.0,0.0,21.345,-527948000.0
62,CVC,MRT,2000-09-30,2000-09-30,2000-09-30,2021-08-25,12068000.0,7749308000.0,7391313250.0,,,0.585,-19.521,-1164597000.0,38557000.0,38557000.0,2212666000.0,-674911000.0,,-2.663,6990700000.0,,,6990700000.0,341707000.0,975221000.0,0.0,0.0,0.0,-114269000.0,860952000.0,0.199,860952000.0,-114269000.0,-662483000.0,,,,-3397699000.0,-3252143250.0,-3397699000.0,18325294327.0,-160.0,21.285,-874419000.0,-5.024,1.0,2113341000.0,0.489,2728077000.0,548214000.0,11973374000.0,11210119750.0,0.0,511333000.0,,,9046580000.0,,,11601839327.0,-26886000.0,-180570000.0,31777000.0,1026351000.0,0.0,1026861000.0,-1343925000.0,1242000.0,290178000.0,0.0,-669126000.0,-537650000.0,-537650000.0,0.0,-5785000.0,-0.124,2050348000.0,62993000.0,524136000.0,,-3.415,-21.579,,3046894000.0,-131476000.0,66.75,2.682,2.686,394455000.0,-4169746000.0,4326007000.0,4326007000.0,0.0,-0.073,0.165,-0.01,-0.026,0.0,1075127000.0,1.0,173810327.0,174053000,,24.855,5021231000.0,0.0,6643000.0,0.0,28.849,
63,CVC,MRT,2000-06-30,2000-06-30,2000-06-30,2021-08-25,0.0,7410555000.0,7224812000.0,,,0.58,-19.408,-1043394000.0,33931000.0,33931000.0,2134061000.0,-768046000.0,,-2.577,6757386000.0,,,6757386000.0,208404000.0,949455000.0,0.0,0.0,0.0,-236328000.0,713127000.0,0.17,713127000.0,-236328000.0,-754866000.0,-4.04,-4.04,-4.04,-3365656000.0,-3120135500.0,-3365656000.0,18188747611.0,-77.0,25.506,-725565000.0,-4.184,1.0,2058708000.0,0.491,2807494000.0,518538000.0,11326516000.0,10731442750.0,0.0,327734000.0,,,8674825000.0,,,11777695611.0,-24358000.0,-164444000.0,24750000.0,884590000.0,0.0,865651000.0,-1207838000.0,0.0,317829000.0,0.0,-761509000.0,-674819000.0,-674819000.0,0.0,-6537000.0,-0.161,2042475000.0,16233000.0,504422000.0,0.0,-3.499,-17.453,-16.809,2859023000.0,-86690000.0,67.91,2.809,2.809,384290000.0,-4129604000.0,4192769000.0,4192769000.0,0.0,-0.093,0.216,-0.022,-0.056,0.0,1093020000.0,1.0,173430947.0,173418000,173418000.0,24.177,4603061000.0,0.0,6643000.0,0.0,26.543,
64,CVC,MRT,2000-03-31,2000-03-31,2000-03-31,2021-08-25,0.0,7275082000.0,7117592750.0,,,0.57,-18.334,-914506000.0,51341000.0,51341000.0,2072691000.0,-720298000.0,,-2.644,6462393000.0,,,6462393000.0,246144000.0,921696000.0,0.0,0.0,0.0,-207110000.0,714586000.0,0.176,714586000.0,-207110000.0,-700446000.0,,,,-3178135000.0,-3031212500.0,-3178135000.0,16565169768.0,-80.0,23.181,-650490000.0,-3.752,1.0,1984810000.0,0.489,2666832000.0,493336000.0,11019302000.0,10348671250.0,330843000.0,323284000.0,,,8403686000.0,,,10533133768.0,-107233000.0,-243962000.0,17490000.0,823791000.0,0.0,787219000.0,-1158468000.0,0.0,264016000.0,0.0,-707089000.0,-664246000.0,-664246000.0,0.0,-13209000.0,-0.164,1992146000.0,-7336000.0,494036000.0,,-3.314,-15.857,,2830532000.0,-42843000.0,60.75,2.596,2.595,365495000.0,-3915797000.0,4057501000.0,4057501000.0,0.0,-0.093,0.219,-0.02,-0.051,0.0,1070450000.0,1.0,173384918.0,173351000,,23.406,4608250000.0,0.0,6643000.0,0.0,26.583,
65,CVC,MRT,1999-12-31,1999-12-31,1999-12-31,2021-08-25,0.0,7130308000.0,6782664500.0,,,0.581,-19.598,-874775000.0,62665000.0,62665000.0,2020183000.0,-800607000.0,,-2.674,6094701000.0,,,6094701000.0,274043000.0,893797000.0,0.0,0.0,0.0,-304052000.0,589745000.0,0.15,589745000.0,-304052000.0,-774601000.0,-4.99,-4.99,-4.99,-3067083000.0,-3000115750.0,-3067083000.0,18872770904.0,-62.0,32.002,-600658000.0,-3.838,1.0,1922802000.0,0.488,2641057000.0,470549000.0,10521287000.0,9718798250.0,335826000.0,314865000.0,,,8200297000.0,,,13056611904.0,-111161000.0,-167598000.0,14671000.0,678572000.0,0.0,646234000.0,-1031512000.0,10861000.0,274117000.0,0.0,-781244000.0,-781244000.0,-781244000.0,0.0,-19363000.0,-0.198,2096916000.0,-174114000.0,458489000.0,0.0,-4.257,-16.713,-15.13,2752495000.0,0.0,75.5,3.311,2.997,355900000.0,-3800302000.0,3942985000.0,3942985000.0,0.0,-0.115,0.26,-0.031,-0.077,0.0,1203119000.0,1.0,172935257.0,156503000,156503000.0,25.194,4489251000.0,0.0,6643000.0,0.0,28.685,
66,CVC,MRT,1999-09-30,1999-09-30,1999-09-30,2021-08-25,0.0,7083303000.0,6765353000.0,,,0.556,-18.83,-1211179000.0,65443000.0,65443000.0,1874593000.0,-800664000.0,,-2.778,5881602000.0,,,5881602000.0,348453000.0,864148000.0,0.0,0.0,0.0,-326612000.0,537536000.0,0.143,537536000.0,-326612000.0,-779120000.0,,,,-2869668000.0,-2886266250.0,-2869668000.0,16824173413.0,-52.0,31.299,-917508000.0,-6.021,1.0,1885088000.0,0.501,2840796000.0,452508000.0,10058666000.0,9384628250.0,298017000.0,284380000.0,,,7973342000.0,,,11086733413.0,-84324000.0,-319127000.0,9638000.0,920329000.0,0.0,696902000.0,-1074897000.0,9125000.0,293671000.0,0.0,-779120000.0,-747748000.0,-747748000.0,0.0,-21544000.0,-0.199,2056231000.0,-171143000.0,453028000.0,,-3.863,-14.827,,2800716000.0,-31372000.0,72.75,2.949,2.949,373096000.0,-3626311000.0,3759681000.0,3759681000.0,0.0,-0.111,0.259,-0.035,-0.087,0.0,1192083000.0,1.0,152394961.0,152394961,,24.671,4242507000.0,0.0,0.0,0.0,27.839,
67,CVC,MRT,1999-06-30,1999-06-30,1999-06-30,2021-08-25,0.0,6981678000.0,6370920750.0,,,0.575,-19.817,-1130307000.0,58289000.0,58289000.0,1852485000.0,-740084000.0,,-2.563,5795729000.0,,,5795729000.0,240367000.0,830333000.0,0.0,0.0,0.0,-280111000.0,550222000.0,0.15,550222000.0,-280111000.0,-718540000.0,-4.56,-4.56,-4.56,-3009964000.0,-2827401000.0,-3009964000.0,15555668460.0,-56.0,28.272,-779829000.0,-5.134,1.0,1811757000.0,0.494,2923688000.0,438429000.0,9795430000.0,8802152500.0,289738000.0,290330000.0,,,7714987000.0,,,10651597460.0,-114684000.0,-313429000.0,3376000.0,768610000.0,0.0,521429000.0,-986591000.0,10861000.0,350478000.0,0.0,-718540000.0,-683299000.0,-683299000.0,0.0,-21544000.0,-0.186,1946487000.0,-134730000.0,451212000.0,0.0,-3.539,-15.588,-15.351,2689362000.0,-35241000.0,70.0,2.907,2.902,376811000.0,-3406189000.0,3664242000.0,3664242000.0,0.0,-0.107,0.242,-0.032,-0.076,0.0,1116154000.0,1.0,152165678.0,151888000,151888000.0,24.125,4057990000.0,0.0,0.0,0.0,26.717,
68,CVC,MRT,1999-03-31,1999-03-31,1999-03-31,2021-08-25,0.0,5935369000.0,5994532250.0,,,0.588,-20.14,-993039000.0,158276000.0,158276000.0,1792141000.0,-739035000.0,,-2.272,5062347000.0,,,5062347000.0,258935000.0,804511000.0,0.0,0.0,0.0,-279771000.0,524740000.0,0.149,524740000.0,-279771000.0,-717491000.0,,,,-3053748000.0,-2705191000.0,-3053748000.0,15904520411.0,-57.0,30.309,-611959000.0,-4.036,1.0,1730982000.0,0.491,2339630000.0,437720000.0,8499810000.0,8265363750.0,288538000.0,281905000.0,,,6937066000.0,,,11243611411.0,-283598000.0,-324549000.0,11262000.0,412414000.0,0.0,195765000.0,-860443000.0,10861000.0,381080000.0,0.0,-717491000.0,-638403000.0,-638403000.0,0.0,-21544000.0,-0.181,1838186000.0,-107204000.0,405697000.0,,-3.682,-17.612,,2178110000.0,-79088000.0,74.13,3.191,3.19,333878000.0,-3224050000.0,3523123000.0,3523123000.0,0.0,-0.106,0.236,-0.034,-0.079,0.0,1045205000.0,1.0,151674240.0,151625000,,23.236,3595739000.0,0.0,0.0,0.0,23.715,
69,CVC,MRT,1998-12-31,1998-12-31,1998-12-31,2021-08-25,0.0,7061062000.0,6208422000.0,,,0.526,-18.39,-566078000.0,173826000.0,173826000.0,1635888000.0,-448504000.0,,-2.823,5357608000.0,,,5357608000.0,334213000.0,734107000.0,0.0,0.0,0.0,-558000.0,733549000.0,0.225,733549000.0,-558000.0,-426960000.0,-3.01,-3.01,-3.01,-2611685000.0,-2500070750.0,-2611685000.0,11909813472.0,-21344.0,16.236,-166006000.0,-1.169,1.0,1629255000.0,0.499,3060237000.0,426402000.0,9184607000.0,8300448250.0,293310000.0,276231000.0,,,7374070000.0,,,7555274472.0,-236315000.0,-348629000.0,12082000.0,62766000.0,0.0,-167964000.0,-468423000.0,0.0,400072000.0,0.0,-426960000.0,-426960000.0,-426960000.0,0.0,-21544000.0,-0.131,1640572000.0,-11317000.0,460003000.0,0.0,-2.893,-17.696,-16.654,2506834000.0,0.0,50.13,2.314,2.18,386181000.0,-2999695000.0,3265143000.0,3265143000.0,0.0,-0.069,0.171,0.0,0.0,0.0,906465000.0,1.0,150713634.0,142016000,142016000.0,22.991,4000825000.0,0.0,0.0,0.0,28.172,
70,CVC,MRT,1998-09-30,1998-09-30,1998-09-30,2021-08-25,0.0,5505574000.0,5846853500.0,,,0.495,-17.494,848718000.0,149089000.0,149089000.0,1426207000.0,-108199000.0,,-2.349,4503628000.0,,,4503628000.0,390058000.0,634654000.0,0.0,0.0,0.0,313475000.0,948129000.0,0.328,948129000.0,313475000.0,-108199000.0,,,,-2634207000.0,-2441842750.0,-2634207000.0,10864394807.0,35.0,11.459,1150954000.0,7.644,1.0,1465599000.0,0.507,2131350000.0,421674000.0,7728763000.0,7866455750.0,275442000.0,284908000.0,,,6187231000.0,,,6503465807.0,117632000.0,-205252000.0,7342000.0,-801621000.0,0.0,-828070000.0,643466000.0,0.0,302236000.0,0.0,-108199000.0,-77887000.0,-77887000.0,0.0,0.0,-0.027,1396295000.0,69304000.0,372112000.0,,-2.469,-83.499,,1967937000.0,-30312000.0,43.19,2.249,2.249,304291000.0,-2804509000.0,2891806000.0,2891806000.0,0.0,-0.013,0.032,0.04,0.108,0.0,773171000.0,1.0,150578046.0,150578046,,19.205,3374224000.0,0.0,0.0,0.0,22.408,
71,CVC,MRT,1998-06-30,1998-06-30,1998-06-30,2021-08-25,0.0,5476124000.0,,,,,-16.77,870725000.0,170114000.0,170114000.0,1246991000.0,48545000.0,,-2.404,4531043000.0,,,4531043000.0,327620000.0,596174000.0,0.0,0.0,0.0,471529000.0,1067703000.0,0.41,1067703000.0,471529000.0,48545000.0,1.245,,1.245,-2521124000.0,,-2521124000.0,11051110294.0,23.0,10.35,1056744000.0,7.029,1.0,1355874000.0,0.521,2188778000.0,422984000.0,7648275000.0,,263463000.0,285023000.0,,,6061962000.0,,,6283564294.0,138513000.0,-236589000.0,15905000.0,-586725000.0,0.0,-681642000.0,634136000.0,0.0,186019000.0,0.0,48545000.0,82181000.0,82181000.0,0.0,0.0,0.032,1285746000.0,70128000.0,361735000.0,0.0,-2.492,76.46,33.534,1907295000.0,-33636000.0,41.75,2.414,2.411,311586000.0,-2691426000.0,2602865000.0,2602865000.0,0.0,,,,0.181,0.0,701102000.0,1.0,150504534.0,150332000,,17.314,3287346000.0,0.0,0.0,0.0,21.867,
72,CVC,MRT,1998-03-31,1998-03-31,1998-03-31,2021-08-25,0.0,6790928000.0,,,,,-19.291,846446000.0,446972000.0,446972000.0,1034420000.0,79486000.0,,-3.011,5214518000.0,,,5214518000.0,326936000.0,526853000.0,0.0,0.0,0.0,469936000.0,996789000.0,0.446,996789000.0,469936000.0,79486000.0,0.77,,0.77,-2233267000.0,,-2233267000.0,6547945060.0,14.0,6.569,1048685000.0,9.059,1.0,1201771000.0,0.537,2918326000.0,390450000.0,8640148000.0,,173681000.0,280435000.0,,,6724990000.0,,,2461207060.0,428686000.0,-611844000.0,9965000.0,152006000.0,0.0,-8155000.0,234602000.0,0.0,202239000.0,0.0,79486000.0,76356000.0,76356000.0,0.0,0.0,0.034,1145741000.0,56030000.0,343381000.0,0.0,-1.102,32.233,42.695,2333938000.0,3130000.0,32.875,1.101,1.702,314849000.0,-2578395000.0,2236191000.0,2236191000.0,0.0,,,,0.21,0.0,618888000.0,1.0,74865614.0,115768000,,19.316,3872602000.0,0.0,0.0,0.0,33.451,
73,CVC,MRT,1997-12-31,1997-12-31,1997-12-31,2021-08-25,0.0,5614788000.0,4324756500.0,,,0.451,-23.881,489251000.0,410141000.0,410141000.0,853800000.0,-12104000.0,,-2.542,4496879000.0,,,4496879000.0,277693000.0,499809000.0,0.0,0.0,0.0,356596000.0,856405000.0,0.439,856405000.0,356596000.0,-12104000.0,-0.12,-0.12,-0.12,-2378773000.0,-2376529000.0,-2378773000.0,,,,730714000.0,7.336,1.0,1095558000.0,0.562,2252889000.0,368700000.0,7448637000.0,6317586000.0,180576000.0,207776000.0,,,6047971000.0,,,1792095635.0,398529000.0,-737867000.0,7616000.0,559708000.0,0.0,405682000.0,-248616000.0,0.0,241463000.0,0.0,-12104000.0,-12104000.0,-12104000.0,0.0,0.0,-0.006,1014383000.0,81175000.0,298453000.0,0.0,-0.753,-148.058,-199.479,1831167000.0,0.0,23.938,0.919,1.223,313477000.0,-2551191000.0,1949358000.0,1949358000.0,0.0,-0.003,0.005,0.056,0.183,0.0,514574000.0,1.0,74865614.0,99608000,99608000.0,19.57,3361899000.0,0.0,0.0,0.0,33.751,
74,CVC,MRT,1997-09-30,1997-09-30,1997-09-30,2021-08-25,,,,,,,,,,,,,,,,,,,,,,0.0,0.0,,,,,,,,,,,,,,,,,,1.0,,,,,,,,,,,,,,,,,,,,,,,,,,,,,,,,,,,,,,,,15.688,,,,,,,,,,,,,,1.0,,99568000,,,,,,,,
75,CVC,MRT,1997-06-30,1997-06-30,1997-06-30,2021-08-25,,,,,,,,,,,,,,,,,,,,,,0.0,0.0,,,,,,,,,,,,,,,,,,1.0,,,,,,,,,,,,,,,,,,,,,,,,,,,,,,,,,,,,,,,,13.408,,,,,,,,,,,,,,1.0,,99372000,,,,,,,,
76,CVC,MRT,1997-03-31,1997-03-31,1997-03-31,2021-08-25,,,,,,,,,,,,,,,,,,,,,,0.0,0.0,,,,,,,,,,,,,,,,,,1.0,,,,,,,,,,,,,,,,,,,,,,,,,,,,,,,,,,,,,,,,7.47,,,,,,,,,,,,,,1.0,,99364000,,,,,,,,
77,CVC,MRT,1996-12-31,1996-12-31,1996-12-31,2021-08-25,0.0,3034725000.0,,,,,-23.908,-449117000.0,11612000.0,11612000.0,538272000.0,-332079000.0,,-1.639,3141882000.0,,,3141882000.0,0.0,388982000.0,0.0,0.0,0.0,-63902000.0,325080000.0,0.247,325080000.0,-63902000.0,-332079000.0,-4.63,-4.63,-4.63,-2374285000.0,,-2374285000.0,,,,-248737000.0,-2.505,1.0,776870000.0,0.591,978460000.0,268177000.0,5186535000.0,,134258000.0,311865000.0,,,3890945000.0,,,,-3720000.0,-292631000.0,3229000.0,-32586000.0,0.0,537648000.0,-741748000.0,0.0,200380000.0,0.0,-332079000.0,-459859000.0,-459859000.0,0.0,0.0,-0.35,702458000.0,74412000.0,208276000.0,0.0,,,-1.654,1390971000.0,127780000.0,7.657,,0.578,124774000.0,-2539087000.0,1315142000.0,1315142000.0,0.0,,,,-0.049,0.0,313476000.0,1.0,,99308000,99308000.0,13.243,2056265000.0,0.0,0.0,0.0,20.706,
78,CVC,MRT,1995-12-31,1995-12-31,1995-12-31,2021-08-25,,,,,,,,-285265000.0,,,412479000.0,-317458000.0,,,,,,,,319929000.0,,0.0,0.0,-3608000.0,316321000.0,0.293,316321000.0,-3608000.0,-317458000.0,-3.545,,-3.545,,,,,,,-130550000.0,-1.37,1.0,665581000.0,0.617,,313850000.0,,,,,,,,,,,3982000.0,-264953000.0,7720000.0,-52649000.0,0.0,400501000.0,-551234000.0,0.0,154715000.0,0.0,-317458000.0,-337707000.0,-337707000.0,0.0,0.0,-0.313,586138000.0,79443000.0,,0.0,,,-3.826,,20249000.0,13.562,,1.199,,,1078060000.0,1078060000.0,0.0,,,,-0.003,0.0,266209000.0,1.0,,95304000,,11.312,,,0.0,,,
