None,ticker,dimension,calendardate,datekey,reportperiod,lastupdated,accoci,assets,assetsavg,assetsc,assetsnc,assetturnover,bvps,capex,cashneq,cashnequsd,cor,consolinc,currentratio,de,debt,debtc,debtnc,debtusd,deferredrev,depamor,deposits,divyield,dps,ebit,ebitda,ebitdamargin,ebitdausd,ebitusd,ebt,eps,epsdil,epsusd,equity,equityavg,equityusd,ev,evebit,evebitda,fcf,fcfps,fxusd,gp,grossmargin,intangibles,intexp,invcap,invcapavg,inventory,investments,investmentsc,investmentsnc,liabilities,liabilitiesc,liabilitiesnc,marketcap,ncf,ncfbus,ncfcommon,ncfdebt,ncfdiv,ncff,ncfi,ncfinv,ncfo,ncfx,netinc,netinccmn,netinccmnusd,netincdis,netincnci,netmargin,opex,opinc,payables,payoutratio,pb,pe,pe1,ppnenet,prefdivis,price,ps,ps1,receivables,retearn,revenue,revenueusd,rnd,roa,roe,roic,ros,sbcomp,sgna,sharefactor,sharesbas,shareswa,shareswadil,sps,tangibles,taxassets,taxexp,taxliabilities,tbvps,workingcapital
0,ITT,MRY,2020-12-31,2020-12-31,2020-12-31,2021-08-25,-279400000.0,4277600000.0,4220475000.0,1917300000.0,2360300000.0,0.587,24.526,-62000000.0,859800000.0,859800000.0,1695600000.0,73900000.0,2.201,1.011,106800000.0,106800000.0,0.0,106800000.0,0.0,112200000.0,0.0,0.009,0.676,87100000.0,199300000.0,0.08,199300000.0,87100000.0,87800000.0,0.84,0.83,0.84,2126400000.0,2052875000.0,2126400000.0,5990928000.0,69.0,30.06,373900000.0,4.313,1.0,782200000.0,0.316,1051200000.0,-700000.0,1602400000.0,1621600000.0,360500000.0,0.0,0.0,0.0,2149700000.0,871000000.0,1278700000.0,6654528000.0,247700000.0,-4700000.0,-79900000.0,-16800000.0,-59000000.0,-158600000.0,-65800000.0,0.0,435900000.0,35200000.0,72500000.0,72500000.0,72500000.0,-4000000.0,1400000.0,0.029,553500000.0,228700000.0,306800000.0,0.805,3.129,91.787,91.69,525100000.0,0.0,77.02,2.686,2.695,507500000.0,2319300000.0,2477800000.0,2477800000.0,84900000.0,0.017,0.035,0.054,0.035,13400000.0,347200000.0,1.0,86400000.0,86700000.0,87300000.0,28.579,3226400000.0,158300000.0,15300000.0,0.0,37.213,1046300000.0
1,ITT,MRY,2019-12-31,2019-12-31,2019-12-31,2021-08-25,-252000000.0,4107700000.0,4037600000.0,1736800000.0,2370900000.0,0.705,23.659,-90500000.0,612100000.0,612100000.0,1936300000.0,326200000.0,2.044,0.978,86500000.0,86500000.0,0.0,86500000.0,0.0,113400000.0,0.0,0.008,0.588,410900000.0,524300000.0,0.184,524300000.0,410900000.0,415000000.0,3.71,3.67,3.71,2074900000.0,1969075000.0,2074900000.0,6048907000.0,15.0,11.537,267200000.0,3.047,1.0,910100000.0,0.32,1065200000.0,-4100000.0,1667200000.0,1673075000.0,392900000.0,0.0,0.0,0.0,2029900000.0,849700000.0,1180200000.0,6481907000.0,50700000.0,-113100000.0,-26500000.0,-22300000.0,-52100000.0,-101500000.0,-203400000.0,0.0,357700000.0,-3000000.0,325100000.0,325100000.0,325100000.0,-1700000.0,1100000.0,0.114,495300000.0,414800000.0,332400000.0,0.158,3.124,19.938,19.922,531500000.0,0.0,73.91,2.277,2.277,578400000.0,2372400000.0,2846400000.0,2846400000.0,97900000.0,0.081,0.165,0.246,0.144,15700000.0,406200000.0,1.0,87700000.0,87700000.0,88600000.0,32.456,3042500000.0,138100000.0,89900000.0,0.0,34.692,887100000.0
2,ITT,MRY,2018-12-31,2018-12-31,2018-12-31,2021-08-25,-243900000.0,3846800000.0,3840675000.0,1645100000.0,2201700000.0,0.715,20.78,-52300000.0,561200000.0,561200000.0,1857900000.0,334600000.0,1.886,1.109,116200000.0,116200000.0,0.0,116200000.0,0.0,109400000.0,0.0,0.011,0.536,391900000.0,501300000.0,0.183,501300000.0,391900000.0,391400000.0,3.81,3.76,3.81,1822400000.0,1736725000.0,1822400000.0,3848952000.0,10.0,7.678,319500000.0,3.643,1.0,887200000.0,0.323,1012000000.0,500000.0,1517700000.0,1571200000.0,380500000.0,0.0,0.0,0.0,2021900000.0,872100000.0,1149800000.0,4228452000.0,171200000.0,0.0,-50300000.0,-31300000.0,-47300000.0,-128800000.0,-52300000.0,0.0,371800000.0,-15300000.0,333700000.0,333700000.0,333700000.0,-1300000.0,900000.0,0.122,488600000.0,398600000.0,339200000.0,0.141,2.32,12.671,12.669,518800000.0,0.0,48.27,1.54,1.542,540000000.0,2110300000.0,2745100000.0,2745100000.0,98400000.0,0.087,0.192,0.249,0.143,21600000.0,422100000.0,1.0,87600000.0,87700000.0,88700000.0,31.301,2834800000.0,164500000.0,57700000.0,0.0,32.324,773000000.0
3,ITT,MRY,2017-12-31,2017-12-31,2017-12-31,2021-08-25,-210600000.0,3700200000.0,3725325000.0,1478700000.0,2221500000.0,0.694,18.076,-109500000.0,389800000.0,389800000.0,1765400000.0,113300000.0,1.644,1.317,163600000.0,163600000.0,0.0,163600000.0,0.0,105300000.0,0.0,0.01,0.512,308100000.0,413400000.0,0.16,413400000.0,308100000.0,308100000.0,1.29,1.28,1.29,1596100000.0,1570625000.0,1596100000.0,4492060000.0,15.0,10.866,137700000.0,1.559,1.0,819900000.0,0.317,1043000000.0,0.0,1531600000.0,1608825000.0,311900000.0,0.0,0.0,0.0,2102400000.0,899400000.0,1203000000.0,4696560000.0,-70900000.0,-113700000.0,-21700000.0,-45400000.0,-45400000.0,-112500000.0,-223200000.0,0.0,247200000.0,20000000.0,113500000.0,113500000.0,113500000.0,1500000.0,-200000.0,0.044,500600000.0,319300000.0,351400000.0,0.397,2.943,41.379,41.372,521700000.0,0.0,53.37,1.817,1.823,629600000.0,1856100000.0,2585300000.0,2585300000.0,93500000.0,0.03,0.072,0.192,0.119,18100000.0,427900000.0,1.0,88000000.0,88300000.0,89000000.0,29.279,2657200000.0,149900000.0,194600000.0,0.0,30.093,579300000.0
4,ITT,MRY,2016-12-31,2016-12-31,2016-12-31,2021-08-25,-306000000.0,3601700000.0,3719700000.0,1401800000.0,2199900000.0,0.647,15.991,-111400000.0,460700000.0,460700000.0,1644500000.0,186600000.0,1.618,1.524,214300000.0,214300000.0,0.0,214300000.0,0.0,102000000.0,0.0,0.013,0.496,262100000.0,364100000.0,0.151,364100000.0,262100000.0,262100000.0,2.09,2.07,2.09,1426400000.0,1429750000.0,1426400000.0,3177974000.0,12.0,8.728,129300000.0,1.45,1.0,760900000.0,0.316,935000000.0,0.0,1554100000.0,1637000000.0,295200000.0,0.0,0.0,0.0,2173300000.0,866200000.0,1307100000.0,3401874000.0,45000000.0,-5800000.0,-65500000.0,-32700000.0,-44600000.0,-141900000.0,-54400000.0,62900000.0,240700000.0,-11400000.0,186100000.0,186100000.0,186100000.0,-4200000.0,500000.0,0.077,484300000.0,276600000.0,301700000.0,0.237,2.385,18.28,18.455,464500000.0,0.0,38.57,1.414,1.43,523900000.0,1789200000.0,2405400000.0,2405400000.0,80500000.0,0.05,0.13,0.16,0.109,12600000.0,430300000.0,1.0,88200000.0,89200000.0,89900000.0,26.966,2666700000.0,297400000.0,76000000.0,0.0,29.896,535600000.0
5,ITT,MRY,2015-12-31,2015-12-31,2015-12-31,2021-08-25,-270400000.0,3723600000.0,3587550000.0,1497700000.0,2225900000.0,0.693,15.168,-86700000.0,415700000.0,415700000.0,1676500000.0,351600000.0,1.571,1.731,245700000.0,245700000.0,0.0,245700000.0,0.0,90000000.0,0.0,0.013,0.473,421900000.0,511900000.0,0.206,511900000.0,421900000.0,421900000.0,3.92,3.88,3.92,1362100000.0,1274275000.0,1362100000.0,2756240000.0,7.0,5.384,143000000.0,1.592,1.0,809100000.0,0.326,965500000.0,0.0,1635000000.0,1588275000.0,292700000.0,0.0,0.0,0.0,2358200000.0,953100000.0,1405100000.0,3250640000.0,-168300000.0,-341500000.0,-77800000.0,240900000.0,-42800000.0,120400000.0,-485500000.0,-61600000.0,229700000.0,-31600000.0,351800000.0,351800000.0,351800000.0,-39400000.0,-200000.0,0.142,429000000.0,380100000.0,314700000.0,0.121,2.386,9.24,9.265,443500000.0,0.0,36.32,1.308,1.312,584900000.0,1696700000.0,2485600000.0,2485600000.0,78900000.0,0.098,0.276,0.266,0.17,15700000.0,441500000.0,1.0,89500000.0,89800000.0,90700000.0,27.679,2758100000.0,326100000.0,70100000.0,0.0,30.714,544600000.0
6,ITT,MRY,2014-12-31,2014-12-31,2014-12-31,2021-08-25,-177000000.0,3631500000.0,3733600000.0,1636200000.0,1995300000.0,0.711,13.278,-118800000.0,584000000.0,584000000.0,1788200000.0,186800000.0,2.11,1.985,1500000.0,1500000.0,0.0,1500000.0,0.0,88300000.0,0.0,0.011,0.44,255800000.0,344100000.0,0.13,344100000.0,255800000.0,255800000.0,2.02,1.99,2.02,1214900000.0,1252525000.0,1214900000.0,3183536000.0,12.0,9.252,125900000.0,1.376,1.0,866400000.0,0.326,723500000.0,0.0,1550100000.0,1633425000.0,302300000.0,0.0,0.0,0.0,2411200000.0,775400000.0,1635800000.0,3706136000.0,76700000.0,900000.0,-45100000.0,-39700000.0,-40700000.0,-116600000.0,-14500000.0,103600000.0,244700000.0,-31200000.0,184500000.0,184500000.0,184500000.0,3900000.0,2300000.0,0.07,600000000.0,266400000.0,309600000.0,0.218,3.051,20.087,20.03,443900000.0,0.0,40.46,1.396,1.395,500100000.0,1445100000.0,2654600000.0,2654600000.0,76600000.0,0.049,0.147,0.157,0.096,14000000.0,519500000.0,1.0,91600000.0,91500000.0,92800000.0,29.012,2908000000.0,304100000.0,71300000.0,0.0,31.781,860800000.0
7,ITT,MRY,2013-12-31,2013-12-31,2013-12-31,2021-08-25,-81100000.0,3740200000.0,3568725000.0,1665500000.0,2074700000.0,0.7,13.198,-122900000.0,507300000.0,507300000.0,1697100000.0,490900000.0,2.0,2.109,0.0,0.0,0.0,0.0,0.0,86900000.0,0.0,0.009,0.4,178900000.0,265800000.0,0.106,265800000.0,178900000.0,178900000.0,5.37,5.29,5.37,1201000000.0,910225000.0,1201000000.0,3457594000.0,19.0,13.008,103700000.0,1.14,1.0,799800000.0,0.32,766700000.0,0.0,1633600000.0,1465125000.0,315900000.0,0.0,0.0,0.0,2533300000.0,832600000.0,1700700000.0,3938194000.0,-37200000.0,3000000.0,-53100000.0,19000000.0,-36400000.0,-58300000.0,-188800000.0,-72000000.0,226600000.0,-400000.0,488500000.0,488500000.0,488500000.0,-800000.0,2400000.0,0.196,616200000.0,183600000.0,332700000.0,0.074,3.279,8.062,8.086,426200000.0,0.0,43.42,1.577,1.582,496700000.0,1320300000.0,2496900000.0,2496900000.0,67300000.0,0.137,0.537,0.122,0.072,13100000.0,516100000.0,1.0,90700000.0,91000000.0,92300000.0,27.438,2973500000.0,303600000.0,-309600000.0,0.0,32.676,832900000.0
8,ITT,MRY,2012-12-31,2012-12-31,2012-12-31,2021-08-25,-92000000.0,3386100000.0,3538325000.0,1540400000.0,1845700000.0,0.63,7.561,-83800000.0,544500000.0,544500000.0,1547600000.0,125400000.0,1.913,3.815,0.0,0.0,0.0,0.0,0.0,71100000.0,0.0,0.016,0.364,165100000.0,236200000.0,0.106,236200000.0,165100000.0,165000000.0,1.35,1.33,1.35,703200000.0,721625000.0,703200000.0,1412742000.0,9.0,5.981,163300000.0,1.756,1.0,680200000.0,0.305,774700000.0,100000.0,1261600000.0,1357625000.0,304200000.0,0.0,0.0,0.0,2682900000.0,805300000.0,1877600000.0,2174742000.0,-145300000.0,-153700000.0,-58800000.0,-24500000.0,-34200000.0,-108000000.0,-274700000.0,-38200000.0,247100000.0,-4000000.0,125400000.0,125400000.0,125400000.0,-15900000.0,0.0,0.056,528700000.0,151500000.0,347000000.0,0.27,3.093,17.342,17.378,373100000.0,0.0,23.46,0.976,0.979,440300000.0,898800000.0,2227800000.0,2227800000.0,62700000.0,0.035,0.174,0.122,0.074,12400000.0,415100000.0,1.0,92700000.0,93000000.0,94100000.0,23.955,2611400000.0,21400000.0,39600000.0,0.0,28.08,735100000.0
9,ITT,MRY,2011-12-31,2011-12-31,2011-12-31,2021-08-25,-97700000.0,3671500000.0,11146375000.0,1761700000.0,1909800000.0,0.187,7.487,-102300000.0,689800000.0,689800000.0,1440600000.0,-129500000.0,2.112,4.284,0.0,0.0,0.0,0.0,0.0,71300000.0,0.0,0.069,1.341,207500000.0,278800000.0,0.134,278800000.0,207500000.0,131100000.0,-1.4,-1.4,-1.4,694800000.0,3670950000.0,694800000.0,2279857500.0,11.0,8.177,-424700000.0,-4.577,1.0,645000000.0,0.309,574100000.0,76400000.0,1573600000.0,4561900000.0,248100000.0,0.0,0.0,0.0,2976700000.0,834000000.0,2142700000.0,1792857500.0,57500000.0,-5200000.0,53400000.0,-1315200000.0,-193000000.0,922300000.0,-106500000.0,0.0,-322400000.0,-2700000.0,-129500000.0,-129500000.0,-129500000.0,-447000000.0,0.0,-0.062,889900000.0,-244900000.0,361100000.0,-0.958,2.58,-13.844,-13.807,321400000.0,0.0,19.33,0.86,0.86,390500000.0,852600000.0,2085600000.0,2085600000.0,63500000.0,-0.012,-0.035,0.045,0.099,11500000.0,329900000.0,1.0,92750000.0,92800000.0,92800000.0,22.474,3097400000.0,0.0,260600000.0,0.0,33.377,927700000.0
10,ITT,MRY,2010-12-31,2010-12-31,2010-12-31,2021-08-25,287000000.0,12615000000.0,11822500000.0,4424000000.0,8191000000.0,0.16,48.489,-126300000.0,206000000.0,206000000.0,1286800000.0,804300000.0,1.614,1.828,1360000000.0,10000000.0,1350000000.0,1360000000.0,0.0,64200000.0,0.0,0.019,2.0,759200000.0,823400000.0,0.436,823400000.0,759200000.0,662100000.0,8.75,8.75,8.75,4461000000.0,4182750000.0,4461000000.0,10298396000.0,14.0,12.507,-200500000.0,-2.179,1.0,603900000.0,0.319,596000000.0,97100000.0,10432000000.0,6236500000.0,218000000.0,0.0,0.0,0.0,8154000000.0,2741000000.0,5413000000.0,9567396000.0,-183300000.0,-8300000.0,27500000.0,-134700000.0,-176400000.0,248100000.0,-135000000.0,0.0,-74200000.0,-18100000.0,804300000.0,804300000.0,804300000.0,-934700000.0,0.0,0.425,784500000.0,-180600000.0,397000000.0,0.229,2.145,11.895,11.911,299000000.0,0.0,104.22,5.06,5.071,315000000.0,5441000000.0,1890700000.0,1890700000.0,59300000.0,0.068,0.192,0.122,0.402,13700000.0,340400000.0,1.0,91800000.0,92000000.0,92000000.0,20.551,12019000000.0,320000000.0,-142200000.0,0.0,130.641,1683000000.0
11,ITT,MRY,2009-12-31,2009-12-31,2009-12-31,2021-08-25,-1040000000.0,11129000000.0,10880775000.0,4351000000.0,6778000000.0,0.163,42.475,-92000000.0,1216000000.0,1216000000.0,1207000000.0,629000000.0,1.658,1.87,1506000000.0,75000000.0,1431000000.0,1506000000.0,0.0,65000000.0,0.0,0.017,1.704,630000000.0,695000000.0,0.393,695000000.0,630000000.0,532000000.0,6.89,6.89,6.89,3878000000.0,3519850000.0,3878000000.0,9422298000.0,15.0,13.557,169000000.0,1.851,1.0,563000000.0,0.318,4289000000.0,98000000.0,4506000000.0,4114200000.0,802000000.0,0.0,0.0,0.0,7251000000.0,2624000000.0,4627000000.0,9087498000.0,-16000000.0,6000000.0,15000000.0,-644000000.0,-148000000.0,-497000000.0,-86000000.0,0.0,261000000.0,40000000.0,629000000.0,629000000.0,629000000.0,-740000000.0,0.0,0.355,684000000.0,-121000000.0,1273000000.0,0.247,2.343,14.448,14.438,1050000000.0,0.0,99.48,5.134,5.131,1754000000.0,4737000000.0,1770000000.0,1770000000.0,53000000.0,0.058,0.179,0.153,0.356,18000000.0,350000000.0,1.0,91350000.0,91300000.0,91300000.0,19.387,6840000000.0,583000000.0,-97000000.0,0.0,74.918,1727000000.0
12,ITT,MRY,2008-12-31,2008-12-31,2008-12-31,2021-08-25,-1323700000.0,10480200000.0,10678900000.0,4064200000.0,6416000000.0,1.075,33.644,-248000000.0,964900000.0,964900000.0,8262000000.0,795000000.0,1.008,2.425,2146900000.0,1679000000.0,467900000.0,2146900000.0,0.0,274000000.0,0.0,0.015,1.4,1243000000.0,1517000000.0,0.132,1517000000.0,1243000000.0,1103000000.0,8.74,8.64,8.74,3059900000.0,4011225000.0,3059900000.0,9535398484.0,8.0,6.286,859000000.0,9.445,1.0,3214000000.0,0.28,4447800000.0,140000000.0,3183900000.0,3290325000.0,803800000.0,0.0,0.0,0.0,7420300000.0,4030500000.0,3389800000.0,8351298484.0,-875000000.0,-254000000.0,-41000000.0,-1251000000.0,-121000000.0,-1407000000.0,-502000000.0,0.0,1107000000.0,-74000000.0,795000000.0,795000000.0,795000000.0,-27000000.0,0.0,0.069,2016000000.0,1198000000.0,1234600000.0,0.16,2.729,10.505,10.524,993900000.0,0.0,91.98,0.728,0.729,1961100000.0,4203000000.0,11476000000.0,11476000000.0,236000000.0,0.074,0.198,0.378,0.108,30000000.0,1689000000.0,1.0,90794722.0,90950000.0,92000000.0,126.179,6032400000.0,811900000.0,308000000.0,56900000.0,66.327,33700000.0
13,ITT,MRY,2007-12-31,2007-12-31,2007-12-31,2021-08-25,235300000.0,11552700000.0,8946550000.0,4929800000.0,6622900000.0,1.006,43.469,-239300000.0,1840000000.0,1840000000.0,6435000000.0,742100000.0,0.904,1.929,3566000000.0,3083000000.0,483000000.0,3566000000.0,0.0,185400000.0,0.0,0.008,1.12,1122500000.0,1307900000.0,0.145,1307900000.0,1122500000.0,1007600000.0,8.18,8.04,8.18,3944800000.0,3337775000.0,3944800000.0,12168841524.0,11.0,9.304,558800000.0,6.158,1.0,2568300000.0,0.285,4562700000.0,114900000.0,3259700000.0,2801400000.0,887600000.0,0.0,0.0,0.0,7607900000.0,5456300000.0,2151600000.0,11973741524.0,902900000.0,-1725600000.0,-233600000.0,2297200000.0,-96600000.0,1980100000.0,-1958100000.0,0.0,798100000.0,103000000.0,742100000.0,742100000.0,742100000.0,-109100000.0,0.0,0.082,1591100000.0,977200000.0,1296800000.0,0.137,3.035,16.135,16.147,980300000.0,0.0,132.08,1.33,1.331,1935000000.0,3528800000.0,9003300000.0,9003300000.0,182300000.0,0.083,0.222,0.401,0.125,34600000.0,1328900000.0,1.0,90655220.0,90750000.0,92250000.0,99.21,6990000000.0,135600000.0,265500000.0,49100000.0,77.025,-526500000.0
14,ITT,MRY,2006-12-31,2006-12-31,2006-12-31,2021-08-25,-342700000.0,7400600000.0,7421800000.0,3318300000.0,4082300000.0,1.052,31.138,-177100000.0,937100000.0,937100000.0,5618400000.0,581100000.0,1.258,1.579,1097400000.0,597000000.0,500400000.0,1097400000.0,0.0,171600000.0,0.0,0.008,0.88,894900000.0,1066500000.0,0.137,1066500000.0,894900000.0,808700000.0,6.3,6.2,6.3,2869400000.0,2977150000.0,2869400000.0,10809075134.0,12.0,10.135,603600000.0,6.55,1.0,2189500000.0,0.28,2550000000.0,86200000.0,2373700000.0,2714300000.0,726500000.0,0.0,0.0,0.0,4531200000.0,2637200000.0,1894000000.0,10494575134.0,486100000.0,137100000.0,-141000000.0,-168400000.0,-77600000.0,-369800000.0,-46300000.0,0.0,780700000.0,50600000.0,581100000.0,581100000.0,581100000.0,-81400000.0,0.0,0.074,1388500000.0,801000000.0,929400000.0,0.14,3.657,18.06,18.038,833000000.0,0.0,113.64,1.344,1.341,1288900000.0,3029500000.0,7807900000.0,7807900000.0,160900000.0,0.078,0.195,0.33,0.115,22900000.0,1175900000.0,1.0,92349306.0,92150000.0,93700000.0,84.73,4850600000.0,215900000.0,227600000.0,105800000.0,52.638,681100000.0
15,ITT,MRY,2005-12-31,2005-12-31,2005-12-31,2021-08-25,-127200000.0,7071900000.0,7391875000.0,2886600000.0,4185300000.0,0.953,29.506,-164400000.0,451000000.0,451000000.0,5072600000.0,359500000.0,1.106,1.597,1266900000.0,750900000.0,516000000.0,1266900000.0,0.0,174400000.0,0.0,0.007,0.72,579200000.0,753600000.0,0.107,753600000.0,579200000.0,504200000.0,3.9,3.82,3.9,2723400000.0,2475325000.0,2723400000.0,10465472610.0,18.0,13.887,548500000.0,5.943,1.0,1968200000.0,0.28,2438800000.0,75000000.0,2838000000.0,3109625000.0,622900000.0,0.0,0.0,0.0,4348500000.0,2611000000.0,1737500000.0,9494672610.0,188100000.0,-44100000.0,-182500000.0,10000000.0,-65600000.0,-239700000.0,-210700000.0,0.0,712900000.0,-25100000.0,359500000.0,359500000.0,359500000.0,162800000.0,0.0,0.051,1242700000.0,725500000.0,751500000.0,0.185,3.486,26.411,26.364,782000000.0,0.0,102.82,1.349,1.348,1197700000.0,2666000000.0,7040800000.0,7040800000.0,156800000.0,0.049,0.145,0.186,0.082,1500000.0,1032000000.0,1.0,92342663.0,92300000.0,94250000.0,76.282,4633100000.0,144500000.0,144700000.0,202800000.0,50.196,275600000.0
16,ITT,MRY,2004-12-31,2004-12-31,2004-12-31,2021-08-25,-338400000.0,7282600000.0,6778675000.0,2488300000.0,4794300000.0,0.88,25.385,-126100000.0,262900000.0,262900000.0,4297100000.0,432300000.0,1.007,2.108,1272000000.0,729200000.0,542800000.0,1272000000.0,0.0,153000000.0,0.0,0.008,0.68,637500000.0,790500000.0,0.133,790500000.0,637500000.0,587100000.0,4.68,4.58,4.68,2343000000.0,2044150000.0,2343000000.0,9004840648.0,14.0,11.391,332600000.0,3.603,1.0,1668400000.0,0.28,2728800000.0,50400000.0,3091900000.0,3019825000.0,685700000.0,0.0,0.0,0.0,4939600000.0,2471000000.0,2468600000.0,7796340648.0,-151300000.0,-1005700000.0,-82800000.0,605200000.0,-61800000.0,460400000.0,-1106800000.0,24900000.0,458700000.0,17700000.0,432300000.0,432300000.0,432300000.0,-24100000.0,0.0,0.072,1080600000.0,587800000.0,688100000.0,0.145,3.328,18.035,18.045,872000000.0,0.0,84.45,1.307,1.307,1110900000.0,2496800000.0,5965500000.0,5965500000.0,126700000.0,0.064,0.211,0.211,0.107,0.0,924600000.0,1.0,92319013.0,92300000.0,94400000.0,64.632,4553800000.0,316700000.0,154800000.0,283100000.0,49.337,17300000.0
17,ITT,MRY,2003-12-31,2003-12-31,2003-12-31,2021-08-25,-521700000.0,5937600000.0,5861025000.0,2106900000.0,3830700000.0,0.881,20.062,-136300000.0,414200000.0,414200000.0,3733100000.0,403900000.0,1.249,2.214,602400000.0,141500000.0,460900000.0,602400000.0,0.0,162300000.0,0.0,0.009,0.64,577400000.0,739700000.0,0.143,739700000.0,577400000.0,534200000.0,4.38,4.3,4.38,1847700000.0,1486925000.0,1847700000.0,7273154583.0,13.0,9.833,401700000.0,4.362,1.0,1430400000.0,0.277,1703900000.0,43200000.0,2735400000.0,2860750000.0,575800000.0,0.0,0.0,0.0,4089900000.0,1686500000.0,2403400000.0,6847454583.0,212000000.0,-29300000.0,-24400000.0,-186500000.0,-58000000.0,-268900000.0,-124100000.0,43500000.0,538000000.0,35400000.0,403900000.0,403900000.0,403900000.0,-33600000.0,0.0,0.078,939900000.0,490500000.0,633100000.0,0.146,3.706,16.953,16.943,892000000.0,0.0,74.21,1.326,1.324,971500000.0,2277100000.0,5163500000.0,5163500000.0,115200000.0,0.069,0.272,0.202,0.112,0.0,788600000.0,1.0,92271319.0,92100000.0,94100000.0,56.064,4233700000.0,441400000.0,130300000.0,253500000.0,45.969,420400000.0
18,ITT,MRY,2002-12-31,2002-12-31,2002-12-31,2021-08-25,-893600000.0,5389600000.0,4918400000.0,1753100000.0,3636500000.0,1.009,12.498,-152700000.0,202200000.0,202200000.0,3195800000.0,379900000.0,1.013,3.739,791800000.0,299600000.0,492200000.0,791800000.0,0.0,170500000.0,0.0,0.01,0.6,566000000.0,736500000.0,0.148,736500000.0,566000000.0,509500000.0,4.17,4.06,4.17,1137300000.0,1505100000.0,1137300000.0,6191568920.0,11.0,8.407,442200000.0,4.859,1.0,1766900000.0,0.356,1625400000.0,56500000.0,2623600000.0,2213600000.0,552900000.0,0.0,0.0,0.0,4252300000.0,1730200000.0,2522100000.0,5571568920.0,80900000.0,-147600000.0,61000000.0,-238400000.0,-54300000.0,-231700000.0,-303500000.0,0.0,594900000.0,5300000.0,379900000.0,379900000.0,379900000.0,0.0,0.0,0.077,1223600000.0,543300000.0,484000000.0,0.144,4.899,14.666,14.554,841200000.0,0.0,60.69,1.123,1.113,868300000.0,1939100000.0,4962700000.0,4962700000.0,518000000.0,0.077,0.252,0.256,0.114,0.0,712700000.0,1.0,91803739.0,91000000.0,93600000.0,54.535,3764200000.0,546300000.0,129600000.0,221300000.0,41.365,22900000.0
19,ITT,MRY,2001-12-31,2001-12-31,2001-12-31,2021-08-25,-227000000.0,4508400000.0,4571225000.0,1458800000.0,3049600000.0,1.023,15.616,-174000000.0,121300000.0,121300000.0,3044500000.0,276700000.0,0.769,2.277,973400000.0,517000000.0,456400000.0,973400000.0,0.0,212900000.0,0.0,0.012,0.6,455400000.0,668300000.0,0.143,668300000.0,455400000.0,393400000.0,3.14,3.05,3.14,1375800000.0,1268850000.0,1375800000.0,5436011180.0,12.0,8.134,302600000.0,3.435,1.0,1631200000.0,0.349,1457900000.0,62000000.0,2006000000.0,2039950000.0,496300000.0,0.0,0.0,0.0,3132600000.0,1896600000.0,1236000000.0,4464011180.0,32600000.0,-48400000.0,-46600000.0,-103200000.0,-52900000.0,-201800000.0,-220000000.0,0.0,476600000.0,-3800000.0,276700000.0,276700000.0,276700000.0,0.0,0.0,0.059,1235800000.0,395400000.0,400500000.0,0.191,3.245,16.133,16.083,791000000.0,0.0,50.5,0.955,0.952,774300000.0,1514000000.0,4675700000.0,4675700000.0,424700000.0,0.061,0.218,0.223,0.097,0.0,671300000.0,1.0,88396261.0,88100000.0,90600000.0,53.073,3050500000.0,310900000.0,116700000.0,251200000.0,34.625,-437800000.0
20,ITT,MRY,2000-12-31,2000-12-31,2000-12-31,2021-08-25,-183600000.0,4611400000.0,4632025000.0,1506300000.0,3105100000.0,1.043,13.779,-180600000.0,88700000.0,88700000.0,3195300000.0,264500000.0,0.675,2.807,1038300000.0,629900000.0,408400000.0,1038300000.0,0.0,201800000.0,0.0,0.015,0.6,495100000.0,696900000.0,0.144,696900000.0,495100000.0,419900000.0,3.01,2.94,3.01,1211200000.0,1157025000.0,1211200000.0,4302290556.0,9.0,6.173,234000000.0,2.662,1.0,1634100000.0,0.338,1373000000.0,75200000.0,1955300000.0,2046925000.0,531300000.0,0.0,0.0,0.0,3400200000.0,2232700000.0,1167500000.0,3406690556.0,-93000000.0,-144400000.0,-26600000.0,-63700000.0,-52900000.0,-144000000.0,-326300000.0,0.0,414600000.0,-28000000.0,264500000.0,264500000.0,264500000.0,0.0,0.0,0.055,1139000000.0,495100000.0,386000000.0,0.199,2.813,12.88,12.874,865400000.0,0.0,38.75,0.705,0.705,814900000.0,1306900000.0,4829400000.0,4829400000.0,391200000.0,0.057,0.229,0.242,0.103,0.0,713600000.0,1.0,87914595.0,87900000.0,90000000.0,54.942,3238400000.0,384400000.0,155400000.0,392900000.0,36.842,-726400000.0
21,ITT,MRY,1999-12-31,1999-12-31,1999-12-31,2021-08-25,-102600000.0,4529800000.0,4377975000.0,1628300000.0,2901500000.0,1.058,12.322,-227900000.0,181700000.0,181700000.0,3265800000.0,232900000.0,0.772,3.121,1088100000.0,609300000.0,478800000.0,1088100000.0,0.0,181100000.0,0.0,0.018,0.6,416500000.0,597600000.0,0.129,597600000.0,416500000.0,369700000.0,2.61,2.53,2.61,1099100000.0,1037200000.0,1099100000.0,3602064057.0,9.0,6.028,115300000.0,1.293,1.0,1366400000.0,0.295,1206000000.0,46800000.0,2119800000.0,2120300000.0,545800000.0,0.0,0.0,0.0,3430700000.0,2110400000.0,1320300000.0,2939864057.0,-699200000.0,-437100000.0,-356800000.0,345300000.0,-55500000.0,-83000000.0,-660500000.0,0.0,343200000.0,-14500000.0,232900000.0,232900000.0,232900000.0,0.0,0.0,0.05,949900000.0,416500000.0,383100000.0,0.23,2.675,12.623,12.812,847000000.0,0.0,33.44,0.635,0.644,834700000.0,1113800000.0,4632200000.0,4632200000.0,264400000.0,0.053,0.225,0.196,0.09,0.0,666200000.0,1.0,87914595.0,89200000.0,92000000.0,51.93,3323800000.0,373600000.0,136800000.0,364900000.0,37.262,-482100000.0
22,ITT,MRY,1998-12-31,1998-12-31,1998-12-31,2021-08-25,-67500000.0,5048800000.0,6010250000.0,2382400000.0,2666400000.0,0.748,11.494,-212900000.0,880900000.0,880900000.0,3165900000.0,1532500000.0,1.108,2.884,767100000.0,251600000.0,515500000.0,767100000.0,0.0,195600000.0,0.0,0.015,0.6,1552500000.0,1748100000.0,0.389,1748100000.0,1552500000.0,1470100000.0,13.55,13.55,13.55,1300000000.0,1241200000.0,1300000000.0,3012913671.0,2.0,1.724,-24400000.0,-0.216,1.0,1326800000.0,0.295,865300000.0,82400000.0,1918900000.0,2648400000.0,578900000.0,0.0,0.0,0.0,3748800000.0,2150800000.0,1598000000.0,4125313671.0,688700000.0,3665500000.0,-830800000.0,-1472200000.0,-70500000.0,-2334000000.0,3456500000.0,0.0,188500000.0,2400000.0,1532500000.0,1532500000.0,1532500000.0,-83200000.0,0.0,0.341,1404400000.0,-77600000.0,396200000.0,0.044,3.173,2.692,2.934,991600000.0,0.0,39.75,0.918,1.001,842600000.0,1271500000.0,4492700000.0,4492700000.0,267600000.0,0.255,1.235,0.586,0.346,0.0,734400000.0,1.0,103781476.0,113100000.0,113100000.0,39.723,4183500000.0,367400000.0,-62400000.0,570100000.0,36.989,231600000.0
23,ITT,MRY,1997-12-31,1997-12-31,1997-12-31,2021-08-25,118400000.0,5058400000.0,5274800000.0,1574400000.0,3484000000.0,0.798,6.945,-212500000.0,192200000.0,192200000.0,2982700000.0,108100000.0,0.544,5.152,2172600000.0,1641400000.0,531200000.0,2172600000.0,0.0,196900000.0,0.0,0.019,0.6,248900000.0,445800000.0,0.106,445800000.0,248900000.0,115700000.0,0.91,0.89,0.91,822300000.0,810750000.0,822300000.0,,,,185200000.0,1.564,1.0,1224900000.0,0.291,859600000.0,133200000.0,3283400000.0,3591650000.0,572400000.0,0.0,0.0,0.0,4236100000.0,2895800000.0,1340300000.0,3716830051.0,70300000.0,-1005100000.0,-67800000.0,800300000.0,-71100000.0,697400000.0,-1218400000.0,0.0,397700000.0,-10900000.0,108100000.0,108100000.0,108100000.0,-101800000.0,0.0,0.026,1089700000.0,135200000.0,409300000.0,0.659,4.52,34.383,34.484,1031200000.0,0.0,31.38,0.883,0.883,727100000.0,188500000.0,4207600000.0,4207600000.0,266600000.0,0.02,0.133,0.069,0.059,0.0,679200000.0,1.0,118445827.0,118400000.0,121000000.0,35.537,4198800000.0,295300000.0,7600000.0,143400000.0,35.463,-1321400000.0
24,ITT,MRY,1996-12-31,1996-12-31,1996-12-31,2021-08-25,111200000.0,5491200000.0,,2289100000.0,3202100000.0,,6.779,-176000000.0,121900000.0,121900000.0,2690400000.0,222600000.0,0.902,5.871,1418800000.0,835600000.0,583200000.0,1418800000.0,0.0,187300000.0,0.0,0.024,0.6,435900000.0,623200000.0,0.166,623200000.0,435900000.0,266900000.0,1.89,1.85,1.89,799200000.0,,799200000.0,,,,65700000.0,0.557,1.0,1054100000.0,0.282,349800000.0,169000000.0,3899900000.0,,856900000.0,0.0,0.0,0.0,4692000000.0,2538400000.0,2153600000.0,,27700000.0,0.0,-11400000.0,-176800000.0,-53400000.0,-210500000.0,-42700000.0,0.0,241700000.0,-12100000.0,222600000.0,222600000.0,222600000.0,-156200000.0,0.0,0.059,807100000.0,247000000.0,731800000.0,0.317,,,12.963,2166700000.0,0.0,24.5,,0.771,1189800000.0,151400000.0,3744500000.0,3744500000.0,266300000.0,,,,0.116,0.0,564100000.0,1.0,,117900000.0,120400000.0,31.76,5141400000.0,205100000.0,44300000.0,206300000.0,43.608,-249300000.0
25,ITT,MRY,1995-12-31,1995-12-31,1995-12-31,2021-08-25,,,,,,,,-449600000.0,,,7155000000.0,707900000.0,,,,,,,,423200000.0,,0.0,0.0,933300000.0,1356500000.0,0.153,1356500000.0,933300000.0,758100000.0,6.24,6.18,6.24,,,,,,,-241600000.0,-2.184,1.0,1729200000.0,0.195,,175200000.0,,,,,,,,,,,-227900000.0,-15500000.0,-35200000.0,-12535000000.0,-193300000.0,-12666700000.0,12208100000.0,0.0,208000000.0,22700000.0,707900000.0,707900000.0,707900000.0,-590800000.0,0.0,0.08,1523100000.0,206100000.0,,0.0,,,3.846,,0.0,24.0,,0.299,,,8884200000.0,8884200000.0,513900000.0,,,,0.105,0.0,767600000.0,1.0,,110600000.0,111600000.0,80.327,,,50200000.0,,,
0,ITT,MRQ,2021-06-30,2021-07-03,2021-07-03,2021-08-25,-301000000.0,3462300000.0,,1627200000.0,1835100000.0,,24.834,-17900000.0,578800000.0,578800000.0,467000000.0,39200000.0,1.808,0.618,199700000.0,199700000.0,0.0,199700000.0,0.0,28700000.0,0.0,0.008,0.22,182900000.0,211600000.0,0.306,211600000.0,182900000.0,182900000.0,0.45,0.45,0.45,2138200000.0,,2138200000.0,7364068000.0,29.0,20.098,-320300000.0,-3.72,1.0,224600000.0,0.325,1032100000.0,0.0,1151100000.0,,406200000.0,0.0,0.0,0.0,1322000000.0,900000000.0,422000000.0,8083068000.0,-201200000.0,0.0,-600000.0,136800000.0,-19000000.0,117700000.0,-17600000.0,0.0,-302400000.0,1200000.0,39000000.0,39000000.0,39000000.0,0.0,200000.0,0.056,45000000.0,179600000.0,337800000.0,0.489,3.78,124.547,123.526,502700000.0,0.0,93.88,3.005,3.005,553400000.0,2353100000.0,691600000.0,691600000.0,23200000.0,,,,,4100000.0,98500000.0,1.0,86100000.0,86100000.0,86500000.0,8.033,2430200000.0,37300000.0,143900000.0,0.0,28.225,727200000.0
1,ITT,MRQ,2021-03-31,2021-03-31,2021-03-31,2021-08-25,-309400000.0,4179700000.0,,1892000000.0,2287700000.0,,24.404,-17200000.0,780200000.0,780200000.0,469400000.0,86500000.0,2.289,0.984,61200000.0,61200000.0,0.0,61200000.0,0.0,28500000.0,0.0,0.008,0.22,110900000.0,139400000.0,0.2,139400000.0,110900000.0,110900000.0,1.0,0.99,1.0,2106100000.0,,2106100000.0,7110715000.0,80.0,35.236,53600000.0,0.621,1.0,229000000.0,0.328,1033700000.0,0.0,1600500000.0,,374700000.0,0.0,0.0,0.0,2071800000.0,826500000.0,1245300000.0,7863715000.0,-79600000.0,0.0,-60800000.0,-42700000.0,-19100000.0,-122800000.0,-17100000.0,0.0,70800000.0,-10400000.0,86200000.0,86200000.0,86200000.0,0.0,300000.0,0.123,119100000.0,109900000.0,327000000.0,0.22,3.734,106.41,104.494,501200000.0,0.0,90.91,3.129,3.122,546300000.0,2329400000.0,698400000.0,698400000.0,24300000.0,,,,,3300000.0,88800000.0,1.0,86500000.0,86300000.0,86900000.0,8.093,3146000000.0,156300000.0,24700000.0,0.0,36.454,1065500000.0
2,ITT,MRQ,2020-12-31,2020-12-31,2020-12-31,2021-08-25,-279400000.0,4277600000.0,,1917300000.0,2360300000.0,,24.611,-14400000.0,859800000.0,859800000.0,490000000.0,-12900000.0,2.201,1.011,106800000.0,106800000.0,0.0,106800000.0,0.0,30200000.0,0.0,0.009,0.169,20700000.0,50900000.0,0.072,50900000.0,20700000.0,21400000.0,-0.15,-0.15,-0.15,2126400000.0,,2126400000.0,5990928000.0,69.0,30.06,103400000.0,1.197,1.0,218600000.0,0.308,1051200000.0,-700000.0,1602400000.0,,360500000.0,0.0,0.0,0.0,2149700000.0,871000000.0,1278700000.0,6654528000.0,77500000.0,0.0,2300000.0,-18800000.0,-29300000.0,-48700000.0,-15400000.0,0.0,117800000.0,23000000.0,-13500000.0,-13500000.0,-13500000.0,-100000.0,600000.0,-0.019,57200000.0,161400000.0,306800000.0,-1.127,3.129,91.787,91.69,525100000.0,0.0,77.02,2.686,2.695,507500000.0,2319300000.0,708600000.0,708600000.0,23600000.0,,,,,3700000.0,87700000.0,1.0,86400000.0,86400000.0,87000000.0,8.201,3226400000.0,158300000.0,34900000.0,0.0,37.343,1046300000.0
3,ITT,MRQ,2020-09-30,2020-09-30,2020-09-30,2021-08-25,-407400000.0,4176400000.0,,1822800000.0,2353600000.0,,23.39,-13300000.0,782300000.0,782300000.0,400600000.0,-46300000.0,2.105,1.065,118700000.0,118700000.0,0.0,118700000.0,0.0,27500000.0,0.0,0.011,0.169,-63000000.0,-35500000.0,-0.06,-35500000.0,-63000000.0,-63000000.0,-0.54,-0.54,-0.54,2020900000.0,,2020900000.0,4530320000.0,31.0,17.305,101700000.0,1.177,1.0,190600000.0,0.322,1041100000.0,0.0,1605700000.0,,378500000.0,0.0,0.0,0.0,2151900000.0,866000000.0,1285900000.0,5101920000.0,-36900000.0,0.0,1400000.0,-137400000.0,-15100000.0,-151100000.0,-13300000.0,0.0,115000000.0,12400000.0,-46800000.0,-46800000.0,-46800000.0,-1200000.0,500000.0,-0.079,253100000.0,-62500000.0,300500000.0,-0.313,2.525,33.044,33.362,505700000.0,0.0,59.05,2.05,2.05,490200000.0,2341900000.0,591200000.0,591200000.0,19700000.0,,,,,3900000.0,80500000.0,1.0,86400000.0,86400000.0,86400000.0,6.843,3135300000.0,182300000.0,-16200000.0,0.0,36.288,956800000.0
4,ITT,MRQ,2020-06-30,2020-06-30,2020-06-30,2021-08-25,-432700000.0,4151300000.0,,1826800000.0,2324500000.0,,23.775,-12100000.0,819100000.0,819100000.0,351100000.0,48000000.0,1.928,1.022,247500000.0,247500000.0,0.0,247500000.0,0.0,27100000.0,0.0,0.011,0.169,19900000.0,47000000.0,0.091,47000000.0,19900000.0,19900000.0,0.56,0.55,0.56,2051800000.0,,2051800000.0,4616162000.0,13.0,9.655,137500000.0,1.593,1.0,163600000.0,0.318,1036200000.0,0.0,1595900000.0,,384600000.0,0.0,0.0,0.0,2096300000.0,947600000.0,1148700000.0,5069262000.0,-20700000.0,4700000.0,-400000.0,-156200000.0,-14400000.0,-170800000.0,-10900000.0,0.0,149600000.0,11500000.0,48000000.0,48000000.0,48000000.0,-1600000.0,0.0,0.093,143100000.0,20500000.0,271000000.0,0.302,2.471,15.851,16.049,505400000.0,0.0,58.74,1.943,1.943,463200000.0,2398200000.0,514700000.0,514700000.0,18900000.0,,,,,3300000.0,80300000.0,1.0,86300000.0,86300000.0,86800000.0,5.964,3115100000.0,161400000.0,-28100000.0,0.0,36.096,879200000.0
5,ITT,MRQ,2020-03-31,2020-03-31,2020-03-31,2021-08-25,-435700000.0,4276600000.0,,1948200000.0,2328400000.0,,23.025,-22200000.0,839900000.0,839900000.0,453900000.0,85100000.0,1.76,1.124,386800000.0,386800000.0,0.0,386800000.0,0.0,27400000.0,0.0,0.013,0.169,109500000.0,136900000.0,0.206,136900000.0,109500000.0,109500000.0,0.97,0.96,0.97,2012400000.0,,2012400000.0,3457008000.0,8.0,6.357,31300000.0,0.358,1.0,209400000.0,0.316,1034100000.0,0.0,1682400000.0,,382400000.0,0.0,0.0,0.0,2261000000.0,1107000000.0,1154000000.0,3982608000.0,227800000.0,-4700000.0,-83300000.0,295600000.0,-200000.0,212000000.0,-26200000.0,0.0,53500000.0,-11700000.0,84800000.0,84800000.0,84800000.0,-1100000.0,300000.0,0.128,100100000.0,109300000.0,323900000.0,0.174,1.979,11.762,11.751,511500000.0,0.0,45.36,1.415,1.409,573900000.0,2361800000.0,663300000.0,663300000.0,22700000.0,,,,,2500000.0,98700000.0,1.0,87800000.0,87400000.0,88200000.0,7.589,3242500000.0,124800000.0,24700000.0,0.0,37.1,841200000.0
6,ITT,MRQ,2019-12-31,2019-12-31,2019-12-31,2021-08-25,-252000000.0,4107700000.0,,1736800000.0,2370900000.0,,23.659,-21200000.0,612100000.0,612100000.0,491100000.0,69100000.0,2.044,0.978,86500000.0,86500000.0,0.0,86500000.0,0.0,32300000.0,0.0,0.008,0.147,81100000.0,113400000.0,0.158,113400000.0,81100000.0,85200000.0,0.78,0.77,0.78,2074900000.0,,2074900000.0,6048907000.0,15.0,11.537,114800000.0,1.309,1.0,228000000.0,0.317,1065200000.0,-4100000.0,1667200000.0,,392900000.0,0.0,0.0,0.0,2029900000.0,849700000.0,1180200000.0,6481907000.0,56200000.0,0.0,200000.0,-38800000.0,-26000000.0,-64600000.0,-22600000.0,0.0,136000000.0,7600000.0,68400000.0,68400000.0,68400000.0,-1900000.0,700000.0,0.095,142300000.0,85700000.0,332400000.0,0.188,3.124,19.938,19.922,531500000.0,0.0,73.91,2.277,2.277,578400000.0,2372400000.0,719100000.0,719100000.0,24800000.0,,,,,3400000.0,106400000.0,1.0,87700000.0,87700000.0,88600000.0,8.2,3042500000.0,138100000.0,16800000.0,0.0,34.692,887100000.0
7,ITT,MRQ,2019-09-30,2019-09-30,2019-09-30,2021-08-25,-403600000.0,4064200000.0,,1706300000.0,2357900000.0,,22.752,-23500000.0,555700000.0,555700000.0,480600000.0,118700000.0,1.92,1.033,122700000.0,122700000.0,0.0,122700000.0,0.0,28100000.0,0.0,0.009,0.147,152700000.0,180800000.0,0.254,180800000.0,152700000.0,152700000.0,1.35,1.34,1.35,1997600000.0,,1997600000.0,5002220000.0,13.0,9.896,97100000.0,1.106,1.0,231300000.0,0.325,1057500000.0,0.0,1684900000.0,,414600000.0,0.0,0.0,0.0,2064300000.0,888800000.0,1175500000.0,5384720000.0,23500000.0,-25800000.0,-15000000.0,-22300000.0,0.0,-37300000.0,-48500000.0,0.0,120600000.0,-11200000.0,118600000.0,118600000.0,118600000.0,100000.0,100000.0,0.167,78800000.0,152500000.0,340400000.0,0.109,2.696,17.449,17.384,521700000.0,0.0,61.19,1.919,1.915,574300000.0,2313600000.0,711900000.0,711900000.0,23800000.0,,,,,3900000.0,103500000.0,1.0,88000000.0,87800000.0,88700000.0,8.108,3006700000.0,149100000.0,34100000.0,0.0,34.245,817500000.0
8,ITT,MRQ,2019-06-30,2019-06-30,2019-06-30,2021-08-25,-371500000.0,4041400000.0,,1702400000.0,2339000000.0,,22.041,-16600000.0,531900000.0,531900000.0,487900000.0,67000000.0,1.908,1.087,149400000.0,149400000.0,0.0,149400000.0,0.0,26600000.0,0.0,0.009,0.147,86100000.0,112700000.0,0.157,112700000.0,86100000.0,86100000.0,0.76,0.75,0.76,1935200000.0,,1935200000.0,5309544000.0,14.0,10.862,42400000.0,0.483,1.0,232000000.0,0.322,1059100000.0,0.0,1707400000.0,,421400000.0,0.0,0.0,0.0,2104000000.0,892400000.0,1211600000.0,5749144000.0,-21600000.0,-87300000.0,3100000.0,31900000.0,-12900000.0,21400000.0,-103500000.0,0.0,59000000.0,-100000.0,66800000.0,66800000.0,66800000.0,100000.0,200000.0,0.093,146000000.0,86000000.0,347400000.0,0.193,2.971,19.106,19.035,534100000.0,0.0,65.48,2.072,2.072,600000000.0,2218800000.0,719900000.0,719900000.0,25800000.0,,,,,3900000.0,105300000.0,1.0,87800000.0,87800000.0,88700000.0,8.199,2982300000.0,162900000.0,19300000.0,0.0,33.967,810000000.0
9,ITT,MRQ,2019-03-31,2019-03-31,2019-03-31,2021-08-25,-377300000.0,3937100000.0,,1678900000.0,2258200000.0,,21.331,-29200000.0,554000000.0,554000000.0,476700000.0,71400000.0,1.951,1.106,114400000.0,114400000.0,0.0,114400000.0,0.0,26400000.0,0.0,0.009,0.147,91000000.0,117400000.0,0.169,117400000.0,91000000.0,91000000.0,0.81,0.8,0.81,1868600000.0,,1868600000.0,4624200000.0,12.0,9.588,12900000.0,0.147,1.0,218800000.0,0.315,1004200000.0,0.0,1632800000.0,,396200000.0,0.0,0.0,0.0,2065800000.0,860500000.0,1205300000.0,5069200000.0,-7400000.0,0.0,-14800000.0,6900000.0,-13200000.0,-21000000.0,-28800000.0,0.0,42100000.0,700000.0,71300000.0,71300000.0,71300000.0,0.0,100000.0,0.103,128200000.0,90600000.0,344400000.0,0.181,2.713,16.686,16.667,513200000.0,0.0,58.0,1.842,1.847,582700000.0,2158100000.0,695500000.0,695500000.0,23500000.0,,,,,4500000.0,92100000.0,1.0,87400000.0,87600000.0,88600000.0,7.939,2932900000.0,161700000.0,19700000.0,0.0,33.481,818400000.0
10,ITT,MRQ,2018-12-31,2018-12-31,2018-12-31,2021-08-25,-243900000.0,3846800000.0,,1645100000.0,2201700000.0,,20.78,-31200000.0,561200000.0,561200000.0,467900000.0,52300000.0,1.886,1.109,116200000.0,116200000.0,0.0,116200000.0,0.0,26900000.0,0.0,0.011,0.134,67700000.0,94600000.0,0.139,94600000.0,67700000.0,67200000.0,0.6,0.58,0.6,1822400000.0,,1822400000.0,3848952000.0,10.0,7.678,94000000.0,1.072,1.0,210500000.0,0.31,1012000000.0,500000.0,1517700000.0,,380500000.0,0.0,0.0,0.0,2021900000.0,872100000.0,1149800000.0,4228452000.0,35200000.0,0.0,-300000.0,-29100000.0,-23400000.0,-52600000.0,-31200000.0,0.0,125200000.0,-3900000.0,51900000.0,51900000.0,51900000.0,-1300000.0,400000.0,0.077,140600000.0,69900000.0,339200000.0,0.223,2.32,12.671,12.669,518800000.0,0.0,48.27,1.54,1.542,540000000.0,2110300000.0,678400000.0,678400000.0,23700000.0,,,,,4700000.0,97800000.0,1.0,87600000.0,87700000.0,88700000.0,7.735,2834800000.0,164500000.0,15300000.0,0.0,32.324,773000000.0
11,ITT,MRQ,2018-09-30,2018-09-30,2018-09-30,2021-08-25,-367700000.0,3844700000.0,,1631900000.0,2212800000.0,,20.384,25200000.0,525800000.0,525800000.0,454100000.0,111100000.0,1.818,1.152,146300000.0,146300000.0,0.0,146300000.0,0.0,27300000.0,0.0,0.009,0.134,136800000.0,164100000.0,0.241,164100000.0,136800000.0,136800000.0,1.27,1.25,1.27,1785600000.0,,1785600000.0,5127476000.0,13.0,10.224,152500000.0,1.741,1.0,226500000.0,0.333,1020500000.0,0.0,1547000000.0,,391400000.0,0.0,0.0,0.0,2056900000.0,897700000.0,1159200000.0,5366376000.0,76200000.0,0.0,700000.0,-60900000.0,-11900000.0,-72100000.0,24300000.0,0.0,127300000.0,-2800000.0,110900000.0,110900000.0,110900000.0,100000.0,200000.0,0.163,88700000.0,137800000.0,334500000.0,0.106,3.005,25.006,24.902,500600000.0,0.0,61.26,1.951,1.951,562900000.0,2065700000.0,680600000.0,680600000.0,24200000.0,,,,,6700000.0,108800000.0,1.0,87600000.0,87600000.0,88700000.0,7.769,2824200000.0,163600000.0,25900000.0,0.0,32.24,734200000.0
12,ITT,MRQ,2018-06-30,2018-06-30,2018-06-30,2021-08-25,-366600000.0,3799700000.0,,1578600000.0,2221100000.0,,19.203,-17600000.0,449600000.0,449600000.0,470800000.0,69900000.0,1.68,1.26,210700000.0,210700000.0,0.0,210700000.0,0.0,27600000.0,0.0,0.01,0.134,78600000.0,106200000.0,0.152,106200000.0,78600000.0,78600000.0,0.8,0.79,0.8,1680300000.0,,1680300000.0,4377598000.0,11.0,8.896,59300000.0,0.678,1.0,226000000.0,0.324,1025200000.0,0.0,1596000000.0,,393500000.0,0.0,0.0,0.0,2117400000.0,939600000.0,1177800000.0,4568398000.0,10900000.0,0.0,4000000.0,-23900000.0,-11800000.0,-31800000.0,-17200000.0,0.0,76900000.0,-16800000.0,69700000.0,69700000.0,69700000.0,0.0,200000.0,0.1,145700000.0,80300000.0,331200000.0,0.168,2.719,23.969,23.977,506100000.0,0.0,52.27,1.683,1.685,560400000.0,1959300000.0,696800000.0,696800000.0,25800000.0,,,,,5700000.0,106400000.0,1.0,87400000.0,87500000.0,88400000.0,7.963,2774500000.0,164000000.0,8900000.0,0.0,31.709,639000000.0
13,ITT,MRQ,2018-03-31,2018-03-31,2018-03-31,2021-08-25,-320600000.0,3871500000.0,,1598000000.0,2273500000.0,,18.848,-28700000.0,438700000.0,438700000.0,465100000.0,101300000.0,1.584,1.333,247900000.0,247900000.0,0.0,247900000.0,0.0,27600000.0,0.0,0.011,0.134,108800000.0,136400000.0,0.198,136400000.0,108800000.0,108800000.0,1.15,1.14,1.15,1658600000.0,,1658600000.0,4093836000.0,11.0,8.712,13700000.0,0.156,1.0,224200000.0,0.325,1047500000.0,0.0,1624100000.0,,404900000.0,0.0,0.0,0.0,2211000000.0,1009100000.0,1201900000.0,4320036000.0,48900000.0,0.0,-54700000.0,82600000.0,-200000.0,27700000.0,-28200000.0,0.0,42400000.0,8200000.0,101200000.0,101200000.0,101200000.0,-100000.0,100000.0,0.147,113600000.0,110600000.0,367000000.0,0.117,2.605,25.608,25.51,526600000.0,0.0,48.98,1.631,1.627,581400000.0,1891800000.0,689300000.0,689300000.0,24700000.0,,,,,4500000.0,108600000.0,1.0,88200000.0,88000000.0,89000000.0,7.833,2824000000.0,167000000.0,7600000.0,0.0,32.091,588900000.0
14,ITT,MRQ,2017-12-31,2017-12-31,2017-12-31,2021-08-25,-210600000.0,3700200000.0,,1478700000.0,2221500000.0,,18.076,-33700000.0,389800000.0,389800000.0,475600000.0,-67100000.0,1.644,1.317,163600000.0,163600000.0,0.0,163600000.0,0.0,27700000.0,0.0,0.01,0.128,67100000.0,94800000.0,0.139,94800000.0,67100000.0,67100000.0,-0.76,-0.75,-0.76,1596100000.0,,1596100000.0,4492060000.0,15.0,10.866,35200000.0,0.399,1.0,208000000.0,0.304,1043000000.0,0.0,1531600000.0,,311900000.0,0.0,0.0,0.0,2102400000.0,899400000.0,1203000000.0,4696560000.0,-5800000.0,0.0,4500000.0,-19100000.0,-22600000.0,-37200000.0,-33900000.0,0.0,68900000.0,-2400000.0,-67200000.0,-67200000.0,-67200000.0,1200000.0,100000.0,-0.098,137900000.0,70100000.0,351400000.0,-0.168,2.943,41.379,41.372,521700000.0,0.0,53.37,1.817,1.823,629600000.0,1856100000.0,683600000.0,683600000.0,25500000.0,,,,,5600000.0,99300000.0,1.0,88000000.0,88300000.0,89000000.0,7.742,2657200000.0,149900000.0,134300000.0,0.0,30.093,579300000.0
15,ITT,MRQ,2017-09-30,2017-09-30,2017-09-30,2021-08-25,-360900000.0,3800100000.0,,1465200000.0,2334900000.0,,18.768,-22500000.0,395600000.0,395600000.0,441200000.0,86900000.0,1.583,1.3,191100000.0,191100000.0,0.0,191100000.0,0.0,27200000.0,0.0,0.011,0.128,127500000.0,154700000.0,0.24,154700000.0,127500000.0,127500000.0,0.99,0.98,0.99,1651600000.0,,1651600000.0,3744560000.0,14.0,10.104,63200000.0,0.718,1.0,203800000.0,0.316,1042400000.0,0.0,1627800000.0,,327900000.0,0.0,0.0,0.0,2146900000.0,925400000.0,1221500000.0,3895760000.0,40300000.0,0.0,100000.0,-16200000.0,-11200000.0,-27400000.0,-24800000.0,0.0,85700000.0,7100000.0,86900000.0,86900000.0,86900000.0,100000.0,0.0,0.135,70700000.0,133100000.0,334700000.0,0.129,2.359,18.866,18.838,503500000.0,0.0,44.27,1.564,1.564,611600000.0,1924500000.0,645000000.0,645000000.0,23000000.0,,,,,5200000.0,111400000.0,1.0,88000000.0,88000000.0,88700000.0,7.33,2757700000.0,285700000.0,40600000.0,0.0,31.337,539800000.0
16,ITT,MRQ,2017-06-30,2017-06-30,2017-06-30,2021-08-25,-387200000.0,3730600000.0,,1404200000.0,2326400000.0,,17.451,-16600000.0,355300000.0,355300000.0,425900000.0,47900000.0,1.573,1.415,204100000.0,204100000.0,0.0,204100000.0,0.0,25600000.0,0.0,0.013,0.128,58400000.0,84000000.0,0.133,84000000.0,58400000.0,58400000.0,0.54,0.54,0.54,1544400000.0,,1544400000.0,3428566000.0,12.0,9.082,49100000.0,0.555,1.0,205000000.0,0.325,1037400000.0,0.0,1649100000.0,,314900000.0,0.0,0.0,0.0,2184600000.0,892900000.0,1291700000.0,3563966000.0,7000000.0,0.0,-29900000.0,-10400000.0,-11400000.0,-51600000.0,-14400000.0,0.0,65700000.0,7400000.0,47800000.0,47800000.0,47800000.0,100000.0,100000.0,0.076,145900000.0,59100000.0,315200000.0,0.237,2.308,16.996,16.954,491200000.0,0.0,40.18,1.469,1.465,591100000.0,1843600000.0,630900000.0,630900000.0,22600000.0,,,,,3600000.0,108400000.0,1.0,88700000.0,88500000.0,89000000.0,7.129,2693200000.0,300900000.0,10600000.0,0.0,30.432,511300000.0
17,ITT,MRQ,2017-03-31,2017-03-31,2017-03-31,2021-08-25,-430900000.0,3670400000.0,,1378900000.0,2291500000.0,,16.841,-36700000.0,348500000.0,348500000.0,422700000.0,45600000.0,1.557,1.462,213100000.0,213100000.0,0.0,213100000.0,0.0,24800000.0,0.0,0.012,0.128,55100000.0,79900000.0,0.128,79900000.0,55100000.0,55100000.0,0.52,0.52,0.52,1490400000.0,,1490400000.0,3379768000.0,13.0,9.144,-9800000.0,-0.111,1.0,203100000.0,0.325,1022400000.0,0.0,1626800000.0,,311500000.0,0.0,0.0,0.0,2178400000.0,885800000.0,1292600000.0,3626168000.0,-112400000.0,-113700000.0,3600000.0,300000.0,-200000.0,3700000.0,-150100000.0,0.0,26900000.0,7900000.0,46000000.0,46000000.0,46000000.0,100000.0,-400000.0,0.074,146100000.0,57000000.0,313600000.0,0.246,2.433,18.624,18.731,481500000.0,0.0,41.02,1.497,1.499,576900000.0,1832600000.0,625800000.0,625800000.0,22400000.0,,,,,3700000.0,108800000.0,1.0,88400000.0,88500000.0,89200000.0,7.071,2648000000.0,300200000.0,9100000.0,0.0,29.921,493100000.0
18,ITT,MRQ,2016-12-31,2016-12-31,2016-12-31,2021-08-25,-306000000.0,3601700000.0,,1401800000.0,2199900000.0,,16.154,-43300000.0,460700000.0,460700000.0,412300000.0,26100000.0,1.618,1.524,214300000.0,214300000.0,0.0,214300000.0,0.0,25500000.0,0.0,0.013,0.124,26500000.0,52000000.0,0.088,52000000.0,26500000.0,26500000.0,0.3,0.29,0.3,1426400000.0,,1426400000.0,3177974000.0,12.0,8.728,50700000.0,0.574,1.0,176100000.0,0.299,935000000.0,0.0,1554100000.0,,295200000.0,0.0,0.0,0.0,2173300000.0,866200000.0,1307100000.0,3401874000.0,-15100000.0,3000000.0,-3400000.0,-37800000.0,-22000000.0,-63500000.0,-31900000.0,9900000.0,94000000.0,-20400000.0,25800000.0,25800000.0,25800000.0,-2200000.0,300000.0,0.044,134800000.0,41300000.0,301700000.0,0.413,2.385,18.28,18.455,464500000.0,0.0,38.57,1.414,1.43,523900000.0,1789200000.0,588400000.0,588400000.0,21600000.0,,,,,3500000.0,99400000.0,1.0,88200000.0,88300000.0,89000000.0,6.664,2666700000.0,297400000.0,700000.0,0.0,30.2,535600000.0
19,ITT,MRQ,2016-09-30,2016-09-30,2016-09-30,2021-08-25,-403500000.0,3717600000.0,,1515800000.0,2201800000.0,,16.323,-22000000.0,475800000.0,475800000.0,397800000.0,90200000.0,1.614,1.552,251900000.0,251900000.0,0.0,251900000.0,0.0,25400000.0,0.0,0.014,0.124,136200000.0,161600000.0,0.278,161600000.0,136200000.0,136200000.0,1.01,1.0,1.01,1456000000.0,,1456000000.0,2996964000.0,10.0,7.63,53100000.0,0.595,1.0,183900000.0,0.316,951200000.0,0.0,1603600000.0,,305100000.0,0.0,0.0,0.0,2259900000.0,938900000.0,1321000000.0,3211264000.0,42500000.0,-9800000.0,-43400000.0,32800000.0,-100000.0,-10600000.0,-25700000.0,4900000.0,75100000.0,5000000.0,90100000.0,90100000.0,90100000.0,-1800000.0,100000.0,0.155,49100000.0,134800000.0,304400000.0,0.123,2.206,16.301,16.291,450300000.0,0.0,35.84,1.293,1.287,595200000.0,1771200000.0,581700000.0,581700000.0,18600000.0,,,,,3200000.0,98600000.0,1.0,89600000.0,89200000.0,89700000.0,6.521,2766400000.0,294200000.0,46100000.0,0.0,31.013,576900000.0
20,ITT,MRQ,2016-06-30,2016-06-30,2016-06-30,2021-08-25,-409000000.0,3750300000.0,,1527800000.0,2222500000.0,,15.759,-25100000.0,433300000.0,433300000.0,420600000.0,33000000.0,1.667,1.649,219000000.0,219000000.0,0.0,219000000.0,0.0,25800000.0,0.0,0.015,0.124,50300000.0,76100000.0,0.122,76100000.0,50300000.0,50300000.0,0.36,0.36,0.36,1415200000.0,,1415200000.0,2725698000.0,9.0,6.909,40800000.0,0.454,1.0,205600000.0,0.328,960100000.0,0.0,1659600000.0,,299300000.0,0.0,0.0,0.0,2333500000.0,916300000.0,1417200000.0,2881398000.0,2400000.0,1200000.0,-17900000.0,-55900000.0,-11100000.0,-84700000.0,28000000.0,51800000.0,65900000.0,-5900000.0,32800000.0,32800000.0,32800000.0,-500000.0,200000.0,0.052,156100000.0,49500000.0,310000000.0,0.344,2.036,12.127,12.068,437900000.0,0.0,31.98,1.151,1.147,625100000.0,1734600000.0,626200000.0,626200000.0,21100000.0,,,,,3000000.0,120000000.0,1.0,90100000.0,89800000.0,90400000.0,6.973,2790200000.0,326200000.0,17500000.0,0.0,31.071,611500000.0
21,ITT,MRQ,2016-03-31,2016-03-31,2016-03-31,2021-08-25,-395800000.0,3809200000.0,,1566200000.0,2243000000.0,,15.864,-21000000.0,430900000.0,430900000.0,413800000.0,37300000.0,1.642,1.679,275200000.0,275200000.0,0.0,275200000.0,0.0,25300000.0,0.0,0.013,0.124,49100000.0,74400000.0,0.122,74400000.0,49100000.0,49100000.0,0.42,0.41,0.42,1421400000.0,,1421400000.0,3131655000.0,8.0,6.196,-15300000.0,-0.171,1.0,195300000.0,0.321,968800000.0,0.0,1730700000.0,,301300000.0,0.0,0.0,0.0,2386300000.0,954000000.0,1432300000.0,3301655000.0,15200000.0,-200000.0,-800000.0,28200000.0,-11400000.0,16900000.0,-24800000.0,-3700000.0,5700000.0,9900000.0,37400000.0,37400000.0,37400000.0,300000.0,-100000.0,0.061,144300000.0,51000000.0,293500000.0,0.295,2.323,9.512,9.508,443000000.0,0.0,36.89,1.317,1.319,607000000.0,1727200000.0,609100000.0,609100000.0,19200000.0,,,,,2900000.0,112300000.0,1.0,89500000.0,89600000.0,90500000.0,6.798,2840400000.0,322600000.0,11700000.0,0.0,31.701,612200000.0
22,ITT,MRQ,2015-12-31,2015-12-31,2015-12-31,2021-08-25,-270400000.0,3723600000.0,,1497700000.0,2225900000.0,,15.219,-22500000.0,415700000.0,415700000.0,465500000.0,36500000.0,1.571,1.731,245700000.0,245700000.0,0.0,245700000.0,0.0,26900000.0,0.0,0.013,0.118,53800000.0,80700000.0,0.121,80700000.0,53800000.0,53800000.0,0.41,0.41,0.41,1362100000.0,,1362100000.0,2756240000.0,7.0,5.384,60100000.0,0.672,1.0,201300000.0,0.302,965500000.0,0.0,1635000000.0,,292700000.0,0.0,0.0,0.0,2358200000.0,953100000.0,1405100000.0,3250640000.0,-89200000.0,-296600000.0,600000.0,232500000.0,-21200000.0,210600000.0,-374100000.0,-56800000.0,82600000.0,-7700000.0,36700000.0,36700000.0,36700000.0,-100000.0,-200000.0,0.055,147500000.0,53800000.0,314700000.0,0.288,2.386,9.24,9.265,443500000.0,0.0,36.32,1.308,1.312,584900000.0,1696700000.0,666800000.0,666800000.0,23700000.0,,,,,4600000.0,115500000.0,1.0,89500000.0,89500000.0,90400000.0,7.45,2758100000.0,326100000.0,17100000.0,0.0,30.817,544600000.0
23,ITT,MRQ,2015-09-30,2015-09-30,2015-09-30,2021-08-25,-391500000.0,3478300000.0,,1571100000.0,1907200000.0,,15.249,-18200000.0,504900000.0,504900000.0,407000000.0,130700000.0,2.191,1.549,10500000.0,10500000.0,0.0,10500000.0,0.0,21200000.0,0.0,0.014,0.118,142100000.0,163300000.0,0.271,163300000.0,142100000.0,142100000.0,1.46,1.45,1.46,1363300000.0,,1363300000.0,2559942000.0,6.0,5.152,39400000.0,0.441,1.0,194900000.0,0.324,729300000.0,0.0,1537400000.0,,299700000.0,0.0,0.0,0.0,2111400000.0,717200000.0,1394200000.0,2988642000.0,7500000.0,-300000.0,0.0,-58400000.0,-10600000.0,-70600000.0,28800000.0,47600000.0,57600000.0,-9900000.0,130700000.0,130700000.0,130700000.0,-34200000.0,0.0,0.217,91000000.0,103900000.0,291900000.0,0.081,2.192,8.568,8.616,414400000.0,0.0,33.43,1.206,1.206,567800000.0,1665300000.0,601900000.0,601900000.0,18000000.0,,,,,4200000.0,103300000.0,1.0,89400000.0,89400000.0,90300000.0,6.733,2749000000.0,272500000.0,11400000.0,0.0,30.749,853900000.0
24,ITT,MRQ,2015-06-30,2015-06-30,2015-06-30,2021-08-25,-367900000.0,3575700000.0,,1633400000.0,1942300000.0,,14.137,-15800000.0,497400000.0,497400000.0,414300000.0,142400000.0,2.002,1.828,68700000.0,68700000.0,0.0,68700000.0,0.0,21200000.0,0.0,0.011,0.118,165800000.0,187000000.0,0.298,187000000.0,165800000.0,165800000.0,1.59,1.58,1.59,1262400000.0,,1262400000.0,3275528000.0,8.0,6.912,65500000.0,0.733,1.0,213900000.0,0.34,735700000.0,0.0,1595300000.0,,294900000.0,0.0,0.0,0.0,2307900000.0,816000000.0,1491900000.0,3732128000.0,-72700000.0,-44600000.0,2400000.0,-46700000.0,-10700000.0,-53600000.0,-100200000.0,-42400000.0,81300000.0,1800000.0,142300000.0,142300000.0,142300000.0,-1700000.0,100000.0,0.227,49400000.0,164500000.0,299200000.0,0.074,2.956,12.507,12.679,421400000.0,0.0,41.84,1.473,1.474,558000000.0,1540900000.0,628200000.0,628200000.0,18900000.0,,,,,3800000.0,115300000.0,1.0,89200000.0,89300000.0,90200000.0,7.035,2840000000.0,300100000.0,23500000.0,0.0,31.803,817400000.0
25,ITT,MRQ,2015-03-31,2015-03-31,2015-03-31,2021-08-25,-381600000.0,3572600000.0,,1638700000.0,1933900000.0,,12.244,-30200000.0,570100000.0,570100000.0,389700000.0,42000000.0,1.964,2.216,113500000.0,113500000.0,0.0,113500000.0,0.0,20700000.0,0.0,0.011,0.118,60200000.0,80900000.0,0.137,80900000.0,60200000.0,60200000.0,0.46,0.46,0.46,1109300000.0,,1109300000.0,3047810000.0,11.0,8.497,-22000000.0,-0.243,1.0,199000000.0,0.338,696100000.0,0.0,1585400000.0,,287600000.0,0.0,0.0,0.0,2458000000.0,834500000.0,1623500000.0,3631810000.0,-13900000.0,0.0,-80800000.0,113500000.0,-300000.0,34000000.0,-40000000.0,-10000000.0,8200000.0,-15800000.0,42100000.0,42100000.0,42100000.0,-3400000.0,-100000.0,0.072,141100000.0,57900000.0,287700000.0,0.257,3.274,18.682,18.737,419300000.0,0.0,39.91,1.414,1.408,537200000.0,1401700000.0,588700000.0,588700000.0,18300000.0,,,,,3100000.0,107400000.0,1.0,91000000.0,90600000.0,91600000.0,6.498,2876500000.0,301400000.0,18100000.0,0.0,31.749,804200000.0
26,ITT,MRQ,2014-12-31,2014-12-31,2014-12-31,2021-08-25,-177000000.0,3631500000.0,,1636200000.0,1995300000.0,,13.278,-44400000.0,584000000.0,584000000.0,443100000.0,34200000.0,2.11,1.985,1500000.0,1500000.0,0.0,1500000.0,0.0,24100000.0,0.0,0.011,0.11,41600000.0,65700000.0,0.1,65700000.0,41600000.0,41600000.0,0.37,0.37,0.37,1214900000.0,,1214900000.0,3183536000.0,12.0,9.252,68400000.0,0.748,1.0,216900000.0,0.329,723500000.0,0.0,1550100000.0,,302300000.0,0.0,0.0,0.0,2411200000.0,775400000.0,1635800000.0,3706136000.0,61400000.0,300000.0,-33900000.0,-500000.0,-20300000.0,-52700000.0,18000000.0,61700000.0,112800000.0,-16100000.0,33700000.0,33700000.0,33700000.0,-300000.0,500000.0,0.051,173000000.0,43900000.0,309600000.0,0.297,3.051,20.087,20.03,443900000.0,0.0,40.46,1.396,1.395,500100000.0,1445100000.0,660000000.0,660000000.0,20200000.0,,,,,3200000.0,138100000.0,1.0,91600000.0,91500000.0,92500000.0,7.213,2908000000.0,304100000.0,7900000.0,0.0,31.781,860800000.0
27,ITT,MRQ,2014-09-30,2014-09-30,2014-09-30,2021-08-25,-244200000.0,3706700000.0,,1709600000.0,1997100000.0,,14.158,-28700000.0,522600000.0,522600000.0,437200000.0,80700000.0,2.097,1.854,0.0,0.0,0.0,0.0,0.0,22000000.0,0.0,0.01,0.11,118300000.0,140300000.0,0.214,140300000.0,118300000.0,118300000.0,0.88,0.86,0.88,1296900000.0,,1296900000.0,3588804000.0,15.0,11.029,18900000.0,0.206,1.0,219900000.0,0.335,738500000.0,0.0,1630300000.0,,312800000.0,0.0,0.0,0.0,2405000000.0,815300000.0,1589700000.0,4116504000.0,-5100000.0,2100000.0,-7700000.0,-23000000.0,-10100000.0,-38700000.0,100000.0,26700000.0,47600000.0,-13500000.0,80300000.0,80300000.0,80300000.0,300000.0,400000.0,0.122,100200000.0,119700000.0,330700000.0,0.125,3.174,25.411,25.39,433200000.0,0.0,44.94,1.559,1.559,569200000.0,1449500000.0,657100000.0,657100000.0,20100000.0,,,,,4000000.0,122600000.0,1.0,91600000.0,91600000.0,92900000.0,7.174,2968200000.0,282200000.0,38000000.0,0.0,32.404,894300000.0
28,ITT,MRQ,2014-06-30,2014-06-30,2014-06-30,2021-08-25,-209900000.0,3812500000.0,,1757600000.0,2054900000.0,,13.77,-26700000.0,527700000.0,527700000.0,448200000.0,38700000.0,2.093,2.016,0.0,0.0,0.0,0.0,0.0,21100000.0,0.0,0.009,0.11,50700000.0,71800000.0,0.108,71800000.0,50700000.0,50700000.0,0.42,0.41,0.42,1262700000.0,,1262700000.0,3895670000.0,20.0,13.751,70800000.0,0.772,1.0,214800000.0,0.324,760600000.0,0.0,1684300000.0,,309000000.0,0.0,0.0,0.0,2545400000.0,839900000.0,1705500000.0,4410770000.0,12600000.0,-1500000.0,-7700000.0,-4900000.0,-10300000.0,-21800000.0,-59100000.0,-33000000.0,97500000.0,100000.0,38300000.0,38300000.0,38300000.0,2900000.0,400000.0,0.058,160300000.0,54500000.0,343900000.0,0.262,3.493,8.608,8.513,443000000.0,0.0,48.1,1.685,1.685,575300000.0,1381000000.0,663000000.0,663000000.0,18600000.0,,,,,3500000.0,125800000.0,1.0,91700000.0,91700000.0,93000000.0,7.23,3051900000.0,299700000.0,12400000.0,0.0,33.281,917700000.0
29,ITT,MRQ,2014-03-31,2014-03-31,2014-03-31,2021-08-25,-212200000.0,3783700000.0,,1714400000.0,2069300000.0,,13.519,-19000000.0,515100000.0,515100000.0,459700000.0,33200000.0,2.055,2.059,0.0,0.0,0.0,0.0,0.0,21100000.0,0.0,0.01,0.11,45200000.0,66300000.0,0.098,66300000.0,45200000.0,45200000.0,0.35,0.35,0.35,1235600000.0,,1235600000.0,3400964000.0,18.0,12.513,-32200000.0,-0.352,1.0,214800000.0,0.318,765500000.0,0.0,1669000000.0,,289800000.0,0.0,0.0,0.0,2544100000.0,834100000.0,1710000000.0,3908264000.0,7800000.0,0.0,4200000.0,-11300000.0,0.0,-3400000.0,26500000.0,48200000.0,-13200000.0,-1700000.0,32200000.0,32200000.0,32200000.0,1000000.0,1000000.0,0.048,166500000.0,48300000.0,344200000.0,0.314,3.163,7.818,7.746,434600000.0,0.0,42.76,1.525,1.525,597500000.0,1356100000.0,674500000.0,674500000.0,17700000.0,,,,,3300000.0,133000000.0,1.0,91400000.0,91400000.0,92800000.0,7.38,3018200000.0,299300000.0,13000000.0,0.0,33.022,880300000.0
30,ITT,MRQ,2013-12-31,2013-12-31,2013-12-31,2021-08-25,-81100000.0,3740200000.0,,1665500000.0,2074700000.0,,13.198,-64700000.0,507300000.0,507300000.0,436900000.0,12400000.0,2.0,2.109,0.0,0.0,0.0,0.0,0.0,20400000.0,0.0,0.009,0.1,26600000.0,47000000.0,0.073,47000000.0,26600000.0,26600000.0,0.12,0.12,0.12,1201000000.0,,1201000000.0,3457594000.0,19.0,13.008,63300000.0,0.696,1.0,208600000.0,0.323,766700000.0,0.0,1633600000.0,,315900000.0,0.0,0.0,0.0,2533300000.0,832600000.0,1700700000.0,3938194000.0,26700000.0,3000000.0,6800000.0,-28500000.0,-18100000.0,-34100000.0,-70000000.0,-9600000.0,128000000.0,700000.0,11200000.0,11200000.0,11200000.0,-300000.0,1200000.0,0.017,180600000.0,28000000.0,332700000.0,0.833,3.279,8.062,8.086,426200000.0,0.0,43.42,1.577,1.582,496700000.0,1320300000.0,645500000.0,645500000.0,18400000.0,,,,,3400000.0,145900000.0,1.0,90700000.0,91000000.0,92300000.0,7.093,2973500000.0,303600000.0,15400000.0,0.0,32.676,832900000.0
31,ITT,MRQ,2013-09-30,2013-09-30,2013-09-30,2021-08-25,-274600000.0,3795300000.0,,1691500000.0,2103800000.0,,12.402,-21400000.0,480600000.0,480600000.0,431100000.0,431400000.0,1.962,2.381,0.0,0.0,0.0,0.0,0.0,21900000.0,0.0,0.011,0.1,76300000.0,98200000.0,0.155,98200000.0,76300000.0,76300000.0,4.76,4.69,4.76,1121100000.0,,1121100000.0,2728585000.0,15.0,10.143,8400000.0,0.093,1.0,202900000.0,0.32,764500000.0,0.0,1688100000.0,,297400000.0,0.0,0.0,0.0,2669300000.0,862100000.0,1807200000.0,3246285000.0,-37100000.0,0.0,6100000.0,25700000.0,-9000000.0,26900000.0,-85200000.0,-64500000.0,29800000.0,6100000.0,430700000.0,430700000.0,430700000.0,2300000.0,700000.0,0.679,125900000.0,77000000.0,345200000.0,0.021,2.896,6.369,6.385,385200000.0,0.0,35.95,1.349,1.351,543300000.0,1305000000.0,634000000.0,634000000.0,16100000.0,,,,,3500000.0,125200000.0,1.0,90300000.0,90400000.0,91900000.0,7.013,3030800000.0,345200000.0,-354400000.0,0.0,33.527,829400000.0
32,ITT,MRQ,2013-06-30,2013-06-30,2013-06-30,2021-08-25,-306800000.0,3365800000.0,,1570600000.0,1795200000.0,,7.258,-20100000.0,517700000.0,517700000.0,411400000.0,25900000.0,1.866,4.123,0.0,0.0,0.0,0.0,0.0,20100000.0,0.0,0.013,0.1,40200000.0,60300000.0,0.099,60300000.0,40200000.0,40200000.0,0.29,0.28,0.29,656100000.0,,656100000.0,2160859000.0,14.0,8.929,61000000.0,0.675,1.0,197800000.0,0.325,757200000.0,0.0,1249400000.0,,308500000.0,0.0,0.0,0.0,2705300000.0,841500000.0,1863800000.0,2643959000.0,34600000.0,0.0,-31800000.0,-3900000.0,-9300000.0,-43200000.0,1100000.0,20600000.0,81100000.0,-1100000.0,25800000.0,25800000.0,25800000.0,-1100000.0,100000.0,0.042,156400000.0,41400000.0,364100000.0,0.345,4.03,17.394,17.717,367400000.0,0.0,29.41,1.14,1.146,499300000.0,872600000.0,609200000.0,609200000.0,16400000.0,,,,,3200000.0,124100000.0,1.0,89900000.0,90400000.0,91600000.0,6.739,2608600000.0,0.0,14400000.0,0.0,28.856,729100000.0
33,ITT,MRQ,2013-03-31,2013-03-31,2013-03-31,2021-08-25,-310700000.0,3373600000.0,,1569800000.0,1803800000.0,,7.203,-16700000.0,483100000.0,483100000.0,417700000.0,21200000.0,1.862,4.084,0.0,0.0,0.0,0.0,0.0,24500000.0,0.0,0.013,0.1,35800000.0,60300000.0,0.099,60300000.0,35800000.0,35800000.0,0.23,0.22,0.23,662700000.0,,662700000.0,2079589000.0,12.0,8.236,-29000000.0,-0.315,1.0,190500000.0,0.313,758200000.0,0.0,1289400000.0,,314900000.0,0.0,0.0,0.0,2706600000.0,842900000.0,1863700000.0,2624089000.0,-61400000.0,0.0,-34200000.0,25700000.0,0.0,-7900000.0,-34700000.0,-18500000.0,-12300000.0,-6100000.0,20800000.0,20800000.0,20800000.0,-1700000.0,400000.0,0.034,153300000.0,37200000.0,350700000.0,0.435,3.96,18.35,18.342,365100000.0,0.0,28.43,1.157,1.153,506200000.0,882200000.0,608200000.0,608200000.0,16400000.0,,,,,3000000.0,120900000.0,1.0,92300000.0,92000000.0,93200000.0,6.611,2615400000.0,0.0,15000000.0,0.0,28.428,726900000.0
34,ITT,MRQ,2012-12-31,2012-12-31,2012-12-31,2021-08-25,-92000000.0,3386100000.0,,1540400000.0,1845700000.0,,7.61,-40100000.0,544500000.0,544500000.0,380900000.0,32400000.0,1.913,3.815,0.0,0.0,0.0,0.0,0.0,21100000.0,0.0,0.016,0.091,29100000.0,50200000.0,0.091,50200000.0,29100000.0,29000000.0,0.35,0.34,0.35,703200000.0,,703200000.0,1412742000.0,9.0,5.981,31700000.0,0.343,1.0,173400000.0,0.313,774700000.0,100000.0,1261600000.0,,304200000.0,0.0,0.0,0.0,2682900000.0,805300000.0,1877600000.0,2174742000.0,-217400000.0,-153700000.0,-22100000.0,-22000000.0,-17000000.0,-59200000.0,-232200000.0,-38200000.0,71800000.0,4800000.0,32400000.0,32400000.0,32400000.0,-10300000.0,0.0,0.058,152300000.0,21100000.0,347000000.0,0.26,3.093,17.342,17.378,373100000.0,0.0,23.46,0.976,0.979,440300000.0,898800000.0,554300000.0,554300000.0,14900000.0,,,,,3000000.0,121600000.0,1.0,92700000.0,92400000.0,93500000.0,5.999,2611400000.0,21400000.0,-3400000.0,0.0,28.262,735100000.0
35,ITT,MRQ,2012-09-30,2012-09-30,2012-09-30,2021-08-25,-236200000.0,3314600000.0,,1714500000.0,1600100000.0,,8.32,-14100000.0,762000000.0,762000000.0,381300000.0,73000000.0,2.313,3.307,0.0,0.0,0.0,0.0,0.0,17200000.0,0.0,0.018,0.091,54000000.0,71200000.0,0.13,71200000.0,54000000.0,54000000.0,0.79,0.78,0.79,769600000.0,,769600000.0,1122760000.0,-23.0,55.582,59200000.0,0.64,1.0,166200000.0,0.304,591700000.0,0.0,1219800000.0,,268700000.0,0.0,0.0,0.0,2545000000.0,741100000.0,1803900000.0,1861860000.0,22900000.0,0.0,4400000.0,-40100000.0,0.0,-34400000.0,-13900000.0,0.0,73300000.0,1500000.0,73000000.0,73000000.0,73000000.0,-12300000.0,0.0,0.133,129500000.0,36700000.0,331900000.0,0.115,2.419,-4.27,-4.278,323900000.0,0.0,20.15,0.863,0.864,458200000.0,913300000.0,547500000.0,547500000.0,15100000.0,,,,,3600000.0,101600000.0,1.0,92400000.0,92500000.0,93500000.0,5.919,2722900000.0,0.0,-19000000.0,0.0,29.437,973400000.0
36,ITT,MRQ,2012-06-30,2012-06-30,2012-06-30,2021-08-25,-252000000.0,3703600000.0,,1829600000.0,1874000000.0,,7.443,-16600000.0,739100000.0,739100000.0,387500000.0,16800000.0,1.985,4.362,0.0,0.0,0.0,0.0,0.0,16600000.0,0.0,0.03,0.091,54200000.0,70800000.0,0.127,70800000.0,54200000.0,54200000.0,0.18,0.18,0.18,690700000.0,,690700000.0,896480000.0,374.0,12.716,67000000.0,0.722,1.0,170400000.0,0.305,591500000.0,0.0,1451100000.0,,259700000.0,0.0,0.0,0.0,3012900000.0,921900000.0,2091000000.0,1624480000.0,11000000.0,0.0,-38600000.0,16800000.0,-8300000.0,-28200000.0,-17000000.0,0.0,83600000.0,-29100000.0,16800000.0,16800000.0,16800000.0,-600000.0,0.0,0.03,113400000.0,57000000.0,426200000.0,0.506,2.352,-4.056,-4.065,320900000.0,0.0,17.6,0.764,0.768,464500000.0,850500000.0,557900000.0,557900000.0,16600000.0,,,,,3000000.0,87100000.0,1.0,92300000.0,92800000.0,93900000.0,6.012,3112100000.0,0.0,37400000.0,0.0,33.536,907700000.0
37,ITT,MRQ,2012-03-31,2012-03-31,2012-03-31,2021-08-25,-209000000.0,3749000000.0,,1859000000.0,1890000000.0,,7.667,-13000000.0,728000000.0,728000000.0,397900000.0,3200000.0,2.01,4.185,0.0,0.0,0.0,0.0,0.0,16200000.0,0.0,0.041,0.091,27800000.0,44000000.0,0.077,44000000.0,27800000.0,27800000.0,0.03,0.03,0.03,723000000.0,,723000000.0,1493006000.0,12.0,7.575,5400000.0,0.057,1.0,170200000.0,0.3,598000000.0,0.0,1498000000.0,,268000000.0,0.0,0.0,0.0,3026000000.0,925000000.0,2101000000.0,2177006000.0,38200000.0,0.0,-2500000.0,20800000.0,-8900000.0,13800000.0,-11600000.0,0.0,18400000.0,18800000.0,3200000.0,3200000.0,3200000.0,7300000.0,0.0,0.006,133500000.0,36700000.0,450000000.0,3.033,3.011,-8.792,-8.56,328000000.0,0.0,22.94,1.027,1.02,474000000.0,839000000.0,568100000.0,568100000.0,16100000.0,,,,,2800000.0,104800000.0,1.0,94900000.0,94300000.0,95700000.0,6.024,3151000000.0,0.0,24600000.0,0.0,33.415,934000000.0
38,ITT,MRQ,2011-12-31,2011-12-31,2011-12-31,2021-08-25,-97700000.0,3671500000.0,,1761700000.0,1909800000.0,,7.439,-49100000.0,689800000.0,689800000.0,338500000.0,-529000000.0,2.112,4.284,0.0,0.0,0.0,0.0,0.0,18000000.0,0.0,0.069,0.091,-183800000.0,-165800000.0,-0.342,-165800000.0,-183800000.0,-260200000.0,-5.71,-5.71,-5.71,694800000.0,,694800000.0,2279857500.0,11.0,8.177,-259700000.0,-2.781,1.0,145700000.0,0.301,574100000.0,76400000.0,1573600000.0,,248100000.0,0.0,0.0,0.0,2976700000.0,834000000.0,2142700000.0,1792857500.0,-1596700000.0,-10800000.0,10400000.0,-1262200000.0,-8600000.0,-910000000.0,-59000000.0,0.0,-210600000.0,2300000.0,-529000000.0,-529000000.0,-529000000.0,-15200000.0,0.0,-1.093,416200000.0,-270500000.0,361100000.0,-0.016,2.58,-13.844,-13.807,321400000.0,0.0,19.33,0.86,0.86,390500000.0,852600000.0,484200000.0,484200000.0,14200000.0,,,,,800000.0,80500000.0,1.0,92750000.0,93400000.0,93400000.0,5.184,3097400000.0,0.0,268800000.0,0.0,33.163,927700000.0
39,ITT,MRQ,2011-09-30,2011-09-30,2011-09-30,2021-08-25,-1649000000.0,15088000000.0,,6547000000.0,8541000000.0,,45.793,-16100000.0,2686000000.0,2686000000.0,360700000.0,108500000.0,1.568,2.554,3173000000.0,1305000000.0,1868000000.0,3173000000.0,0.0,17300000.0,0.0,0.021,0.25,104200000.0,121500000.0,0.236,121500000.0,104200000.0,104200000.0,1.17,1.17,1.17,4245000000.0,,4245000000.0,8050600000.0,15.0,18.666,41300000.0,0.446,1.0,155200000.0,0.301,5300000000.0,0.0,6099000000.0,,1011000000.0,0.0,0.0,0.0,10843000000.0,4176000000.0,6667000000.0,7782600000.0,1526700000.0,1000000.0,7000000.0,-115900000.0,-46100000.0,1652000000.0,-14400000.0,0.0,57400000.0,-71900000.0,108500000.0,108500000.0,108500000.0,-138000000.0,0.0,0.21,166500000.0,-11300000.0,1116000000.0,0.214,1.833,11.538,11.507,1214000000.0,0.0,84.0,-1.742,-1.743,2198000000.0,5709000000.0,515900000.0,515900000.0,15800000.0,,,,,3600000.0,71600000.0,1.0,92650000.0,92700000.0,92700000.0,5.565,9788000000.0,0.0,-4300000.0,0.0,105.588,2371000000.0
40,ITT,MRQ,2011-06-30,2011-06-30,2011-06-30,2021-08-25,-884000000.0,13100000000.0,,5018000000.0,8082000000.0,,53.737,-22100000.0,1160000000.0,1160000000.0,376400000.0,169700000.0,1.695,1.633,1428000000.0,131000000.0,1297000000.0,1428000000.0,0.0,18000000.0,0.0,0.017,0.5,179400000.0,197400000.0,0.357,197400000.0,179400000.0,179400000.0,1.83,1.82,1.83,4976000000.0,,4976000000.0,11214013000.0,22.0,23.921,-146300000.0,-1.58,1.0,176000000.0,0.319,5081000000.0,0.0,5327000000.0,,980000000.0,0.0,0.0,0.0,8124000000.0,2960000000.0,5164000000.0,10849013000.0,85500000.0,4600000.0,8000000.0,-11100000.0,-46300000.0,163300000.0,-20100000.0,0.0,-124200000.0,17900000.0,169700000.0,169700000.0,169700000.0,-151000000.0,0.0,0.307,129400000.0,46600000.0,1115000000.0,0.273,2.18,15.259,15.287,1242000000.0,0.0,117.86,-4.635,-4.662,2200000000.0,5676000000.0,552400000.0,552400000.0,17000000.0,,,,,4100000.0,92100000.0,1.0,92050000.0,92600000.0,93400000.0,5.965,8019000000.0,0.0,9700000.0,0.0,86.598,2058000000.0
41,ITT,MRQ,2011-03-31,2011-03-31,2011-03-31,2021-08-25,-955000000.0,12726000000.0,,4710000000.0,8016000000.0,,51.546,-15000000.0,1074000000.0,1074000000.0,365000000.0,121000000.0,1.701,1.669,1439000000.0,85000000.0,1354000000.0,1439000000.0,0.0,18000000.0,0.0,0.017,0.5,108000000.0,126000000.0,0.236,126000000.0,108000000.0,108000000.0,1.31,1.31,1.31,4768000000.0,,4768000000.0,11364185000.0,18.0,17.208,-60000000.0,-0.649,1.0,168000000.0,0.315,5074000000.0,0.0,5248000000.0,,950000000.0,0.0,0.0,0.0,7958000000.0,2769000000.0,5189000000.0,11031185000.0,42000000.0,0.0,28000000.0,74000000.0,-92000000.0,17000000.0,-13000000.0,0.0,-45000000.0,49000000.0,121000000.0,121000000.0,121000000.0,-143000000.0,0.0,0.227,178000000.0,-10000000.0,981000000.0,0.382,2.314,14.155,14.196,1207000000.0,0.0,120.1,-71.492,-71.998,2075000000.0,5539000000.0,533000000.0,533000000.0,16000000.0,,,,,3000000.0,86000000.0,1.0,91850000.0,92500000.0,92500000.0,5.762,7652000000.0,0.0,-13000000.0,0.0,82.724,1941000000.0
42,ITT,MRQ,2010-12-31,2010-12-31,2010-12-31,2021-08-25,287000000.0,12615000000.0,,4424000000.0,8191000000.0,,48.332,47700000.0,206000000.0,206000000.0,-4406200000.0,275300000.0,1.614,1.828,1360000000.0,10000000.0,1350000000.0,1360000000.0,0.0,-149800000.0,0.0,0.019,0.5,136200000.0,-13600000.0,0.002,-13600000.0,136200000.0,39100000.0,2.99,3.03,2.99,4461000000.0,,4461000000.0,10298396000.0,14.0,12.507,-680500000.0,-7.373,1.0,-1663100000.0,0.274,596000000.0,97100000.0,10432000000.0,,218000000.0,0.0,0.0,0.0,8154000000.0,2741000000.0,5413000000.0,9567396000.0,120700000.0,735700000.0,10500000.0,-270700000.0,-400000.0,264100000.0,782000000.0,0.0,-728200000.0,8900000.0,275300000.0,275300000.0,275300000.0,-787700000.0,0.0,-0.045,-945500000.0,-717600000.0,397000000.0,0.167,2.145,11.895,11.911,299000000.0,0.0,104.22,5.06,5.071,315000000.0,5441000000.0,-6069300000.0,-6069300000.0,-123700000.0,,,,,-9300000.0,-808600000.0,1.0,91800000.0,92300000.0,90200000.0,-65.756,12019000000.0,320000000.0,-236200000.0,0.0,130.217,1683000000.0
43,ITT,MRQ,2010-09-30,2010-09-30,2010-09-30,2021-08-25,-1022000000.0,12460000000.0,,4258000000.0,8202000000.0,,47.029,-68000000.0,912000000.0,912000000.0,1875000000.0,145000000.0,1.525,1.878,1643000000.0,279000000.0,1364000000.0,1643000000.0,0.0,74000000.0,0.0,0.021,0.5,85000000.0,159000000.0,0.06,159000000.0,85000000.0,85000000.0,1.58,1.56,1.58,4329000000.0,,4329000000.0,9213622000.0,15.0,13.2,230000000.0,2.499,1.0,768000000.0,0.291,5054000000.0,0.0,5345000000.0,,942000000.0,0.0,0.0,0.0,8131000000.0,2792000000.0,5339000000.0,8588622000.0,68000000.0,-343000000.0,3000000.0,172000000.0,-46000000.0,132000000.0,-413000000.0,0.0,298000000.0,58000000.0,145000000.0,145000000.0,145000000.0,-133000000.0,0.0,0.055,800000000.0,-32000000.0,1269000000.0,0.316,1.984,12.046,12.054,1149000000.0,0.0,93.66,4.605,4.623,1911000000.0,5168000000.0,2643000000.0,2643000000.0,60000000.0,,,,,7000000.0,396000000.0,1.0,91700000.0,92050000.0,92650000.0,28.713,7406000000.0,1047000000.0,-60000000.0,97000000.0,80.456,1466000000.0
44,ITT,MRQ,2010-06-30,2010-06-30,2010-06-30,2021-08-25,-1218000000.0,11015000000.0,,4093000000.0,6922000000.0,,43.717,-54000000.0,844000000.0,844000000.0,1958000000.0,238000000.0,1.654,1.739,1469000000.0,106000000.0,1363000000.0,1469000000.0,0.0,72000000.0,0.0,0.021,0.5,317000000.0,389000000.0,0.142,389000000.0,317000000.0,317000000.0,2.58,2.56,2.58,4022000000.0,,4022000000.0,9016820000.0,14.0,12.736,235000000.0,2.554,1.0,781000000.0,0.285,4569000000.0,0.0,4597000000.0,,813000000.0,0.0,0.0,0.0,6993000000.0,2474000000.0,4519000000.0,8242820000.0,-36000000.0,-10000000.0,4000000.0,-187000000.0,-45000000.0,-224000000.0,-63000000.0,0.0,289000000.0,-37000000.0,238000000.0,238000000.0,238000000.0,-12000000.0,0.0,0.087,457000000.0,324000000.0,1208000000.0,0.194,2.049,13.146,13.154,1037000000.0,0.0,89.84,4.427,4.439,1829000000.0,5058000000.0,2739000000.0,2739000000.0,60000000.0,,,,,8000000.0,375000000.0,1.0,91750000.0,92000000.0,92750000.0,29.772,6446000000.0,737000000.0,79000000.0,55000000.0,70.065,1619000000.0
45,ITT,MRQ,2010-03-31,2010-03-31,2010-03-31,2021-08-25,-1113000000.0,11200000000.0,,4027000000.0,7173000000.0,,42.761,-52000000.0,880000000.0,880000000.0,1860000000.0,146000000.0,1.51,1.858,1654000000.0,289000000.0,1365000000.0,1654000000.0,0.0,68000000.0,0.0,0.017,0.5,221000000.0,289000000.0,0.112,289000000.0,221000000.0,221000000.0,1.6,1.58,1.6,3919000000.0,,3919000000.0,10095469000.0,16.0,14.463,15000000.0,0.164,1.0,718000000.0,0.279,4735000000.0,0.0,4572000000.0,,821000000.0,0.0,0.0,0.0,7281000000.0,2667000000.0,4614000000.0,9805269000.0,-336000000.0,-391000000.0,10000000.0,151000000.0,-85000000.0,76000000.0,-441000000.0,0.0,67000000.0,-48000000.0,146000000.0,146000000.0,146000000.0,-2000000.0,0.0,0.057,473000000.0,245000000.0,1207000000.0,0.312,2.502,16.619,16.623,1049000000.0,0.0,107.22,5.323,5.335,1853000000.0,4850000000.0,2578000000.0,2578000000.0,63000000.0,,,,,8000000.0,378000000.0,1.0,91450000.0,91650000.0,92450000.0,28.129,6465000000.0,781000000.0,75000000.0,128000000.0,70.54,1360000000.0
46,ITT,MRQ,2009-12-31,2009-12-31,2009-12-31,2021-08-25,-1040000000.0,11129000000.0,,4351000000.0,6778000000.0,,42.336,48000000.0,1216000000.0,1216000000.0,-4469000000.0,184000000.0,1.658,1.87,1506000000.0,75000000.0,1431000000.0,1506000000.0,0.0,-149000000.0,0.0,0.017,0.426,10000000.0,-139000000.0,0.023,-139000000.0,10000000.0,-14000000.0,2.01,2.05,2.01,3878000000.0,,3878000000.0,9422298000.0,15.0,13.557,-739000000.0,-8.068,1.0,-1626000000.0,0.267,4289000000.0,24000000.0,4506000000.0,,802000000.0,0.0,0.0,0.0,7251000000.0,2624000000.0,4627000000.0,9087498000.0,-399000000.0,27000000.0,10000000.0,-180000000.0,-39000000.0,67000000.0,75000000.0,0.0,-787000000.0,-13000000.0,184000000.0,184000000.0,184000000.0,-743000000.0,0.0,-0.03,-895000000.0,-731000000.0,1273000000.0,0.212,2.343,14.448,14.438,1050000000.0,0.0,99.48,5.134,5.131,1754000000.0,4737000000.0,-6095000000.0,-6095000000.0,-115000000.0,,,,,-5000000.0,-797000000.0,1.0,91350000.0,91600000.0,89650000.0,-66.539,6840000000.0,583000000.0,-198000000.0,0.0,74.672,1727000000.0
47,ITT,MRQ,2009-09-30,2009-09-30,2009-09-30,2021-08-25,-1149800000.0,11544400000.0,,4396800000.0,7147600000.0,,39.279,-53000000.0,1347700000.0,1347700000.0,1880000000.0,59000000.0,1.568,2.217,1682500000.0,242800000.0,1439700000.0,1682500000.0,0.0,74000000.0,0.0,0.016,0.426,95000000.0,169000000.0,0.064,169000000.0,95000000.0,70000000.0,0.64,0.64,0.64,3588100000.0,,3588100000.0,10304860000.0,12.0,9.001,449000000.0,4.915,1.0,760000000.0,0.288,4412300000.0,25000000.0,4663300000.0,,815400000.0,0.0,0.0,0.0,7956300000.0,2803600000.0,5152700000.0,9512160000.0,329000000.0,0.0,3000000.0,-129000000.0,-39000000.0,-162000000.0,-57000000.0,0.0,502000000.0,38000000.0,59000000.0,59000000.0,59000000.0,5000000.0,0.0,0.022,671000000.0,89000000.0,1274500000.0,0.666,2.651,15.103,15.116,998000000.0,0.0,104.3,0.894,0.895,1819600000.0,4556700000.0,2640000000.0,2640000000.0,58000000.0,,,,,7000000.0,381000000.0,1.0,91200000.0,91350000.0,92150000.0,28.9,7132100000.0,1062500000.0,11000000.0,137900000.0,78.074,1593200000.0
48,ITT,MRQ,2009-06-30,2009-06-30,2009-06-30,2021-08-25,-1255400000.0,10551900000.0,,4133300000.0,6418600000.0,,37.907,-39000000.0,1019000000.0,1019000000.0,1950000000.0,201000000.0,1.486,2.051,1811700000.0,355300000.0,1456400000.0,1811700000.0,0.0,74000000.0,0.0,0.017,0.426,305000000.0,379000000.0,0.139,379000000.0,305000000.0,282000000.0,2.2,2.2,2.2,3459000000.0,,3459000000.0,9165400000.0,8.0,6.607,294000000.0,3.222,1.0,769000000.0,0.283,4422700000.0,23000000.0,4141100000.0,,858000000.0,0.0,0.0,0.0,7092900000.0,2780800000.0,4312100000.0,8099000000.0,108000000.0,-30000000.0,0.0,-166000000.0,-38000000.0,-202000000.0,-67000000.0,0.0,333000000.0,45000000.0,201000000.0,201000000.0,201000000.0,-1000000.0,0.0,0.074,466000000.0,303000000.0,1316400000.0,0.194,2.341,10.29,10.301,984500000.0,0.0,89.0,0.744,0.746,1900300000.0,4533300000.0,2719000000.0,2719000000.0,57000000.0,,,,,8000000.0,389000000.0,1.0,91000000.0,91250000.0,91800000.0,29.797,6129200000.0,794400000.0,81000000.0,94500000.0,67.169,1352500000.0
49,ITT,MRQ,2009-03-31,2009-03-31,2009-03-31,2021-08-25,-1385300000.0,10297800000.0,,3953100000.0,6344700000.0,,34.663,-48000000.0,911000000.0,911000000.0,1888000000.0,184000000.0,1.031,2.265,1977400000.0,1510900000.0,466500000.0,1977400000.0,0.0,66000000.0,0.0,0.019,0.426,220000000.0,286000000.0,0.112,286000000.0,220000000.0,194000000.0,2.02,2.02,2.02,3154300000.0,,3154300000.0,8175846000.0,7.0,5.673,165000000.0,1.813,1.0,669000000.0,0.262,4383300000.0,26000000.0,3146400000.0,,826200000.0,0.0,0.0,0.0,7143500000.0,3834500000.0,3309000000.0,6993846000.0,-54000000.0,9000000.0,2000000.0,-169000000.0,-32000000.0,-200000000.0,-37000000.0,0.0,213000000.0,-30000000.0,184000000.0,184000000.0,184000000.0,3000000.0,0.0,0.072,447000000.0,222000000.0,1231300000.0,0.211,2.217,8.665,8.684,960500000.0,0.0,76.94,0.623,0.624,1853600000.0,4358700000.0,2557000000.0,2557000000.0,53000000.0,,,,,8000000.0,383000000.0,1.0,90900000.0,91000000.0,91600000.0,28.099,5914500000.0,805800000.0,10000000.0,97300000.0,64.995,118600000.0
50,ITT,MRQ,2008-12-31,2008-12-31,2008-12-31,2021-08-25,-1323700000.0,10480200000.0,,4064200000.0,6416000000.0,,33.699,-111400000.0,964900000.0,964900000.0,1950900000.0,185800000.0,1.008,2.425,2146900000.0,1679000000.0,467900000.0,2146900000.0,0.0,58200000.0,0.0,0.015,0.35,252600000.0,310800000.0,0.114,310800000.0,252600000.0,213900000.0,2.04,2.04,2.04,3059900000.0,,3059900000.0,9535398484.0,8.0,6.286,99600000.0,1.097,1.0,775300000.0,0.284,4447800000.0,38700000.0,3183900000.0,,803800000.0,0.0,0.0,0.0,7420300000.0,4030500000.0,3389800000.0,8351298484.0,7700000.0,-24500000.0,2400000.0,18000000.0,-31900000.0,-10600000.0,-139500000.0,0.0,211000000.0,-61800000.0,185800000.0,185800000.0,185800000.0,-17500000.0,0.0,0.068,544200000.0,231100000.0,1234600000.0,0.172,2.729,10.505,10.524,993900000.0,0.0,91.98,0.728,0.729,1961100000.0,4203000000.0,2726200000.0,2726200000.0,63500000.0,,,,,6800000.0,416800000.0,1.0,90794722.0,90800000.0,91400000.0,30.024,6032400000.0,811900000.0,28100000.0,56900000.0,66.436,33700000.0
51,ITT,MRQ,2008-09-30,2008-09-30,2008-09-30,2021-08-25,196400000.0,10636900000.0,,4020800000.0,6616100000.0,,48.513,-57200000.0,957300000.0,957300000.0,2068600000.0,216300000.0,0.991,1.411,2141400000.0,1662300000.0,479100000.0,2141400000.0,0.0,67200000.0,0.0,0.012,0.35,344200000.0,411400000.0,0.143,411400000.0,344200000.0,314900000.0,2.38,2.34,2.38,4412300000.0,,4412300000.0,11508774219.0,9.0,7.417,348600000.0,3.833,1.0,810700000.0,0.282,4520000000.0,29300000.0,3242200000.0,,881900000.0,0.0,0.0,0.0,6224600000.0,4058800000.0,2165800000.0,10106774219.0,79600000.0,-2800000.0,-65400000.0,-111500000.0,-31900000.0,-204500000.0,-55500000.0,0.0,405800000.0,-67000000.0,216300000.0,216300000.0,216300000.0,-11800000.0,0.0,0.075,482700000.0,328000000.0,1267300000.0,0.147,2.291,13.168,13.209,971400000.0,0.0,111.22,0.896,0.897,1921200000.0,4035500000.0,2879300000.0,2879300000.0,60700000.0,,,,,8200000.0,415400000.0,1.0,90871914.0,90950000.0,92200000.0,31.658,6116900000.0,145900000.0,98600000.0,84500000.0,67.256,-38000000.0
52,ITT,MRQ,2008-06-30,2008-06-30,2008-06-30,2021-08-25,336800000.0,10803200000.0,,4124500000.0,6678700000.0,,47.963,-45500000.0,877700000.0,877700000.0,2197000000.0,221000000.0,0.97,1.471,2279700000.0,1799000000.0,480700000.0,2279700000.0,0.0,77400000.0,0.0,0.01,0.35,355700000.0,433100000.0,0.141,433100000.0,355700000.0,324300000.0,2.42,2.38,2.42,4371800000.0,,4371800000.0,13079273115.0,10.0,8.633,225400000.0,2.473,1.0,867100000.0,0.283,4579100000.0,31400000.0,3372600000.0,,923400000.0,0.0,0.0,0.0,6431400000.0,4253500000.0,2177900000.0,11506073115.0,-21900000.0,-34000000.0,17700000.0,-171400000.0,-31800000.0,-183500000.0,-81200000.0,0.0,270900000.0,-19200000.0,221000000.0,221000000.0,221000000.0,3300000.0,0.0,0.072,512300000.0,354800000.0,1336000000.0,0.145,2.632,14.727,14.728,988800000.0,0.0,126.66,1.087,1.091,2038700000.0,3854500000.0,3064100000.0,3064100000.0,59200000.0,,,,,6900000.0,445800000.0,1.0,90842200.0,91150000.0,92450000.0,33.616,6224100000.0,146500000.0,103300000.0,68200000.0,68.284,-129000000.0
53,ITT,MRQ,2008-03-31,2008-03-31,2008-03-31,2021-08-25,339200000.0,10795300000.0,,4143300000.0,6652000000.0,,46.215,-33900000.0,899600000.0,899600000.0,2045500000.0,171900000.0,0.935,1.57,2472800000.0,1990300000.0,482500000.0,2472800000.0,0.0,71200000.0,0.0,0.011,0.35,290500000.0,361700000.0,0.129,361700000.0,290500000.0,249900000.0,1.9,1.86,1.9,4200900000.0,,4200900000.0,11133086937.0,9.0,7.95,185400000.0,2.04,1.0,760900000.0,0.271,4576100000.0,40600000.0,3362600000.0,,960300000.0,0.0,0.0,0.0,6594400000.0,4429800000.0,2164600000.0,9407086937.0,-940400000.0,-192700000.0,4300000.0,-986100000.0,-25400000.0,-1008400000.0,-225800000.0,0.0,219300000.0,74000000.0,171900000.0,171900000.0,171900000.0,-1000000.0,0.0,0.061,476800000.0,284100000.0,1341000000.0,0.184,2.239,12.154,12.105,985300000.0,0.0,103.62,0.966,0.967,1984300000.0,3680900000.0,2806400000.0,2806400000.0,52600000.0,,,,,8100000.0,420600000.0,1.0,90784472.0,90900000.0,92000000.0,30.873,6219200000.0,142100000.0,78000000.0,108900000.0,68.418,-286500000.0
54,ITT,MRQ,2007-12-31,2007-12-31,2007-12-31,2021-08-25,235300000.0,11552700000.0,,4929800000.0,6622900000.0,,42.902,-131100000.0,1840000000.0,1840000000.0,1828100000.0,158300000.0,0.904,1.929,3566000000.0,3083000000.0,483000000.0,3566000000.0,0.0,50700000.0,0.0,0.008,0.28,294700000.0,345400000.0,0.137,345400000.0,294700000.0,248500000.0,1.72,1.7,1.72,3944800000.0,,3944800000.0,12168841524.0,11.0,9.304,176900000.0,1.924,1.0,700600000.0,0.277,4562700000.0,46200000.0,3259700000.0,,887600000.0,0.0,0.0,0.0,7607900000.0,5456300000.0,2151600000.0,11973741524.0,399900000.0,-1562300000.0,10200000.0,1771200000.0,-25300000.0,1759600000.0,-1688100000.0,0.0,308000000.0,32300000.0,158300000.0,158300000.0,158300000.0,-29900000.0,0.0,0.063,451600000.0,249000000.0,1296800000.0,0.163,3.035,16.135,16.147,980300000.0,0.0,132.08,1.33,1.331,1935000000.0,3528800000.0,2528700000.0,2528700000.0,52400000.0,,,,,8000000.0,350400000.0,1.0,90655220.0,91950000.0,93000000.0,27.501,6990000000.0,135600000.0,90200000.0,49100000.0,76.02,-526500000.0
55,ITT,MRQ,2007-09-30,2007-09-30,2007-09-30,2021-08-25,-108000000.0,8597300000.0,,3937800000.0,4659500000.0,,38.302,-41900000.0,1440100000.0,1440100000.0,1540100000.0,230100000.0,1.244,1.491,1635200000.0,1143800000.0,491400000.0,1635200000.0,0.0,45900000.0,0.0,0.008,0.28,329000000.0,374900000.0,0.172,374900000.0,329000000.0,303200000.0,2.56,2.5,2.56,3451000000.0,,3451000000.0,12636996875.0,12.0,10.217,308800000.0,3.427,1.0,641100000.0,0.294,2898300000.0,25800000.0,2727900000.0,,779100000.0,0.0,0.0,0.0,5146300000.0,3166200000.0,1980100000.0,12301696875.0,326800000.0,-161500000.0,-5200000.0,174600000.0,-25500000.0,143200000.0,-202100000.0,0.0,350700000.0,45400000.0,230100000.0,230100000.0,230100000.0,-61500000.0,0.0,0.105,381600000.0,259500000.0,1016400000.0,0.109,3.565,16.977,16.983,875300000.0,0.0,135.86,1.443,1.436,1493900000.0,3378600000.0,2181200000.0,2181200000.0,46800000.0,,,,,7900000.0,327600000.0,1.0,90546864.0,90100000.0,91850000.0,24.209,5699000000.0,283700000.0,73100000.0,75100000.0,63.252,771600000.0
56,ITT,MRQ,2007-06-30,2007-06-30,2007-06-30,2021-08-25,-290500000.0,7906900000.0,,3678900000.0,4228000000.0,,33.821,-38200000.0,1113300000.0,1113300000.0,1580700000.0,213700000.0,1.233,1.593,1448600000.0,962600000.0,486000000.0,1448600000.0,0.0,44600000.0,0.0,0.007,0.28,273800000.0,318400000.0,0.143,318400000.0,273800000.0,254700000.0,2.38,2.32,2.38,3049000000.0,,3049000000.0,12759056409.0,13.0,11.34,101900000.0,1.13,1.0,642400000.0,0.289,2547800000.0,19100000.0,2711600000.0,,752900000.0,0.0,0.0,0.0,4857900000.0,2982800000.0,1875100000.0,12408056409.0,63100000.0,1600000.0,-83400000.0,47200000.0,-25500000.0,-58400000.0,-36000000.0,0.0,140100000.0,18000000.0,213700000.0,213700000.0,213700000.0,-14500000.0,0.0,0.096,391200000.0,251200000.0,984400000.0,0.118,4.07,19.448,19.509,826100000.0,0.0,136.56,1.487,1.475,1429200000.0,3159200000.0,2223100000.0,2223100000.0,42800000.0,,,,,11200000.0,330900000.0,1.0,90861573.0,90150000.0,91850000.0,24.66,5359100000.0,274000000.0,41000000.0,100200000.0,59.446,696100000.0
57,ITT,MRQ,2007-03-31,2007-03-31,2007-03-31,2021-08-25,-315000000.0,7729300000.0,,3565800000.0,4163500000.0,,32.078,-28100000.0,1050200000.0,1050200000.0,1486100000.0,140000000.0,1.177,1.659,1401200000.0,914600000.0,486600000.0,1401200000.0,0.0,44200000.0,0.0,0.008,0.28,225000000.0,269200000.0,0.13,269200000.0,225000000.0,201200000.0,1.54,1.52,1.54,2906300000.0,,2906300000.0,11126097552.0,12.0,10.372,-28800000.0,-0.318,1.0,584200000.0,0.282,2544600000.0,23800000.0,2506400000.0,,761900000.0,0.0,0.0,0.0,4823000000.0,3029300000.0,1793700000.0,10965797552.0,113100000.0,-3400000.0,-155200000.0,304200000.0,-20300000.0,135700000.0,-31900000.0,0.0,-700000.0,7300000.0,140000000.0,140000000.0,140000000.0,-3200000.0,0.0,0.068,366700000.0,217500000.0,953100000.0,0.182,3.773,19.402,19.648,822100000.0,0.0,120.64,1.356,1.352,1348500000.0,3040000000.0,2070300000.0,2070300000.0,40300000.0,,,,,7500000.0,320000000.0,1.0,90896863.0,90600000.0,92150000.0,22.851,5184700000.0,246500000.0,61200000.0,194200000.0,57.226,536500000.0
58,ITT,MRQ,2006-12-31,2006-12-31,2006-12-31,2021-08-25,-342700000.0,7400600000.0,,3318300000.0,4082300000.0,,31.138,-81900000.0,937100000.0,937100000.0,1458900000.0,140800000.0,1.258,1.579,1097400000.0,597000000.0,500400000.0,1097400000.0,0.0,44500000.0,0.0,0.008,0.22,229900000.0,274400000.0,0.134,274400000.0,229900000.0,204500000.0,1.52,1.5,1.52,2869400000.0,,2869400000.0,10809075134.0,12.0,10.135,211400000.0,2.294,1.0,592400000.0,0.289,2550000000.0,25400000.0,2373700000.0,,726500000.0,0.0,0.0,0.0,4531200000.0,2637200000.0,1894000000.0,10494575134.0,144600000.0,-11400000.0,-57600000.0,-9000000.0,-20300000.0,-83200000.0,-93200000.0,0.0,293300000.0,20800000.0,140800000.0,140800000.0,140800000.0,-18900000.0,0.0,0.069,392700000.0,199700000.0,929400000.0,0.145,3.657,18.06,18.038,833000000.0,0.0,113.64,1.344,1.341,1288900000.0,3029500000.0,2051300000.0,2051300000.0,41300000.0,,,,,6200000.0,331700000.0,1.0,92349306.0,92150000.0,94000000.0,22.26,4850600000.0,215900000.0,63700000.0,105800000.0,52.638,681100000.0
59,ITT,MRQ,2006-09-30,2006-09-30,2006-09-30,2021-08-25,-35700000.0,7536200000.0,,3143600000.0,4392600000.0,,34.231,-34300000.0,792500000.0,792500000.0,1437800000.0,143500000.0,1.22,1.392,1107000000.0,595300000.0,511700000.0,1107000000.0,0.0,42900000.0,0.0,0.008,0.22,220200000.0,263100000.0,0.131,263100000.0,220200000.0,200800000.0,1.56,1.54,1.56,3151000000.0,,3151000000.0,10129570741.0,15.0,12.136,355200000.0,3.859,1.0,563300000.0,0.281,2546800000.0,19400000.0,2727900000.0,,717200000.0,0.0,0.0,0.0,4385200000.0,2576000000.0,1809200000.0,9468270741.0,37500000.0,-7600000.0,-4100000.0,-305900000.0,-20300000.0,-329400000.0,-42000000.0,0.0,389500000.0,1200000.0,143500000.0,143500000.0,143500000.0,-3100000.0,0.0,0.072,348400000.0,214900000.0,833700000.0,0.141,3.005,26.574,26.428,775600000.0,0.0,102.54,1.245,1.242,1270500000.0,3002400000.0,2001100000.0,2001100000.0,41700000.0,,,,,5900000.0,296900000.0,1.0,92337339.0,92050000.0,93350000.0,21.739,4989400000.0,164500000.0,57300000.0,147400000.0,54.203,567600000.0
60,ITT,MRQ,2006-06-30,2006-06-30,2006-06-30,2021-08-25,-29000000.0,7526300000.0,,3060500000.0,4465800000.0,,32.849,-32500000.0,755000000.0,755000000.0,1413000000.0,140900000.0,1.127,1.486,1416300000.0,900100000.0,516200000.0,1416300000.0,0.0,41900000.0,0.0,0.008,0.22,224100000.0,266000000.0,0.135,266000000.0,224100000.0,202600000.0,1.52,1.5,1.52,3027000000.0,,3027000000.0,9865862352.0,15.0,11.842,116400000.0,1.263,1.0,551000000.0,0.281,2558300000.0,21500000.0,2913800000.0,,728300000.0,0.0,0.0,0.0,4499300000.0,2715500000.0,1783800000.0,9155762352.0,131200000.0,-45500000.0,-47400000.0,79700000.0,-20400000.0,17400000.0,-82600000.0,0.0,148900000.0,21900000.0,140900000.0,140900000.0,140900000.0,-6400000.0,0.0,0.072,333800000.0,217200000.0,869200000.0,0.145,3.025,22.77,22.706,840100000.0,0.0,99.0,1.248,1.244,1403900000.0,2871800000.0,1964000000.0,1964000000.0,39300000.0,,,,,6500000.0,284100000.0,1.0,92482448.0,92150000.0,93600000.0,21.313,4968000000.0,165200000.0,61700000.0,147900000.0,53.912,345000000.0
61,ITT,MRQ,2006-03-31,2006-03-31,2006-03-31,2021-08-25,-108800000.0,7224100000.0,,2824200000.0,4399900000.0,,30.999,-28400000.0,623800000.0,623800000.0,1308700000.0,155900000.0,1.087,1.525,1333900000.0,819500000.0,514400000.0,1333900000.0,0.0,42300000.0,0.0,0.007,0.22,220700000.0,263000000.0,0.147,263000000.0,220700000.0,200800000.0,1.7,1.66,1.7,2861200000.0,,2861200000.0,11200928102.0,17.0,13.675,-79400000.0,-0.86,1.0,482800000.0,0.269,2495200000.0,19900000.0,2841800000.0,,707000000.0,0.0,0.0,0.0,4362900000.0,2597200000.0,1765700000.0,10384228102.0,172800000.0,201600000.0,-31900000.0,66800000.0,-16600000.0,25400000.0,171500000.0,0.0,-51000000.0,6700000.0,155900000.0,155900000.0,155900000.0,-53000000.0,0.0,0.087,313600000.0,169200000.0,816800000.0,0.129,3.629,26.032,25.908,829300000.0,0.0,112.44,1.435,1.434,1317300000.0,2785300000.0,1791500000.0,1791500000.0,38600000.0,,,,,4300000.0,263100000.0,1.0,92353505.0,92300000.0,93900000.0,19.41,4728900000.0,163200000.0,44900000.0,167400000.0,51.234,227000000.0
62,ITT,MRQ,2005-12-31,2005-12-31,2005-12-31,2021-08-25,-127200000.0,7071900000.0,,2886600000.0,4185300000.0,,29.506,-69100000.0,451000000.0,451000000.0,1281300000.0,-84000000.0,1.106,1.597,1266900000.0,750900000.0,516000000.0,1266900000.0,0.0,46600000.0,0.0,0.007,0.18,-4000000.0,42600000.0,0.023,42600000.0,-4000000.0,-27100000.0,-0.9,-0.88,-0.9,2723400000.0,,2723400000.0,10465472610.0,18.0,13.887,165900000.0,1.797,1.0,564200000.0,0.306,2438800000.0,23100000.0,2838000000.0,,622900000.0,0.0,0.0,0.0,4348500000.0,2611000000.0,1737500000.0,9494672610.0,-19300000.0,-14800000.0,-27400000.0,-159800000.0,-16700000.0,-205300000.0,-85200000.0,0.0,235000000.0,-5400000.0,-84000000.0,-84000000.0,-84000000.0,200000000.0,0.0,-0.046,361300000.0,202900000.0,751500000.0,-0.2,3.486,26.411,26.364,782000000.0,0.0,102.82,1.349,1.348,1197700000.0,2666000000.0,1845500000.0,1845500000.0,40400000.0,,,,,1500000.0,310100000.0,1.0,92342663.0,92300000.0,93950000.0,19.995,4633100000.0,144500000.0,56900000.0,202800000.0,50.196,275600000.0
63,ITT,MRQ,2005-09-30,2005-09-30,2005-09-30,2021-08-25,-492400000.0,7536400000.0,,2646800000.0,4889600000.0,,26.806,-31200000.0,470300000.0,470300000.0,1270000000.0,189300000.0,1.006,2.043,1441100000.0,898000000.0,543100000.0,1441100000.0,0.0,31400000.0,0.0,0.006,0.18,230100000.0,261500000.0,0.151,261500000.0,230100000.0,212200000.0,2.04,2.0,2.04,2476900000.0,,2476900000.0,11596858435.0,15.0,12.936,298600000.0,3.232,1.0,464600000.0,0.268,2693200000.0,17900000.0,3182200000.0,,693300000.0,0.0,0.0,0.0,5059500000.0,2631800000.0,2427700000.0,10532058435.0,86100000.0,-35500000.0,-93200000.0,10500000.0,900000.0,-81900000.0,-67600000.0,0.0,329800000.0,2000000.0,189300000.0,189300000.0,189300000.0,-35900000.0,0.0,0.109,284600000.0,180000000.0,782000000.0,0.088,4.252,18.638,18.562,941500000.0,0.0,113.6,1.618,1.613,1312700000.0,2877000000.0,1734600000.0,1734600000.0,38200000.0,,,,,0.0,223200000.0,1.0,92711782.0,92400000.0,94450000.0,18.773,4843200000.0,316800000.0,22900000.0,144200000.0,52.416,15000000.0
64,ITT,MRQ,2005-06-30,2005-06-30,2005-06-30,2021-08-25,-506300000.0,7496500000.0,,2582800000.0,4913700000.0,,25.548,-37700000.0,384200000.0,384200000.0,1353000000.0,137700000.0,0.971,2.181,1449000000.0,887700000.0,561300000.0,1449000000.0,0.0,47200000.0,0.0,0.007,0.18,204800000.0,252000000.0,0.135,252000000.0,204800000.0,190900000.0,1.5,1.46,1.5,2356800000.0,,2356800000.0,10114632547.0,14.0,11.891,103100000.0,1.118,1.0,510900000.0,0.274,2678400000.0,13900000.0,3221800000.0,,696100000.0,0.0,0.0,0.0,5139700000.0,2661100000.0,2478600000.0,9010332547.0,47900000.0,3800000.0,-15200000.0,-17000000.0,-16600000.0,-48600000.0,-34100000.0,0.0,140800000.0,-12500000.0,137700000.0,137700000.0,137700000.0,-6700000.0,0.0,0.074,312800000.0,198100000.0,764300000.0,0.12,3.823,18.555,18.526,909300000.0,0.0,97.63,1.4,1.399,1309300000.0,2770700000.0,1863900000.0,1863900000.0,44600000.0,,,,,0.0,262500000.0,1.0,92290613.0,92250000.0,94250000.0,20.205,4818100000.0,332500000.0,53200000.0,269800000.0,52.229,-78300000.0
65,ITT,MRQ,2005-03-31,2005-03-31,2005-03-31,2021-08-25,-404900000.0,7462700000.0,,2477700000.0,4985000000.0,,25.398,-26400000.0,336300000.0,336300000.0,1296400000.0,116500000.0,0.937,2.183,1440600000.0,905000000.0,535600000.0,1440600000.0,0.0,49200000.0,0.0,0.008,0.18,148200000.0,197400000.0,0.112,197400000.0,148200000.0,128100000.0,1.26,1.24,1.26,2344200000.0,,2344200000.0,9336547637.0,14.0,11.621,-19100000.0,-0.207,1.0,469500000.0,0.266,2726400000.0,20100000.0,3196500000.0,,709700000.0,0.0,0.0,0.0,5118500000.0,2644100000.0,2474400000.0,8327447637.0,73400000.0,2400000.0,-46700000.0,176300000.0,-33200000.0,96100000.0,-23800000.0,0.0,7300000.0,-9200000.0,116500000.0,116500000.0,116500000.0,4900000.0,0.0,0.066,325600000.0,143900000.0,712700000.0,0.143,3.552,18.107,18.12,942900000.0,0.0,90.24,1.339,1.339,1238800000.0,2653400000.0,1765900000.0,1765900000.0,44300000.0,,,,,0.0,262900000.0,1.0,92281113.0,92300000.0,94250000.0,19.132,4736300000.0,335300000.0,11600000.0,266500000.0,51.314,-166400000.0
66,ITT,MRQ,2004-12-31,2004-12-31,2004-12-31,2021-08-25,-338400000.0,7282600000.0,,2488300000.0,4794300000.0,,25.385,-26100000.0,262900000.0,262900000.0,1121800000.0,121600000.0,1.007,2.108,1272000000.0,729200000.0,542800000.0,1272000000.0,0.0,7800000.0,0.0,0.008,0.17,177800000.0,185600000.0,0.162,185600000.0,177800000.0,161300000.0,1.32,1.29,1.32,2343000000.0,,2343000000.0,9004840648.0,14.0,11.391,179400000.0,1.944,1.0,22600000.0,0.02,2728800000.0,16500000.0,3091900000.0,,685700000.0,0.0,0.0,0.0,4939600000.0,2471000000.0,2468600000.0,7796340648.0,9000000.0,-16200000.0,-12800000.0,-199300000.0,-15700000.0,-228000000.0,-17500000.0,24900000.0,205500000.0,21300000.0,121600000.0,121600000.0,121600000.0,-26300000.0,0.0,0.106,-111300000.0,133900000.0,688100000.0,0.129,3.328,18.035,18.045,872000000.0,0.0,84.45,1.307,1.307,1110900000.0,2496800000.0,1144400000.0,1144400000.0,-334500000.0,,,,,0.0,218200000.0,1.0,92319013.0,92300000.0,94400000.0,12.399,4553800000.0,316700000.0,39700000.0,283100000.0,49.337,17300000.0
67,ITT,MRQ,2004-09-30,2004-09-30,2004-09-30,2021-08-25,-547200000.0,7235400000.0,,2313100000.0,4922300000.0,,22.072,-36600000.0,253900000.0,253900000.0,1097300000.0,109800000.0,0.848,2.552,1462400000.0,1019500000.0,442900000.0,1462400000.0,0.0,48600000.0,0.0,0.008,0.17,167000000.0,215600000.0,0.13,215600000.0,167000000.0,154200000.0,1.19,1.16,1.19,2037200000.0,,2037200000.0,7961978265.0,12.0,9.851,157400000.0,1.705,1.0,565900000.0,0.34,2702600000.0,12800000.0,3012500000.0,,654100000.0,0.0,0.0,0.0,5198200000.0,2728800000.0,2469400000.0,7381278265.0,34400000.0,-736900000.0,-11700000.0,640200000.0,-15600000.0,613000000.0,-773600000.0,0.0,194000000.0,4000000.0,109800000.0,109800000.0,109800000.0,500000.0,0.0,0.066,398500000.0,167400000.0,713400000.0,0.143,3.623,17.625,17.658,923500000.0,0.0,79.99,1.256,1.257,1249000000.0,2492100000.0,1663200000.0,1663200000.0,150200000.0,,,,,0.0,242700000.0,1.0,92277513.0,92300000.0,94300000.0,18.02,4532800000.0,438100000.0,44400000.0,294100000.0,49.109,-415700000.0
68,ITT,MRQ,2004-06-30,2004-06-30,2004-06-30,2021-08-25,-565100000.0,6325400000.0,,2214500000.0,4110900000.0,,20.88,-34500000.0,219500000.0,219500000.0,1074600000.0,112000000.0,1.097,2.279,800200000.0,359700000.0,440500000.0,800200000.0,0.0,48000000.0,0.0,0.008,0.17,156800000.0,204800000.0,0.124,204800000.0,156800000.0,146000000.0,1.21,1.18,1.21,1929300000.0,,1929300000.0,8374178283.0,14.0,10.744,139100000.0,1.505,1.0,572200000.0,0.347,1947800000.0,10800000.0,2938900000.0,,632300000.0,0.0,0.0,0.0,4396100000.0,2019400000.0,2376700000.0,7687078283.0,20400000.0,-12200000.0,-36000000.0,-51400000.0,-15700000.0,-103200000.0,-46700000.0,0.0,173600000.0,1300000.0,112000000.0,112000000.0,112000000.0,1600000.0,0.0,0.068,416100000.0,156100000.0,733800000.0,0.14,3.984,18.381,18.363,862100000.0,0.0,83.0,1.376,1.373,1213900000.0,2402100000.0,1646800000.0,1646800000.0,166400000.0,,,,,0.0,235700000.0,1.0,92615401.0,92400000.0,94500000.0,17.823,4377600000.0,443800000.0,34000000.0,271900000.0,47.377,195100000.0
69,ITT,MRQ,2004-03-31,2004-03-31,2004-03-31,2021-08-25,-559500000.0,6271300000.0,,2132600000.0,4138700000.0,,20.229,-28900000.0,199100000.0,199100000.0,1003400000.0,88900000.0,1.068,2.359,886200000.0,414600000.0,471600000.0,886200000.0,0.0,48600000.0,0.0,0.009,0.17,135900000.0,184500000.0,0.122,184500000.0,135900000.0,125600000.0,0.96,0.94,0.96,1867100000.0,,1867100000.0,7231269779.0,12.0,9.399,-143300000.0,-1.553,1.0,507700000.0,0.336,1925000000.0,10300000.0,3036000000.0,,618400000.0,0.0,0.0,0.0,4404200000.0,1997400000.0,2406800000.0,7043069779.0,-215100000.0,-240400000.0,-22300000.0,215700000.0,-14800000.0,178600000.0,-269000000.0,0.0,-114400000.0,-8900000.0,88900000.0,88900000.0,88900000.0,100000.0,0.0,0.059,377300000.0,130400000.0,689500000.0,0.177,3.772,17.343,17.387,869900000.0,0.0,76.33,1.31,1.31,1161000000.0,2334300000.0,1511100000.0,1511100000.0,144600000.0,,,,,0.0,228000000.0,1.0,92271319.0,92300000.0,94500000.0,16.372,4346300000.0,442800000.0,36700000.0,276300000.0,47.089,135200000.0
70,ITT,MRQ,2003-12-31,2003-12-31,2003-12-31,2021-08-25,-521700000.0,5937600000.0,,2106900000.0,3830700000.0,,20.062,-39300000.0,414200000.0,414200000.0,1033400000.0,108100000.0,1.249,2.214,602400000.0,141500000.0,460900000.0,602400000.0,0.0,23600000.0,0.0,0.009,0.16,179700000.0,203300000.0,0.193,203300000.0,179700000.0,121900000.0,1.17,1.16,1.17,1847700000.0,,1847700000.0,7273154583.0,13.0,9.833,229500000.0,2.492,1.0,20300000.0,0.019,1703900000.0,57800000.0,2735400000.0,,575800000.0,0.0,0.0,0.0,4089900000.0,1686500000.0,2403400000.0,6847454583.0,101900000.0,5500000.0,-20100000.0,-134500000.0,-14800000.0,-169600000.0,-35900000.0,0.0,268800000.0,23100000.0,108100000.0,108100000.0,108100000.0,-19100000.0,0.0,0.103,-82200000.0,102500000.0,633100000.0,0.137,3.706,16.953,16.943,892000000.0,0.0,74.21,1.326,1.324,971500000.0,2277100000.0,1053700000.0,1053700000.0,-294200000.0,,,,,0.0,193800000.0,1.0,92271319.0,92100000.0,94400000.0,11.441,4233700000.0,441400000.0,13800000.0,253500000.0,45.969,420400000.0
71,ITT,MRQ,2003-09-30,2003-09-30,2003-09-30,2021-08-25,-805900000.0,5839400000.0,,2026500000.0,3812900000.0,,16.075,-39300000.0,312300000.0,312300000.0,903700000.0,109200000.0,1.101,2.936,738000000.0,272200000.0,465800000.0,738000000.0,0.0,45300000.0,0.0,0.011,0.16,141500000.0,186800000.0,0.136,186800000.0,141500000.0,146800000.0,1.18,1.16,1.18,1483700000.0,,1483700000.0,6265404141.0,11.0,8.395,263300000.0,2.853,1.0,471500000.0,0.343,1680700000.0,-5300000.0,2744000000.0,,600600000.0,0.0,0.0,0.0,4355700000.0,1840400000.0,2515300000.0,5526904141.0,76300000.0,-1800000.0,-7400000.0,-216400000.0,-14700000.0,-238400000.0,2400000.0,43500000.0,302600000.0,3400000.0,109200000.0,109200000.0,109200000.0,-6700000.0,0.0,0.079,334700000.0,136800000.0,571000000.0,0.136,3.725,14.139,14.147,840500000.0,0.0,59.84,1.037,1.036,1033300000.0,2197300000.0,1375200000.0,1375200000.0,137200000.0,,,,,0.0,195900000.0,1.0,92361366.0,92300000.0,94300000.0,14.899,4158700000.0,470400000.0,37600000.0,294600000.0,45.056,186100000.0
72,ITT,MRQ,2003-06-30,2003-06-30,2003-06-30,2021-08-25,-815700000.0,5930300000.0,,2008500000.0,3921800000.0,,15.045,-35900000.0,236000000.0,236000000.0,949600000.0,99900000.0,1.008,3.285,974500000.0,465000000.0,509500000.0,974500000.0,0.0,47600000.0,0.0,0.009,0.16,147200000.0,194800000.0,0.135,194800000.0,147200000.0,141400000.0,1.08,1.06,1.08,1384100000.0,,1384100000.0,6879749175.0,12.0,9.331,146400000.0,1.591,1.0,488600000.0,0.34,1676700000.0,5800000.0,2999100000.0,,592900000.0,0.0,0.0,0.0,4546200000.0,1993000000.0,2553200000.0,6014249175.0,62400000.0,-5700000.0,2600000.0,-81700000.0,-14700000.0,-93800000.0,-41500000.0,0.0,182300000.0,6500000.0,99900000.0,99900000.0,99900000.0,-7800000.0,0.0,0.069,347100000.0,141500000.0,542500000.0,0.148,4.345,14.957,15.014,838300000.0,0.0,65.46,1.159,1.16,1073300000.0,2107500000.0,1438200000.0,1438200000.0,142600000.0,,,,,0.0,198600000.0,1.0,91876706.0,92000000.0,94000000.0,15.633,4253600000.0,531100000.0,41500000.0,277700000.0,46.235,15500000.0
73,ITT,MRQ,2003-03-31,2003-03-31,2003-03-31,2021-08-25,-871600000.0,5736800000.0,,1852000000.0,3884800000.0,,13.423,-21800000.0,173600000.0,173600000.0,846400000.0,86700000.0,0.933,3.656,1039100000.0,546100000.0,493000000.0,1039100000.0,0.0,45800000.0,0.0,0.011,0.16,109000000.0,154800000.0,0.119,154800000.0,109000000.0,124100000.0,0.94,0.92,0.94,1232200000.0,,1232200000.0,5495139404.0,10.0,7.49,-237500000.0,-2.587,1.0,450000000.0,0.347,1652700000.0,-15100000.0,2964500000.0,,578100000.0,0.0,0.0,0.0,4504600000.0,1985100000.0,2519500000.0,4905539404.0,-28600000.0,-27300000.0,500000.0,246100000.0,-13800000.0,232900000.0,-49100000.0,0.0,-215700000.0,2400000.0,86700000.0,86700000.0,86700000.0,0.0,0.0,0.067,340300000.0,109700000.0,515500000.0,0.17,3.981,12.416,12.421,826400000.0,0.0,53.41,0.967,0.966,1009000000.0,2011900000.0,1296400000.0,1296400000.0,129600000.0,,,,,0.0,200300000.0,1.0,91846834.0,91800000.0,93700000.0,14.122,4084100000.0,535600000.0,37400000.0,254400000.0,44.489,-133100000.0
74,ITT,MRQ,2002-12-31,2002-12-31,2002-12-31,2021-08-25,-893600000.0,5389600000.0,,1753100000.0,3636500000.0,,12.375,-69000000.0,202200000.0,202200000.0,760400000.0,95100000.0,1.013,3.739,791800000.0,299600000.0,492200000.0,791800000.0,0.0,45200000.0,0.0,0.01,0.15,164700000.0,209900000.0,0.172,209900000.0,164700000.0,135700000.0,1.03,1.01,1.03,1137300000.0,,1137300000.0,6191568920.0,11.0,8.407,96200000.0,1.047,1.0,461300000.0,0.378,1625400000.0,29000000.0,2623600000.0,,552900000.0,0.0,0.0,0.0,4252300000.0,1730200000.0,2522100000.0,5571568920.0,16200000.0,-52500000.0,1800000.0,-13000000.0,-13800000.0,-24900000.0,-123000000.0,0.0,165200000.0,2000000.0,95100000.0,95100000.0,95100000.0,0.0,0.0,0.078,315400000.0,145900000.0,484000000.0,0.146,4.899,14.666,14.554,841200000.0,0.0,60.69,1.123,1.113,868300000.0,1939100000.0,1221700000.0,1221700000.0,131200000.0,,,,,0.0,189600000.0,1.0,91803739.0,91900000.0,94200000.0,13.294,3764200000.0,546300000.0,40600000.0,221300000.0,40.96,22900000.0
75,ITT,MRQ,2002-09-30,2002-09-30,2002-09-30,2021-08-25,-191200000.0,4889300000.0,,1685900000.0,3203400000.0,,19.158,-31600000.0,186000000.0,186000000.0,798800000.0,120400000.0,0.921,1.783,806000000.0,309400000.0,496600000.0,806000000.0,0.0,40200000.0,0.0,0.01,0.15,137600000.0,177800000.0,0.144,177800000.0,137600000.0,132000000.0,1.31,1.28,1.31,1756800000.0,,1756800000.0,6363803883.0,13.0,9.524,161800000.0,1.764,1.0,436300000.0,0.353,1549000000.0,5600000.0,2129900000.0,,537500000.0,0.0,0.0,0.0,3132500000.0,1830400000.0,1302100000.0,5713503883.0,17500000.0,-63100000.0,-6600000.0,-55700000.0,-13700000.0,-75900000.0,-97500000.0,0.0,193400000.0,-1200000.0,120400000.0,120400000.0,120400000.0,0.0,0.0,0.097,299600000.0,136700000.0,478100000.0,0.115,3.252,15.924,15.74,794700000.0,0.0,62.33,1.161,1.161,880900000.0,1856200000.0,1235100000.0,1235100000.0,130700000.0,,,,,0.0,170600000.0,1.0,91665392.0,91700000.0,94200000.0,13.469,3340300000.0,304500000.0,11600000.0,300800000.0,36.426,-144500000.0
76,ITT,MRQ,2002-06-30,2002-06-30,2002-06-30,2021-08-25,-178600000.0,4790400000.0,,1685800000.0,3104600000.0,,18.315,-31300000.0,168500000.0,168500000.0,866000000.0,92900000.0,0.905,1.874,818800000.0,365700000.0,453100000.0,818800000.0,0.0,44500000.0,0.0,0.008,0.15,146700000.0,191200000.0,0.145,191200000.0,146700000.0,136700000.0,1.02,0.99,1.02,1666700000.0,,1666700000.0,7205094932.0,15.0,10.894,168700000.0,1.854,1.0,454100000.0,0.344,1505100000.0,10000000.0,2072800000.0,,542300000.0,0.0,0.0,0.0,3123700000.0,1862800000.0,1260900000.0,6406894932.0,17800000.0,-12700000.0,31300000.0,-155200000.0,-13500000.0,-137600000.0,-48900000.0,0.0,200000000.0,4800000.0,92900000.0,92900000.0,92900000.0,0.0,0.0,0.07,309000000.0,145100000.0,479900000.0,0.147,3.844,20.944,20.643,797300000.0,0.0,70.6,1.332,1.335,899100000.0,1753600000.0,1320100000.0,1320100000.0,129800000.0,,,,,0.0,179200000.0,1.0,90749220.0,91000000.0,93900000.0,14.507,3285300000.0,305900000.0,43800000.0,247100000.0,36.102,-177000000.0
77,ITT,MRQ,2002-03-31,2002-03-31,2002-03-31,2021-08-25,-255200000.0,4604300000.0,,1581600000.0,3022700000.0,,16.29,-20800000.0,150700000.0,150700000.0,770600000.0,71500000.0,0.832,2.154,948900000.0,501800000.0,447100000.0,948900000.0,0.0,40600000.0,0.0,0.01,0.15,117000000.0,157600000.0,0.133,157600000.0,117000000.0,105100000.0,0.8,0.77,0.8,1459600000.0,,1459600000.0,6530798171.0,14.0,9.904,15500000.0,0.173,1.0,415200000.0,0.35,1473900000.0,11900000.0,2028100000.0,,531200000.0,0.0,0.0,0.0,3144700000.0,1900500000.0,1244200000.0,5678698171.0,29400000.0,-19300000.0,34500000.0,-14500000.0,-13300000.0,6700000.0,-34100000.0,0.0,36300000.0,-300000.0,71500000.0,71500000.0,71500000.0,0.0,0.0,0.06,299600000.0,115600000.0,427800000.0,0.188,3.891,19.643,19.278,770700000.0,0.0,63.04,1.215,1.208,824300000.0,1624400000.0,1185800000.0,1185800000.0,126300000.0,,,,,0.0,173300000.0,1.0,90080872.0,89600000.0,92400000.0,13.234,3130400000.0,308000000.0,33600000.0,254100000.0,34.938,-318900000.0
78,ITT,MRQ,2001-12-31,2001-12-31,2001-12-31,2021-08-25,-227000000.0,4508400000.0,,1458800000.0,3049600000.0,,15.511,-72500000.0,121300000.0,121300000.0,763200000.0,74000000.0,0.769,2.277,973400000.0,517000000.0,456400000.0,973400000.0,0.0,48300000.0,0.0,0.012,0.15,93300000.0,141600000.0,0.12,141600000.0,93300000.0,81600000.0,0.83,0.81,0.83,1375800000.0,,1375800000.0,5436011180.0,12.0,8.134,122100000.0,1.377,1.0,418600000.0,0.354,1457900000.0,11700000.0,2006000000.0,,496300000.0,0.0,0.0,0.0,3132600000.0,1896600000.0,1236000000.0,4464011180.0,-30400000.0,-900000.0,22000000.0,-122500000.0,-13300000.0,-113600000.0,-108300000.0,0.0,194600000.0,-1900000.0,74000000.0,74000000.0,74000000.0,0.0,0.0,0.063,385300000.0,33300000.0,400500000.0,0.181,3.245,16.133,16.083,791000000.0,0.0,50.5,0.955,0.952,774300000.0,1514000000.0,1181800000.0,1181800000.0,114000000.0,,,,,0.0,130900000.0,1.0,88396261.0,88700000.0,91200000.0,13.324,3050500000.0,310900000.0,7600000.0,251200000.0,34.391,-437800000.0
79,ITT,MRQ,2001-09-30,2001-09-30,2001-09-30,2021-08-25,-213500000.0,4613200000.0,,1555800000.0,3057400000.0,,14.732,-34100000.0,151700000.0,151700000.0,736300000.0,67500000.0,0.744,2.563,1123700000.0,652000000.0,471700000.0,1123700000.0,0.0,53300000.0,0.0,0.013,0.15,117700000.0,171000000.0,0.152,171000000.0,117700000.0,103900000.0,0.77,0.75,0.77,1294900000.0,,1294900000.0,4898473856.0,10.0,6.802,44500000.0,0.506,1.0,387300000.0,0.345,1386700000.0,13800000.0,2108600000.0,,528300000.0,0.0,0.0,0.0,3318300000.0,2089900000.0,1228400000.0,3938573856.0,32900000.0,-2200000.0,-3300000.0,9100000.0,-13200000.0,-7500000.0,-32100000.0,0.0,78600000.0,1300000.0,67500000.0,67500000.0,67500000.0,0.0,0.0,0.06,269600000.0,117700000.0,382700000.0,0.195,3.042,14.026,14.0,805000000.0,0.0,44.8,0.836,0.836,799100000.0,1420500000.0,1123600000.0,1123600000.0,101000000.0,,,,,0.0,168600000.0,1.0,87914595.0,87900000.0,90300000.0,12.783,3226500000.0,347500000.0,36400000.0,347600000.0,36.706,-534100000.0
80,ITT,MRQ,2001-06-30,2001-06-30,2001-06-30,2021-08-25,-246700000.0,4561300000.0,,1536600000.0,3024700000.0,,13.76,-38800000.0,118800000.0,118800000.0,773300000.0,76100000.0,0.715,2.771,1078700000.0,640800000.0,437900000.0,1078700000.0,0.0,56300000.0,0.0,0.014,0.15,132900000.0,189200000.0,0.16,189200000.0,132900000.0,117000000.0,0.87,0.84,0.87,1209500000.0,,1209500000.0,4891920829.0,10.0,6.766,84600000.0,0.962,1.0,411000000.0,0.347,1374800000.0,15900000.0,1998200000.0,,524000000.0,0.0,0.0,0.0,3351800000.0,2148200000.0,1203600000.0,3890220829.0,10400000.0,-31300000.0,-40500000.0,-20400000.0,-13200000.0,-73800000.0,-38800000.0,0.0,123400000.0,100000.0,76100000.0,76100000.0,76100000.0,0.0,0.0,0.064,278100000.0,132900000.0,408200000.0,0.172,3.216,13.984,13.959,801200000.0,0.0,44.25,0.817,0.817,810700000.0,1368300000.0,1184300000.0,1184300000.0,102600000.0,,,,,0.0,176000000.0,1.0,87914595.0,87900000.0,90500000.0,13.473,3186500000.0,360700000.0,40900000.0,363700000.0,36.251,-611600000.0
81,ITT,MRQ,2001-03-31,2001-03-31,2001-03-31,2021-08-25,-229000000.0,4602000000.0,,1537800000.0,3064200000.0,,13.597,-28600000.0,108400000.0,108400000.0,771700000.0,59100000.0,0.702,2.85,1110100000.0,658800000.0,451300000.0,1110100000.0,0.0,55000000.0,0.0,0.015,0.15,111500000.0,166500000.0,0.14,166500000.0,111500000.0,90900000.0,0.67,0.65,0.67,1195200000.0,,1195200000.0,4356290556.0,9.0,6.118,51400000.0,0.585,1.0,414300000.0,0.349,1367000000.0,20600000.0,2047000000.0,,521300000.0,0.0,0.0,0.0,3406800000.0,2189700000.0,1217100000.0,3406690556.0,19700000.0,-14000000.0,-24800000.0,30600000.0,-13200000.0,-6900000.0,-40800000.0,0.0,80000000.0,-3300000.0,59100000.0,59100000.0,59100000.0,0.0,0.0,0.05,302900000.0,111400000.0,397100000.0,0.224,2.85,12.511,12.5,836100000.0,0.0,38.75,0.709,0.709,815200000.0,1336300000.0,1186000000.0,1186000000.0,107100000.0,,,,,0.0,195800000.0,1.0,87914595.0,87900000.0,90400000.0,13.493,3235000000.0,376700000.0,31800000.0,357700000.0,36.803,-651900000.0
82,ITT,MRQ,2000-12-31,2000-12-31,2000-12-31,2021-08-25,-183600000.0,4611400000.0,,1506300000.0,3105100000.0,,13.779,-85100000.0,88700000.0,88700000.0,788900000.0,78100000.0,0.675,2.807,1038300000.0,629900000.0,408400000.0,1038300000.0,0.0,51000000.0,0.0,0.015,0.15,142500000.0,193500000.0,0.159,193500000.0,142500000.0,124100000.0,0.89,0.87,0.89,1211200000.0,,1211200000.0,4302290556.0,9.0,6.173,90400000.0,1.028,1.0,426300000.0,0.351,1373000000.0,18400000.0,1955300000.0,,531300000.0,0.0,0.0,0.0,3400200000.0,2232700000.0,1167500000.0,3406690556.0,-158400000.0,-21600000.0,-16400000.0,-114600000.0,-13300000.0,-145300000.0,-149300000.0,0.0,175500000.0,-13700000.0,78100000.0,78100000.0,78100000.0,0.0,0.0,0.064,283000000.0,143300000.0,386000000.0,0.169,2.813,12.88,12.874,865400000.0,0.0,38.75,0.705,0.705,814900000.0,1306900000.0,1215200000.0,1215200000.0,97200000.0,,,,,0.0,177200000.0,1.0,87914595.0,87900000.0,90000000.0,13.825,3238400000.0,384400000.0,46000000.0,392900000.0,36.842,-726400000.0
83,ITT,MRQ,2000-09-30,2000-09-30,2000-09-30,2021-08-25,-188900000.0,4640600000.0,,1740700000.0,2899900000.0,,13.129,-37500000.0,247100000.0,247100000.0,780800000.0,64900000.0,0.769,3.021,1142700000.0,735900000.0,406800000.0,1142700000.0,0.0,51100000.0,0.0,0.018,0.15,122700000.0,173800000.0,0.148,173800000.0,122700000.0,103000000.0,0.74,0.72,0.74,1154000000.0,,1154000000.0,3775249462.0,8.0,5.563,59300000.0,0.675,1.0,395900000.0,0.336,1279900000.0,19700000.0,1993900000.0,,551700000.0,0.0,0.0,0.0,3486600000.0,2262400000.0,1224200000.0,2851949462.0,-35100000.0,-11000000.0,-5300000.0,-58700000.0,-13200000.0,-77800000.0,-46700000.0,0.0,96800000.0,100000.0,64900000.0,64900000.0,64900000.0,0.0,0.0,0.055,273300000.0,122600000.0,371800000.0,0.203,2.471,11.007,11.034,794600000.0,0.0,32.44,0.587,0.587,866500000.0,1255000000.0,1176700000.0,1176700000.0,92700000.0,,,,,0.0,171400000.0,1.0,87914595.0,87900000.0,90000000.0,13.387,3360700000.0,374200000.0,38100000.0,384400000.0,38.233,-521700000.0
84,ITT,MRQ,2000-06-30,2000-06-30,2000-06-30,2021-08-25,-148400000.0,4776400000.0,,1830000000.0,2946400000.0,,13.03,-69700000.0,282200000.0,282200000.0,813900000.0,70200000.0,0.797,3.17,1205500000.0,725600000.0,479900000.0,1205500000.0,0.0,48900000.0,0.0,0.02,0.15,129400000.0,178300000.0,0.145,178300000.0,129400000.0,111400000.0,0.8,0.78,0.8,1145300000.0,,1145300000.0,3548145396.0,8.0,5.487,54300000.0,0.618,1.0,413600000.0,0.337,1302500000.0,18000000.0,2101300000.0,,538600000.0,0.0,0.0,0.0,3631100000.0,2295900000.0,1335200000.0,2670845396.0,138500000.0,-108500000.0,-4400000.0,176700000.0,-13200000.0,163400000.0,-137800000.0,0.0,124000000.0,-18100000.0,70200000.0,70200000.0,70200000.0,0.0,0.0,0.057,284400000.0,129200000.0,399800000.0,0.188,2.332,10.744,10.773,811500000.0,0.0,30.38,0.558,0.558,929600000.0,1205800000.0,1227500000.0,1227500000.0,102000000.0,,,,,0.0,174100000.0,1.0,87914595.0,87900000.0,90000000.0,13.965,3473900000.0,374000000.0,41200000.0,388000000.0,39.521,-465900000.0
85,ITT,MRQ,2000-03-31,2000-03-31,2000-03-31,2021-08-25,-121700000.0,4499700000.0,,1655900000.0,2843800000.0,,12.714,11700000.0,143700000.0,143700000.0,811700000.0,51300000.0,0.808,3.026,1021000000.0,541000000.0,480000000.0,1021000000.0,0.0,50800000.0,0.0,0.019,0.15,100500000.0,151300000.0,0.125,151300000.0,100500000.0,81400000.0,0.58,0.57,0.58,1117600000.0,,1117600000.0,3637027321.0,8.0,5.735,30000000.0,0.341,1.0,398300000.0,0.329,1190800000.0,19100000.0,2137200000.0,,540300000.0,0.0,0.0,0.0,3382100000.0,2049000000.0,1333100000.0,2730627321.0,-38000000.0,-3300000.0,-500000.0,-67100000.0,-13200000.0,-84300000.0,7500000.0,0.0,18300000.0,3700000.0,51300000.0,51300000.0,51300000.0,0.0,0.0,0.042,297800000.0,100500000.0,397700000.0,0.259,2.443,11.298,11.336,804900000.0,0.0,31.06,0.575,0.575,894300000.0,1151400000.0,1210000000.0,1210000000.0,99300000.0,,,,,0.0,190900000.0,1.0,87914595.0,87900000.0,89800000.0,13.766,3308900000.0,375400000.0,30100000.0,375400000.0,37.644,-393100000.0
86,ITT,MRQ,1999-12-31,1999-12-31,1999-12-31,2021-08-25,-102600000.0,4529800000.0,,1628300000.0,2901500000.0,,12.447,-160600000.0,181700000.0,181700000.0,872100000.0,72700000.0,0.772,3.121,1088100000.0,609300000.0,478800000.0,1088100000.0,0.0,44900000.0,0.0,0.018,0.15,130300000.0,175200000.0,0.141,175200000.0,130300000.0,115400000.0,0.82,0.8,0.82,1099100000.0,,1099100000.0,3602064057.0,9.0,6.028,-9600000.0,-0.109,1.0,370300000.0,0.298,1206000000.0,14900000.0,2119800000.0,,545800000.0,0.0,0.0,0.0,3430700000.0,2110400000.0,1320300000.0,2939864057.0,-37200000.0,-204500000.0,37500000.0,204200000.0,-13100000.0,185900000.0,-366400000.0,0.0,151000000.0,-100000.0,72700000.0,72700000.0,72700000.0,0.0,0.0,0.059,239100000.0,131200000.0,383100000.0,0.183,2.675,12.623,12.812,847000000.0,0.0,33.44,0.635,0.644,834700000.0,1113800000.0,1242400000.0,1242400000.0,64500000.0,,,,,0.0,155300000.0,1.0,87914595.0,88300000.0,90500000.0,14.07,3323800000.0,373600000.0,42700000.0,364900000.0,37.642,-482100000.0
87,ITT,MRQ,1999-09-30,1999-09-30,1999-09-30,2021-08-25,-88300000.0,4344900000.0,,1735800000.0,2609100000.0,,12.033,-7900000.0,218900000.0,218900000.0,780500000.0,54400000.0,0.922,3.108,881100000.0,403100000.0,478000000.0,881100000.0,0.0,43700000.0,0.0,0.019,0.15,98200000.0,141900000.0,0.128,141900000.0,98200000.0,86300000.0,0.62,0.6,0.62,1057700000.0,,1057700000.0,3346463267.0,-956.0,19.003,97000000.0,1.104,1.0,325900000.0,0.295,1006300000.0,11900000.0,2118200000.0,,586000000.0,0.0,0.0,0.0,3287200000.0,1882600000.0,1404600000.0,2796563267.0,90500000.0,-153900000.0,-10900000.0,191600000.0,-13200000.0,173000000.0,-162500000.0,0.0,104900000.0,-2600000.0,54400000.0,54400000.0,54400000.0,0.0,0.0,0.049,227700000.0,98200000.0,338100000.0,0.242,2.644,-133.17,44.181,807900000.0,0.0,31.81,0.607,0.607,852100000.0,1058100000.0,1106400000.0,1106400000.0,63700000.0,,,,,0.0,164000000.0,1.0,87914595.0,87900000.0,90600000.0,12.587,3338600000.0,362600000.0,31900000.0,331900000.0,37.982,-146800000.0
88,ITT,MRQ,1999-06-30,1999-06-30,1999-06-30,2021-08-25,-84300000.0,4162900000.0,,1637900000.0,2525000000.0,,11.626,-64000000.0,128400000.0,128400000.0,838300000.0,63300000.0,1.008,3.073,678300000.0,167800000.0,510500000.0,678300000.0,0.0,46300000.0,0.0,0.016,0.15,119500000.0,165800000.0,0.139,165800000.0,119500000.0,100600000.0,0.72,0.7,0.72,1022100000.0,,1022100000.0,3760004361.0,2.0,2.186,12500000.0,0.142,1.0,353400000.0,0.297,872400000.0,18900000.0,2214700000.0,,576000000.0,0.0,0.0,0.0,3140800000.0,1625700000.0,1515100000.0,3351304361.0,-344300000.0,-45500000.0,-14200000.0,-180400000.0,-13800000.0,-199100000.0,-101100000.0,0.0,76500000.0,-5100000.0,63300000.0,63300000.0,63300000.0,0.0,0.0,0.053,242200000.0,111200000.0,361200000.0,0.208,3.279,2.214,2.74,870800000.0,0.0,38.12,0.736,0.736,850300000.0,1018500000.0,1191700000.0,1191700000.0,70200000.0,,,,,0.0,172000000.0,1.0,87914595.0,87914595.0,,13.555,3290500000.0,346600000.0,37300000.0,305100000.0,37.428,12200000.0
89,ITT,MRQ,1999-03-31,1999-03-31,1999-03-31,2021-08-25,-89200000.0,4474300000.0,,1955600000.0,2518700000.0,,10.647,4600000.0,472700000.0,472700000.0,774900000.0,42500000.0,0.984,3.613,881400000.0,367200000.0,514200000.0,881400000.0,0.0,46200000.0,0.0,0.017,0.15,86300000.0,132500000.0,0.121,132500000.0,86300000.0,67400000.0,0.46,0.45,0.46,969900000.0,,969900000.0,3109175631.0,2.0,1.799,15400000.0,0.169,1.0,316800000.0,0.29,867200000.0,18900000.0,2028500000.0,,584400000.0,0.0,0.0,0.0,3504400000.0,1987300000.0,1517100000.0,3222975631.0,-408200000.0,-33200000.0,-369200000.0,129900000.0,-15400000.0,-242800000.0,-30500000.0,0.0,10800000.0,-6700000.0,42500000.0,42500000.0,42500000.0,0.0,0.0,0.039,240900000.0,75900000.0,376400000.0,0.326,3.323,2.121,2.567,866400000.0,0.0,35.38,0.719,0.719,820000000.0,971200000.0,1091700000.0,1091700000.0,66000000.0,,,,,0.0,174900000.0,1.0,91095976.0,91095976.0,,11.984,3607100000.0,365500000.0,24900000.0,409900000.0,39.597,-31700000.0
90,ITT,MRQ,1998-12-31,1998-12-31,1998-12-31,2021-08-25,-67500000.0,5048800000.0,,2382400000.0,2666400000.0,,11.494,-97800000.0,880900000.0,880900000.0,870700000.0,-181200000.0,1.108,2.884,767100000.0,251600000.0,515500000.0,767100000.0,0.0,43400000.0,0.0,0.015,0.15,-307500000.0,-264100000.0,-0.216,-264100000.0,-307500000.0,-285300000.0,-1.08,-0.7,-1.08,1300000000.0,,1300000000.0,3012913671.0,2.0,1.724,36000000.0,0.318,1.0,349500000.0,0.286,865300000.0,-22200000.0,1918900000.0,,578900000.0,0.0,0.0,0.0,3748800000.0,2150800000.0,1598000000.0,4125313671.0,-1457100000.0,3745200000.0,-471700000.0,-449900000.0,-17800000.0,-1004600000.0,-59800000.0,0.0,133800000.0,-2800000.0,-181200000.0,-181200000.0,-181200000.0,18500000.0,0.0,-0.149,626700000.0,-277200000.0,396200000.0,-0.139,3.173,2.692,2.934,991600000.0,0.0,39.75,0.918,1.001,842600000.0,1271500000.0,1220200000.0,1220200000.0,65000000.0,,,,,0.0,190100000.0,1.0,103781476.0,113100000.0,,10.789,4183500000.0,367400000.0,-104100000.0,570100000.0,36.989,231600000.0
91,ITT,MRQ,1998-09-30,1998-09-30,1998-09-30,2021-08-25,-93100000.0,6446100000.0,,3925800000.0,2520300000.0,,16.334,-41000000.0,2338000000.0,2338000000.0,723100000.0,1588800000.0,1.256,2.332,1225600000.0,702700000.0,522900000.0,1225600000.0,0.0,48600000.0,0.0,0.018,0.15,1637200000.0,1685800000.0,1.609,1685800000.0,1637200000.0,1606000000.0,13.81,13.45,13.81,1934700000.0,,1934700000.0,6060225375.0,3.0,2.766,-76000000.0,-0.642,1.0,324900000.0,0.31,901200000.0,31200000.0,1306900000.0,,605700000.0,0.0,0.0,0.0,4511400000.0,3125600000.0,1385800000.0,4012925375.0,2196900000.0,-8500000.0,-333700000.0,-1034700000.0,-17200000.0,-1296600000.0,3620300000.0,0.0,-35000000.0,6300000.0,1588800000.0,1588800000.0,1588800000.0,-15000000.0,0.0,1.516,252800000.0,72100000.0,350500000.0,0.011,2.074,2.247,2.189,977600000.0,0.0,33.88,0.892,0.892,889300000.0,1849500000.0,1048000000.0,1048000000.0,75500000.0,,,,,0.0,177300000.0,1.0,118445259.0,118445259.0,,8.848,5544900000.0,280100000.0,17200000.0,1092700000.0,46.814,800200000.0
92,ITT,MRQ,1998-06-30,1998-06-30,1998-06-30,2021-08-25,105600000.0,6282500000.0,,2548200000.0,3734300000.0,,7.51,-45100000.0,141100000.0,141100000.0,795300000.0,69300000.0,0.725,6.063,2188400000.0,1685500000.0,502900000.0,2188400000.0,0.0,50800000.0,0.0,0.016,0.15,123000000.0,173800000.0,0.154,173800000.0,123000000.0,88700000.0,0.59,0.57,0.59,889500000.0,,889500000.0,6479183781.0,25.0,19.301,39900000.0,0.337,1.0,330000000.0,0.293,1144500000.0,34300000.0,3671600000.0,,805700000.0,0.0,0.0,0.0,5393000000.0,3513700000.0,1879300000.0,4427483781.0,-19000000.0,-63300000.0,-11800000.0,-26600000.0,-17700000.0,-48000000.0,-68100000.0,0.0,85000000.0,6400000.0,69300000.0,69300000.0,69300000.0,-39100000.0,0.0,0.062,248800000.0,81200000.0,732100000.0,0.254,4.977,41.729,41.533,1894900000.0,0.0,37.38,0.98,0.98,1464100000.0,277900000.0,1125300000.0,1125300000.0,55100000.0,,,,,0.0,180900000.0,1.0,118445259.0,118445259.0,,9.501,5138000000.0,260400000.0,19400000.0,254000000.0,43.379,-965500000.0
93,ITT,MRQ,1998-03-31,1998-03-31,1998-03-31,2021-08-25,104300000.0,6263600000.0,,2567900000.0,3695700000.0,,7.097,-29000000.0,160100000.0,160100000.0,776800000.0,55600000.0,0.729,6.451,2211800000.0,1683200000.0,528600000.0,2211800000.0,0.0,52800000.0,0.0,0.016,0.15,99800000.0,152600000.0,0.139,152600000.0,99800000.0,60700000.0,0.47,0.46,0.47,840600000.0,,840600000.0,6498848176.0,22.0,14.817,-24300000.0,-0.205,1.0,322400000.0,0.293,1095200000.0,39100000.0,3696200000.0,,791400000.0,0.0,0.0,0.0,5423000000.0,3523900000.0,1899100000.0,4508048176.0,-32100000.0,-7900000.0,-13600000.0,39000000.0,-17800000.0,15200000.0,-35900000.0,0.0,4700000.0,-7500000.0,55600000.0,55600000.0,55600000.0,-47600000.0,0.0,0.051,276100000.0,46300000.0,726500000.0,0.319,5.363,37.756,37.683,1906100000.0,0.0,38.06,0.799,0.799,1473600000.0,226300000.0,1099200000.0,1099200000.0,72000000.0,,,,,0.0,178900000.0,1.0,118445827.0,118445827.0,,9.28,5168400000.0,263600000.0,5100000.0,255400000.0,43.635,-956000000.0
94,ITT,MRQ,1997-12-31,1997-12-31,1997-12-31,2021-08-25,118400000.0,5058400000.0,,1574400000.0,3484000000.0,,6.945,-101000000.0,192200000.0,192200000.0,859000000.0,72300000.0,0.544,5.152,2172600000.0,1641400000.0,531200000.0,2172600000.0,0.0,50300000.0,0.0,0.019,0.15,128600000.0,178900000.0,0.146,178900000.0,128600000.0,96700000.0,0.61,0.59,0.61,822300000.0,,822300000.0,,,,87600000.0,0.74,1.0,365600000.0,0.299,859600000.0,31900000.0,3283400000.0,,572400000.0,0.0,0.0,0.0,4236100000.0,2895800000.0,1340300000.0,3716830051.0,-16200000.0,-168200000.0,-14800000.0,-131400000.0,-17800000.0,-152500000.0,-274200000.0,0.0,188600000.0,16200000.0,72300000.0,72300000.0,72300000.0,-39700000.0,0.0,0.059,279900000.0,85700000.0,409300000.0,0.246,4.52,34.383,34.484,1031200000.0,0.0,31.38,0.883,0.883,727100000.0,188500000.0,1224600000.0,1224600000.0,71200000.0,,,,,0.0,206400000.0,1.0,118445827.0,118400000.0,,10.343,4198800000.0,295300000.0,24400000.0,143400000.0,35.463,-1321400000.0
95,ITT,MRQ,1997-09-30,1997-09-30,1997-09-30,2021-08-25,,,,,,,,78200000.0,,,767000000.0,-91100000.0,,,,,,,,-73700000.0,,0.018,0.15,-95900000.0,-169600000.0,-0.159,-169600000.0,-95900000.0,-132900000.0,-0.77,-0.77,-0.77,,,,,,,79000000.0,,1.0,300500000.0,0.281,,37000000.0,,,,,,,,,,,105600000.0,49100000.0,-30500000.0,113200000.0,-17800000.0,78100000.0,40100000.0,0.0,800000.0,-12200000.0,-91100000.0,-91100000.0,-91100000.0,25700000.0,0.0,-0.085,374300000.0,-73800000.0,,-0.195,,,,,0.0,33.19,,,,,1067500000.0,1067500000.0,59800000.0,,,,,0.0,173700000.0,1.0,,,,,,,-41800000.0,,,
96,ITT,MRQ,1997-06-30,1997-06-30,1997-06-30,2021-08-25,,,,,,,,-116300000.0,,,1769600000.0,82600000.0,,,,,,,,110300000.0,,0.023,0.15,166400000.0,276700000.0,0.123,276700000.0,166400000.0,135400000.0,0.7,0.69,0.7,,,,,,,38800000.0,,1.0,481300000.0,0.214,,31000000.0,,,,,,,,,,,41300000.0,-878400000.0,-7800000.0,828300000.0,-17700000.0,805200000.0,-900900000.0,0.0,155100000.0,-18100000.0,82600000.0,82600000.0,82600000.0,0.0,0.0,0.037,317600000.0,163700000.0,,0.214,,,,,0.0,25.75,,,,,2250900000.0,2250900000.0,126700000.0,,,,,0.0,193500000.0,1.0,,,,,,,52800000.0,,,
97,ITT,MRQ,1997-03-31,1997-03-31,1997-03-31,2021-08-25,,,,,,,,-73400000.0,,,1742700000.0,44300000.0,,,,,,,,110000000.0,,0.027,0.15,105900000.0,215900000.0,0.1,215900000.0,105900000.0,72600000.0,0.37,0.37,0.37,,,,,,,-20200000.0,,1.0,423900000.0,0.196,,33300000.0,,,,,,,,,,,-60400000.0,-7600000.0,-14700000.0,-9800000.0,-17800000.0,-33400000.0,-83400000.0,0.0,53200000.0,3200000.0,44300000.0,44300000.0,44300000.0,0.0,0.0,0.02,320600000.0,103300000.0,,0.405,,,,,0.0,22.38,,,,,2166600000.0,2166600000.0,126000000.0,,,,,0.0,186400000.0,1.0,,,,,,,28300000.0,,,
98,ITT,MRQ,1996-12-31,1996-12-31,1996-12-31,2021-08-25,111200000.0,5491200000.0,,2289100000.0,3202100000.0,,6.779,,121900000.0,121900000.0,,,0.902,5.871,1418800000.0,835600000.0,583200000.0,1418800000.0,0.0,,0.0,0.024,0.15,,,,,,,,,,799200000.0,,799200000.0,,,,,,1.0,,,349800000.0,,3899900000.0,,856900000.0,0.0,0.0,0.0,4692000000.0,2538400000.0,2153600000.0,,,,,,,,,,,,,,,,,,,,731800000.0,,,,12.963,2166700000.0,,24.5,,0.771,1189800000.0,151400000.0,,,,,,,,,,1.0,,117900000.0,,,5141400000.0,205100000.0,,206300000.0,43.608,-249300000.0
0,ITT,MRT,2021-06-30,2021-07-03,2021-07-03,2021-08-25,-301000000.0,3462300000.0,4024000000.0,1627200000.0,1835100000.0,0.668,24.834,-62800000.0,578800000.0,578800000.0,1827000000.0,66500000.0,1.808,0.618,199700000.0,199700000.0,0.0,199700000.0,0.0,114900000.0,0.0,0.008,0.778,251500000.0,366400000.0,0.136,366400000.0,251500000.0,252200000.0,0.76,0.75,0.76,2138200000.0,2097900000.0,2138200000.0,7364068000.0,29.0,20.098,-61600000.0,-0.715,1.0,862800000.0,0.321,1032100000.0,-700000.0,1151100000.0,1489925000.0,406200000.0,0.0,0.0,0.0,1322000000.0,900000000.0,422000000.0,8083068000.0,-240200000.0,0.0,-57700000.0,-62100000.0,-82500000.0,-204900000.0,-63400000.0,0.0,1200000.0,26200000.0,64900000.0,64900000.0,64900000.0,-1300000.0,1600000.0,0.024,474400000.0,388400000.0,337800000.0,1.024,3.78,124.547,123.526,502700000.0,0.0,93.88,3.005,3.005,553400000.0,2353100000.0,2689800000.0,2689800000.0,90800000.0,0.016,0.031,0.169,0.094,15000000.0,355500000.0,1.0,86100000.0,86100000.0,86500000.0,31.24,2430200000.0,37300000.0,187300000.0,0.0,28.225,727200000.0
1,ITT,MRT,2021-03-31,2021-03-31,2021-03-31,2021-08-25,-309400000.0,4179700000.0,4196250000.0,1892000000.0,2287700000.0,0.599,24.404,-57000000.0,780200000.0,780200000.0,1711100000.0,75300000.0,2.289,0.984,61200000.0,61200000.0,0.0,61200000.0,0.0,113300000.0,0.0,0.008,0.727,88500000.0,201800000.0,0.08,201800000.0,88500000.0,89200000.0,0.87,0.85,0.87,2106100000.0,2076300000.0,2106100000.0,7110715000.0,80.0,35.236,396200000.0,4.591,1.0,801800000.0,0.319,1033700000.0,-700000.0,1600500000.0,1601125000.0,374700000.0,0.0,0.0,0.0,2071800000.0,826500000.0,1245300000.0,7863715000.0,-59700000.0,4700000.0,-57500000.0,-355100000.0,-77900000.0,-493400000.0,-56700000.0,0.0,453200000.0,36500000.0,73900000.0,73900000.0,73900000.0,-2900000.0,1400000.0,0.029,572500000.0,229300000.0,327000000.0,0.836,3.734,106.41,104.494,501200000.0,0.0,90.91,3.129,3.122,546300000.0,2329400000.0,2512900000.0,2512900000.0,86500000.0,0.018,0.036,0.055,0.035,14200000.0,337300000.0,1.0,86500000.0,86300000.0,86900000.0,29.118,3146000000.0,156300000.0,15300000.0,0.0,36.454,1065500000.0
2,ITT,MRT,2020-12-31,2020-12-31,2020-12-31,2021-08-25,-279400000.0,4277600000.0,4220475000.0,1917300000.0,2360300000.0,0.587,24.526,-62000000.0,859800000.0,859800000.0,1695600000.0,73900000.0,2.201,1.011,106800000.0,106800000.0,0.0,106800000.0,0.0,112200000.0,0.0,0.009,0.676,87100000.0,199300000.0,0.08,199300000.0,87100000.0,87800000.0,0.84,0.83,0.84,2126400000.0,2052875000.0,2126400000.0,5990928000.0,69.0,30.06,373900000.0,4.313,1.0,782200000.0,0.316,1051200000.0,-700000.0,1602400000.0,1621600000.0,360500000.0,0.0,0.0,0.0,2149700000.0,871000000.0,1278700000.0,6654528000.0,247700000.0,-4700000.0,-79900000.0,-16800000.0,-59000000.0,-158600000.0,-65800000.0,0.0,435900000.0,35200000.0,72500000.0,72500000.0,72500000.0,-4000000.0,1400000.0,0.029,553500000.0,228700000.0,306800000.0,0.805,3.129,91.787,91.69,525100000.0,0.0,77.02,2.686,2.695,507500000.0,2319300000.0,2477800000.0,2477800000.0,84900000.0,0.017,0.035,0.054,0.035,13400000.0,347200000.0,1.0,86400000.0,86700000.0,87300000.0,28.579,3226400000.0,158300000.0,15300000.0,0.0,37.213,1046300000.0
3,ITT,MRT,2020-09-30,2020-09-30,2020-09-30,2021-08-25,-407400000.0,4176400000.0,4178000000.0,1822800000.0,2353600000.0,0.596,23.39,-68800000.0,782300000.0,782300000.0,1696700000.0,155900000.0,2.105,1.065,118700000.0,118700000.0,0.0,118700000.0,0.0,114300000.0,0.0,0.011,0.654,147500000.0,261800000.0,0.105,261800000.0,147500000.0,151600000.0,1.77,1.74,1.77,2020900000.0,2040000000.0,2020900000.0,4530320000.0,31.0,17.305,385300000.0,4.459,1.0,791600000.0,0.318,1041100000.0,-4100000.0,1605700000.0,1637800000.0,378500000.0,0.0,0.0,0.0,2151900000.0,866000000.0,1285900000.0,5101920000.0,226400000.0,0.0,-82100000.0,-36800000.0,-55700000.0,-174500000.0,-73000000.0,0.0,454100000.0,19800000.0,154400000.0,154400000.0,154400000.0,-5800000.0,1500000.0,0.062,638600000.0,153000000.0,300500000.0,0.369,2.525,33.044,33.362,505700000.0,0.0,59.05,2.05,2.05,490200000.0,2341900000.0,2488300000.0,2488300000.0,86100000.0,0.037,0.076,0.09,0.059,13100000.0,365900000.0,1.0,86400000.0,86400000.0,86400000.0,28.8,3135300000.0,182300000.0,-2800000.0,0.0,36.288,956800000.0
4,ITT,MRT,2020-06-30,2020-06-30,2020-06-30,2021-08-25,-432700000.0,4151300000.0,4149950000.0,1826800000.0,2324500000.0,0.629,23.775,-79000000.0,819100000.0,819100000.0,1776700000.0,320900000.0,1.928,1.022,247500000.0,247500000.0,0.0,247500000.0,0.0,114900000.0,0.0,0.011,0.632,363200000.0,478100000.0,0.183,478100000.0,363200000.0,367300000.0,3.66,3.62,3.66,2051800000.0,2034175000.0,2051800000.0,4616162000.0,13.0,9.655,380700000.0,4.411,1.0,832300000.0,0.319,1036200000.0,-4100000.0,1595900000.0,1657600000.0,384600000.0,0.0,0.0,0.0,2096300000.0,947600000.0,1148700000.0,5069262000.0,286800000.0,-25800000.0,-98500000.0,78300000.0,-40600000.0,-60700000.0,-108200000.0,0.0,459700000.0,-3800000.0,319800000.0,319800000.0,319800000.0,-4500000.0,1100000.0,0.123,464300000.0,368000000.0,271000000.0,0.173,2.471,15.851,16.049,505400000.0,0.0,58.74,1.943,1.943,463200000.0,2398200000.0,2609000000.0,2609000000.0,90200000.0,0.077,0.157,0.219,0.139,13100000.0,388900000.0,1.0,86300000.0,86300000.0,86800000.0,30.232,3115100000.0,161400000.0,47500000.0,0.0,36.096,879200000.0
5,ITT,MRT,2020-03-31,2020-03-31,2020-03-31,2021-08-25,-435700000.0,4276600000.0,4122475000.0,1948200000.0,2328400000.0,0.683,23.025,-83500000.0,839900000.0,839900000.0,1913500000.0,339900000.0,1.76,1.124,386800000.0,386800000.0,0.0,386800000.0,0.0,114400000.0,0.0,0.013,0.61,429400000.0,543800000.0,0.193,543800000.0,429400000.0,433500000.0,3.86,3.82,3.86,2012400000.0,2005025000.0,2012400000.0,3457008000.0,8.0,6.357,285600000.0,3.268,1.0,900700000.0,0.32,1034100000.0,-4100000.0,1682400000.0,1685475000.0,382400000.0,0.0,0.0,0.0,2261000000.0,1107000000.0,1154000000.0,3982608000.0,285900000.0,-117800000.0,-95000000.0,266400000.0,-39100000.0,131500000.0,-200800000.0,0.0,369100000.0,-15400000.0,338600000.0,338600000.0,338600000.0,-2800000.0,1300000.0,0.12,467200000.0,433500000.0,323900000.0,0.158,1.979,11.762,11.751,511500000.0,0.0,45.36,1.415,1.409,573900000.0,2361800000.0,2814200000.0,2814200000.0,97100000.0,0.082,0.169,0.255,0.153,13700000.0,413900000.0,1.0,87800000.0,87400000.0,88200000.0,32.199,3242500000.0,124800000.0,94900000.0,0.0,37.1,841200000.0
6,ITT,MRT,2019-12-31,2019-12-31,2019-12-31,2021-08-25,-252000000.0,4107700000.0,4037600000.0,1736800000.0,2370900000.0,0.705,23.659,-90500000.0,612100000.0,612100000.0,1936300000.0,326200000.0,2.044,0.978,86500000.0,86500000.0,0.0,86500000.0,0.0,113400000.0,0.0,0.008,0.588,410900000.0,524300000.0,0.184,524300000.0,410900000.0,415000000.0,3.71,3.67,3.71,2074900000.0,1969075000.0,2074900000.0,6048907000.0,15.0,11.537,267200000.0,3.047,1.0,910100000.0,0.32,1065200000.0,-4100000.0,1667200000.0,1673075000.0,392900000.0,0.0,0.0,0.0,2029900000.0,849700000.0,1180200000.0,6481907000.0,50700000.0,-113100000.0,-26500000.0,-22300000.0,-52100000.0,-101500000.0,-203400000.0,0.0,357700000.0,-3000000.0,325100000.0,325100000.0,325100000.0,-1700000.0,1100000.0,0.114,495300000.0,414800000.0,332400000.0,0.158,3.124,19.938,19.922,531500000.0,0.0,73.91,2.277,2.277,578400000.0,2372400000.0,2846400000.0,2846400000.0,97900000.0,0.081,0.165,0.246,0.144,15700000.0,406200000.0,1.0,87700000.0,87700000.0,88600000.0,32.456,3042500000.0,138100000.0,89900000.0,0.0,34.692,887100000.0
7,ITT,MRT,2019-09-30,2019-09-30,2019-09-30,2021-08-25,-403600000.0,4064200000.0,3972375000.0,1706300000.0,2357900000.0,0.706,22.752,-100500000.0,555700000.0,555700000.0,1913100000.0,309400000.0,1.92,1.033,122700000.0,122700000.0,0.0,122700000.0,0.0,108000000.0,0.0,0.009,0.575,397500000.0,505500000.0,0.18,505500000.0,397500000.0,397000000.0,3.52,3.47,3.52,1997600000.0,1905950000.0,1997600000.0,5002220000.0,13.0,9.896,246400000.0,2.806,1.0,892600000.0,0.318,1057500000.0,500000.0,1684900000.0,1635700000.0,414600000.0,0.0,0.0,0.0,2064300000.0,888800000.0,1175500000.0,5384720000.0,29700000.0,-113100000.0,-27000000.0,-12600000.0,-49500000.0,-89500000.0,-212000000.0,0.0,346900000.0,-14500000.0,308600000.0,308600000.0,308600000.0,-1100000.0,800000.0,0.11,493600000.0,399000000.0,340400000.0,0.163,2.696,17.449,17.384,521700000.0,0.0,61.19,1.919,1.915,574300000.0,2313600000.0,2805700000.0,2805700000.0,96800000.0,0.078,0.162,0.243,0.142,17000000.0,398700000.0,1.0,88000000.0,87800000.0,88700000.0,31.956,3006700000.0,149100000.0,88400000.0,0.0,34.245,817500000.0
8,ITT,MRT,2019-06-30,2019-06-30,2019-06-30,2021-08-25,-371500000.0,4041400000.0,3917500000.0,1702400000.0,2339000000.0,0.708,22.041,-51800000.0,531900000.0,531900000.0,1886600000.0,301800000.0,1.908,1.087,149400000.0,149400000.0,0.0,149400000.0,0.0,107200000.0,0.0,0.009,0.562,381600000.0,488800000.0,0.176,488800000.0,381600000.0,381100000.0,3.44,3.38,3.44,1935200000.0,1852950000.0,1935200000.0,5309544000.0,14.0,10.862,301800000.0,3.437,1.0,887800000.0,0.32,1059100000.0,500000.0,1707400000.0,1601225000.0,421400000.0,0.0,0.0,0.0,2104000000.0,892400000.0,1211600000.0,5749144000.0,82400000.0,-87300000.0,-11300000.0,-51200000.0,-61400000.0,-124300000.0,-139200000.0,0.0,353600000.0,-6100000.0,300900000.0,300900000.0,300900000.0,-1100000.0,900000.0,0.108,503500000.0,384300000.0,347400000.0,0.163,2.971,19.106,19.035,534100000.0,0.0,65.48,2.072,2.072,600000000.0,2218800000.0,2774400000.0,2774400000.0,97200000.0,0.077,0.162,0.238,0.138,19800000.0,404000000.0,1.0,87800000.0,87800000.0,88700000.0,31.599,2982300000.0,162900000.0,80200000.0,0.0,33.967,810000000.0
9,ITT,MRT,2019-03-31,2019-03-31,2019-03-31,2021-08-25,-377300000.0,3937100000.0,3857075000.0,1678900000.0,2258200000.0,0.713,21.331,-52800000.0,554000000.0,554000000.0,1869500000.0,304700000.0,1.951,1.106,114400000.0,114400000.0,0.0,114400000.0,0.0,108200000.0,0.0,0.009,0.549,374100000.0,482300000.0,0.175,482300000.0,374100000.0,373600000.0,3.48,3.42,3.48,1868600000.0,1789225000.0,1868600000.0,4624200000.0,12.0,9.588,318700000.0,3.638,1.0,881800000.0,0.321,1004200000.0,500000.0,1632800000.0,1573375000.0,396200000.0,0.0,0.0,0.0,2065800000.0,860500000.0,1205300000.0,5069200000.0,114900000.0,0.0,-10400000.0,-107000000.0,-60300000.0,-177500000.0,-52900000.0,0.0,371500000.0,-22800000.0,303800000.0,303800000.0,303800000.0,-1200000.0,900000.0,0.11,503200000.0,378600000.0,344400000.0,0.158,2.713,16.686,16.667,513200000.0,0.0,58.0,1.842,1.847,582700000.0,2158100000.0,2751300000.0,2751300000.0,97200000.0,0.079,0.17,0.238,0.136,21600000.0,405100000.0,1.0,87400000.0,87600000.0,88600000.0,31.408,2932900000.0,161700000.0,69800000.0,0.0,33.481,818400000.0
10,ITT,MRT,2018-12-31,2018-12-31,2018-12-31,2021-08-25,-243900000.0,3846800000.0,3840675000.0,1645100000.0,2201700000.0,0.715,20.78,-52300000.0,561200000.0,561200000.0,1857900000.0,334600000.0,1.886,1.109,116200000.0,116200000.0,0.0,116200000.0,0.0,109400000.0,0.0,0.011,0.536,391900000.0,501300000.0,0.183,501300000.0,391900000.0,391400000.0,3.81,3.76,3.81,1822400000.0,1736725000.0,1822400000.0,3848952000.0,10.0,7.678,319500000.0,3.643,1.0,887200000.0,0.323,1012000000.0,500000.0,1517700000.0,1571200000.0,380500000.0,0.0,0.0,0.0,2021900000.0,872100000.0,1149800000.0,4228452000.0,171200000.0,0.0,-50300000.0,-31300000.0,-47300000.0,-128800000.0,-52300000.0,0.0,371800000.0,-15300000.0,333700000.0,333700000.0,333700000.0,-1300000.0,900000.0,0.122,488600000.0,398600000.0,339200000.0,0.141,2.32,12.671,12.669,518800000.0,0.0,48.27,1.54,1.542,540000000.0,2110300000.0,2745100000.0,2745100000.0,98400000.0,0.087,0.192,0.249,0.143,21600000.0,422100000.0,1.0,87600000.0,87700000.0,88700000.0,31.301,2834800000.0,164500000.0,57700000.0,0.0,32.324,773000000.0
11,ITT,MRT,2018-09-30,2018-09-30,2018-09-30,2021-08-25,-367700000.0,3844700000.0,3804025000.0,1631900000.0,2212800000.0,0.723,20.384,-54800000.0,525800000.0,525800000.0,1865600000.0,215200000.0,1.818,1.152,146300000.0,146300000.0,0.0,146300000.0,0.0,110200000.0,0.0,0.009,0.53,391300000.0,501500000.0,0.182,501500000.0,391300000.0,391300000.0,2.46,2.43,2.46,1785600000.0,1680150000.0,1785600000.0,5127476000.0,13.0,10.224,260700000.0,2.976,1.0,884700000.0,0.322,1020500000.0,0.0,1547000000.0,1574675000.0,391400000.0,0.0,0.0,0.0,2056900000.0,897700000.0,1159200000.0,5366376000.0,130200000.0,0.0,-45500000.0,-21300000.0,-46500000.0,-113400000.0,-55000000.0,0.0,315500000.0,-13800000.0,214600000.0,214600000.0,214600000.0,1200000.0,600000.0,0.078,485900000.0,398800000.0,334500000.0,0.215,3.005,25.006,24.902,500600000.0,0.0,61.26,1.951,1.951,562900000.0,2065700000.0,2750300000.0,2750300000.0,100200000.0,0.056,0.128,0.248,0.142,22500000.0,423100000.0,1.0,87600000.0,87600000.0,88700000.0,31.396,2824200000.0,163600000.0,176700000.0,0.0,32.24,734200000.0
12,ITT,MRT,2018-06-30,2018-06-30,2018-06-30,2021-08-25,-366600000.0,3799700000.0,3792875000.0,1578600000.0,2221100000.0,0.716,19.203,-102500000.0,449600000.0,449600000.0,1852700000.0,191000000.0,1.68,1.26,210700000.0,210700000.0,0.0,210700000.0,0.0,110100000.0,0.0,0.01,0.524,382000000.0,492100000.0,0.181,492100000.0,382000000.0,382000000.0,2.18,2.16,2.18,1680300000.0,1646650000.0,1680300000.0,4377598000.0,11.0,8.896,171400000.0,1.959,1.0,862000000.0,0.318,1025200000.0,0.0,1596000000.0,1594875000.0,393500000.0,0.0,0.0,0.0,2117400000.0,939600000.0,1177800000.0,4568398000.0,94300000.0,0.0,-46100000.0,23400000.0,-45800000.0,-68700000.0,-104100000.0,0.0,273900000.0,-3900000.0,190600000.0,190600000.0,190600000.0,1200000.0,400000.0,0.07,467900000.0,394100000.0,331200000.0,0.24,2.719,23.969,23.977,506100000.0,0.0,52.27,1.683,1.685,560400000.0,1959300000.0,2714700000.0,2714700000.0,99000000.0,0.05,0.116,0.24,0.141,21000000.0,425700000.0,1.0,87400000.0,87500000.0,88400000.0,31.025,2774500000.0,164000000.0,191400000.0,0.0,31.709,639000000.0
13,ITT,MRT,2018-03-31,2018-03-31,2018-03-31,2021-08-25,-320600000.0,3871500000.0,3775600000.0,1598000000.0,2273500000.0,0.702,18.848,-101500000.0,438700000.0,438700000.0,1807800000.0,169000000.0,1.584,1.333,247900000.0,247900000.0,0.0,247900000.0,0.0,108100000.0,0.0,0.011,0.518,361800000.0,469900000.0,0.177,469900000.0,361800000.0,361800000.0,1.92,1.91,1.92,1658600000.0,1612675000.0,1658600000.0,4093836000.0,11.0,8.712,161200000.0,1.832,1.0,841000000.0,0.318,1047500000.0,0.0,1624100000.0,1608150000.0,404900000.0,0.0,0.0,0.0,2211000000.0,1009100000.0,1201900000.0,4320036000.0,90400000.0,0.0,-80000000.0,36900000.0,-45400000.0,-88500000.0,-101300000.0,0.0,262700000.0,20300000.0,168700000.0,168700000.0,168700000.0,1300000.0,300000.0,0.064,468100000.0,372900000.0,367000000.0,0.27,2.605,25.608,25.51,526600000.0,0.0,48.98,1.631,1.627,581400000.0,1891800000.0,2648800000.0,2648800000.0,95800000.0,0.045,0.105,0.225,0.137,18900000.0,427700000.0,1.0,88200000.0,88000000.0,89000000.0,30.1,2824000000.0,167000000.0,193100000.0,0.0,32.091,588900000.0
14,ITT,MRT,2017-12-31,2017-12-31,2017-12-31,2021-08-25,-210600000.0,3700200000.0,3725325000.0,1478700000.0,2221500000.0,0.694,18.076,-109500000.0,389800000.0,389800000.0,1765400000.0,113300000.0,1.644,1.317,163600000.0,163600000.0,0.0,163600000.0,0.0,105300000.0,0.0,0.01,0.512,308100000.0,413400000.0,0.16,413400000.0,308100000.0,308100000.0,1.29,1.28,1.29,1596100000.0,1570625000.0,1596100000.0,4492060000.0,15.0,10.866,137700000.0,1.559,1.0,819900000.0,0.317,1043000000.0,0.0,1531600000.0,1608825000.0,311900000.0,0.0,0.0,0.0,2102400000.0,899400000.0,1203000000.0,4696560000.0,-70900000.0,-113700000.0,-21700000.0,-45400000.0,-45400000.0,-112500000.0,-223200000.0,0.0,247200000.0,20000000.0,113500000.0,113500000.0,113500000.0,1500000.0,-200000.0,0.044,500600000.0,319300000.0,351400000.0,0.397,2.943,41.379,41.372,521700000.0,0.0,53.37,1.817,1.823,629600000.0,1856100000.0,2585300000.0,2585300000.0,93500000.0,0.03,0.072,0.192,0.119,18100000.0,427900000.0,1.0,88000000.0,88300000.0,89000000.0,29.279,2657200000.0,149900000.0,194600000.0,0.0,30.093,579300000.0
15,ITT,MRT,2017-09-30,2017-09-30,2017-09-30,2021-08-25,-360900000.0,3800100000.0,3700700000.0,1465200000.0,2334900000.0,0.673,18.768,-119100000.0,395600000.0,395600000.0,1702100000.0,206500000.0,1.583,1.3,191100000.0,191100000.0,0.0,191100000.0,0.0,103100000.0,0.0,0.011,0.508,267500000.0,370600000.0,0.149,370600000.0,267500000.0,267500000.0,2.35,2.33,2.35,1651600000.0,1528200000.0,1651600000.0,3744560000.0,14.0,10.104,153200000.0,1.741,1.0,788000000.0,0.316,1042400000.0,0.0,1627800000.0,1614450000.0,327900000.0,0.0,0.0,0.0,2146900000.0,925400000.0,1221500000.0,3895760000.0,-80200000.0,-110700000.0,-29600000.0,-64100000.0,-44800000.0,-138800000.0,-221200000.0,9900000.0,272300000.0,2000000.0,206500000.0,206500000.0,206500000.0,-1900000.0,0.0,0.083,497500000.0,290500000.0,334700000.0,0.216,2.359,18.866,18.838,503500000.0,0.0,44.27,1.564,1.564,611600000.0,1924500000.0,2490100000.0,2490100000.0,89600000.0,0.056,0.135,0.166,0.107,16000000.0,428000000.0,1.0,88000000.0,88000000.0,88700000.0,28.297,2757700000.0,285700000.0,61000000.0,0.0,31.337,539800000.0
16,ITT,MRT,2017-06-30,2017-06-30,2017-06-30,2021-08-25,-387200000.0,3730600000.0,3680075000.0,1404200000.0,2326400000.0,0.659,17.451,-118600000.0,355300000.0,355300000.0,1658700000.0,209800000.0,1.573,1.415,204100000.0,204100000.0,0.0,204100000.0,0.0,101300000.0,0.0,0.013,0.504,276200000.0,377500000.0,0.156,377500000.0,276200000.0,276200000.0,2.37,2.35,2.37,1544400000.0,1479300000.0,1544400000.0,3428566000.0,12.0,9.082,143100000.0,1.617,1.0,768100000.0,0.317,1037400000.0,0.0,1649100000.0,1608400000.0,314900000.0,0.0,0.0,0.0,2184600000.0,892900000.0,1291700000.0,3563966000.0,-78000000.0,-120500000.0,-73100000.0,-15100000.0,-33700000.0,-122000000.0,-222100000.0,14800000.0,261700000.0,-100000.0,209700000.0,209700000.0,209700000.0,-3800000.0,100000.0,0.086,475900000.0,292200000.0,315200000.0,0.213,2.308,16.996,16.954,491200000.0,0.0,40.18,1.469,1.465,591100000.0,1843600000.0,2426800000.0,2426800000.0,85200000.0,0.057,0.142,0.172,0.114,14000000.0,415200000.0,1.0,88700000.0,88500000.0,89000000.0,27.421,2693200000.0,300900000.0,66500000.0,0.0,30.432,511300000.0
17,ITT,MRT,2017-03-31,2017-03-31,2017-03-31,2021-08-25,-430900000.0,3670400000.0,3685000000.0,1378900000.0,2291500000.0,0.657,16.841,-127100000.0,348500000.0,348500000.0,1653400000.0,194900000.0,1.557,1.462,213100000.0,213100000.0,0.0,213100000.0,0.0,101500000.0,0.0,0.012,0.5,268100000.0,369600000.0,0.153,369600000.0,268100000.0,268100000.0,2.19,2.17,2.19,1490400000.0,1447000000.0,1490400000.0,3379768000.0,13.0,9.144,134800000.0,1.523,1.0,768700000.0,0.317,1022400000.0,0.0,1626800000.0,1611025000.0,311500000.0,0.0,0.0,0.0,2178400000.0,885800000.0,1292600000.0,3626168000.0,-82600000.0,-119300000.0,-61100000.0,-60600000.0,-33400000.0,-155100000.0,-179700000.0,66600000.0,261900000.0,-13400000.0,194700000.0,194700000.0,194700000.0,-4400000.0,200000.0,0.08,486100000.0,282600000.0,313600000.0,0.228,2.433,18.624,18.731,481500000.0,0.0,41.02,1.497,1.499,576900000.0,1832600000.0,2422100000.0,2422100000.0,83700000.0,0.053,0.135,0.166,0.111,13400000.0,426800000.0,1.0,88400000.0,88500000.0,89200000.0,27.368,2648000000.0,300200000.0,73400000.0,0.0,29.921,493100000.0
18,ITT,MRT,2016-12-31,2016-12-31,2016-12-31,2021-08-25,-306000000.0,3601700000.0,3719700000.0,1401800000.0,2199900000.0,0.647,15.991,-111400000.0,460700000.0,460700000.0,1644500000.0,186600000.0,1.618,1.524,214300000.0,214300000.0,0.0,214300000.0,0.0,102000000.0,0.0,0.013,0.496,262100000.0,364100000.0,0.151,364100000.0,262100000.0,262100000.0,2.09,2.07,2.09,1426400000.0,1429750000.0,1426400000.0,3177974000.0,12.0,8.728,129300000.0,1.45,1.0,760900000.0,0.316,935000000.0,0.0,1554100000.0,1637000000.0,295200000.0,0.0,0.0,0.0,2173300000.0,866200000.0,1307100000.0,3401874000.0,45000000.0,-5800000.0,-65500000.0,-32700000.0,-44600000.0,-141900000.0,-54400000.0,62900000.0,240700000.0,-11400000.0,186100000.0,186100000.0,186100000.0,-4200000.0,500000.0,0.077,484300000.0,276600000.0,301700000.0,0.237,2.385,18.28,18.455,464500000.0,0.0,38.57,1.414,1.43,523900000.0,1789200000.0,2405400000.0,2405400000.0,80500000.0,0.05,0.13,0.16,0.109,12600000.0,430300000.0,1.0,88200000.0,89200000.0,89900000.0,26.966,2666700000.0,297400000.0,76000000.0,0.0,29.896,535600000.0
19,ITT,MRT,2016-09-30,2016-09-30,2016-09-30,2021-08-25,-403500000.0,3717600000.0,3750175000.0,1515800000.0,2201800000.0,0.662,16.323,-90600000.0,475800000.0,475800000.0,1697700000.0,197000000.0,1.614,1.552,251900000.0,251900000.0,0.0,251900000.0,0.0,103400000.0,0.0,0.014,0.49,289400000.0,392800000.0,0.158,392800000.0,289400000.0,289400000.0,2.2,2.18,2.2,1456000000.0,1413675000.0,1456000000.0,2996964000.0,10.0,7.63,138700000.0,1.555,1.0,786100000.0,0.316,951200000.0,0.0,1603600000.0,1657225000.0,305100000.0,0.0,0.0,0.0,2259900000.0,938900000.0,1321000000.0,3211264000.0,-29100000.0,-305400000.0,-61500000.0,237600000.0,-43800000.0,132200000.0,-396600000.0,-3800000.0,229300000.0,1300000.0,197000000.0,197000000.0,197000000.0,-2100000.0,0.0,0.079,497000000.0,289100000.0,304400000.0,0.223,2.206,16.301,16.291,450300000.0,0.0,35.84,1.293,1.287,595200000.0,1771200000.0,2483800000.0,2483800000.0,82600000.0,0.053,0.139,0.175,0.117,13700000.0,446400000.0,1.0,89600000.0,89200000.0,89700000.0,27.845,2766400000.0,294200000.0,92400000.0,0.0,31.013,576900000.0
20,ITT,MRT,2016-06-30,2016-06-30,2016-06-30,2021-08-25,-409000000.0,3750300000.0,3690350000.0,1527800000.0,2222500000.0,0.679,15.759,-86800000.0,433300000.0,433300000.0,1706900000.0,237500000.0,1.667,1.649,219000000.0,219000000.0,0.0,219000000.0,0.0,99200000.0,0.0,0.015,0.484,295300000.0,394500000.0,0.158,394500000.0,295300000.0,295300000.0,2.65,2.63,2.65,1415200000.0,1390500000.0,1415200000.0,2725698000.0,9.0,6.909,125000000.0,1.392,1.0,797100000.0,0.318,960100000.0,0.0,1659600000.0,1640675000.0,299300000.0,0.0,0.0,0.0,2333500000.0,916300000.0,1417200000.0,2881398000.0,-64100000.0,-295900000.0,-18100000.0,146400000.0,-54300000.0,72200000.0,-342100000.0,38900000.0,211800000.0,-13600000.0,237600000.0,237600000.0,237600000.0,-34500000.0,-100000.0,0.095,538900000.0,258200000.0,310000000.0,0.183,2.036,12.127,12.068,437900000.0,0.0,31.98,1.151,1.147,625100000.0,1734600000.0,2504000000.0,2504000000.0,82000000.0,0.064,0.171,0.18,0.118,14700000.0,451100000.0,1.0,90100000.0,89800000.0,90400000.0,27.884,2790200000.0,326200000.0,57700000.0,0.0,31.071,611500000.0
21,ITT,MRT,2016-03-31,2016-03-31,2016-03-31,2021-08-25,-395800000.0,3809200000.0,3646700000.0,1566200000.0,2243000000.0,0.687,15.864,-77500000.0,430900000.0,430900000.0,1700600000.0,346900000.0,1.642,1.679,275200000.0,275200000.0,0.0,275200000.0,0.0,94600000.0,0.0,0.013,0.479,410800000.0,505400000.0,0.202,505400000.0,410800000.0,410800000.0,3.88,3.85,3.88,1421400000.0,1352300000.0,1421400000.0,3131655000.0,8.0,6.196,149700000.0,1.671,1.0,805400000.0,0.321,968800000.0,0.0,1730700000.0,1624600000.0,301300000.0,0.0,0.0,0.0,2386300000.0,954000000.0,1432300000.0,3301655000.0,-139200000.0,-341700000.0,2200000.0,155600000.0,-53900000.0,103300000.0,-470300000.0,-55300000.0,227200000.0,-5900000.0,347100000.0,347100000.0,347100000.0,-35700000.0,-200000.0,0.139,432200000.0,373200000.0,293500000.0,0.123,2.323,9.512,9.508,443000000.0,0.0,36.89,1.317,1.319,607000000.0,1727200000.0,2506000000.0,2506000000.0,79800000.0,0.095,0.257,0.253,0.164,15500000.0,446400000.0,1.0,89500000.0,89600000.0,90500000.0,27.969,2840400000.0,322600000.0,63700000.0,0.0,31.701,612200000.0
22,ITT,MRT,2015-12-31,2015-12-31,2015-12-31,2021-08-25,-270400000.0,3723600000.0,3587550000.0,1497700000.0,2225900000.0,0.693,15.168,-86700000.0,415700000.0,415700000.0,1676500000.0,351600000.0,1.571,1.731,245700000.0,245700000.0,0.0,245700000.0,0.0,90000000.0,0.0,0.013,0.473,421900000.0,511900000.0,0.206,511900000.0,421900000.0,421900000.0,3.92,3.88,3.92,1362100000.0,1274275000.0,1362100000.0,2756240000.0,7.0,5.384,143000000.0,1.592,1.0,809100000.0,0.326,965500000.0,0.0,1635000000.0,1588275000.0,292700000.0,0.0,0.0,0.0,2358200000.0,953100000.0,1405100000.0,3250640000.0,-168300000.0,-341500000.0,-77800000.0,240900000.0,-42800000.0,120400000.0,-485500000.0,-61600000.0,229700000.0,-31600000.0,351800000.0,351800000.0,351800000.0,-39400000.0,-200000.0,0.142,429000000.0,380100000.0,314700000.0,0.121,2.386,9.24,9.265,443500000.0,0.0,36.32,1.308,1.312,584900000.0,1696700000.0,2485600000.0,2485600000.0,78900000.0,0.098,0.276,0.266,0.17,15700000.0,441500000.0,1.0,89500000.0,89800000.0,90700000.0,27.679,2758100000.0,326100000.0,70100000.0,0.0,30.714,544600000.0
23,ITT,MRT,2015-09-30,2015-09-30,2015-09-30,2021-08-25,-391500000.0,3478300000.0,3564525000.0,1571100000.0,1907200000.0,0.695,15.249,-108600000.0,504900000.0,504900000.0,1654100000.0,349300000.0,2.191,1.549,10500000.0,10500000.0,0.0,10500000.0,0.0,87200000.0,0.0,0.014,0.464,409700000.0,496900000.0,0.2,496900000.0,409700000.0,409700000.0,3.88,3.86,3.88,1363300000.0,1237475000.0,1363300000.0,2559942000.0,6.0,5.152,151300000.0,1.692,1.0,824700000.0,0.333,729300000.0,0.0,1537400000.0,1567050000.0,299700000.0,0.0,0.0,0.0,2111400000.0,717200000.0,1394200000.0,2988642000.0,-17700000.0,-44600000.0,-112300000.0,7900000.0,-41900000.0,-142900000.0,-93400000.0,56900000.0,259900000.0,-40000000.0,348800000.0,348800000.0,348800000.0,-39600000.0,500000.0,0.141,454500000.0,370200000.0,291900000.0,0.12,2.192,8.568,8.616,414400000.0,0.0,33.43,1.206,1.206,567800000.0,1665300000.0,2478800000.0,2478800000.0,75400000.0,0.098,0.282,0.261,0.165,14300000.0,464100000.0,1.0,89400000.0,89400000.0,90300000.0,27.727,2749000000.0,272500000.0,60900000.0,0.0,30.749,853900000.0
24,ITT,MRT,2015-06-30,2015-06-30,2015-06-30,2021-08-25,-367900000.0,3575700000.0,3621625000.0,1633400000.0,1942300000.0,0.7,14.137,-119100000.0,497400000.0,497400000.0,1684300000.0,299300000.0,2.002,1.828,68700000.0,68700000.0,0.0,68700000.0,0.0,88000000.0,0.0,0.011,0.456,385900000.0,473900000.0,0.187,473900000.0,385900000.0,385900000.0,3.3,3.27,3.3,1262400000.0,1220875000.0,1262400000.0,3275528000.0,8.0,6.912,130800000.0,1.465,1.0,849700000.0,0.335,735700000.0,0.0,1595300000.0,1590275000.0,294900000.0,0.0,0.0,0.0,2307900000.0,816000000.0,1491900000.0,3732128000.0,-30300000.0,-42200000.0,-120000000.0,43300000.0,-41400000.0,-111000000.0,-122100000.0,36000000.0,249900000.0,-43600000.0,298400000.0,298400000.0,298400000.0,-5100000.0,900000.0,0.118,463700000.0,386000000.0,299200000.0,0.138,2.956,12.507,12.679,421400000.0,0.0,41.84,1.473,1.474,558000000.0,1540900000.0,2534000000.0,2534000000.0,77500000.0,0.082,0.244,0.243,0.152,14100000.0,483400000.0,1.0,89200000.0,89300000.0,90200000.0,28.376,2840000000.0,300100000.0,87500000.0,0.0,31.803,817400000.0
25,ITT,MRT,2015-03-31,2015-03-31,2015-03-31,2021-08-25,-381600000.0,3572600000.0,3680825000.0,1638700000.0,1933900000.0,0.698,12.244,-130000000.0,570100000.0,570100000.0,1718200000.0,195600000.0,1.964,2.216,113500000.0,113500000.0,0.0,113500000.0,0.0,87900000.0,0.0,0.011,0.448,270800000.0,358700000.0,0.14,358700000.0,270800000.0,270800000.0,2.13,2.1,2.13,1109300000.0,1220950000.0,1109300000.0,3047810000.0,11.0,8.497,136100000.0,1.502,1.0,850600000.0,0.331,696100000.0,0.0,1585400000.0,1612525000.0,287600000.0,0.0,0.0,0.0,2458000000.0,834500000.0,1623500000.0,3631810000.0,55000000.0,900000.0,-130100000.0,85100000.0,-41000000.0,-79200000.0,-81000000.0,45400000.0,266100000.0,-45300000.0,194400000.0,194400000.0,194400000.0,-500000.0,1200000.0,0.076,574600000.0,276000000.0,287700000.0,0.21,3.274,18.682,18.737,419300000.0,0.0,39.91,1.414,1.408,537200000.0,1401700000.0,2568800000.0,2568800000.0,77200000.0,0.053,0.159,0.168,0.105,13800000.0,493900000.0,1.0,91000000.0,90600000.0,91600000.0,28.353,2876500000.0,301400000.0,76400000.0,0.0,31.749,804200000.0
26,ITT,MRT,2014-12-31,2014-12-31,2014-12-31,2021-08-25,-177000000.0,3631500000.0,3733600000.0,1636200000.0,1995300000.0,0.711,13.278,-118800000.0,584000000.0,584000000.0,1788200000.0,186800000.0,2.11,1.985,1500000.0,1500000.0,0.0,1500000.0,0.0,88300000.0,0.0,0.011,0.44,255800000.0,344100000.0,0.13,344100000.0,255800000.0,255800000.0,2.02,1.99,2.02,1214900000.0,1252525000.0,1214900000.0,3183536000.0,12.0,9.252,125900000.0,1.376,1.0,866400000.0,0.326,723500000.0,0.0,1550100000.0,1633425000.0,302300000.0,0.0,0.0,0.0,2411200000.0,775400000.0,1635800000.0,3706136000.0,76700000.0,900000.0,-45100000.0,-39700000.0,-40700000.0,-116600000.0,-14500000.0,103600000.0,244700000.0,-31200000.0,184500000.0,184500000.0,184500000.0,3900000.0,2300000.0,0.07,600000000.0,266400000.0,309600000.0,0.218,3.051,20.087,20.03,443900000.0,0.0,40.46,1.396,1.395,500100000.0,1445100000.0,2654600000.0,2654600000.0,76600000.0,0.049,0.147,0.157,0.096,14000000.0,519500000.0,1.0,91600000.0,91500000.0,92800000.0,29.012,2908000000.0,304100000.0,71300000.0,0.0,31.781,860800000.0
27,ITT,MRT,2014-09-30,2014-09-30,2014-09-30,2021-08-25,-244200000.0,3706700000.0,3760775000.0,1709600000.0,1997100000.0,0.702,14.158,-139100000.0,522600000.0,522600000.0,1782000000.0,165000000.0,2.097,1.854,0.0,0.0,0.0,0.0,0.0,84600000.0,0.0,0.01,0.43,240800000.0,325400000.0,0.123,325400000.0,240800000.0,240800000.0,1.77,1.74,1.77,1296900000.0,1249050000.0,1296900000.0,3588804000.0,15.0,11.029,120800000.0,1.319,1.0,858100000.0,0.325,738500000.0,0.0,1630300000.0,1654300000.0,312800000.0,0.0,0.0,0.0,2405000000.0,815300000.0,1589700000.0,4116504000.0,42000000.0,3600000.0,-4400000.0,-67700000.0,-38500000.0,-98000000.0,-102500000.0,32300000.0,259900000.0,-14400000.0,162000000.0,162000000.0,162000000.0,3900000.0,3000000.0,0.061,607600000.0,250500000.0,330700000.0,0.243,3.174,25.411,25.39,433200000.0,0.0,44.94,1.559,1.559,569200000.0,1449500000.0,2640100000.0,2640100000.0,74800000.0,0.043,0.13,0.146,0.091,14200000.0,527300000.0,1.0,91600000.0,91600000.0,92900000.0,28.822,2968200000.0,282200000.0,78800000.0,0.0,32.404,894300000.0
28,ITT,MRT,2014-06-30,2014-06-30,2014-06-30,2021-08-25,-209900000.0,3812500000.0,3782925000.0,1757600000.0,2054900000.0,0.692,13.77,-131800000.0,527700000.0,527700000.0,1775900000.0,515700000.0,2.093,2.016,0.0,0.0,0.0,0.0,0.0,84500000.0,0.0,0.009,0.42,198800000.0,283300000.0,0.108,283300000.0,198800000.0,198800000.0,5.65,5.57,5.65,1262700000.0,1205100000.0,1262700000.0,3895670000.0,20.0,13.751,110300000.0,1.203,1.0,841100000.0,0.321,760600000.0,0.0,1684300000.0,1668750000.0,309000000.0,0.0,0.0,0.0,2545400000.0,839900000.0,1705500000.0,4410770000.0,10000000.0,1500000.0,9400000.0,-19000000.0,-37400000.0,-32400000.0,-187800000.0,-58900000.0,242100000.0,5200000.0,512400000.0,512400000.0,512400000.0,5900000.0,3300000.0,0.196,633300000.0,207800000.0,343900000.0,0.074,3.493,8.608,8.513,443000000.0,0.0,48.1,1.685,1.685,575300000.0,1381000000.0,2617000000.0,2617000000.0,70800000.0,0.135,0.425,0.119,0.076,13700000.0,529900000.0,1.0,91700000.0,91700000.0,93000000.0,28.539,3051900000.0,299700000.0,-313600000.0,0.0,33.281,917700000.0
29,ITT,MRT,2014-03-31,2014-03-31,2014-03-31,2021-08-25,-212200000.0,3783700000.0,3671250000.0,1714400000.0,2069300000.0,0.698,13.519,-125200000.0,515100000.0,515100000.0,1739100000.0,502900000.0,2.055,2.059,0.0,0.0,0.0,0.0,0.0,83500000.0,0.0,0.01,0.41,188300000.0,271800000.0,0.106,271800000.0,188300000.0,188300000.0,5.52,5.44,5.52,1235600000.0,1053450000.0,1235600000.0,3400964000.0,18.0,12.513,100500000.0,1.1,1.0,824100000.0,0.322,765500000.0,0.0,1669000000.0,1560025000.0,289800000.0,0.0,0.0,0.0,2544100000.0,834100000.0,1710000000.0,3908264000.0,32000000.0,3000000.0,-14700000.0,-18000000.0,-36400000.0,-53800000.0,-127600000.0,-5300000.0,225700000.0,4000000.0,499900000.0,499900000.0,499900000.0,1900000.0,3000000.0,0.195,629400000.0,194700000.0,344200000.0,0.074,3.163,7.818,7.746,434600000.0,0.0,42.76,1.525,1.525,597500000.0,1356100000.0,2563200000.0,2563200000.0,68600000.0,0.136,0.475,0.121,0.073,13400000.0,528200000.0,1.0,91400000.0,91400000.0,92800000.0,28.044,3018200000.0,299300000.0,-311600000.0,0.0,33.022,880300000.0
30,ITT,MRT,2013-12-31,2013-12-31,2013-12-31,2021-08-25,-81100000.0,3740200000.0,3568725000.0,1665500000.0,2074700000.0,0.7,13.198,-122900000.0,507300000.0,507300000.0,1697100000.0,490900000.0,2.0,2.109,0.0,0.0,0.0,0.0,0.0,86900000.0,0.0,0.009,0.4,178900000.0,265800000.0,0.106,265800000.0,178900000.0,178900000.0,5.37,5.29,5.37,1201000000.0,910225000.0,1201000000.0,3457594000.0,19.0,13.008,103700000.0,1.14,1.0,799800000.0,0.32,766700000.0,0.0,1633600000.0,1465125000.0,315900000.0,0.0,0.0,0.0,2533300000.0,832600000.0,1700700000.0,3938194000.0,-37200000.0,3000000.0,-53100000.0,19000000.0,-36400000.0,-58300000.0,-188800000.0,-72000000.0,226600000.0,-400000.0,488500000.0,488500000.0,488500000.0,-800000.0,2400000.0,0.196,616200000.0,183600000.0,332700000.0,0.074,3.279,8.062,8.086,426200000.0,0.0,43.42,1.577,1.582,496700000.0,1320300000.0,2496900000.0,2496900000.0,67300000.0,0.137,0.537,0.122,0.072,13100000.0,516100000.0,1.0,90700000.0,91000000.0,92300000.0,27.438,2973500000.0,303600000.0,-309600000.0,0.0,32.676,832900000.0
31,ITT,MRT,2013-09-30,2013-09-30,2013-09-30,2021-08-25,-274600000.0,3795300000.0,3480200000.0,1691500000.0,2103800000.0,0.691,12.402,-98300000.0,480600000.0,480600000.0,1641100000.0,510900000.0,1.962,2.381,0.0,0.0,0.0,0.0,0.0,87600000.0,0.0,0.011,0.391,181400000.0,269000000.0,0.112,269000000.0,181400000.0,181300000.0,5.63,5.53,5.63,1121100000.0,785775000.0,1121100000.0,2728585000.0,15.0,10.143,72100000.0,0.798,1.0,764600000.0,0.318,764500000.0,100000.0,1688100000.0,1372125000.0,297400000.0,0.0,0.0,0.0,2669300000.0,862100000.0,1807200000.0,3246285000.0,-281300000.0,-153700000.0,-82000000.0,25500000.0,-35300000.0,-83400000.0,-351000000.0,-100600000.0,170400000.0,3700000.0,509700000.0,509700000.0,509700000.0,-10800000.0,1200000.0,0.212,587900000.0,176700000.0,345200000.0,0.069,2.896,6.369,6.385,385200000.0,0.0,35.95,1.349,1.351,543300000.0,1305000000.0,2405700000.0,2405700000.0,63800000.0,0.146,0.649,0.132,0.075,12700000.0,491800000.0,1.0,90300000.0,90400000.0,91900000.0,26.612,3030800000.0,345200000.0,-328400000.0,0.0,33.527,829400000.0
32,ITT,MRT,2013-06-30,2013-06-30,2013-06-30,2021-08-25,-306800000.0,3365800000.0,3360025000.0,1570600000.0,1795200000.0,0.69,7.258,-91000000.0,517700000.0,517700000.0,1591300000.0,152500000.0,1.866,4.123,0.0,0.0,0.0,0.0,0.0,82900000.0,0.0,0.013,0.382,159100000.0,242000000.0,0.104,242000000.0,159100000.0,159000000.0,1.66,1.62,1.66,656100000.0,697900000.0,656100000.0,2160859000.0,14.0,8.929,122900000.0,1.36,1.0,727900000.0,0.314,757200000.0,100000.0,1249400000.0,1255050000.0,308500000.0,0.0,0.0,0.0,2705300000.0,841500000.0,1863800000.0,2643959000.0,-221300000.0,-153700000.0,-83700000.0,-40300000.0,-26300000.0,-144700000.0,-279700000.0,-36100000.0,213900000.0,-900000.0,152000000.0,152000000.0,152000000.0,-25400000.0,500000.0,0.066,591500000.0,136400000.0,364100000.0,0.23,4.03,17.394,17.717,367400000.0,0.0,29.41,1.14,1.146,499300000.0,872600000.0,2319200000.0,2319200000.0,62800000.0,0.045,0.218,0.127,0.069,12800000.0,468200000.0,1.0,89900000.0,90400000.0,91600000.0,25.655,2608600000.0,0.0,7000000.0,0.0,28.856,729100000.0
33,ITT,MRT,2013-03-31,2013-03-31,2013-03-31,2021-08-25,-310700000.0,3373600000.0,3444475000.0,1569800000.0,1803800000.0,0.658,7.203,-87500000.0,483100000.0,483100000.0,1567400000.0,143400000.0,1.862,4.084,0.0,0.0,0.0,0.0,0.0,79400000.0,0.0,0.013,0.373,173100000.0,252500000.0,0.111,252500000.0,173100000.0,173000000.0,1.55,1.52,1.55,662700000.0,706550000.0,662700000.0,2079589000.0,12.0,8.236,128900000.0,1.401,1.0,700500000.0,0.309,758200000.0,100000.0,1289400000.0,1305475000.0,314900000.0,0.0,0.0,0.0,2706600000.0,842900000.0,1863700000.0,2624089000.0,-244900000.0,-153700000.0,-90500000.0,-19600000.0,-25300000.0,-129700000.0,-297800000.0,-56700000.0,216400000.0,-28900000.0,143000000.0,143000000.0,143000000.0,-24900000.0,400000.0,0.063,548500000.0,152000000.0,350700000.0,0.241,3.96,18.35,18.342,365100000.0,0.0,28.43,1.157,1.153,506200000.0,882200000.0,2267900000.0,2267900000.0,63000000.0,0.042,0.202,0.133,0.076,12600000.0,431200000.0,1.0,92300000.0,92000000.0,93200000.0,24.651,2615400000.0,0.0,30000000.0,0.0,28.428,726900000.0
34,ITT,MRT,2012-12-31,2012-12-31,2012-12-31,2021-08-25,-92000000.0,3386100000.0,3538325000.0,1540400000.0,1845700000.0,0.63,7.561,-83800000.0,544500000.0,544500000.0,1547600000.0,125400000.0,1.913,3.815,0.0,0.0,0.0,0.0,0.0,71100000.0,0.0,0.016,0.364,165100000.0,236200000.0,0.106,236200000.0,165100000.0,165000000.0,1.35,1.33,1.35,703200000.0,721625000.0,703200000.0,1412742000.0,9.0,5.981,163300000.0,1.756,1.0,680200000.0,0.305,774700000.0,100000.0,1261600000.0,1357625000.0,304200000.0,0.0,0.0,0.0,2682900000.0,805300000.0,1877600000.0,2174742000.0,-145300000.0,-153700000.0,-58800000.0,-24500000.0,-34200000.0,-108000000.0,-274700000.0,-38200000.0,247100000.0,-4000000.0,125400000.0,125400000.0,125400000.0,-15900000.0,0.0,0.056,528700000.0,151500000.0,347000000.0,0.27,3.093,17.342,17.378,373100000.0,0.0,23.46,0.976,0.979,440300000.0,898800000.0,2227800000.0,2227800000.0,62700000.0,0.035,0.174,0.122,0.074,12400000.0,415100000.0,1.0,92700000.0,93000000.0,94100000.0,23.955,2611400000.0,21400000.0,39600000.0,0.0,28.08,735100000.0
35,ITT,MRT,2012-09-30,2012-09-30,2012-09-30,2021-08-25,-236200000.0,3314600000.0,3609675000.0,1714500000.0,1600100000.0,0.598,8.32,-92800000.0,762000000.0,762000000.0,1505200000.0,-436000000.0,2.313,3.307,0.0,0.0,0.0,0.0,0.0,68000000.0,0.0,0.018,0.364,-47800000.0,20200000.0,0.009,20200000.0,-47800000.0,-124200000.0,-4.71,-4.72,-4.71,769600000.0,719525000.0,769600000.0,1122760000.0,-23.0,55.582,-128100000.0,-1.385,1.0,652500000.0,0.302,591700000.0,76400000.0,1219800000.0,1435625000.0,268700000.0,0.0,0.0,0.0,2545000000.0,741100000.0,1803900000.0,1861860000.0,-1524600000.0,-10800000.0,-26300000.0,-1264700000.0,-25800000.0,-958800000.0,-101500000.0,0.0,-35300000.0,-6500000.0,-436000000.0,-436000000.0,-436000000.0,-20800000.0,0.0,-0.202,792600000.0,-140100000.0,331900000.0,-0.077,2.419,-4.27,-4.278,323900000.0,0.0,20.15,0.863,0.864,458200000.0,913300000.0,2157700000.0,2157700000.0,62000000.0,-0.121,-0.606,-0.033,-0.022,10200000.0,374000000.0,1.0,92400000.0,92500000.0,93500000.0,23.326,2722900000.0,0.0,311800000.0,0.0,29.437,973400000.0
36,ITT,MRT,2012-06-30,2012-06-30,2012-06-30,2021-08-25,-252000000.0,3703600000.0,6553025000.0,1829600000.0,1874000000.0,0.324,7.443,-94800000.0,739100000.0,739100000.0,1484600000.0,-400500000.0,1.985,4.362,0.0,0.0,0.0,0.0,0.0,68100000.0,0.0,0.03,0.523,2400000.0,70500000.0,0.033,70500000.0,2400000.0,-74000000.0,-4.33,-4.33,-4.33,690700000.0,1588375000.0,690700000.0,896480000.0,374.0,12.716,-146000000.0,-1.573,1.0,641500000.0,0.302,591500000.0,76400000.0,1451100000.0,2655425000.0,259700000.0,0.0,0.0,0.0,3012900000.0,921900000.0,2091000000.0,1624480000.0,-20800000.0,-9800000.0,-23700000.0,-1340500000.0,-71900000.0,727600000.0,-102000000.0,0.0,-51200000.0,-79900000.0,-400500000.0,-400500000.0,-400500000.0,-146500000.0,0.0,-0.188,829600000.0,-188100000.0,426200000.0,-0.121,2.352,-4.056,-4.065,320900000.0,0.0,17.6,0.764,0.768,464500000.0,850500000.0,2126100000.0,2126100000.0,62700000.0,-0.061,-0.252,0.001,0.001,10200000.0,344000000.0,1.0,92300000.0,92800000.0,93900000.0,22.911,3112100000.0,0.0,326500000.0,0.0,33.536,907700000.0
37,ITT,MRT,2012-03-31,2012-03-31,2012-03-31,2021-08-25,-209000000.0,3749000000.0,8902125000.0,1859000000.0,1890000000.0,0.238,7.667,-100300000.0,728000000.0,728000000.0,1473500000.0,-247600000.0,2.01,4.185,0.0,0.0,0.0,0.0,0.0,69500000.0,0.0,0.041,0.932,127600000.0,197100000.0,0.093,197100000.0,127600000.0,51200000.0,-2.68,-2.69,-2.68,723000000.0,2659700000.0,723000000.0,1493006000.0,12.0,7.575,-359300000.0,-3.81,1.0,647100000.0,0.305,598000000.0,76400000.0,1498000000.0,3624400000.0,268000000.0,0.0,0.0,0.0,3026000000.0,925000000.0,2101000000.0,2177006000.0,53700000.0,-5200000.0,22900000.0,-1368400000.0,-109900000.0,919100000.0,-105100000.0,0.0,-259000000.0,-32900000.0,-247600000.0,-247600000.0,-247600000.0,-296900000.0,0.0,-0.117,845600000.0,-198500000.0,450000000.0,-0.348,3.011,-8.792,-8.56,328000000.0,0.0,22.94,1.027,1.02,474000000.0,839000000.0,2120600000.0,2120600000.0,63100000.0,-0.028,-0.093,0.035,0.06,11300000.0,349000000.0,1.0,94900000.0,94300000.0,95700000.0,22.488,3151000000.0,0.0,298800000.0,0.0,33.415,934000000.0
38,ITT,MRT,2011-12-31,2011-12-31,2011-12-31,2021-08-25,-97700000.0,3671500000.0,11146375000.0,1761700000.0,1909800000.0,0.187,7.487,-102300000.0,689800000.0,689800000.0,1440600000.0,-129500000.0,2.112,4.284,0.0,0.0,0.0,0.0,0.0,71300000.0,0.0,0.069,1.341,207500000.0,278800000.0,0.134,278800000.0,207500000.0,131100000.0,-1.4,-1.4,-1.4,694800000.0,3670950000.0,694800000.0,2279857500.0,11.0,8.177,-424700000.0,-4.577,1.0,645000000.0,0.309,574100000.0,76400000.0,1573600000.0,4561900000.0,248100000.0,0.0,0.0,0.0,2976700000.0,834000000.0,2142700000.0,1792857500.0,57500000.0,-5200000.0,53400000.0,-1315200000.0,-193000000.0,922300000.0,-106500000.0,0.0,-322400000.0,-2700000.0,-129500000.0,-129500000.0,-129500000.0,-447000000.0,0.0,-0.062,889900000.0,-244900000.0,361100000.0,-0.958,2.58,-13.844,-13.807,321400000.0,0.0,19.33,0.86,0.86,390500000.0,852600000.0,2085600000.0,2085600000.0,63500000.0,-0.012,-0.035,0.045,0.099,11500000.0,329900000.0,1.0,92750000.0,92800000.0,92800000.0,22.474,3097400000.0,0.0,260600000.0,0.0,33.377,927700000.0
39,ITT,MRT,2011-09-30,2011-09-30,2011-09-30,2021-08-25,-1649000000.0,15088000000.0,13382250000.0,6547000000.0,8541000000.0,-0.334,45.793,-5500000.0,2686000000.0,2686000000.0,-3304100000.0,674500000.0,1.568,2.554,3173000000.0,1305000000.0,1868000000.0,3173000000.0,0.0,-96500000.0,0.0,0.021,1.75,527800000.0,431300000.0,-0.097,431300000.0,527800000.0,430700000.0,7.3,7.33,7.3,4245000000.0,4612500000.0,4245000000.0,8050600000.0,15.0,18.666,-845500000.0,-9.121,1.0,-1163900000.0,0.26,5300000000.0,97100000.0,6099000000.0,6776500000.0,1011000000.0,0.0,0.0,0.0,10843000000.0,4176000000.0,6667000000.0,7782600000.0,1774900000.0,741300000.0,53500000.0,-323700000.0,-184800000.0,2096400000.0,734500000.0,0.0,-840000000.0,3900000.0,674500000.0,674500000.0,674500000.0,-1219700000.0,0.0,-0.151,-471600000.0,-692300000.0,1116000000.0,0.24,1.833,11.538,11.507,1214000000.0,0.0,84.0,-1.742,-1.743,2198000000.0,5709000000.0,-4468000000.0,-4468000000.0,-74900000.0,0.05,0.146,0.078,-0.118,1400000.0,-558900000.0,1.0,92650000.0,92700000.0,92700000.0,-48.198,9788000000.0,0.0,-243800000.0,0.0,105.588,2371000000.0
40,ITT,MRT,2011-06-30,2011-06-30,2011-06-30,2021-08-25,-884000000.0,13100000000.0,12725250000.0,5018000000.0,8082000000.0,-0.184,53.737,-57400000.0,1160000000.0,1160000000.0,-1789800000.0,711000000.0,1.695,1.633,1428000000.0,131000000.0,1297000000.0,1428000000.0,0.0,-39800000.0,0.0,0.017,2.0,508600000.0,468800000.0,-0.2,468800000.0,508600000.0,411500000.0,7.71,7.72,7.71,4976000000.0,4633500000.0,4976000000.0,11214013000.0,22.0,23.921,-656800000.0,-7.093,1.0,-551100000.0,0.235,5081000000.0,97100000.0,5327000000.0,6588000000.0,980000000.0,0.0,0.0,0.0,8124000000.0,2960000000.0,5164000000.0,10849013000.0,316200000.0,397300000.0,49500000.0,-35800000.0,-184700000.0,576400000.0,335900000.0,0.0,-599400000.0,133800000.0,711000000.0,711000000.0,711000000.0,-1214700000.0,0.0,-0.304,161900000.0,-713000000.0,1115000000.0,0.259,2.18,15.259,15.287,1242000000.0,0.0,117.86,-4.635,-4.662,2200000000.0,5676000000.0,-2340900000.0,-2340900000.0,-30700000.0,0.056,0.153,0.077,-0.217,4800000.0,-234500000.0,1.0,92050000.0,92600000.0,93400000.0,-25.28,8019000000.0,0.0,-299500000.0,0.0,86.598,2058000000.0
41,ITT,MRT,2011-03-31,2011-03-31,2011-03-31,2021-08-25,-955000000.0,12726000000.0,12204000000.0,4710000000.0,8016000000.0,-0.013,51.546,-89300000.0,1074000000.0,1074000000.0,-208200000.0,779300000.0,1.701,1.669,1439000000.0,85000000.0,1354000000.0,1439000000.0,0.0,14200000.0,0.0,0.017,2.0,646200000.0,660400000.0,-4.28,660400000.0,646200000.0,549100000.0,8.46,8.46,8.46,4768000000.0,4395000000.0,4768000000.0,11364185000.0,18.0,17.208,-275500000.0,-2.978,1.0,53900000.0,-0.349,5074000000.0,97100000.0,5248000000.0,6405500000.0,950000000.0,0.0,0.0,0.0,7958000000.0,2769000000.0,5189000000.0,11031185000.0,194700000.0,382700000.0,45500000.0,-211700000.0,-183400000.0,189100000.0,293000000.0,0.0,-186200000.0,78900000.0,779300000.0,779300000.0,779300000.0,-1075700000.0,0.0,-5.051,489500000.0,-435600000.0,981000000.0,0.236,2.314,14.155,14.196,1207000000.0,0.0,120.1,-71.492,-71.998,2075000000.0,5539000000.0,-154300000.0,-154300000.0,12300000.0,0.064,0.177,0.101,-4.188,8700000.0,48400000.0,1.0,91850000.0,92500000.0,92500000.0,-1.668,7652000000.0,0.0,-230200000.0,0.0,82.724,1941000000.0
42,ITT,MRT,2010-12-31,2010-12-31,2010-12-31,2021-08-25,287000000.0,12615000000.0,11822500000.0,4424000000.0,8191000000.0,0.16,48.489,-126300000.0,206000000.0,206000000.0,1286800000.0,804300000.0,1.614,1.828,1360000000.0,10000000.0,1350000000.0,1360000000.0,0.0,64200000.0,0.0,0.019,2.0,759200000.0,823400000.0,0.436,823400000.0,759200000.0,662100000.0,8.75,8.75,8.75,4461000000.0,4182750000.0,4461000000.0,10298396000.0,14.0,12.507,-200500000.0,-2.179,1.0,603900000.0,0.319,596000000.0,97100000.0,10432000000.0,6236500000.0,218000000.0,0.0,0.0,0.0,8154000000.0,2741000000.0,5413000000.0,9567396000.0,-183300000.0,-8300000.0,27500000.0,-134700000.0,-176400000.0,248100000.0,-135000000.0,0.0,-74200000.0,-18100000.0,804300000.0,804300000.0,804300000.0,-934700000.0,0.0,0.425,784500000.0,-180600000.0,397000000.0,0.229,2.145,11.895,11.911,299000000.0,0.0,104.22,5.06,5.071,315000000.0,5441000000.0,1890700000.0,1890700000.0,59300000.0,0.068,0.192,0.122,0.402,13700000.0,340400000.0,1.0,91800000.0,92000000.0,92000000.0,20.551,12019000000.0,320000000.0,-142200000.0,0.0,130.641,1683000000.0
43,ITT,MRT,2010-09-30,2010-09-30,2010-09-30,2021-08-25,-1022000000.0,12460000000.0,11451000000.0,4258000000.0,8202000000.0,0.163,47.029,-126000000.0,912000000.0,912000000.0,1224000000.0,713000000.0,1.525,1.878,1643000000.0,279000000.0,1364000000.0,1643000000.0,0.0,65000000.0,0.0,0.021,1.926,633000000.0,698000000.0,0.374,698000000.0,633000000.0,609000000.0,7.77,7.75,7.77,4329000000.0,4037000000.0,4329000000.0,9213622000.0,15.0,13.2,-259000000.0,-2.814,1.0,641000000.0,0.344,5054000000.0,24000000.0,5345000000.0,4755000000.0,942000000.0,0.0,0.0,0.0,8131000000.0,2792000000.0,5339000000.0,8588622000.0,-703000000.0,-717000000.0,27000000.0,-44000000.0,-215000000.0,51000000.0,-842000000.0,0.0,-133000000.0,-40000000.0,713000000.0,713000000.0,713000000.0,-890000000.0,0.0,0.382,835000000.0,-194000000.0,1269000000.0,0.248,1.984,12.046,12.054,1149000000.0,0.0,93.66,4.605,4.623,1911000000.0,5168000000.0,1865000000.0,1865000000.0,68000000.0,0.062,0.177,0.133,0.339,18000000.0,352000000.0,1.0,91700000.0,92050000.0,92650000.0,20.261,7406000000.0,1047000000.0,-104000000.0,97000000.0,80.456,1466000000.0
44,ITT,MRT,2010-06-30,2010-06-30,2010-06-30,2021-08-25,-1218000000.0,11015000000.0,11222100000.0,4093000000.0,6922000000.0,0.166,43.717,-111000000.0,844000000.0,844000000.0,1229000000.0,627000000.0,1.654,1.739,1469000000.0,106000000.0,1363000000.0,1469000000.0,0.0,65000000.0,0.0,0.021,1.852,643000000.0,708000000.0,0.38,708000000.0,643000000.0,594000000.0,6.83,6.83,6.83,4022000000.0,3851775000.0,4022000000.0,9016820000.0,14.0,12.736,-40000000.0,-0.435,1.0,633000000.0,0.34,4569000000.0,49000000.0,4597000000.0,4584575000.0,813000000.0,0.0,0.0,0.0,6993000000.0,2474000000.0,4519000000.0,8242820000.0,-442000000.0,-374000000.0,27000000.0,-345000000.0,-208000000.0,-243000000.0,-486000000.0,0.0,71000000.0,-60000000.0,627000000.0,627000000.0,627000000.0,-752000000.0,0.0,0.337,706000000.0,-73000000.0,1208000000.0,0.271,2.049,13.146,13.154,1037000000.0,0.0,89.84,4.427,4.439,1829000000.0,5058000000.0,1862000000.0,1862000000.0,66000000.0,0.056,0.163,0.14,0.345,18000000.0,337000000.0,1.0,91750000.0,92000000.0,92750000.0,20.239,6446000000.0,737000000.0,-33000000.0,55000000.0,70.065,1619000000.0
45,ITT,MRT,2010-03-31,2010-03-31,2010-03-31,2021-08-25,-1113000000.0,11200000000.0,11106325000.0,4027000000.0,7173000000.0,0.166,42.761,-96000000.0,880000000.0,880000000.0,1221000000.0,590000000.0,1.51,1.858,1654000000.0,289000000.0,1365000000.0,1654000000.0,0.0,67000000.0,0.0,0.017,1.778,631000000.0,698000000.0,0.379,698000000.0,631000000.0,559000000.0,6.45,6.47,6.45,3919000000.0,3711025000.0,3919000000.0,10095469000.0,16.0,14.463,19000000.0,0.207,1.0,621000000.0,0.337,4735000000.0,72000000.0,4572000000.0,4470600000.0,821000000.0,0.0,0.0,0.0,7281000000.0,2667000000.0,4614000000.0,9805269000.0,-298000000.0,-394000000.0,23000000.0,-324000000.0,-201000000.0,-221000000.0,-490000000.0,0.0,115000000.0,22000000.0,590000000.0,590000000.0,590000000.0,-741000000.0,0.0,0.32,715000000.0,-94000000.0,1207000000.0,0.276,2.502,16.619,16.623,1049000000.0,0.0,107.22,5.323,5.335,1853000000.0,4850000000.0,1842000000.0,1842000000.0,63000000.0,0.053,0.159,0.141,0.343,18000000.0,351000000.0,1.0,91450000.0,91650000.0,92450000.0,20.098,6465000000.0,781000000.0,-31000000.0,128000000.0,70.54,1360000000.0
46,ITT,MRT,2009-12-31,2009-12-31,2009-12-31,2021-08-25,-1040000000.0,11129000000.0,10880775000.0,4351000000.0,6778000000.0,0.163,42.475,-92000000.0,1216000000.0,1216000000.0,1207000000.0,629000000.0,1.658,1.87,1506000000.0,75000000.0,1431000000.0,1506000000.0,0.0,65000000.0,0.0,0.017,1.704,630000000.0,695000000.0,0.393,695000000.0,630000000.0,532000000.0,6.89,6.89,6.89,3878000000.0,3519850000.0,3878000000.0,9422298000.0,15.0,13.557,169000000.0,1.851,1.0,563000000.0,0.318,4289000000.0,98000000.0,4506000000.0,4114200000.0,802000000.0,0.0,0.0,0.0,7251000000.0,2624000000.0,4627000000.0,9087498000.0,-16000000.0,6000000.0,15000000.0,-644000000.0,-148000000.0,-497000000.0,-86000000.0,0.0,261000000.0,40000000.0,629000000.0,629000000.0,629000000.0,-740000000.0,0.0,0.355,684000000.0,-121000000.0,1273000000.0,0.247,2.343,14.448,14.438,1050000000.0,0.0,99.48,5.134,5.131,1754000000.0,4737000000.0,1770000000.0,1770000000.0,53000000.0,0.058,0.179,0.153,0.356,18000000.0,350000000.0,1.0,91350000.0,91300000.0,91300000.0,19.387,6840000000.0,583000000.0,-97000000.0,0.0,74.918,1727000000.0
47,ITT,MRT,2009-09-30,2009-09-30,2009-09-30,2021-08-25,-1149800000.0,11544400000.0,10718575000.0,4396800000.0,7147600000.0,0.993,39.279,-251400000.0,1347700000.0,1347700000.0,7668900000.0,629800000.0,1.568,2.217,1682500000.0,242800000.0,1439700000.0,1682500000.0,0.0,272200000.0,0.0,0.016,1.628,872600000.0,1144800000.0,0.108,1144800000.0,872600000.0,759900000.0,6.9,6.9,6.9,3588100000.0,3315325000.0,3588100000.0,10304860000.0,12.0,9.001,1007600000.0,11.03,1.0,2973300000.0,0.279,4412300000.0,112700000.0,4663300000.0,3783675000.0,815400000.0,0.0,0.0,0.0,7956300000.0,2803600000.0,5152700000.0,9512160000.0,390700000.0,-45500000.0,7400000.0,-446000000.0,-140900000.0,-574600000.0,-300500000.0,0.0,1259000000.0,-8800000.0,629800000.0,629800000.0,629800000.0,-10500000.0,0.0,0.059,2128200000.0,845100000.0,1274500000.0,0.236,2.651,15.103,15.116,998000000.0,0.0,104.3,0.894,0.895,1819600000.0,4556700000.0,10642200000.0,10642200000.0,231500000.0,0.059,0.19,0.231,0.082,29800000.0,1569800000.0,1.0,91200000.0,91350000.0,92150000.0,116.499,7132100000.0,1062500000.0,130100000.0,137900000.0,78.074,1593200000.0
48,ITT,MRT,2009-06-30,2009-06-30,2009-06-30,2021-08-25,-1255400000.0,10551900000.0,10491700000.0,4133300000.0,6418600000.0,1.037,37.907,-255600000.0,1019000000.0,1019000000.0,7857500000.0,787100000.0,1.486,2.051,1811700000.0,355300000.0,1456400000.0,1811700000.0,0.0,265400000.0,0.0,0.017,1.552,1121800000.0,1387200000.0,0.127,1387200000.0,1121800000.0,1004800000.0,8.64,8.6,8.64,3459000000.0,3521375000.0,3459000000.0,9165400000.0,8.0,6.607,907200000.0,9.942,1.0,3024000000.0,0.278,4422700000.0,117000000.0,4141100000.0,3428400000.0,858000000.0,0.0,0.0,0.0,7092900000.0,2780800000.0,4312100000.0,8099000000.0,141300000.0,-48300000.0,-61000000.0,-428500000.0,-133800000.0,-617100000.0,-299000000.0,0.0,1162800000.0,-113800000.0,787100000.0,787100000.0,787100000.0,-27300000.0,0.0,0.072,1939900000.0,1084100000.0,1316400000.0,0.18,2.341,10.29,10.301,984500000.0,0.0,89.0,0.744,0.746,1900300000.0,4533300000.0,10881500000.0,10881500000.0,234200000.0,0.075,0.224,0.327,0.103,31000000.0,1604200000.0,1.0,91000000.0,91250000.0,91800000.0,119.249,6129200000.0,794400000.0,217700000.0,94500000.0,67.169,1352500000.0
49,ITT,MRT,2009-03-31,2009-03-31,2009-03-31,2021-08-25,-1385300000.0,10297800000.0,10554525000.0,3953100000.0,6344700000.0,1.064,34.663,-262100000.0,911000000.0,911000000.0,8104500000.0,807100000.0,1.031,2.265,1977400000.0,1510900000.0,466500000.0,1977400000.0,0.0,268800000.0,0.0,0.019,1.476,1172500000.0,1441300000.0,0.128,1441300000.0,1172500000.0,1047100000.0,8.86,8.78,8.86,3154300000.0,3749575000.0,3154300000.0,8175846000.0,7.0,5.673,838600000.0,9.215,1.0,3122100000.0,0.278,4383300000.0,125400000.0,3146400000.0,3236275000.0,826200000.0,0.0,0.0,0.0,7143500000.0,3834500000.0,3309000000.0,6993846000.0,11400000.0,-52300000.0,-43300000.0,-433900000.0,-127600000.0,-598600000.0,-313200000.0,0.0,1100700000.0,-178000000.0,807100000.0,807100000.0,807100000.0,-23000000.0,0.0,0.072,1986200000.0,1135900000.0,1231300000.0,0.167,2.217,8.665,8.684,960500000.0,0.0,76.94,0.623,0.624,1853600000.0,4358700000.0,11226600000.0,11226600000.0,236400000.0,0.076,0.215,0.362,0.104,29900000.0,1661000000.0,1.0,90900000.0,91000000.0,91600000.0,123.369,5914500000.0,805800000.0,240000000.0,97300000.0,64.995,118600000.0
50,ITT,MRT,2008-12-31,2008-12-31,2008-12-31,2021-08-25,-1323700000.0,10480200000.0,10678900000.0,4064200000.0,6416000000.0,1.075,33.644,-248000000.0,964900000.0,964900000.0,8262000000.0,795000000.0,1.008,2.425,2146900000.0,1679000000.0,467900000.0,2146900000.0,0.0,274000000.0,0.0,0.015,1.4,1243000000.0,1517000000.0,0.132,1517000000.0,1243000000.0,1103000000.0,8.74,8.64,8.74,3059900000.0,4011225000.0,3059900000.0,9535398484.0,8.0,6.286,859000000.0,9.445,1.0,3214000000.0,0.28,4447800000.0,140000000.0,3183900000.0,3290325000.0,803800000.0,0.0,0.0,0.0,7420300000.0,4030500000.0,3389800000.0,8351298484.0,-875000000.0,-254000000.0,-41000000.0,-1251000000.0,-121000000.0,-1407000000.0,-502000000.0,0.0,1107000000.0,-74000000.0,795000000.0,795000000.0,795000000.0,-27000000.0,0.0,0.069,2016000000.0,1198000000.0,1234600000.0,0.16,2.729,10.505,10.524,993900000.0,0.0,91.98,0.728,0.729,1961100000.0,4203000000.0,11476000000.0,11476000000.0,236000000.0,0.074,0.198,0.378,0.108,30000000.0,1689000000.0,1.0,90794722.0,90950000.0,92000000.0,126.179,6032400000.0,811900000.0,308000000.0,56900000.0,66.327,33700000.0
51,ITT,MRT,2008-09-30,2008-09-30,2008-09-30,2021-08-25,196400000.0,10636900000.0,10947025000.0,4020800000.0,6616100000.0,1.03,48.513,-267700000.0,957300000.0,957300000.0,8139200000.0,767500000.0,0.991,1.411,2141400000.0,1662300000.0,479100000.0,2141400000.0,0.0,266500000.0,0.0,0.012,1.33,1285100000.0,1551600000.0,0.138,1551600000.0,1285100000.0,1137600000.0,8.42,8.28,8.42,4412300000.0,4232450000.0,4412300000.0,11508774219.0,9.0,7.417,936300000.0,10.295,1.0,3139300000.0,0.278,4520000000.0,147500000.0,3242200000.0,3309275000.0,881900000.0,0.0,0.0,0.0,6224600000.0,4058800000.0,2165800000.0,10106774219.0,-482800000.0,-1791800000.0,-33200000.0,502200000.0,-114400000.0,363200000.0,-2050600000.0,0.0,1204000000.0,20100000.0,767500000.0,767500000.0,767500000.0,-39400000.0,0.0,0.068,1923400000.0,1215900000.0,1267300000.0,0.158,2.291,13.168,13.209,971400000.0,0.0,111.22,0.896,0.897,1921200000.0,4035500000.0,11278500000.0,11278500000.0,224900000.0,0.07,0.181,0.388,0.114,31200000.0,1632200000.0,1.0,90871914.0,90950000.0,92200000.0,124.008,6116900000.0,145900000.0,370100000.0,84500000.0,67.256,-38000000.0
52,ITT,MRT,2008-06-30,2008-06-30,2008-06-30,2021-08-25,336800000.0,10803200000.0,10437125000.0,4124500000.0,6678700000.0,1.014,47.963,-252400000.0,877700000.0,877700000.0,7610700000.0,781300000.0,0.97,1.471,2279700000.0,1799000000.0,480700000.0,2279700000.0,0.0,245200000.0,0.0,0.01,1.26,1269900000.0,1515100000.0,0.143,1515100000.0,1269900000.0,1125900000.0,8.6,8.44,8.6,4371800000.0,3992125000.0,4371800000.0,13079273115.0,10.0,8.633,896500000.0,9.835,1.0,2969700000.0,0.281,4579100000.0,144000000.0,3372600000.0,3180700000.0,923400000.0,0.0,0.0,0.0,6431400000.0,4253500000.0,2177900000.0,11506073115.0,-235600000.0,-1950500000.0,27000000.0,788300000.0,-108000000.0,710900000.0,-2197200000.0,0.0,1148900000.0,132500000.0,781300000.0,781300000.0,781300000.0,-89100000.0,0.0,0.074,1822300000.0,1147400000.0,1336000000.0,0.147,2.632,14.727,14.728,988800000.0,0.0,126.66,1.087,1.091,2038700000.0,3854500000.0,10580400000.0,10580400000.0,211000000.0,0.075,0.196,0.399,0.12,30900000.0,1544400000.0,1.0,90842200.0,91150000.0,92450000.0,116.077,6224100000.0,146500000.0,344600000.0,68200000.0,68.284,-129000000.0
53,ITT,MRT,2008-03-31,2008-03-31,2008-03-31,2021-08-25,339200000.0,10795300000.0,9713050000.0,4143300000.0,6652000000.0,1.003,46.215,-245100000.0,899600000.0,899600000.0,6994400000.0,774000000.0,0.935,1.57,2472800000.0,1990300000.0,482500000.0,2472800000.0,0.0,212400000.0,0.0,0.011,1.19,1188000000.0,1400400000.0,0.144,1400400000.0,1188000000.0,1056300000.0,8.56,8.38,8.56,4200900000.0,3661425000.0,4200900000.0,11133086937.0,9.0,7.95,773000000.0,8.504,1.0,2745000000.0,0.282,4576100000.0,131700000.0,3362600000.0,3015450000.0,960300000.0,0.0,0.0,0.0,6594400000.0,4429800000.0,2164600000.0,9407086937.0,-150600000.0,-1914900000.0,-74100000.0,1006900000.0,-101700000.0,836000000.0,-2152000000.0,0.0,1018100000.0,169700000.0,774000000.0,774000000.0,774000000.0,-106900000.0,0.0,0.079,1701200000.0,1043800000.0,1341000000.0,0.139,2.239,12.154,12.105,985300000.0,0.0,103.62,0.966,0.967,1984300000.0,3680900000.0,9739400000.0,9739400000.0,194600000.0,0.08,0.211,0.394,0.122,35200000.0,1429500000.0,1.0,90784472.0,90900000.0,92000000.0,107.144,6219200000.0,142100000.0,282300000.0,108900000.0,68.418,-286500000.0
54,ITT,MRT,2007-12-31,2007-12-31,2007-12-31,2021-08-25,235300000.0,11552700000.0,8946550000.0,4929800000.0,6622900000.0,1.006,43.469,-239300000.0,1840000000.0,1840000000.0,6435000000.0,742100000.0,0.904,1.929,3566000000.0,3083000000.0,483000000.0,3566000000.0,0.0,185400000.0,0.0,0.008,1.12,1122500000.0,1307900000.0,0.145,1307900000.0,1122500000.0,1007600000.0,8.18,8.04,8.18,3944800000.0,3337775000.0,3944800000.0,12168841524.0,11.0,9.304,558800000.0,6.158,1.0,2568300000.0,0.285,4562700000.0,114900000.0,3259700000.0,2801400000.0,887600000.0,0.0,0.0,0.0,7607900000.0,5456300000.0,2151600000.0,11973741524.0,902900000.0,-1725600000.0,-233600000.0,2297200000.0,-96600000.0,1980100000.0,-1958100000.0,0.0,798100000.0,103000000.0,742100000.0,742100000.0,742100000.0,-109100000.0,0.0,0.082,1591100000.0,977200000.0,1296800000.0,0.137,3.035,16.135,16.147,980300000.0,0.0,132.08,1.33,1.331,1935000000.0,3528800000.0,9003300000.0,9003300000.0,182300000.0,0.083,0.222,0.401,0.125,34600000.0,1328900000.0,1.0,90655220.0,90750000.0,92250000.0,99.21,6990000000.0,135600000.0,265500000.0,49100000.0,77.025,-526500000.0
55,ITT,MRT,2007-09-30,2007-09-30,2007-09-30,2021-08-25,-108000000.0,8597300000.0,7908525000.0,3937800000.0,4659500000.0,1.078,38.302,-190100000.0,1440100000.0,1440100000.0,6065800000.0,724600000.0,1.244,1.491,1635200000.0,1143800000.0,491400000.0,1635200000.0,0.0,179200000.0,0.0,0.008,1.06,1057700000.0,1236900000.0,0.145,1236900000.0,1057700000.0,963600000.0,8.0,7.84,8.0,3451000000.0,3068925000.0,3451000000.0,12636996875.0,12.0,10.217,593300000.0,6.585,1.0,2460100000.0,0.289,2898300000.0,94100000.0,2727900000.0,2579900000.0,779100000.0,0.0,0.0,0.0,5146300000.0,3166200000.0,1980100000.0,12301696875.0,647600000.0,-174700000.0,-301400000.0,517000000.0,-91600000.0,137300000.0,-363200000.0,0.0,783400000.0,91500000.0,724600000.0,724600000.0,724600000.0,-98100000.0,0.0,0.085,1532200000.0,927900000.0,1016400000.0,0.133,3.565,16.977,16.983,875300000.0,0.0,135.86,1.443,1.436,1493900000.0,3378600000.0,8525900000.0,8525900000.0,171200000.0,0.092,0.236,0.41,0.124,32800000.0,1310200000.0,1.0,90546864.0,90100000.0,91850000.0,94.627,5699000000.0,283700000.0,239000000.0,75100000.0,63.252,771600000.0
56,ITT,MRT,2007-06-30,2007-06-30,2007-06-30,2021-08-25,-290500000.0,7906900000.0,7643250000.0,3678900000.0,4228000000.0,1.092,33.821,-182500000.0,1113300000.0,1113300000.0,5963500000.0,638000000.0,1.233,1.593,1448600000.0,962600000.0,486000000.0,1448600000.0,0.0,176200000.0,0.0,0.007,1.0,948900000.0,1125100000.0,0.135,1125100000.0,948900000.0,861200000.0,7.0,6.88,7.0,3049000000.0,2993925000.0,3049000000.0,12759056409.0,13.0,11.34,639700000.0,7.096,1.0,2382300000.0,0.285,2547800000.0,87700000.0,2711600000.0,2579900000.0,752900000.0,0.0,0.0,0.0,4857900000.0,2982800000.0,1875100000.0,12408056409.0,358300000.0,-20800000.0,-300300000.0,36500000.0,-86400000.0,-335300000.0,-203100000.0,0.0,822200000.0,47300000.0,638000000.0,638000000.0,638000000.0,-39700000.0,0.0,0.076,1499000000.0,883300000.0,984400000.0,0.143,4.07,19.448,19.509,826100000.0,0.0,136.56,1.487,1.475,1429200000.0,3159200000.0,8345800000.0,8345800000.0,166100000.0,0.083,0.213,0.368,0.114,30800000.0,1279500000.0,1.0,90861573.0,90150000.0,91850000.0,92.577,5359100000.0,274000000.0,223200000.0,100200000.0,59.446,696100000.0
57,ITT,MRT,2007-03-31,2007-03-31,2007-03-31,2021-08-25,-315000000.0,7729300000.0,7548100000.0,3565800000.0,4163500000.0,1.071,32.078,-176800000.0,1050200000.0,1050200000.0,5795800000.0,565200000.0,1.177,1.659,1401200000.0,914600000.0,486600000.0,1401200000.0,0.0,173500000.0,0.0,0.008,0.94,899200000.0,1072700000.0,0.133,1072700000.0,899200000.0,809100000.0,6.14,6.06,6.14,2906300000.0,2988425000.0,2906300000.0,11126097552.0,12.0,10.372,654200000.0,7.221,1.0,2290900000.0,0.283,2544600000.0,90100000.0,2506400000.0,2630450000.0,761900000.0,0.0,0.0,0.0,4823000000.0,3029300000.0,1793700000.0,10965797552.0,426400000.0,-67900000.0,-264300000.0,69000000.0,-81300000.0,-259500000.0,-249700000.0,0.0,831000000.0,51200000.0,565200000.0,565200000.0,565200000.0,-31600000.0,0.0,0.07,1441600000.0,849300000.0,953100000.0,0.153,3.773,19.402,19.648,822100000.0,0.0,120.64,1.356,1.352,1348500000.0,3040000000.0,8086700000.0,8086700000.0,162600000.0,0.075,0.189,0.342,0.111,26100000.0,1232700000.0,1.0,90896863.0,90600000.0,92150000.0,89.257,5184700000.0,246500000.0,243900000.0,194200000.0,57.226,536500000.0
58,ITT,MRT,2006-12-31,2006-12-31,2006-12-31,2021-08-25,-342700000.0,7400600000.0,7421800000.0,3318300000.0,4082300000.0,1.052,31.138,-177100000.0,937100000.0,937100000.0,5618400000.0,581100000.0,1.258,1.579,1097400000.0,597000000.0,500400000.0,1097400000.0,0.0,171600000.0,0.0,0.008,0.88,894900000.0,1066500000.0,0.137,1066500000.0,894900000.0,808700000.0,6.3,6.2,6.3,2869400000.0,2977150000.0,2869400000.0,10809075134.0,12.0,10.135,603600000.0,6.55,1.0,2189500000.0,0.28,2550000000.0,86200000.0,2373700000.0,2714300000.0,726500000.0,0.0,0.0,0.0,4531200000.0,2637200000.0,1894000000.0,10494575134.0,486100000.0,137100000.0,-141000000.0,-168400000.0,-77600000.0,-369800000.0,-46300000.0,0.0,780700000.0,50600000.0,581100000.0,581100000.0,581100000.0,-81400000.0,0.0,0.074,1388500000.0,801000000.0,929400000.0,0.14,3.657,18.06,18.038,833000000.0,0.0,113.64,1.344,1.341,1288900000.0,3029500000.0,7807900000.0,7807900000.0,160900000.0,0.078,0.195,0.33,0.115,22900000.0,1175900000.0,1.0,92349306.0,92150000.0,93700000.0,84.73,4850600000.0,215900000.0,227600000.0,105800000.0,52.638,681100000.0
59,ITT,MRT,2006-09-30,2006-09-30,2006-09-30,2021-08-25,-35700000.0,7536200000.0,7339625000.0,3143600000.0,4392600000.0,1.036,34.231,-164300000.0,792500000.0,792500000.0,5440800000.0,356300000.0,1.22,1.392,1107000000.0,595300000.0,511700000.0,1107000000.0,0.0,173700000.0,0.0,0.008,0.84,661000000.0,834700000.0,0.11,834700000.0,661000000.0,577100000.0,3.88,3.82,3.88,3151000000.0,2940650000.0,3151000000.0,10129570741.0,15.0,12.136,558100000.0,6.063,1.0,2161300000.0,0.284,2546800000.0,83900000.0,2727900000.0,2830375000.0,717200000.0,0.0,0.0,0.0,4385200000.0,2576000000.0,1809200000.0,9468270741.0,322200000.0,133700000.0,-110800000.0,-319200000.0,-74000000.0,-491900000.0,-38300000.0,0.0,722400000.0,24400000.0,356300000.0,356300000.0,356300000.0,137500000.0,0.0,0.047,1357100000.0,804200000.0,833700000.0,0.216,3.005,26.574,26.428,775600000.0,0.0,102.54,1.245,1.242,1270500000.0,3002400000.0,7602100000.0,7602100000.0,160000000.0,0.049,0.121,0.234,0.087,18200000.0,1154200000.0,1.0,92337339.0,92050000.0,93350000.0,82.587,4989400000.0,164500000.0,220800000.0,147400000.0,54.203,567600000.0
60,ITT,MRT,2006-06-30,2006-06-30,2006-06-30,2021-08-25,-29000000.0,7526300000.0,7339675000.0,3060500000.0,4465800000.0,0.999,32.849,-161200000.0,755000000.0,755000000.0,5273000000.0,402100000.0,1.127,1.486,1416300000.0,900100000.0,516200000.0,1416300000.0,0.0,162200000.0,0.0,0.008,0.8,670900000.0,833100000.0,0.114,833100000.0,670900000.0,588500000.0,4.36,4.28,4.36,3027000000.0,2772125000.0,3027000000.0,9865862352.0,15.0,11.842,501500000.0,5.442,1.0,2062600000.0,0.281,2558300000.0,82400000.0,2913800000.0,2943950000.0,728300000.0,0.0,0.0,0.0,4499300000.0,2715500000.0,1783800000.0,9155762352.0,370800000.0,105800000.0,-199900000.0,-2800000.0,-52800000.0,-244400000.0,-63900000.0,0.0,662700000.0,25200000.0,402100000.0,402100000.0,402100000.0,104700000.0,0.0,0.055,1293300000.0,769300000.0,869200000.0,0.183,3.025,22.77,22.706,840100000.0,0.0,99.0,1.248,1.244,1403900000.0,2871800000.0,7335600000.0,7335600000.0,156500000.0,0.055,0.145,0.228,0.091,12300000.0,1080500000.0,1.0,92482448.0,92150000.0,93600000.0,79.605,4968000000.0,165200000.0,186400000.0,147900000.0,53.912,345000000.0
61,ITT,MRT,2006-03-31,2006-03-31,2006-03-31,2021-08-25,-108800000.0,7224100000.0,7332225000.0,2824200000.0,4399900000.0,0.987,30.999,-166400000.0,623800000.0,623800000.0,5213000000.0,398900000.0,1.087,1.525,1333900000.0,819500000.0,514400000.0,1333900000.0,0.0,167500000.0,0.0,0.007,0.76,651600000.0,819100000.0,0.113,819100000.0,651600000.0,576800000.0,4.34,4.24,4.34,2861200000.0,2604575000.0,2861200000.0,11200928102.0,17.0,13.675,488200000.0,5.289,1.0,2022500000.0,0.28,2495200000.0,74800000.0,2841800000.0,3020950000.0,707000000.0,0.0,0.0,0.0,4362900000.0,2597200000.0,1765700000.0,10384228102.0,287500000.0,155100000.0,-167700000.0,-99500000.0,-49000000.0,-310400000.0,-15400000.0,0.0,654600000.0,-9200000.0,398900000.0,398900000.0,398900000.0,104400000.0,0.0,0.055,1272300000.0,750200000.0,816800000.0,0.175,3.629,26.032,25.908,829300000.0,0.0,112.44,1.435,1.434,1317300000.0,2785300000.0,7235500000.0,7235500000.0,161800000.0,0.054,0.153,0.216,0.09,5800000.0,1058900000.0,1.0,92353505.0,92300000.0,93900000.0,78.391,4728900000.0,163200000.0,177900000.0,167400000.0,51.234,227000000.0
62,ITT,MRT,2005-12-31,2005-12-31,2005-12-31,2021-08-25,-127200000.0,7071900000.0,7391875000.0,2886600000.0,4185300000.0,0.953,29.506,-164400000.0,451000000.0,451000000.0,5072600000.0,359500000.0,1.106,1.597,1266900000.0,750900000.0,516000000.0,1266900000.0,0.0,174400000.0,0.0,0.007,0.72,579200000.0,753600000.0,0.107,753600000.0,579200000.0,504200000.0,3.9,3.82,3.9,2723400000.0,2475325000.0,2723400000.0,10465472610.0,18.0,13.887,548500000.0,5.943,1.0,1968200000.0,0.28,2438800000.0,75000000.0,2838000000.0,3109625000.0,622900000.0,0.0,0.0,0.0,4348500000.0,2611000000.0,1737500000.0,9494672610.0,188100000.0,-44100000.0,-182500000.0,10000000.0,-65600000.0,-239700000.0,-210700000.0,0.0,712900000.0,-25100000.0,359500000.0,359500000.0,359500000.0,162800000.0,0.0,0.051,1242700000.0,725500000.0,751500000.0,0.185,3.486,26.411,26.364,782000000.0,0.0,102.82,1.349,1.348,1197700000.0,2666000000.0,7040800000.0,7040800000.0,156800000.0,0.049,0.145,0.186,0.082,1500000.0,1032000000.0,1.0,92342663.0,92300000.0,94250000.0,76.282,4633100000.0,144500000.0,144700000.0,202800000.0,50.196,275600000.0
63,ITT,MRT,2005-09-30,2005-09-30,2005-09-30,2021-08-25,-492400000.0,7536400000.0,7444550000.0,2646800000.0,4889600000.0,0.874,26.806,-121400000.0,470300000.0,470300000.0,5041200000.0,565100000.0,1.006,2.043,1441100000.0,898000000.0,543100000.0,1441100000.0,0.0,135600000.0,0.0,0.006,0.71,760900000.0,896500000.0,0.138,896500000.0,760900000.0,692500000.0,6.12,5.99,6.12,2476900000.0,2380225000.0,2476900000.0,11596858435.0,15.0,12.936,562000000.0,6.082,1.0,1467600000.0,0.225,2693200000.0,68400000.0,3182200000.0,3173100000.0,693300000.0,0.0,0.0,0.0,5059500000.0,2631800000.0,2427700000.0,10532058435.0,216400000.0,-45500000.0,-167900000.0,-29500000.0,-64600000.0,-262400000.0,-143000000.0,24900000.0,683400000.0,1600000.0,565100000.0,565100000.0,565100000.0,-64000000.0,0.0,0.087,811700000.0,655900000.0,782000000.0,0.116,4.252,18.638,18.562,941500000.0,0.0,113.6,1.618,1.613,1312700000.0,2877000000.0,6508800000.0,6508800000.0,-207400000.0,0.076,0.237,0.24,0.117,0.0,966800000.0,1.0,92711782.0,92400000.0,94450000.0,70.442,4843200000.0,316800000.0,127400000.0,144200000.0,52.416,15000000.0
64,ITT,MRT,2005-06-30,2005-06-30,2005-06-30,2021-08-25,-506300000.0,7496500000.0,7369300000.0,2582800000.0,4913700000.0,0.874,25.548,-126800000.0,384200000.0,384200000.0,4868500000.0,485600000.0,0.971,2.181,1449000000.0,887700000.0,561300000.0,1449000000.0,0.0,152800000.0,0.0,0.007,0.7,697800000.0,850600000.0,0.132,850600000.0,697800000.0,634500000.0,5.27,5.15,5.27,2356800000.0,2270300000.0,2356800000.0,10114632547.0,14.0,11.891,420800000.0,4.562,1.0,1568900000.0,0.244,2678400000.0,63300000.0,3221800000.0,3130675000.0,696100000.0,0.0,0.0,0.0,5139700000.0,2661100000.0,2478600000.0,9010332547.0,164700000.0,-746900000.0,-86400000.0,600200000.0,-81100000.0,432500000.0,-849000000.0,24900000.0,547600000.0,3600000.0,485600000.0,485600000.0,485600000.0,-27600000.0,0.0,0.075,925600000.0,643300000.0,764300000.0,0.133,3.823,18.555,18.526,909300000.0,0.0,97.63,1.4,1.399,1309300000.0,2770700000.0,6437400000.0,6437400000.0,-95400000.0,0.066,0.214,0.223,0.108,0.0,986300000.0,1.0,92290613.0,92250000.0,94250000.0,69.782,4818100000.0,332500000.0,148900000.0,269800000.0,52.229,-78300000.0
65,ITT,MRT,2005-03-31,2005-03-31,2005-03-31,2021-08-25,-404900000.0,7462700000.0,7076525000.0,2477700000.0,4985000000.0,0.879,25.398,-123600000.0,336300000.0,336300000.0,4590100000.0,459900000.0,0.937,2.183,1440600000.0,905000000.0,535600000.0,1440600000.0,0.0,153600000.0,0.0,0.008,0.69,649800000.0,803400000.0,0.129,803400000.0,649800000.0,589600000.0,4.98,4.87,4.98,2344200000.0,2163425000.0,2344200000.0,9336547637.0,14.0,11.621,456800000.0,4.949,1.0,1630200000.0,0.262,2726400000.0,60200000.0,3196500000.0,3059950000.0,709700000.0,0.0,0.0,0.0,5118500000.0,2644100000.0,2474400000.0,8327447637.0,137200000.0,-762900000.0,-107200000.0,565800000.0,-80200000.0,377900000.0,-861600000.0,24900000.0,580400000.0,17400000.0,459900000.0,459900000.0,459900000.0,-19300000.0,0.0,0.074,1028900000.0,601300000.0,712700000.0,0.139,3.552,18.107,18.12,942900000.0,0.0,90.24,1.339,1.339,1238800000.0,2653400000.0,6220300000.0,6220300000.0,26400000.0,0.065,0.213,0.212,0.104,0.0,959500000.0,1.0,92281113.0,92300000.0,94250000.0,67.392,4736300000.0,335300000.0,129700000.0,266500000.0,51.314,-166400000.0
66,ITT,MRT,2004-12-31,2004-12-31,2004-12-31,2021-08-25,-338400000.0,7282600000.0,6778675000.0,2488300000.0,4794300000.0,0.88,25.385,-126100000.0,262900000.0,262900000.0,4297100000.0,432300000.0,1.007,2.108,1272000000.0,729200000.0,542800000.0,1272000000.0,0.0,153000000.0,0.0,0.008,0.68,637500000.0,790500000.0,0.133,790500000.0,637500000.0,587100000.0,4.68,4.58,4.68,2343000000.0,2044150000.0,2343000000.0,9004840648.0,14.0,11.391,332600000.0,3.603,1.0,1668400000.0,0.28,2728800000.0,50400000.0,3091900000.0,3019825000.0,685700000.0,0.0,0.0,0.0,4939600000.0,2471000000.0,2468600000.0,7796340648.0,-151300000.0,-1005700000.0,-82800000.0,605200000.0,-61800000.0,460400000.0,-1106800000.0,24900000.0,458700000.0,17700000.0,432300000.0,432300000.0,432300000.0,-24100000.0,0.0,0.072,1080600000.0,587800000.0,688100000.0,0.145,3.328,18.035,18.045,872000000.0,0.0,84.45,1.307,1.307,1110900000.0,2496800000.0,5965500000.0,5965500000.0,126700000.0,0.064,0.211,0.211,0.107,0.0,924600000.0,1.0,92319013.0,92300000.0,94400000.0,64.632,4553800000.0,316700000.0,154800000.0,283100000.0,49.337,17300000.0
67,ITT,MRT,2004-09-30,2004-09-30,2004-09-30,2021-08-25,-547200000.0,7235400000.0,6442425000.0,2313100000.0,4922300000.0,0.912,22.072,-139300000.0,253900000.0,253900000.0,4208700000.0,418800000.0,0.848,2.552,1462400000.0,1019500000.0,442900000.0,1462400000.0,0.0,168800000.0,0.0,0.008,0.67,639400000.0,808200000.0,0.138,808200000.0,639400000.0,547700000.0,4.53,4.44,4.53,2037200000.0,1920325000.0,2037200000.0,7961978265.0,12.0,9.851,382700000.0,4.146,1.0,1666100000.0,0.284,2702600000.0,91700000.0,3012500000.0,2930700000.0,654100000.0,0.0,0.0,0.0,5198200000.0,2728800000.0,2469400000.0,7381278265.0,-58400000.0,-984000000.0,-90100000.0,670000000.0,-60900000.0,518800000.0,-1125200000.0,0.0,522000000.0,19500000.0,418800000.0,418800000.0,418800000.0,-16900000.0,0.0,0.071,1109700000.0,556400000.0,713400000.0,0.148,3.623,17.625,17.658,923500000.0,0.0,79.99,1.256,1.257,1249000000.0,2492100000.0,5874800000.0,5874800000.0,167000000.0,0.065,0.218,0.218,0.109,0.0,900200000.0,1.0,92277513.0,92300000.0,94300000.0,63.649,4532800000.0,438100000.0,128900000.0,294100000.0,49.109,-415700000.0
68,ITT,MRT,2004-06-30,2004-06-30,2004-06-30,2021-08-25,-565100000.0,6325400000.0,6093425000.0,2214500000.0,4110900000.0,0.917,20.88,-142000000.0,219500000.0,219500000.0,4015100000.0,418200000.0,1.097,2.279,800200000.0,359700000.0,440500000.0,800200000.0,0.0,165500000.0,0.0,0.008,0.66,613900000.0,779400000.0,0.14,779400000.0,613900000.0,540300000.0,4.52,4.44,4.52,1929300000.0,1781950000.0,1929300000.0,8374178283.0,14.0,10.744,488600000.0,5.288,1.0,1571700000.0,0.281,1947800000.0,73600000.0,2938900000.0,2863575000.0,632300000.0,0.0,0.0,0.0,4396100000.0,2019400000.0,2376700000.0,7687078283.0,-16500000.0,-248900000.0,-85800000.0,-186600000.0,-60000000.0,-332600000.0,-349200000.0,43500000.0,630600000.0,18900000.0,418200000.0,418200000.0,418200000.0,-24100000.0,0.0,0.075,1045900000.0,525800000.0,733800000.0,0.146,3.984,18.381,18.363,862100000.0,0.0,83.0,1.376,1.373,1213900000.0,2402100000.0,5586800000.0,5586800000.0,154000000.0,0.069,0.235,0.214,0.11,0.0,853400000.0,1.0,92615401.0,92400000.0,94500000.0,60.463,4377600000.0,443800000.0,122100000.0,271900000.0,47.377,195100000.0
69,ITT,MRT,2004-03-31,2004-03-31,2004-03-31,2021-08-25,-559500000.0,6271300000.0,5994650000.0,2132600000.0,4138700000.0,0.897,20.229,-143400000.0,199100000.0,199100000.0,3890100000.0,406100000.0,1.068,2.359,886200000.0,414600000.0,471600000.0,886200000.0,0.0,165100000.0,0.0,0.009,0.65,604300000.0,769400000.0,0.143,769400000.0,604300000.0,535700000.0,4.39,4.32,4.39,1867100000.0,1645650000.0,1867100000.0,7231269779.0,12.0,9.399,495900000.0,5.373,1.0,1488100000.0,0.277,1925000000.0,68600000.0,3036000000.0,2878625000.0,618400000.0,0.0,0.0,0.0,4404200000.0,1997400000.0,2406800000.0,7043069779.0,25500000.0,-242400000.0,-47200000.0,-216900000.0,-59000000.0,-323200000.0,-344000000.0,43500000.0,639300000.0,24100000.0,406100000.0,406100000.0,406100000.0,-33500000.0,0.0,0.076,976900000.0,511200000.0,689500000.0,0.148,3.772,17.343,17.387,869900000.0,0.0,76.33,1.31,1.31,1161000000.0,2334300000.0,5378200000.0,5378200000.0,130200000.0,0.068,0.247,0.21,0.112,0.0,816300000.0,1.0,92271319.0,92300000.0,94500000.0,58.269,4346300000.0,442800000.0,129600000.0,276300000.0,47.089,135200000.0
70,ITT,MRT,2003-12-31,2003-12-31,2003-12-31,2021-08-25,-521700000.0,5937600000.0,5861025000.0,2106900000.0,3830700000.0,0.881,20.062,-136300000.0,414200000.0,414200000.0,3733100000.0,403900000.0,1.249,2.214,602400000.0,141500000.0,460900000.0,602400000.0,0.0,162300000.0,0.0,0.009,0.64,577400000.0,739700000.0,0.143,739700000.0,577400000.0,534200000.0,4.38,4.3,4.38,1847700000.0,1486925000.0,1847700000.0,7273154583.0,13.0,9.833,401700000.0,4.362,1.0,1430400000.0,0.277,1703900000.0,43200000.0,2735400000.0,2860750000.0,575800000.0,0.0,0.0,0.0,4089900000.0,1686500000.0,2403400000.0,6847454583.0,212000000.0,-29300000.0,-24400000.0,-186500000.0,-58000000.0,-268900000.0,-124100000.0,43500000.0,538000000.0,35400000.0,403900000.0,403900000.0,403900000.0,-33600000.0,0.0,0.078,939900000.0,490500000.0,633100000.0,0.146,3.706,16.953,16.943,892000000.0,0.0,74.21,1.326,1.324,971500000.0,2277100000.0,5163500000.0,5163500000.0,115200000.0,0.069,0.272,0.202,0.112,0.0,788600000.0,1.0,92271319.0,92100000.0,94100000.0,56.064,4233700000.0,441400000.0,130300000.0,253500000.0,45.969,420400000.0
71,ITT,MRT,2003-09-30,2003-09-30,2003-09-30,2021-08-25,-805900000.0,5839400000.0,5724025000.0,2026500000.0,3812900000.0,0.931,16.075,-166000000.0,312300000.0,312300000.0,3460100000.0,390900000.0,1.101,2.936,738000000.0,272200000.0,465800000.0,738000000.0,0.0,183900000.0,0.0,0.011,0.63,562400000.0,746300000.0,0.14,746300000.0,562400000.0,548000000.0,4.23,4.15,4.23,1483700000.0,1309325000.0,1483700000.0,6265404141.0,11.0,8.395,268400000.0,2.908,1.0,1871400000.0,0.351,1680700000.0,14400000.0,2744000000.0,2832800000.0,600600000.0,0.0,0.0,0.0,4355700000.0,1840400000.0,2515300000.0,5526904141.0,126300000.0,-87300000.0,-2500000.0,-65000000.0,-57000000.0,-124200000.0,-211200000.0,43500000.0,434400000.0,14300000.0,390900000.0,390900000.0,390900000.0,-14500000.0,0.0,0.073,1337500000.0,533900000.0,571000000.0,0.149,3.725,14.139,14.147,840500000.0,0.0,59.84,1.037,1.036,1033300000.0,2197300000.0,5331500000.0,5331500000.0,540600000.0,0.068,0.299,0.199,0.105,0.0,784400000.0,1.0,92361366.0,92300000.0,94300000.0,57.763,4158700000.0,470400000.0,157100000.0,294600000.0,45.056,186100000.0
72,ITT,MRT,2003-06-30,2003-06-30,2003-06-30,2021-08-25,-815700000.0,5930300000.0,5486500000.0,2008500000.0,3921800000.0,0.946,15.045,-158300000.0,236000000.0,236000000.0,3355200000.0,402100000.0,1.008,3.285,974500000.0,465000000.0,509500000.0,974500000.0,0.0,178800000.0,0.0,0.009,0.62,558500000.0,737300000.0,0.142,737300000.0,558500000.0,533200000.0,4.36,4.27,4.36,1384100000.0,1377600000.0,1384100000.0,6879749175.0,12.0,9.331,166900000.0,1.814,1.0,1836200000.0,0.354,1676700000.0,25300000.0,2999100000.0,2679275000.0,592900000.0,0.0,0.0,0.0,4546200000.0,1993000000.0,2553200000.0,6014249175.0,67500000.0,-148600000.0,-1700000.0,95700000.0,-56000000.0,38300000.0,-311100000.0,0.0,325200000.0,9700000.0,402100000.0,402100000.0,402100000.0,-7800000.0,0.0,0.077,1302400000.0,533800000.0,542500000.0,0.142,4.345,14.957,15.014,838300000.0,0.0,65.46,1.159,1.16,1073300000.0,2107500000.0,5191400000.0,5191400000.0,534100000.0,0.073,0.292,0.208,0.108,0.0,759100000.0,1.0,91876706.0,92000000.0,94000000.0,56.428,4253600000.0,531100000.0,131100000.0,277700000.0,46.235,15500000.0
73,ITT,MRT,2003-03-31,2003-03-31,2003-03-31,2021-08-25,-871600000.0,5736800000.0,5201525000.0,1852000000.0,3884800000.0,0.975,13.423,-153700000.0,173600000.0,173600000.0,3271600000.0,395100000.0,0.933,3.656,1039100000.0,546100000.0,493000000.0,1039100000.0,0.0,175700000.0,0.0,0.011,0.61,558000000.0,733700000.0,0.145,733700000.0,558000000.0,528500000.0,4.3,4.2,4.3,1232200000.0,1448250000.0,1232200000.0,5495139404.0,10.0,7.49,189200000.0,2.061,1.0,1801700000.0,0.355,1652700000.0,29500000.0,2964500000.0,2447700000.0,578100000.0,0.0,0.0,0.0,4504600000.0,1985100000.0,2519500000.0,4905539404.0,22900000.0,-155600000.0,27000000.0,22200000.0,-54800000.0,-5500000.0,-318500000.0,0.0,342900000.0,8000000.0,395100000.0,395100000.0,395100000.0,0.0,0.0,0.078,1264300000.0,537400000.0,515500000.0,0.142,3.981,12.416,12.421,826400000.0,0.0,53.41,0.967,0.966,1009000000.0,2011900000.0,5073300000.0,5073300000.0,521300000.0,0.076,0.273,0.228,0.11,0.0,739700000.0,1.0,91846834.0,91800000.0,93700000.0,55.265,4084100000.0,535600000.0,133400000.0,254400000.0,44.489,-133100000.0
74,ITT,MRT,2002-12-31,2002-12-31,2002-12-31,2021-08-25,-893600000.0,5389600000.0,4918400000.0,1753100000.0,3636500000.0,1.009,12.498,-152700000.0,202200000.0,202200000.0,3195800000.0,379900000.0,1.013,3.739,791800000.0,299600000.0,492200000.0,791800000.0,0.0,170500000.0,0.0,0.01,0.6,566000000.0,736500000.0,0.148,736500000.0,566000000.0,509500000.0,4.17,4.06,4.17,1137300000.0,1505100000.0,1137300000.0,6191568920.0,11.0,8.407,442200000.0,4.859,1.0,1766900000.0,0.356,1625400000.0,56500000.0,2623600000.0,2213600000.0,552900000.0,0.0,0.0,0.0,4252300000.0,1730200000.0,2522100000.0,5571568920.0,80900000.0,-147600000.0,61000000.0,-238400000.0,-54300000.0,-231700000.0,-303500000.0,0.0,594900000.0,5300000.0,379900000.0,379900000.0,379900000.0,0.0,0.0,0.077,1223600000.0,543300000.0,484000000.0,0.144,4.899,14.666,14.554,841200000.0,0.0,60.69,1.123,1.113,868300000.0,1939100000.0,4962700000.0,4962700000.0,518000000.0,0.077,0.252,0.256,0.114,0.0,712700000.0,1.0,91803739.0,91000000.0,93600000.0,54.535,3764200000.0,546300000.0,129600000.0,221300000.0,41.365,22900000.0
75,ITT,MRT,2002-09-30,2002-09-30,2002-09-30,2021-08-25,-191200000.0,4889300000.0,4698100000.0,1685900000.0,3203400000.0,1.048,19.158,-156200000.0,186000000.0,186000000.0,3198600000.0,358800000.0,0.921,1.783,806000000.0,309400000.0,496600000.0,806000000.0,0.0,173600000.0,0.0,0.01,0.6,494600000.0,668200000.0,0.136,668200000.0,494600000.0,455400000.0,3.96,3.85,3.96,1756800000.0,1564725000.0,1756800000.0,6363803883.0,13.0,9.524,468100000.0,5.105,1.0,1724200000.0,0.35,1549000000.0,39200000.0,2129900000.0,2059200000.0,537500000.0,0.0,0.0,0.0,3132500000.0,1830400000.0,1302100000.0,5713503883.0,34300000.0,-96000000.0,81200000.0,-347900000.0,-53800000.0,-320400000.0,-288800000.0,0.0,624300000.0,1400000.0,358800000.0,358800000.0,358800000.0,0.0,0.0,0.073,1293500000.0,430700000.0,478100000.0,0.152,3.252,15.924,15.74,794700000.0,0.0,62.33,1.161,1.161,880900000.0,1856200000.0,4922800000.0,4922800000.0,500800000.0,0.076,0.229,0.24,0.1,0.0,654000000.0,1.0,91665392.0,91700000.0,94200000.0,53.684,3340300000.0,304500000.0,96600000.0,300800000.0,36.426,-144500000.0
76,ITT,MRT,2002-06-30,2002-06-30,2002-06-30,2021-08-25,-178600000.0,4790400000.0,4629075000.0,1685800000.0,3104600000.0,1.039,18.315,-158700000.0,168500000.0,168500000.0,3136100000.0,305900000.0,0.905,1.874,818800000.0,365700000.0,453100000.0,818800000.0,0.0,186700000.0,0.0,0.008,0.6,474700000.0,661400000.0,0.137,661400000.0,474700000.0,427300000.0,3.42,3.32,3.42,1666700000.0,1449250000.0,1666700000.0,7205094932.0,15.0,10.894,350800000.0,3.855,1.0,1675200000.0,0.348,1505100000.0,47400000.0,2072800000.0,2053875000.0,542300000.0,0.0,0.0,0.0,3123700000.0,1862800000.0,1260900000.0,6406894932.0,49700000.0,-35100000.0,84500000.0,-283100000.0,-53300000.0,-252000000.0,-223400000.0,0.0,509500000.0,3900000.0,305900000.0,305900000.0,305900000.0,0.0,0.0,0.064,1263500000.0,411700000.0,479900000.0,0.175,3.844,20.944,20.643,797300000.0,0.0,70.6,1.332,1.335,899100000.0,1753600000.0,4811300000.0,4811300000.0,471100000.0,0.066,0.211,0.231,0.099,0.0,652000000.0,1.0,90749220.0,91000000.0,93900000.0,52.871,3285300000.0,305900000.0,121400000.0,247100000.0,36.102,-177000000.0
77,ITT,MRT,2002-03-31,2002-03-31,2002-03-31,2021-08-25,-255200000.0,4604300000.0,4571800000.0,1581600000.0,3022700000.0,1.023,16.29,-166200000.0,150700000.0,150700000.0,3043400000.0,289100000.0,0.832,2.154,948900000.0,501800000.0,447100000.0,948900000.0,0.0,198500000.0,0.0,0.01,0.6,460900000.0,659400000.0,0.141,659400000.0,460900000.0,407600000.0,3.27,3.17,3.27,1459600000.0,1334950000.0,1459600000.0,6530798171.0,14.0,9.904,266700000.0,2.977,1.0,1632100000.0,0.349,1473900000.0,53300000.0,2028100000.0,2035225000.0,531200000.0,0.0,0.0,0.0,3144700000.0,1900500000.0,1244200000.0,5678698171.0,42300000.0,-53700000.0,12700000.0,-148300000.0,-53000000.0,-188200000.0,-213300000.0,0.0,432900000.0,-800000.0,289100000.0,289100000.0,289100000.0,0.0,0.0,0.062,1232600000.0,399500000.0,427800000.0,0.183,3.891,19.643,19.278,770700000.0,0.0,63.04,1.215,1.208,824300000.0,1624400000.0,4675500000.0,4675500000.0,443900000.0,0.063,0.217,0.226,0.099,0.0,648800000.0,1.0,90080872.0,89600000.0,92400000.0,52.182,3130400000.0,308000000.0,118500000.0,254100000.0,34.938,-318900000.0
78,ITT,MRT,2001-12-31,2001-12-31,2001-12-31,2021-08-25,-227000000.0,4508400000.0,4571225000.0,1458800000.0,3049600000.0,1.023,15.616,-174000000.0,121300000.0,121300000.0,3044500000.0,276700000.0,0.769,2.277,973400000.0,517000000.0,456400000.0,973400000.0,0.0,212900000.0,0.0,0.012,0.6,455400000.0,668300000.0,0.143,668300000.0,455400000.0,393400000.0,3.14,3.05,3.14,1375800000.0,1268850000.0,1375800000.0,5436011180.0,12.0,8.134,302600000.0,3.435,1.0,1631200000.0,0.349,1457900000.0,62000000.0,2006000000.0,2039950000.0,496300000.0,0.0,0.0,0.0,3132600000.0,1896600000.0,1236000000.0,4464011180.0,32600000.0,-48400000.0,-46600000.0,-103200000.0,-52900000.0,-201800000.0,-220000000.0,0.0,476600000.0,-3800000.0,276700000.0,276700000.0,276700000.0,0.0,0.0,0.059,1235800000.0,395400000.0,400500000.0,0.191,3.245,16.133,16.083,791000000.0,0.0,50.5,0.955,0.952,774300000.0,1514000000.0,4675700000.0,4675700000.0,424700000.0,0.061,0.218,0.223,0.097,0.0,671300000.0,1.0,88396261.0,88100000.0,90600000.0,53.073,3050500000.0,310900000.0,116700000.0,251200000.0,34.625,-437800000.0
79,ITT,MRT,2001-09-30,2001-09-30,2001-09-30,2021-08-25,-213500000.0,4613200000.0,4596975000.0,1555800000.0,3057400000.0,1.024,14.732,-186600000.0,151700000.0,151700000.0,3070200000.0,280800000.0,0.744,2.563,1123700000.0,652000000.0,471700000.0,1123700000.0,0.0,215600000.0,0.0,0.013,0.6,504600000.0,720200000.0,0.153,720200000.0,504600000.0,435900000.0,3.2,3.11,3.2,1294900000.0,1227700000.0,1294900000.0,4898473856.0,10.0,6.802,270900000.0,3.082,1.0,1638900000.0,0.348,1386700000.0,68700000.0,2108600000.0,2027275000.0,528300000.0,0.0,0.0,0.0,3318300000.0,2089900000.0,1228400000.0,3938573856.0,-95400000.0,-69100000.0,-85000000.0,-95300000.0,-52900000.0,-233500000.0,-261000000.0,0.0,457500000.0,-15600000.0,280800000.0,280800000.0,280800000.0,0.0,0.0,0.06,1133600000.0,505300000.0,382700000.0,0.188,3.042,14.026,14.0,805000000.0,0.0,44.8,0.836,0.836,799100000.0,1420500000.0,4709100000.0,4709100000.0,407900000.0,0.061,0.229,0.249,0.107,0.0,717600000.0,1.0,87914595.0,87900000.0,90300000.0,53.573,3226500000.0,347500000.0,155100000.0,347600000.0,36.706,-534100000.0
80,ITT,MRT,2001-06-30,2001-06-30,2001-06-30,2021-08-25,-246700000.0,4561300000.0,4603825000.0,1536600000.0,3024700000.0,1.034,13.76,-190000000.0,118800000.0,118800000.0,3114700000.0,278200000.0,0.715,2.771,1078700000.0,640800000.0,437900000.0,1078700000.0,0.0,213400000.0,0.0,0.014,0.6,509600000.0,723000000.0,0.152,723000000.0,509600000.0,435000000.0,3.17,3.08,3.17,1209500000.0,1192475000.0,1209500000.0,4891920829.0,10.0,6.766,285700000.0,3.25,1.0,1647500000.0,0.346,1374800000.0,74600000.0,1998200000.0,1998600000.0,524000000.0,0.0,0.0,0.0,3351800000.0,2148200000.0,1203600000.0,3890220829.0,-163400000.0,-77900000.0,-87000000.0,-163100000.0,-52900000.0,-303800000.0,-275600000.0,0.0,475700000.0,-16800000.0,278200000.0,278200000.0,278200000.0,0.0,0.0,0.058,1137300000.0,510200000.0,408200000.0,0.189,3.216,13.984,13.959,801200000.0,0.0,44.25,0.817,0.817,810700000.0,1368300000.0,4762200000.0,4762200000.0,399600000.0,0.06,0.233,0.255,0.107,0.0,720400000.0,1.0,87914595.0,87900000.0,90500000.0,54.177,3186500000.0,360700000.0,156800000.0,363700000.0,36.251,-611600000.0
81,ITT,MRT,2001-03-31,2001-03-31,2001-03-31,2021-08-25,-229000000.0,4602000000.0,4657600000.0,1537800000.0,3064200000.0,1.032,13.597,-220900000.0,108400000.0,108400000.0,3155300000.0,272300000.0,0.702,2.85,1110100000.0,658800000.0,451300000.0,1110100000.0,0.0,206000000.0,0.0,0.015,0.6,506100000.0,712100000.0,0.148,712100000.0,506100000.0,429400000.0,3.1,3.02,3.1,1195200000.0,1176425000.0,1195200000.0,4356290556.0,9.0,6.118,255400000.0,2.906,1.0,1650100000.0,0.343,1367000000.0,76700000.0,2047000000.0,2024375000.0,521300000.0,0.0,0.0,0.0,3406800000.0,2189700000.0,1217100000.0,3406690556.0,-35300000.0,-155100000.0,-50900000.0,34000000.0,-52900000.0,-66600000.0,-374600000.0,0.0,476300000.0,-35000000.0,272300000.0,272300000.0,272300000.0,0.0,0.0,0.057,1143600000.0,506500000.0,397100000.0,0.194,2.85,12.511,12.5,836100000.0,0.0,38.75,0.709,0.709,815200000.0,1336300000.0,4805400000.0,4805400000.0,399000000.0,0.058,0.231,0.25,0.105,0.0,718500000.0,1.0,87914595.0,87900000.0,90400000.0,54.669,3235000000.0,376700000.0,157100000.0,357700000.0,36.803,-651900000.0
82,ITT,MRT,2000-12-31,2000-12-31,2000-12-31,2021-08-25,-183600000.0,4611400000.0,4632025000.0,1506300000.0,3105100000.0,1.043,13.779,-180600000.0,88700000.0,88700000.0,3195300000.0,264500000.0,0.675,2.807,1038300000.0,629900000.0,408400000.0,1038300000.0,0.0,201800000.0,0.0,0.015,0.6,495100000.0,696900000.0,0.144,696900000.0,495100000.0,419900000.0,3.01,2.94,3.01,1211200000.0,1157025000.0,1211200000.0,4302290556.0,9.0,6.173,234000000.0,2.662,1.0,1634100000.0,0.338,1373000000.0,75200000.0,1955300000.0,2046925000.0,531300000.0,0.0,0.0,0.0,3400200000.0,2232700000.0,1167500000.0,3406690556.0,-93000000.0,-144400000.0,-26600000.0,-63700000.0,-52900000.0,-144000000.0,-326300000.0,0.0,414600000.0,-28000000.0,264500000.0,264500000.0,264500000.0,0.0,0.0,0.055,1139000000.0,495100000.0,386000000.0,0.199,2.813,12.88,12.874,865400000.0,0.0,38.75,0.705,0.705,814900000.0,1306900000.0,4829400000.0,4829400000.0,391200000.0,0.057,0.229,0.242,0.103,0.0,713600000.0,1.0,87914595.0,87900000.0,90000000.0,54.942,3238400000.0,384400000.0,155400000.0,392900000.0,36.842,-726400000.0
83,ITT,MRT,2000-09-30,2000-09-30,2000-09-30,2021-08-25,-188900000.0,4640600000.0,4611625000.0,1740700000.0,2899900000.0,1.053,13.129,-256100000.0,247100000.0,247100000.0,3278500000.0,259100000.0,0.769,3.021,1142700000.0,735900000.0,406800000.0,1142700000.0,0.0,195700000.0,0.0,0.018,0.6,482900000.0,678600000.0,0.14,678600000.0,482900000.0,411200000.0,2.94,2.87,2.94,1154000000.0,1129000000.0,1154000000.0,3775249462.0,8.0,5.563,134000000.0,1.524,1.0,1578100000.0,0.325,1279900000.0,71700000.0,1993900000.0,2088050000.0,551700000.0,0.0,0.0,0.0,3486600000.0,2262400000.0,1224200000.0,2851949462.0,28200000.0,-327300000.0,27300000.0,255100000.0,-52700000.0,187200000.0,-543400000.0,0.0,390100000.0,-14400000.0,259100000.0,259100000.0,259100000.0,0.0,0.0,0.053,1094600000.0,483500000.0,371800000.0,0.204,2.471,11.007,11.034,794600000.0,0.0,32.44,0.587,0.587,866500000.0,1255000000.0,4856600000.0,4856600000.0,358500000.0,0.056,0.229,0.231,0.099,0.0,691700000.0,1.0,87914595.0,87900000.0,90000000.0,55.251,3360700000.0,374200000.0,152100000.0,384400000.0,38.233,-521700000.0
84,ITT,MRT,2000-06-30,2000-06-30,2000-06-30,2021-08-25,-148400000.0,4776400000.0,4537700000.0,1830000000.0,2946400000.0,1.055,13.03,-226500000.0,282200000.0,282200000.0,3278200000.0,248600000.0,0.797,3.17,1205500000.0,725600000.0,479900000.0,1205500000.0,0.0,188300000.0,0.0,0.02,0.6,458400000.0,646700000.0,0.135,646700000.0,458400000.0,394500000.0,2.82,2.75,2.82,1145300000.0,1104925000.0,1145300000.0,3548145396.0,8.0,5.487,171700000.0,1.953,1.0,1508100000.0,0.315,1302500000.0,63900000.0,2101300000.0,2119125000.0,538600000.0,0.0,0.0,0.0,3631100000.0,2295900000.0,1335200000.0,2670845396.0,153800000.0,-470200000.0,21700000.0,505400000.0,-52700000.0,438000000.0,-659200000.0,0.0,398200000.0,-17100000.0,248600000.0,248600000.0,248600000.0,0.0,0.0,0.052,1049000000.0,459100000.0,399800000.0,0.213,2.332,10.744,10.773,811500000.0,0.0,30.38,0.558,0.558,929600000.0,1205800000.0,4786300000.0,4786300000.0,329500000.0,0.055,0.225,0.216,0.096,0.0,684300000.0,1.0,87914595.0,87900000.0,90000000.0,54.452,3473900000.0,374000000.0,145900000.0,388000000.0,39.521,-465900000.0
85,ITT,MRT,2000-03-31,2000-03-31,2000-03-31,2021-08-25,-121700000.0,4499700000.0,4384325000.0,1655900000.0,2843800000.0,1.084,12.714,-220800000.0,143700000.0,143700000.0,3302600000.0,241700000.0,0.808,3.026,1021000000.0,541000000.0,480000000.0,1021000000.0,0.0,185700000.0,0.0,0.019,0.6,448500000.0,634200000.0,0.134,634200000.0,448500000.0,383700000.0,2.74,2.67,2.74,1117600000.0,1074125000.0,1117600000.0,3637027321.0,8.0,5.735,129900000.0,1.478,1.0,1447900000.0,0.305,1190800000.0,64800000.0,2137200000.0,2147475000.0,540300000.0,0.0,0.0,0.0,3382100000.0,2049000000.0,1333100000.0,2730627321.0,-329000000.0,-407200000.0,11900000.0,148300000.0,-53300000.0,75500000.0,-622500000.0,0.0,350700000.0,-4100000.0,241700000.0,241700000.0,241700000.0,0.0,0.0,0.051,1006800000.0,441100000.0,397700000.0,0.219,2.443,11.298,11.336,804900000.0,0.0,31.06,0.575,0.575,894300000.0,1151400000.0,4750500000.0,4750500000.0,297700000.0,0.055,0.225,0.209,0.094,0.0,682200000.0,1.0,87914595.0,87900000.0,,54.044,3308900000.0,375400000.0,142000000.0,375400000.0,37.644,-393100000.0
86,ITT,MRT,1999-12-31,1999-12-31,1999-12-31,2021-08-25,-102600000.0,4529800000.0,4377975000.0,1628300000.0,2901500000.0,1.058,12.322,-227900000.0,181700000.0,181700000.0,3265800000.0,232900000.0,0.772,3.121,1088100000.0,609300000.0,478800000.0,1088100000.0,0.0,181100000.0,0.0,0.018,0.6,416500000.0,597600000.0,0.129,597600000.0,416500000.0,369700000.0,2.61,2.53,2.61,1099100000.0,1037200000.0,1099100000.0,3602064057.0,9.0,6.028,115300000.0,1.293,1.0,1366400000.0,0.295,1206000000.0,46800000.0,2119800000.0,2120300000.0,545800000.0,0.0,0.0,0.0,3430700000.0,2110400000.0,1320300000.0,2939864057.0,-699200000.0,-437100000.0,-356800000.0,345300000.0,-55500000.0,-83000000.0,-660500000.0,0.0,343200000.0,-14500000.0,232900000.0,232900000.0,232900000.0,0.0,0.0,0.05,949900000.0,416500000.0,383100000.0,0.23,2.675,12.623,12.812,847000000.0,0.0,33.44,0.635,0.644,834700000.0,1113800000.0,4632200000.0,4632200000.0,264400000.0,0.053,0.225,0.196,0.09,0.0,666200000.0,1.0,87914595.0,89200000.0,92000000.0,51.93,3323800000.0,373600000.0,136800000.0,364900000.0,37.262,-482100000.0
87,ITT,MRT,1999-09-30,1999-09-30,1999-09-30,2021-08-25,-88300000.0,4344900000.0,4507725000.0,1735800000.0,2609100000.0,1.023,12.033,-165100000.0,218900000.0,218900000.0,3264400000.0,-21000000.0,0.922,3.108,881100000.0,403100000.0,478000000.0,881100000.0,0.0,179600000.0,0.0,0.019,0.6,-3500000.0,176100000.0,0.038,176100000.0,-3500000.0,-31000000.0,0.72,1.05,0.72,1057700000.0,1087425000.0,1057700000.0,3346463267.0,-956.0,19.003,160900000.0,1.83,1.0,1345600000.0,0.292,1006300000.0,27500000.0,2118200000.0,2070075000.0,586000000.0,0.0,0.0,0.0,3287200000.0,1882600000.0,1404600000.0,2796563267.0,-2119100000.0,3512600000.0,-866000000.0,-308800000.0,-60200000.0,-1273500000.0,-353900000.0,0.0,326000000.0,-17200000.0,-21000000.0,-21000000.0,-21000000.0,18500000.0,0.0,-0.005,1337500000.0,8100000.0,338100000.0,0.833,2.644,-133.17,44.181,807900000.0,0.0,31.81,0.607,0.607,852100000.0,1058100000.0,4610000000.0,4610000000.0,264900000.0,-0.005,-0.019,-0.002,-0.001,0.0,701000000.0,1.0,87914595.0,87900000.0,,52.446,3338600000.0,362600000.0,-10000000.0,331900000.0,37.982,-146800000.0
88,ITT,MRT,1999-06-30,1999-06-30,1999-06-30,2021-08-25,-84300000.0,4162900000.0,5033025000.0,1637900000.0,2525000000.0,0.904,11.626,-198200000.0,128400000.0,128400000.0,3207000000.0,1513400000.0,1.008,3.073,678300000.0,167800000.0,510500000.0,678300000.0,0.0,184500000.0,0.0,0.016,0.6,1535500000.0,1720000000.0,0.378,1720000000.0,1535500000.0,1488700000.0,13.91,13.9,13.91,1022100000.0,1306675000.0,1022100000.0,3760004361.0,2.0,2.186,-12100000.0,-0.138,1.0,1344600000.0,0.295,872400000.0,46800000.0,2214700000.0,1867250000.0,576000000.0,0.0,0.0,0.0,3140800000.0,1625700000.0,1515100000.0,3351304361.0,-12700000.0,3658000000.0,-1188800000.0,-1535100000.0,-64200000.0,-2743100000.0,3428900000.0,0.0,186100000.0,-8300000.0,1513400000.0,1513400000.0,1513400000.0,3500000.0,0.0,0.332,1362600000.0,-18000000.0,361200000.0,0.043,3.279,2.214,2.74,870800000.0,0.0,38.12,0.736,0.736,850300000.0,1018500000.0,4551600000.0,4551600000.0,276700000.0,0.301,1.158,0.822,0.337,0.0,714300000.0,1.0,87914595.0,87914595.0,,51.773,3290500000.0,346600000.0,-24700000.0,305100000.0,37.428,12200000.0
89,ITT,MRT,1999-03-31,1999-03-31,1999-03-31,2021-08-25,-89200000.0,4474300000.0,5562925000.0,1955600000.0,2518700000.0,0.806,10.647,-179300000.0,472700000.0,472700000.0,3164000000.0,1519400000.0,0.984,3.613,881400000.0,367200000.0,514200000.0,881400000.0,0.0,189000000.0,0.0,0.017,0.6,1539000000.0,1728000000.0,0.385,1728000000.0,1539000000.0,1476800000.0,13.78,13.77,13.78,969900000.0,1273525000.0,969900000.0,3109175631.0,2.0,1.799,15300000.0,0.168,1.0,1321200000.0,0.295,867200000.0,62200000.0,2028500000.0,2231475000.0,584400000.0,0.0,0.0,0.0,3504400000.0,1987300000.0,1517100000.0,3222975631.0,312600000.0,3640200000.0,-1186400000.0,-1381300000.0,-68100000.0,-2592000000.0,3461900000.0,0.0,194600000.0,3200000.0,1519400000.0,1519400000.0,1519400000.0,-35600000.0,0.0,0.339,1369200000.0,-48000000.0,376400000.0,0.044,3.323,2.121,2.567,866400000.0,0.0,35.38,0.719,0.719,820000000.0,971200000.0,4485200000.0,4485200000.0,261600000.0,0.273,1.193,0.69,0.343,0.0,723200000.0,1.0,91095976.0,91095976.0,,49.236,3607100000.0,365500000.0,-42600000.0,409900000.0,39.597,-31700000.0
90,ITT,MRT,1998-12-31,1998-12-31,1998-12-31,2021-08-25,-67500000.0,5048800000.0,6010250000.0,2382400000.0,2666400000.0,0.748,11.494,-212900000.0,880900000.0,880900000.0,3165900000.0,1532500000.0,1.108,2.884,767100000.0,251600000.0,515500000.0,767100000.0,0.0,195600000.0,0.0,0.015,0.6,1552500000.0,1748100000.0,0.389,1748100000.0,1552500000.0,1470100000.0,13.55,13.55,13.55,1300000000.0,1241200000.0,1300000000.0,3012913671.0,2.0,1.724,-24400000.0,-0.216,1.0,1326800000.0,0.295,865300000.0,82400000.0,1918900000.0,2648400000.0,578900000.0,0.0,0.0,0.0,3748800000.0,2150800000.0,1598000000.0,4125313671.0,688700000.0,3665500000.0,-830800000.0,-1472200000.0,-70500000.0,-2334000000.0,3456500000.0,0.0,188500000.0,2400000.0,1532500000.0,1532500000.0,1532500000.0,-83200000.0,0.0,0.341,1404400000.0,-77600000.0,396200000.0,0.044,3.173,2.692,2.934,991600000.0,0.0,39.75,0.918,1.001,842600000.0,1271500000.0,4492700000.0,4492700000.0,267600000.0,0.255,1.235,0.586,0.346,0.0,734400000.0,1.0,103781476.0,113100000.0,113100000.0,39.723,4183500000.0,367400000.0,-62400000.0,570100000.0,36.989,231600000.0
91,ITT,MRT,1998-09-30,1998-09-30,1998-09-30,2021-08-25,-93100000.0,6446100000.0,6012650000.0,3925800000.0,2520300000.0,0.748,16.334,-216100000.0,2338000000.0,2338000000.0,3154200000.0,1786000000.0,1.256,2.332,1225600000.0,702700000.0,522900000.0,1225600000.0,0.0,202500000.0,0.0,0.018,0.6,1988600000.0,2191100000.0,0.487,2191100000.0,1988600000.0,1852100000.0,15.48,15.07,15.48,1934700000.0,1121775000.0,1934700000.0,6060225375.0,3.0,2.766,27200000.0,0.23,1.0,1342900000.0,0.299,901200000.0,136500000.0,1306900000.0,2989525000.0,605700000.0,0.0,0.0,0.0,4511400000.0,3125600000.0,1385800000.0,4012925375.0,2129600000.0,-247900000.0,-373900000.0,-1153700000.0,-70500000.0,-1481900000.0,3242100000.0,0.0,243300000.0,21400000.0,1786000000.0,1786000000.0,1786000000.0,-141400000.0,0.0,0.397,1057600000.0,285300000.0,350500000.0,0.039,2.074,2.247,2.189,977600000.0,0.0,33.88,0.892,0.892,889300000.0,1849500000.0,4497100000.0,4497100000.0,273800000.0,0.297,1.592,0.665,0.442,0.0,743500000.0,1.0,118445259.0,118445259.0,,37.968,5544900000.0,280100000.0,66100000.0,1092700000.0,46.814,800200000.0
92,ITT,MRT,1998-06-30,1998-06-30,1998-06-30,2021-08-25,105600000.0,6282500000.0,,2548200000.0,3734300000.0,,7.51,-96900000.0,141100000.0,141100000.0,3198100000.0,106100000.0,0.725,6.063,2188400000.0,1685500000.0,502900000.0,2188400000.0,0.0,80200000.0,0.0,0.016,0.6,255500000.0,335700000.0,0.074,335700000.0,255500000.0,113200000.0,0.9,0.85,0.9,889500000.0,,889500000.0,6479183781.0,25.0,19.301,182200000.0,1.538,1.0,1318500000.0,0.292,1144500000.0,142300000.0,3671600000.0,,805700000.0,0.0,0.0,0.0,5393000000.0,3513700000.0,1879300000.0,4427483781.0,38300000.0,-190300000.0,-70700000.0,-5800000.0,-71100000.0,-107200000.0,-338100000.0,0.0,279100000.0,2900000.0,106100000.0,106100000.0,106100000.0,-100700000.0,0.0,0.023,1179100000.0,139400000.0,732100000.0,0.667,4.977,41.729,41.533,1894900000.0,0.0,37.38,0.98,0.98,1464100000.0,277900000.0,4516600000.0,4516600000.0,258100000.0,,,,0.057,0.0,739900000.0,1.0,118445259.0,118445259.0,,38.132,5138000000.0,260400000.0,7100000.0,254000000.0,43.379,-965500000.0
93,ITT,MRT,1998-03-31,1998-03-31,1998-03-31,2021-08-25,104300000.0,6263600000.0,,2567900000.0,3695700000.0,,7.097,-168100000.0,160100000.0,160100000.0,4172400000.0,119400000.0,0.729,6.451,2211800000.0,1683200000.0,528600000.0,2211800000.0,0.0,139700000.0,0.0,0.016,0.6,298900000.0,438600000.0,0.078,438600000.0,298900000.0,159900000.0,1.01,0.97,1.01,840600000.0,,840600000.0,6498848176.0,22.0,14.817,181100000.0,1.529,1.0,1469800000.0,0.261,1095200000.0,139000000.0,3696200000.0,,791400000.0,0.0,0.0,0.0,5423000000.0,3523900000.0,1899100000.0,4508048176.0,98600000.0,-1005400000.0,-66700000.0,849100000.0,-71100000.0,746000000.0,-1170900000.0,0.0,349200000.0,-21600000.0,119400000.0,119400000.0,119400000.0,-61600000.0,0.0,0.021,1247900000.0,221900000.0,726500000.0,0.594,5.363,37.756,37.683,1906100000.0,0.0,38.06,0.799,0.799,1473600000.0,226300000.0,5642200000.0,5642200000.0,329700000.0,,,,0.053,0.0,752500000.0,1.0,118445827.0,118445827.0,,47.635,5168400000.0,263600000.0,40500000.0,255400000.0,43.635,-956000000.0
94,ITT,MRT,1997-12-31,1997-12-31,1997-12-31,2021-08-25,118400000.0,5058400000.0,5274800000.0,1574400000.0,3484000000.0,0.798,6.945,-212500000.0,192200000.0,192200000.0,2982700000.0,108100000.0,0.544,5.152,2172600000.0,1641400000.0,531200000.0,2172600000.0,0.0,196900000.0,0.0,0.019,0.6,248900000.0,445800000.0,0.106,445800000.0,248900000.0,115700000.0,0.91,0.89,0.91,822300000.0,810750000.0,822300000.0,,,,185200000.0,1.564,1.0,1224900000.0,0.291,859600000.0,133200000.0,3283400000.0,3591650000.0,572400000.0,0.0,0.0,0.0,4236100000.0,2895800000.0,1340300000.0,3716830051.0,70300000.0,-1005100000.0,-67800000.0,800300000.0,-71100000.0,697400000.0,-1218400000.0,0.0,397700000.0,-10900000.0,108100000.0,108100000.0,108100000.0,-101800000.0,0.0,0.026,1089700000.0,135200000.0,409300000.0,0.659,4.52,34.383,34.484,1031200000.0,0.0,31.38,0.883,0.883,727100000.0,188500000.0,4207600000.0,4207600000.0,266600000.0,0.02,0.133,0.069,0.059,0.0,679200000.0,1.0,118445827.0,118400000.0,121000000.0,35.537,4198800000.0,295300000.0,7600000.0,143400000.0,35.463,-1321400000.0
95,ITT,MRT,1997-09-30,1997-09-30,1997-09-30,2021-08-25,,,,,,,,,,,,,,,,,,,,,,0.018,0.6,,,,,,,,,,,,,,,,,,1.0,,,,,,,,,,,,,,,,,,,,,,,,,,,,,,,,,,,,,,,,33.19,,,,,,,,,,,,,,1.0,,,,,,,,,,
96,ITT,MRT,1997-06-30,1997-06-30,1997-06-30,2021-08-25,,,,,,,,,,,,,,,,,,,,,,0.023,0.6,,,,,,,,,,,,,,,,,,1.0,,,,,,,,,,,,,,,,,,,,,,,,,,,,,,,,,,,,,,,,25.75,,,,,,,,,,,,,,1.0,,,,,,,,,,
97,ITT,MRT,1997-03-31,1997-03-31,1997-03-31,2021-08-25,,,,,,,,,,,,,,,,,,,,,,0.027,0.6,,,,,,,,,,,,,,,,,,1.0,,,,,,,,,,,,,,,,,,,,,,,,,,,,,,,,,,,,,,,,22.38,,,,,,,,,,,,,,1.0,,,,,,,,,,
98,ITT,MRT,1996-12-31,1996-12-31,1996-12-31,2021-08-25,111200000.0,5491200000.0,,2289100000.0,3202100000.0,,6.779,-176000000.0,121900000.0,121900000.0,2690400000.0,222600000.0,0.902,5.871,1418800000.0,835600000.0,583200000.0,1418800000.0,0.0,187300000.0,0.0,0.024,0.6,435900000.0,623200000.0,0.166,623200000.0,435900000.0,266900000.0,1.89,1.85,1.89,799200000.0,,799200000.0,,,,65700000.0,0.557,1.0,1054100000.0,0.282,349800000.0,169000000.0,3899900000.0,,856900000.0,0.0,0.0,0.0,4692000000.0,2538400000.0,2153600000.0,,27700000.0,0.0,-11400000.0,-176800000.0,-53400000.0,-210500000.0,-42700000.0,0.0,241700000.0,-12100000.0,222600000.0,222600000.0,222600000.0,-156200000.0,0.0,0.059,807100000.0,247000000.0,731800000.0,0.317,,,12.963,2166700000.0,0.0,24.5,,0.771,1189800000.0,151400000.0,3744500000.0,3744500000.0,266300000.0,,,,0.116,0.0,564100000.0,1.0,,117900000.0,120400000.0,31.76,5141400000.0,205100000.0,44300000.0,206300000.0,43.608,-249300000.0
99,ITT,MRT,1995-12-31,1995-12-31,1995-12-31,2021-08-25,,,,,,,,-449600000.0,,,7155000000.0,707900000.0,,,,,,,,423200000.0,,0.0,0.0,933300000.0,1356500000.0,0.153,1356500000.0,933300000.0,758100000.0,6.24,6.18,6.24,,,,,,,-241600000.0,-2.184,1.0,1729200000.0,0.195,,175200000.0,,,,,,,,,,,-227900000.0,-15500000.0,-35200000.0,-12535000000.0,-193300000.0,-12666700000.0,12208100000.0,0.0,208000000.0,22700000.0,707900000.0,707900000.0,707900000.0,-590800000.0,0.0,0.08,1523100000.0,206100000.0,,0.0,,,3.846,,0.0,24.0,,0.299,,,8884200000.0,8884200000.0,513900000.0,,,,0.105,0.0,767600000.0,1.0,,110600000.0,111600000.0,80.327,,,50200000.0,,,
