None,ticker,dimension,calendardate,datekey,reportperiod,lastupdated,accoci,assets,assetsavg,assetsc,assetsnc,assetturnover,bvps,capex,cashneq,cashnequsd,cor,consolinc,currentratio,de,debt,debtc,debtnc,debtusd,deferredrev,depamor,deposits,divyield,dps,ebit,ebitda,ebitdamargin,ebitdausd,ebitusd,ebt,eps,epsdil,epsusd,equity,equityavg,equityusd,ev,evebit,evebitda,fcf,fcfps,fxusd,gp,grossmargin,intangibles,intexp,invcap,invcapavg,inventory,investments,investmentsc,investmentsnc,liabilities,liabilitiesc,liabilitiesnc,marketcap,ncf,ncfbus,ncfcommon,ncfdebt,ncfdiv,ncff,ncfi,ncfinv,ncfo,ncfx,netinc,netinccmn,netinccmnusd,netincdis,netincnci,netmargin,opex,opinc,payables,payoutratio,pb,pe,pe1,ppnenet,prefdivis,price,ps,ps1,receivables,retearn,revenue,revenueusd,rnd,roa,roe,roic,ros,sbcomp,sgna,sharefactor,sharesbas,shareswa,shareswadil,sps,tangibles,taxassets,taxexp,taxliabilities,tbvps,workingcapital
0,RIG,MRY,2020-12-31,2020-12-31,2020-12-31,2021-08-03,-263000000.0,21804000000.0,22638000000.0,2740000000.0,19064000000.0,0.139,18.589,-265000000.0,1560000000.0,1560000000.0,2000000000.0,-568000000.0,1.977,0.907,7807000000.0,505000000.0,7302000000.0,7807000000.0,0.0,781000000.0,0.0,0.0,0.0,35000000.0,816000000.0,0.259,816000000.0,35000000.0,-540000000.0,-0.92,-0.92,-0.92,11432000000.0,11319750000.0,11432000000.0,8024904798.0,229.0,9.834,133000000.0,0.216,1.0,1152000000.0,0.365,393000000.0,575000000.0,26272000000.0,27406750000.0,434000000.0,0.0,0.0,0.0,10369000000.0,1386000000.0,8983000000.0,1420904798.0,-789000000.0,5000000.0,0.0,-894000000.0,0.0,-930000000.0,-257000000.0,5000000.0,398000000.0,0.0,-567000000.0,-567000000.0,-567000000.0,0.0,-1000000.0,-0.18,1645000000.0,-493000000.0,194000000.0,0.0,0.124,-2.506,-2.511,17667000000.0,0.0,2.31,0.451,0.451,583000000.0,-1866000000.0,3152000000.0,3152000000.0,0.0,-0.025,-0.05,0.001,0.011,31000000.0,183000000.0,1.0,615110302.0,615000000,615000000.0,5.125,21411000000.0,9000000.0,27000000.0,343000000.0,34.815,1354000000.0
1,RIG,MRY,2019-12-31,2019-12-31,2019-12-31,2021-08-03,-324000000.0,24105000000.0,24907000000.0,3640000000.0,20465000000.0,0.124,19.382,-387000000.0,2348000000.0,2348000000.0,2140000000.0,-1257000000.0,2.111,1.032,9261000000.0,568000000.0,8693000000.0,9261000000.0,0.0,855000000.0,0.0,0.0,0.0,-536000000.0,319000000.0,0.103,319000000.0,-536000000.0,-1196000000.0,-2.05,-2.05,-2.05,11862000000.0,12372250000.0,11862000000.0,11142608014.0,-21.0,34.93,-47000000.0,-0.077,1.0,948000000.0,0.307,608000000.0,660000000.0,28686000000.0,29626750000.0,479000000.0,0.0,0.0,0.0,12238000000.0,1724000000.0,10514000000.0,4209608014.0,-240000000.0,-7000000.0,0.0,-269000000.0,0.0,-312000000.0,-268000000.0,123000000.0,340000000.0,0.0,-1255000000.0,-1255000000.0,-1255000000.0,0.0,-2000000.0,-0.406,1669000000.0,-721000000.0,311000000.0,0.0,0.355,-3.354,-3.356,18847000000.0,0.0,6.88,1.363,1.364,654000000.0,-1297000000.0,3088000000.0,3088000000.0,0.0,-0.05,-0.101,-0.018,-0.174,37000000.0,193000000.0,1.0,611861630.0,612000000,612000000.0,5.046,23497000000.0,20000000.0,59000000.0,330000000.0,38.394,1916000000.0
2,RIG,MRY,2018-12-31,2018-12-31,2018-12-31,2021-08-03,-279000000.0,25665000000.0,24767000000.0,3948000000.0,21717000000.0,0.122,28.006,-184000000.0,2711000000.0,2711000000.0,1799000000.0,-2003000000.0,2.708,0.958,9978000000.0,373000000.0,9605000000.0,9978000000.0,0.0,818000000.0,0.0,0.0,0.0,-1148000000.0,-330000000.0,-0.109,-330000000.0,-1148000000.0,-1768000000.0,-4.27,-4.27,-4.27,13107000000.0,12713000000.0,13107000000.0,9664627883.0,-8.0,-29.287,374000000.0,0.799,1.0,1219000000.0,0.404,795000000.0,620000000.0,30679000000.0,28613500000.0,474000000.0,0.0,0.0,0.0,12551000000.0,1458000000.0,11093000000.0,3205627883.0,-386000000.0,-947000000.0,0.0,-51000000.0,0.0,-147000000.0,-797000000.0,334000000.0,558000000.0,0.0,-1996000000.0,-1996000000.0,-1996000000.0,0.0,-7000000.0,-0.661,2470000000.0,-1251000000.0,269000000.0,0.0,0.245,-1.606,-1.625,20408000000.0,0.0,6.94,1.062,1.076,604000000.0,-67000000.0,3018000000.0,3018000000.0,0.0,-0.081,-0.157,-0.04,-0.38,45000000.0,188000000.0,1.0,461906035.0,468000000,468000000.0,6.449,24870000000.0,66000000.0,228000000.0,134000000.0,53.141,2490000000.0
3,RIG,MRY,2017-12-31,2017-12-31,2017-12-31,2021-08-03,-290000000.0,22410000000.0,23853750000.0,4606000000.0,17804000000.0,0.125,32.499,-497000000.0,2985000000.0,2985000000.0,1389000000.0,-3097000000.0,3.364,0.763,7396000000.0,250000000.0,7146000000.0,7396000000.0,0.0,832000000.0,0.0,0.0,0.0,-2542000000.0,-1710000000.0,-0.575,-1710000000.0,-2542000000.0,-3033000000.0,-8.0,-8.0,-8.0,12707000000.0,13902750000.0,12707000000.0,8281158300.0,-3.0,-4.843,673000000.0,1.721,1.0,1584000000.0,0.533,0.0,491000000.0,25452000000.0,26378000000.0,418000000.0,450000000.0,450000000.0,0.0,9699000000.0,1369000000.0,8330000000.0,4178158300.0,-458000000.0,350000000.0,0.0,-1140000000.0,0.0,-1041000000.0,-587000000.0,-450000000.0,1170000000.0,0.0,-3127000000.0,-3127000000.0,-3127000000.0,0.0,30000000.0,-1.052,4089000000.0,-2505000000.0,201000000.0,0.0,0.329,-1.336,-1.335,17402000000.0,0.0,10.68,1.405,1.405,596000000.0,1929000000.0,2973000000.0,2973000000.0,0.0,-0.131,-0.225,-0.096,-0.855,41000000.0,156000000.0,1.0,391213324.0,391000000,391000000.0,7.604,22410000000.0,47000000.0,94000000.0,123000000.0,57.315,3237000000.0
4,RIG,MRY,2016-12-31,2016-12-31,2016-12-31,2021-08-03,-283000000.0,26889000000.0,26285000000.0,5098000000.0,21791000000.0,0.158,43.057,-1344000000.0,3518000000.0,3518000000.0,1901000000.0,827000000.0,2.568,0.701,8464000000.0,724000000.0,7740000000.0,8464000000.0,0.0,893000000.0,0.0,0.0,0.0,1294000000.0,2187000000.0,0.526,2187000000.0,1294000000.0,885000000.0,2.08,2.08,2.08,15802000000.0,15120250000.0,15802000000.0,10747333670.0,8.0,4.914,636000000.0,1.733,1.0,2260000000.0,0.543,0.0,409000000.0,29850000000.0,29403500000.0,561000000.0,0.0,0.0,0.0,11084000000.0,1985000000.0,9099000000.0,5387333670.0,843000000.0,30000000.0,0.0,106000000.0,0.0,176000000.0,-1313000000.0,0.0,1980000000.0,0.0,778000000.0,778000000.0,778000000.0,0.0,49000000.0,0.187,1154000000.0,1106000000.0,206000000.0,0.0,0.341,6.925,7.087,21093000000.0,0.0,14.74,1.295,1.3,833000000.0,5056000000.0,4161000000.0,4161000000.0,0.0,0.03,0.051,0.044,0.311,42000000.0,172000000.0,1.0,365490751.0,367000000,367000000.0,11.338,26889000000.0,298000000.0,107000000.0,273000000.0,73.267,3113000000.0
5,RIG,MRY,2015-12-31,2015-12-31,2015-12-31,2021-08-03,-277000000.0,26431000000.0,26586000000.0,4798000000.0,21633000000.0,0.278,40.468,-2001000000.0,2679000000.0,2679000000.0,2955000000.0,897000000.0,1.8,0.778,8490000000.0,1093000000.0,7397000000.0,8490000000.0,0.0,963000000.0,0.0,0.085,1.05,1417000000.0,2380000000.0,0.322,2380000000.0,1417000000.0,985000000.0,2.36,2.36,2.36,14690000000.0,13737750000.0,14690000000.0,11022046022.0,8.0,4.631,1444000000.0,3.978,1.0,4431000000.0,0.6,0.0,432000000.0,29577000000.0,30422000000.0,627000000.0,0.0,0.0,0.0,11431000000.0,2665000000.0,8766000000.0,4503046022.0,-296000000.0,54000000.0,0.0,-1506000000.0,0.0,-1809000000.0,-1932000000.0,0.0,3445000000.0,0.0,865000000.0,865000000.0,865000000.0,-2000000.0,32000000.0,0.117,3066000000.0,1365000000.0,455000000.0,0.445,0.307,5.206,5.246,20809000000.0,0.0,12.38,0.61,0.608,1343000000.0,4278000000.0,7386000000.0,7386000000.0,0.0,0.033,0.063,0.047,0.192,64000000.0,192000000.0,1.0,363735543.0,363000000,363000000.0,20.347,26431000000.0,411000000.0,120000000.0,284000000.0,72.813,2133000000.0
6,RIG,MRY,2014-12-31,2014-12-31,2014-12-31,2021-08-03,-404000000.0,28571000000.0,30624750000.0,5840000000.0,22731000000.0,0.3,37.765,-2165000000.0,2749000000.0,2749000000.0,5100000000.0,-1900000000.0,1.549,1.067,10051000000.0,1032000000.0,9019000000.0,10051000000.0,0.0,1129000000.0,0.0,0.153,2.81,-1264000000.0,-135000000.0,-0.015,-135000000.0,-1264000000.0,-1747000000.0,-5.08,-5.08,-5.08,13671000000.0,15553000000.0,13671000000.0,14119904915.0,-11.0,-104.592,55000000.0,0.152,1.0,4085000000.0,0.445,0.0,483000000.0,32104000000.0,33410250000.0,818000000.0,0.0,0.0,0.0,14589000000.0,3769000000.0,10820000000.0,6639904915.0,-608000000.0,250000000.0,0.0,-539000000.0,0.0,-1000000000.0,-1828000000.0,86000000.0,2220000000.0,0.0,-1839000000.0,-1839000000.0,-1839000000.0,20000000.0,-61000000.0,-0.2,5432000000.0,-1347000000.0,784000000.0,-0.553,0.486,-3.611,-3.608,21538000000.0,0.0,18.33,0.723,0.722,2084000000.0,3349000000.0,9185000000.0,9185000000.0,0.0,-0.06,-0.118,-0.038,-0.138,98000000.0,234000000.0,1.0,362242494.0,362000000,362000000.0,25.373,28571000000.0,360000000.0,92000000.0,567000000.0,78.925,2071000000.0
7,RIG,MRY,2013-12-31,2013-12-31,2013-12-31,2021-08-03,-262000000.0,32546000000.0,32509250000.0,6772000000.0,25774000000.0,0.285,46.364,-2238000000.0,3243000000.0,3243000000.0,5563000000.0,1407000000.0,1.905,0.95,10702000000.0,323000000.0,10379000000.0,10702000000.0,0.0,1109000000.0,0.0,0.034,1.68,2249000000.0,3358000000.0,0.363,3358000000.0,2249000000.0,1665000000.0,3.87,3.87,3.87,16691000000.0,16174000000.0,16691000000.0,24989384437.0,11.0,7.442,-320000000.0,-0.889,1.0,3686000000.0,0.399,2987000000.0,584000000.0,33464000000.0,33300000000.0,737000000.0,0.0,0.0,0.0,15861000000.0,3554000000.0,12307000000.0,17820384437.0,-1891000000.0,378000000.0,0.0,-1692000000.0,0.0,-2151000000.0,-1658000000.0,202000000.0,1918000000.0,0.0,1407000000.0,1407000000.0,1407000000.0,-9000000.0,0.0,0.152,1469000000.0,2217000000.0,1106000000.0,0.434,1.068,12.666,12.77,21707000000.0,0.0,49.42,1.927,1.924,2112000000.0,5262000000.0,9249000000.0,9249000000.0,0.0,0.043,0.087,0.068,0.243,113000000.0,286000000.0,1.0,360590539.0,360000000,360000000.0,25.692,29559000000.0,151000000.0,258000000.0,427000000.0,82.108,3218000000.0
8,RIG,MRY,2012-12-31,2012-12-31,2012-12-31,2021-08-03,-521000000.0,34255000000.0,34681000000.0,8647000000.0,25608000000.0,0.258,44.228,-1409000000.0,5134000000.0,5134000000.0,5859000000.0,-211000000.0,1.583,1.177,12459000000.0,1367000000.0,11092000000.0,12459000000.0,0.0,1306000000.0,0.0,0.018,0.79,556000000.0,1862000000.0,0.208,1862000000.0,556000000.0,-167000000.0,-0.62,-0.62,-0.62,15745000000.0,15594500000.0,15745000000.0,24167961900.0,43.0,12.98,1299000000.0,3.649,1.0,3086000000.0,0.345,2987000000.0,723000000.0,33130000000.0,33925000000.0,610000000.0,0.0,0.0,0.0,18525000000.0,5463000000.0,13062000000.0,16051961900.0,1117000000.0,980000000.0,0.0,-1049000000.0,-276000000.0,-1202000000.0,-389000000.0,40000000.0,2708000000.0,0.0,-219000000.0,-219000000.0,-219000000.0,1043000000.0,8000000.0,-0.024,1486000000.0,1600000000.0,1047000000.0,-1.274,1.019,-73.297,-72.032,20880000000.0,0.0,44.66,1.795,1.777,1940000000.0,3855000000.0,8945000000.0,8945000000.0,0.0,-0.006,-0.014,0.016,0.062,97000000.0,282000000.0,1.0,359425927.0,356000000,356000000.0,25.126,31268000000.0,142000000.0,52000000.0,482000000.0,87.831,3184000000.0
9,RIG,MRY,2011-12-31,2011-12-31,2011-12-31,2021-08-03,-496000000.0,35032000000.0,36455750000.0,7536000000.0,27496000000.0,0.22,48.562,-1020000000.0,4017000000.0,4017000000.0,6179000000.0,-5677000000.0,1.363,1.241,13536000000.0,2187000000.0,11349000000.0,13536000000.0,0.0,1451000000.0,0.0,0.062,2.37,-4809000000.0,-3358000000.0,-0.418,-3358000000.0,-4809000000.0,-5430000000.0,-17.88,-17.88,-17.88,15637000000.0,19763750000.0,15637000000.0,20093243815.0,-4.0,-5.984,805000000.0,2.5,1.0,1848000000.0,0.23,3217000000.0,621000000.0,35806000000.0,33135250000.0,529000000.0,0.0,0.0,0.0,19405000000.0,5528000000.0,13877000000.0,12279243815.0,663000000.0,-785000000.0,1211000000.0,442000000.0,-759000000.0,734000000.0,-1896000000.0,-78000000.0,1825000000.0,0.0,-5754000000.0,-5754000000.0,-5754000000.0,-85000000.0,77000000.0,-0.717,6610000000.0,-4762000000.0,880000000.0,-0.133,0.785,-2.134,-2.147,20788000000.0,0.0,38.39,1.53,1.54,2049000000.0,4180000000.0,8027000000.0,8027000000.0,0.0,-0.158,-0.291,-0.145,-0.599,95000000.0,288000000.0,1.0,319855270.0,322000000,322000000.0,24.929,31815000000.0,142000000.0,324000000.0,573000000.0,98.804,2008000000.0
10,RIG,MRY,2010-12-31,2010-12-31,2010-12-31,2021-08-03,-332000000.0,36811000000.0,37632750000.0,6195000000.0,30616000000.0,0.211,66.822,-1391000000.0,3394000000.0,3394000000.0,4219000000.0,969000000.0,1.615,0.722,11221000000.0,2012000000.0,9209000000.0,11221000000.0,0.0,1589000000.0,0.0,0.0,0.0,1785000000.0,3374000000.0,0.424,3374000000.0,1785000000.0,1218000000.0,2.88,2.88,2.88,21383000000.0,21085250000.0,21383000000.0,30379095075.0,17.0,9.004,2515000000.0,7.859,1.0,3730000000.0,0.469,8132000000.0,567000000.0,32670000000.0,33963750000.0,514000000.0,0.0,0.0,0.0,15436000000.0,3836000000.0,11600000000.0,22175095075.0,2224000000.0,60000000.0,-240000000.0,-704000000.0,0.0,-961000000.0,-721000000.0,37000000.0,3906000000.0,0.0,926000000.0,926000000.0,926000000.0,894000000.0,43000000.0,0.116,1000000000.0,2730000000.0,832000000.0,0.0,1.037,23.947,24.135,21319000000.0,0.0,69.51,2.79,2.798,1653000000.0,9969000000.0,7949000000.0,7949000000.0,0.0,0.025,0.044,0.053,0.225,102000000.0,246000000.0,1.0,319020214.0,320000000,320000000.0,24.841,28679000000.0,115000000.0,292000000.0,684000000.0,89.622,2359000000.0
11,RIG,MRY,2009-12-31,2009-12-31,2009-12-31,2021-08-03,-335000000.0,36436000000.0,35742500000.0,4476000000.0,31960000000.0,0.32,64.225,-3041000000.0,1130000000.0,1130000000.0,5066000000.0,3170000000.0,1.237,0.773,11717000000.0,1868000000.0,9849000000.0,11717000000.0,0.0,1433000000.0,0.0,0.0,0.0,4388000000.0,5821000000.0,0.509,5821000000.0,4388000000.0,3904000000.0,9.87,9.84,9.87,20552000000.0,19340250000.0,20552000000.0,37626830923.0,9.0,6.464,2557000000.0,7.991,1.0,6375000000.0,0.557,8134000000.0,484000000.0,35271000000.0,35478750000.0,462000000.0,0.0,0.0,0.0,15877000000.0,3618000000.0,12259000000.0,26590830923.0,167000000.0,18000000.0,0.0,-2739000000.0,0.0,-2737000000.0,-2694000000.0,295000000.0,5598000000.0,0.0,3181000000.0,3181000000.0,3181000000.0,26000000.0,-11000000.0,0.278,1985000000.0,4390000000.0,780000000.0,0.0,1.294,8.359,8.389,23018000000.0,0.0,82.8,2.324,2.316,2330000000.0,9008000000.0,11441000000.0,11441000000.0,0.0,0.089,0.164,0.124,0.384,81000000.0,209000000.0,1.0,321145301.0,320000000,321000000.0,35.753,28302000000.0,104000000.0,723000000.0,966000000.0,88.444,858000000.0
12,RIG,MRY,2008-12-31,2008-12-31,2008-12-31,2021-08-03,-420000000.0,35182000000.0,34921500000.0,5349000000.0,29833000000.0,0.363,53.975,-2208000000.0,963000000.0,963000000.0,5355000000.0,4029000000.0,1.98,1.05,13557000000.0,664000000.0,12893000000.0,13557000000.0,0.0,1436000000.0,0.0,0.0,0.0,5414000000.0,6850000000.0,0.54,6850000000.0,5414000000.0,4774000000.0,12.63,12.53,12.63,17164000000.0,15497750000.0,17164000000.0,29035086412.0,5.0,4.239,2751000000.0,8.651,1.0,7319000000.0,0.577,8128000000.0,640000000.0,36947000000.0,36913500000.0,432000000.0,333000000.0,333000000.0,0.0,18015000000.0,2701000000.0,15314000000.0,15081086412.0,-278000000.0,361000000.0,51000000.0,-3069000000.0,0.0,-3041000000.0,-2196000000.0,-349000000.0,4959000000.0,0.0,4031000000.0,4031000000.0,4031000000.0,0.0,-2000000.0,0.318,1962000000.0,5357000000.0,914000000.0,0.0,0.879,3.741,3.741,20861000000.0,0.0,47.25,1.19,1.186,2798000000.0,5827000000.0,12674000000.0,12674000000.0,0.0,0.115,0.26,0.147,0.427,54000000.0,199000000.0,1.0,319176432.0,318000000,321000000.0,39.855,27054000000.0,63000000.0,743000000.0,983000000.0,85.075,2648000000.0
13,RIG,MRY,2007-12-31,2007-12-31,2007-12-31,2021-08-03,-42000000.0,34364000000.0,17774000000.0,4296000000.0,30068000000.0,0.359,58.72,-1380000000.0,1241000000.0,1241000000.0,2781000000.0,3121000000.0,0.544,1.735,17257000000.0,6172000000.0,11085000000.0,17257000000.0,0.0,499000000.0,0.0,0.33,47.213,3556000000.0,4055000000.0,0.636,4055000000.0,3556000000.0,3374000000.0,14.58,14.08,14.58,12566000000.0,8856000000.0,12566000000.0,31204210030.0,9.0,7.695,1693000000.0,7.911,1.0,3596000000.0,0.564,8219000000.0,182000000.0,34259000000.0,17009500000.0,333000000.0,0.0,0.0,0.0,21798000000.0,7902000000.0,13896000000.0,29229210030.0,774000000.0,-4297000000.0,-328000000.0,13562000000.0,-9859000000.0,3378000000.0,-5677000000.0,0.0,3073000000.0,0.0,3121000000.0,3121000000.0,3121000000.0,0.0,0.0,0.489,357000000.0,3239000000.0,805000000.0,3.238,2.326,9.365,9.818,20930000000.0,0.0,143.15,4.584,4.804,2209000000.0,1806000000.0,6377000000.0,6377000000.0,0.0,0.176,0.352,0.209,0.558,8000000.0,142000000.0,1.0,204185889.0,214000000,222000000.0,29.799,26145000000.0,119000000.0,253000000.0,780000000.0,122.173,-3606000000.0
14,RIG,MRY,2006-12-31,2006-12-31,2006-12-31,2021-08-03,-30000000.0,11476000000.0,10949750000.0,1656000000.0,9820000000.0,0.355,31.215,-876000000.0,467000000.0,467000000.0,2155000000.0,1385000000.0,1.594,0.679,3298000000.0,95000000.0,3203000000.0,3298000000.0,0.0,401000000.0,0.0,0.0,0.0,1722000000.0,2123000000.0,0.547,2123000000.0,1722000000.0,1607000000.0,6.32,6.1,6.32,6836000000.0,7310075000.0,6836000000.0,26740352137.0,16.0,12.596,361000000.0,1.648,1.0,1727000000.0,0.445,2195000000.0,115000000.0,11073000000.0,9944325000.0,160000000.0,0.0,0.0,0.0,4640000000.0,1039000000.0,3601000000.0,23652052137.0,22000000.0,461000000.0,-2532000000.0,1700000000.0,0.0,-800000000.0,-415000000.0,0.0,1237000000.0,0.0,1385000000.0,1385000000.0,1385000000.0,0.0,0.0,0.357,86000000.0,1641000000.0,477000000.0,0.0,3.46,17.077,18.295,7326000000.0,0.0,115.623,6.093,6.523,929000000.0,-1181000000.0,3882000000.0,3882000000.0,0.0,0.126,0.189,0.173,0.444,13000000.0,90000000.0,1.0,204561450.0,219000000,228000000.0,17.726,9281000000.0,16000000.0,222000000.0,152000000.0,42.379,617000000.0
15,RIG,MRY,2005-12-31,2005-12-31,2005-12-31,2021-08-03,-20000000.0,10457000000.0,10770075000.0,1279000000.0,9178000000.0,0.269,34.856,-182000000.0,445000000.0,445000000.0,1720000000.0,716000000.0,1.386,0.31,1597000000.0,400000000.0,1197000000.0,1597000000.0,0.0,406000000.0,0.0,0.0,0.0,914000000.0,1320000000.0,0.456,1320000000.0,914000000.0,803000000.0,3.13,3.03,3.13,7982000000.0,7926225000.0,7982000000.0,24004340574.0,26.0,18.185,682000000.0,2.978,1.0,1172000000.0,0.405,2209000000.0,111000000.0,8477000000.0,9029775000.0,156000000.0,0.0,0.0,0.0,2475000000.0,923000000.0,1552000000.0,23003440574.0,-6000000.0,351000000.0,-170000000.0,-880000000.0,0.0,-1039000000.0,169000000.0,0.0,864000000.0,0.0,716000000.0,716000000.0,716000000.0,0.0,0.0,0.248,452000000.0,720000000.0,254000000.0,0.0,2.882,32.128,31.826,6748000000.0,0.0,99.614,7.954,7.888,583000000.0,-2566000000.0,2892000000.0,2892000000.0,0.0,0.066,0.09,0.101,0.316,38000000.0,75000000.0,1.0,230925628.0,229000000,238000000.0,12.629,8248000000.0,23000000.0,87000000.0,92000000.0,36.017,356000000.0
16,RIG,MRY,2004-12-31,2004-12-31,2004-12-31,2021-08-03,-24400000.0,10758300000.0,11310100000.0,1109100000.0,9649200000.0,0.231,32.919,-127000000.0,451300000.0,451300000.0,1714000000.0,152000000.0,2.578,0.455,2481500000.0,19400000.0,2462100000.0,2481500000.0,0.0,524000000.0,0.0,0.0,0.0,415000000.0,939000000.0,0.359,939000000.0,415000000.0,243000000.0,0.672,0.672,0.672,7392600000.0,7340275000.0,7392600000.0,15899848910.0,38.0,16.933,473000000.0,2.106,1.0,900000000.0,0.344,2251900000.0,172000000.0,10106300000.0,10862375000.0,144700000.0,109200000.0,0.0,109200000.0,3365700000.0,430300000.0,2935400000.0,13614248910.0,-23000000.0,678000000.0,30000000.0,-1205000000.0,0.0,-1174000000.0,551000000.0,0.0,600000000.0,0.0,152000000.0,152000000.0,152000000.0,0.0,0.0,0.058,572000000.0,328000000.0,180800000.0,0.0,1.842,89.567,90.166,7005200000.0,0.0,60.592,5.208,5.206,426500000.0,-3282000000.0,2614000000.0,2614000000.0,0.0,0.013,0.021,0.038,0.159,31000000.0,67000000.0,1.0,224688099.0,224572000,227370000.0,11.64,8506400000.0,62800000.0,91000000.0,141200000.0,37.878,678800000.0
17,RIG,MRY,2003-12-31,2003-12-31,2003-12-31,2021-08-03,-20200000.0,11662600000.0,11937125000.0,1178900000.0,10483700000.0,0.204,32.148,-493800000.0,474000000.0,474000000.0,1591200000.0,19200000.0,2.307,0.621,3658100000.0,45800000.0,3612300000.0,3658100000.0,0.0,508200000.0,0.0,0.0,0.0,224200000.0,732400000.0,0.301,732400000.0,224200000.0,22200000.0,0.086,0.086,0.086,7192600000.0,7182675000.0,7192600000.0,10575674506.0,47.0,14.44,31600000.0,0.141,1.0,843100000.0,0.346,2230800000.0,202000000.0,12104800000.0,11895850000.0,152000000.0,5500000.0,0.0,5500000.0,4470000000.0,511100000.0,3958900000.0,7680574507.0,-740200000.0,48400000.0,12800000.0,-1002700000.0,0.0,-820200000.0,-445400000.0,0.0,525400000.0,0.0,19200000.0,19200000.0,19200000.0,0.0,0.0,0.008,603400000.0,239700000.0,146100000.0,0.0,1.068,400.03,399.065,8009600000.0,0.0,34.32,3.155,3.154,435300000.0,-3434200000.0,2434300000.0,2434300000.0,0.0,0.002,0.003,0.019,0.092,6600000.0,65300000.0,1.0,223795499.0,223732000,224851000.0,10.88,9431800000.0,69200000.0,3000000.0,100000000.0,42.157,667800000.0
18,RIG,MRY,2002-12-31,2002-12-31,2002-12-31,2021-08-03,-31500000.0,12665100000.0,14695925000.0,1911700000.0,10753400000.0,0.182,31.99,-141000000.0,1214200000.0,1214200000.0,1494200000.0,-3731900000.0,1.271,0.773,4678000000.0,1048100000.0,3629900000.0,4678000000.0,0.0,500300000.0,0.0,0.003,0.086,-3642900000.0,-3142600000.0,-1.175,-3142600000.0,-3642900000.0,-3854900000.0,-16.71,-16.71,-16.71,7141400000.0,9104525000.0,7141400000.0,11106492075.0,-3.0,-3.534,798000000.0,3.575,1.0,1179700000.0,0.441,2218200000.0,212000000.0,12406800000.0,12769050000.0,155800000.0,108500000.0,0.0,108500000.0,5523700000.0,1503900000.0,4019800000.0,7405892075.0,360800000.0,95700000.0,10200000.0,-515700000.0,-19100000.0,-532900000.0,-45300000.0,0.0,939000000.0,0.0,-3731900000.0,-3731900000.0,-3731900000.0,0.0,0.0,-1.396,3489600000.0,-2309900000.0,134100000.0,-0.005,1.037,-1.984,-1.985,8029800000.0,0.0,33.162,2.77,2.769,437600000.0,-3453400000.0,2673900000.0,2673900000.0,0.0,-0.254,-0.41,-0.285,-1.362,1100000.0,65600000.0,1.0,223325952.0,223242000,223242000.0,11.978,10446900000.0,48100000.0,-123000000.0,166700000.0,46.796,407800000.0
19,RIG,MRY,2001-12-31,2001-12-31,2001-12-31,2021-08-03,-2300000.0,17047800000.0,16895075000.0,1736800000.0,15311000000.0,0.167,50.437,-506200000.0,853400000.0,853400000.0,1603300000.0,252600000.0,1.616,0.563,5023800000.0,484400000.0,4539400000.0,5023800000.0,0.0,625000000.0,0.0,0.004,0.172,552700000.0,1177700000.0,0.418,1177700000.0,552700000.0,328800000.0,1.172,1.144,1.172,10910300000.0,10807400000.0,10910300000.0,15210868837.0,28.0,12.916,54200000.0,0.251,1.0,1216800000.0,0.431,6466700000.0,223900000.0,13677000000.0,13935825000.0,158800000.0,107100000.0,0.0,107100000.0,6137500000.0,1074500000.0,5063000000.0,10780868837.0,818900000.0,487000000.0,40200000.0,288800000.0,-38200000.0,284900000.0,-26400000.0,17200000.0,560400000.0,0.0,252600000.0,252600000.0,252600000.0,0.0,0.0,0.09,666800000.0,550000000.0,188400000.0,0.147,0.988,42.68,41.247,8368100000.0,0.0,48.342,3.823,3.708,602900000.0,297700000.0,2820100000.0,2820100000.0,0.0,0.015,0.023,0.04,0.196,0.0,57900000.0,1.0,223012887.0,216316000,220234000.0,13.037,10581100000.0,49000000.0,76200000.0,463400000.0,48.915,662300000.0
20,RIG,MRY,2000-12-31,2000-12-31,2000-12-31,2021-08-03,0.0,6358800000.0,6279179500.0,448100000.0,5910700000.0,0.196,27.203,-574700000.0,34500000.0,34500000.0,812600000.0,108500000.0,0.905,0.588,1453400000.0,23100000.0,1430300000.0,1453400000.0,0.0,259500000.0,0.0,0.003,0.208,148200000.0,407700000.0,0.332,407700000.0,148200000.0,145200000.0,0.743,0.729,0.743,4004100000.0,3985379000.0,4004100000.0,11011441126.0,74.0,27.009,-378800000.0,-2.573,1.0,416900000.0,0.339,1037900000.0,3000000.0,6244600000.0,6104932000.0,89500000.0,105900000.0,0.0,105900000.0,2354700000.0,495200000.0,1859500000.0,9692935126.0,-131200000.0,86300000.0,13700000.0,179300000.0,-25300000.0,165800000.0,-492900000.0,0.0,195900000.0,0.0,108500000.0,108500000.0,108500000.0,0.0,0.0,0.088,283800000.0,133100000.0,135600000.0,0.28,2.421,89.336,88.495,4695000000.0,0.0,65.752,7.884,7.872,268900000.0,83300000.0,1229500000.0,1229500000.0,0.0,0.017,0.027,0.024,0.121,1900000.0,42100000.0,1.0,147416900.0,147196000,148105000.0,8.353,5320900000.0,18100000.0,36700000.0,472300000.0,36.148,-47100000.0
21,RIG,MRY,1999-12-31,1999-12-31,1999-12-31,2021-08-03,0.0,6140170000.0,4020667750.0,558866000.0,5581304000.0,0.161,50.996,-537000000.0,165673000.0,165673000.0,448900000.0,58100000.0,1.057,0.57,1266162000.0,78584000.0,1187578000.0,1266162000.0,0.0,131900000.0,0.0,0.005,0.245,59100000.0,191000000.0,0.295,191000000.0,59100000.0,48800000.0,0.758,0.758,0.758,3910139000.0,2560882500.0,3910139000.0,4103375675.0,69.0,21.484,-296400000.0,-3.866,1.0,199300000.0,0.307,1067594000.0,10300000.0,5644544000.0,3731673000.0,77058000.0,101892000.0,0.0,101892000.0,2230031000.0,528521000.0,1701510000.0,3388364675.0,-8800000.0,446100000.0,0.0,-422700000.0,0.0,-159200000.0,-90200000.0,0.0,240600000.0,0.0,58100000.0,58100000.0,58100000.0,0.0,0.0,0.09,150000000.0,49300000.0,144538000.0,0.323,0.867,58.32,63.53,4344502000.0,0.0,48.156,5.227,5.696,235342000.0,,648200000.0,648200000.0,0.0,0.014,0.023,0.016,0.091,0.0,16800000.0,1.0,70362123.0,76676000,76676000.0,8.454,5072576000.0,12562000.0,-9300000.0,495844000.0,66.156,30345000.0
22,RIG,MRY,1998-12-31,1998-12-31,1998-12-31,2021-08-03,0.0,1472919000.0,2613752750.0,514693000.0,958226000.0,0.417,7.363,-424749000.0,174481000.0,174481000.0,562565000.0,341578000.0,1.727,1.61,507850000.0,14348000.0,493502000.0,507850000.0,0.0,124707000.0,0.0,0.006,0.245,386971000.0,511678000.0,0.469,511678000.0,386971000.0,374021000.0,4.46,4.46,4.46,564382000.0,1479080750.0,564382000.0,3523026715.0,9.0,6.885,48665000.0,0.635,1.0,527958000.0,0.484,0.0,12950000.0,1508304000.0,2550924750.0,45976000.0,24865000.0,0.0,24865000.0,908537000.0,297984000.0,610553000.0,2695775715.0,79364000.0,0.0,0.0,168611000.0,0.0,27494000.0,-421544000.0,0.0,473414000.0,0.0,341578000.0,341578000.0,341578000.0,0.0,0.0,0.313,150693000.0,377265000.0,120385000.0,0.055,4.777,7.892,8.592,915423000.0,0.0,38.322,2.472,2.694,235785000.0,586696000.0,1090523000.0,1090523000.0,0.0,0.131,0.231,0.152,0.355,0.0,25986000.0,1.0,70345568.0,76650974,76701346.0,14.227,1472919000.0,17938000.0,32443000.0,41058000.0,19.216,216709000.0
23,RIG,MRY,1997-12-31,1997-12-31,1997-12-31,2021-08-03,0.0,2755088000.0,2599151000.0,307090000.0,2447998000.0,0.343,21.15,-13411000.0,54225000.0,54225000.0,466269000.0,260455000.0,1.658,0.699,733094000.0,4812000.0,728282000.0,733094000.0,0.0,110780000.0,0.0,0.004,0.246,312098000.0,422878000.0,0.474,422878000.0,312098000.0,292459000.0,3.402,3.402,3.402,1621178000.0,1624443500.0,1621178000.0,,,,305073000.0,3.98,1.0,425065000.0,0.477,693154000.0,19639000.0,2555611000.0,2200177500.0,30917000.0,45869000.0,0.0,45869000.0,1133910000.0,185192000.0,948718000.0,4814982785.0,30380000.0,0.0,0.0,101573000.0,-71195000.0,-268851000.0,-19253000.0,0.0,318484000.0,0.0,260455000.0,260455000.0,260455000.0,0.0,0.0,0.292,126444000.0,298621000.0,62997000.0,0.072,2.97,18.487,20.248,1667974000.0,0.0,68.882,5.402,5.924,175486000.0,255328000.0,891334000.0,891334000.0,0.0,0.1,0.16,0.142,0.35,0.0,15664000.0,1.0,69901680.0,76650974,76701346.0,11.628,2061934000.0,4418000.0,32004000.0,218308000.0,26.9,121898000.0
24,RIG,MRY,1996-12-31,1996-12-31,1996-12-31,2021-08-03,0.0,2443214000.0,,252246000.0,2190968000.0,,32.459,-212959000.0,24154000.0,24154000.0,359304000.0,78045000.0,1.09,0.501,420335000.0,28013000.0,392322000.0,420335000.0,0.0,46587000.0,0.0,0.005,0.246,128872000.0,175459000.0,0.332,175459000.0,128872000.0,121652000.0,1.558,1.529,1.558,1627709000.0,,1627709000.0,,,,-87438000.0,-1.744,1.0,169599000.0,0.321,763173000.0,7220000.0,1844744000.0,,26556000.0,35608000.0,0.0,35608000.0,815505000.0,231478000.0,584027000.0,,-88818000.0,-240622000.0,3481000.0,254454000.0,-8206000.0,239242000.0,-453581000.0,0.0,125521000.0,0.0,78045000.0,78045000.0,78045000.0,0.0,0.0,0.148,61985000.0,107614000.0,67032000.0,0.158,,,28.73,1370349000.0,0.0,44.761,,4.244,150546000.0,126035000.0,528903000.0,528903000.0,0.0,,,,0.244,0.0,15398000.0,1.0,,50145929,51154052.0,10.547,1680041000.0,17207000.0,43607000.0,209646000.0,33.503,20768000.0
25,RIG,MRY,1995-12-31,1995-12-31,1995-12-31,2021-08-03,,,,,,,,-18905000.0,,,228539000.0,46948000.0,,,,,,,,26995000.0,,0.008,0.246,77668000.0,104663000.0,0.324,104663000.0,77668000.0,75149000.0,1.186,1.172,1.186,,,,,,,40637000.0,1.028,1.0,94119000.0,0.292,,2519000.0,,,,,,,,,,,65981000.0,32231000.0,1172000.0,0.0,-6808000.0,-6887000.0,13326000.0,0.0,59542000.0,0.0,46948000.0,46948000.0,46948000.0,0.0,0.0,0.146,42031000.0,52088000.0,,0.207,,,26.967,,0.0,31.983,,3.919,,,322658000.0,322658000.0,0.0,,,,0.241,0.0,15036000.0,1.0,,39533696,40102471.0,8.162,,,28201000.0,,,
0,RIG,MRQ,2021-06-30,2021-06-30,2021-06-30,2021-08-03,-264000000.0,21198000000.0,,2618000000.0,18580000000.0,,18.209,-41000000.0,1490000000.0,1490000000.0,434000000.0,-103000000.0,1.985,0.874,7527000000.0,536000000.0,6991000000.0,7527000000.0,0.0,186000000.0,0.0,0.0,0.0,16000000.0,202000000.0,0.308,202000000.0,16000000.0,-99000000.0,-0.17,-0.17,-0.17,11308000000.0,,11308000000.0,8956191277.0,15.0,6.654,112000000.0,0.18,1.0,222000000.0,0.338,280000000.0,115000000.0,25636000000.0,,433000000.0,0.0,0.0,0.0,9886000000.0,1319000000.0,8567000000.0,2790191277.0,36000000.0,-32000000.0,66000000.0,-100000000.0,0.0,-44000000.0,-73000000.0,0.0,153000000.0,0.0,-103000000.0,-103000000.0,-103000000.0,0.0,0.0,-0.157,224000000.0,-2000000.0,198000000.0,0.0,0.247,23.252,23.789,17336000000.0,0.0,4.52,1.007,1.013,539000000.0,-2068000000.0,656000000.0,656000000.0,0.0,,,,,7000000.0,39000000.0,1.0,617298955.0,621000000,621000000.0,1.056,20918000000.0,8000000.0,4000000.0,333000000.0,33.684,1299000000.0
1,RIG,MRQ,2021-03-31,2021-03-31,2021-03-31,2021-08-03,-267000000.0,21360000000.0,,2559000000.0,18801000000.0,,18.373,-59000000.0,1454000000.0,1454000000.0,435000000.0,-98000000.0,1.964,0.884,7620000000.0,524000000.0,7096000000.0,7620000000.0,0.0,187000000.0,0.0,0.0,0.0,-5000000.0,182000000.0,0.279,182000000.0,-5000000.0,-120000000.0,-0.16,-0.16,-0.16,11336000000.0,,11336000000.0,8433889261.0,32.0,8.204,37000000.0,0.06,1.0,218000000.0,0.334,337000000.0,115000000.0,25886000000.0,,433000000.0,0.0,0.0,0.0,10020000000.0,1303000000.0,8717000000.0,2186889261.0,-106000000.0,6000000.0,0.0,-139000000.0,0.0,-149000000.0,-53000000.0,0.0,96000000.0,0.0,-99000000.0,-99000000.0,-99000000.0,0.0,1000000.0,-0.152,285000000.0,-67000000.0,189000000.0,0.0,0.193,-7.981,-7.889,17479000000.0,0.0,3.55,0.718,0.719,511000000.0,-1965000000.0,653000000.0,653000000.0,0.0,,,,,7000000.0,39000000.0,1.0,616025144.0,617000000,617000000.0,1.058,21023000000.0,11000000.0,-21000000.0,348000000.0,34.073,1256000000.0
2,RIG,MRQ,2020-12-31,2020-12-31,2020-12-31,2021-08-03,-263000000.0,21804000000.0,,2740000000.0,19064000000.0,,18.589,-47000000.0,1560000000.0,1560000000.0,465000000.0,-39000000.0,1.977,0.907,7807000000.0,505000000.0,7302000000.0,7807000000.0,0.0,189000000.0,0.0,0.0,0.0,103000000.0,292000000.0,0.423,292000000.0,103000000.0,-14000000.0,-0.06,-0.06,-0.06,11432000000.0,,11432000000.0,8024904798.0,229.0,9.834,231000000.0,0.376,1.0,225000000.0,0.326,393000000.0,117000000.0,26272000000.0,,434000000.0,0.0,0.0,0.0,10369000000.0,1386000000.0,8983000000.0,1420904798.0,-270000000.0,7000000.0,0.0,-502000000.0,0.0,-511000000.0,-37000000.0,5000000.0,278000000.0,0.0,-37000000.0,-37000000.0,-37000000.0,0.0,-2000000.0,-0.054,259000000.0,-34000000.0,194000000.0,0.0,0.124,-2.506,-2.511,17667000000.0,0.0,2.31,0.451,0.451,583000000.0,-1866000000.0,690000000.0,690000000.0,0.0,,,,,7000000.0,50000000.0,1.0,615110302.0,615000000,615000000.0,1.122,21411000000.0,9000000.0,23000000.0,343000000.0,34.815,1354000000.0
3,RIG,MRQ,2020-09-30,2020-09-30,2020-09-30,2021-08-03,-327000000.0,22472000000.0,,3175000000.0,19297000000.0,,18.502,-65000000.0,1830000000.0,1830000000.0,470000000.0,359000000.0,2.047,0.971,8434000000.0,640000000.0,7794000000.0,8434000000.0,0.0,190000000.0,0.0,0.0,0.0,480000000.0,670000000.0,0.867,670000000.0,480000000.0,335000000.0,0.58,0.51,0.58,11397000000.0,,11397000000.0,7605930863.0,447.0,9.321,16000000.0,0.026,1.0,303000000.0,0.392,450000000.0,145000000.0,27075000000.0,,459000000.0,0.0,0.0,0.0,11069000000.0,1551000000.0,9518000000.0,495930863.0,-118000000.0,1000000.0,0.0,-126000000.0,0.0,-135000000.0,-64000000.0,0.0,81000000.0,0.0,359000000.0,359000000.0,359000000.0,0.0,0.0,0.464,299000000.0,4000000.0,214000000.0,0.0,0.044,-0.854,-0.849,17831000000.0,0.0,0.807,0.152,0.153,699000000.0,-1829000000.0,773000000.0,773000000.0,0.0,,,,,9000000.0,45000000.0,1.0,614612545.0,616000000,702000000.0,1.255,22022000000.0,19000000.0,-24000000.0,336000000.0,35.75,1624000000.0
4,RIG,MRQ,2020-06-30,2020-06-30,2020-06-30,2021-08-03,-329000000.0,22825000000.0,,3284000000.0,19541000000.0,,17.855,-46000000.0,1948000000.0,1948000000.0,525000000.0,-497000000.0,2.068,1.078,9058000000.0,578000000.0,8480000000.0,9058000000.0,0.0,196000000.0,0.0,0.0,0.0,-312000000.0,-116000000.0,-0.125,-116000000.0,-312000000.0,-465000000.0,-0.81,-0.81,-0.81,10981000000.0,,10981000000.0,8267676448.0,-8.0,-33.472,41000000.0,0.067,1.0,405000000.0,0.435,507000000.0,153000000.0,27840000000.0,,457000000.0,0.0,0.0,0.0,11838000000.0,1588000000.0,10250000000.0,1124676448.0,-66000000.0,2000000.0,0.0,-100000000.0,0.0,-109000000.0,-44000000.0,0.0,87000000.0,0.0,-497000000.0,-497000000.0,-497000000.0,0.0,0.0,-0.534,669000000.0,-264000000.0,264000000.0,0.0,0.102,-0.637,-0.635,18009000000.0,0.0,1.83,0.344,0.345,703000000.0,-2188000000.0,930000000.0,930000000.0,0.0,,,,,7000000.0,45000000.0,1.0,614577294.0,615000000,615000000.0,1.512,22318000000.0,17000000.0,32000000.0,336000000.0,36.289,1696000000.0
5,RIG,MRQ,2020-03-31,2020-03-31,2020-03-31,2021-08-03,-331000000.0,23451000000.0,,3291000000.0,20160000000.0,,18.679,-107000000.0,2014000000.0,2014000000.0,540000000.0,-391000000.0,2.065,1.044,9157000000.0,581000000.0,8576000000.0,9157000000.0,0.0,206000000.0,0.0,0.0,0.0,-236000000.0,-30000000.0,-0.04,-30000000.0,-236000000.0,-396000000.0,-0.64,-0.64,-0.64,11469000000.0,,11469000000.0,7623584863.0,-10.0,89.689,-155000000.0,-0.252,1.0,219000000.0,0.289,560000000.0,160000000.0,28440000000.0,,459000000.0,0.0,0.0,0.0,11976000000.0,1594000000.0,10382000000.0,710584863.0,-335000000.0,-5000000.0,0.0,-166000000.0,0.0,-175000000.0,-112000000.0,0.0,-48000000.0,0.0,-392000000.0,-392000000.0,-392000000.0,0.0,1000000.0,-0.516,418000000.0,-199000000.0,244000000.0,0.0,0.062,-0.481,-0.481,18580000000.0,0.0,1.16,0.23,0.23,654000000.0,-1691000000.0,759000000.0,759000000.0,0.0,,,,,8000000.0,43000000.0,1.0,612573158.0,614000000,614000000.0,1.236,22891000000.0,20000000.0,-4000000.0,318000000.0,37.282,1697000000.0
6,RIG,MRQ,2019-12-31,2019-12-31,2019-12-31,2021-08-03,-324000000.0,24105000000.0,,3640000000.0,20465000000.0,,19.382,-128000000.0,2348000000.0,2348000000.0,575000000.0,-55000000.0,2.111,1.032,9261000000.0,568000000.0,8693000000.0,9261000000.0,0.0,207000000.0,0.0,0.0,0.0,85000000.0,292000000.0,0.369,292000000.0,85000000.0,-75000000.0,-0.08,-0.08,-0.08,11862000000.0,,11862000000.0,11142608014.0,-21.0,34.93,19000000.0,0.031,1.0,217000000.0,0.274,608000000.0,160000000.0,28686000000.0,,479000000.0,0.0,0.0,0.0,12238000000.0,1724000000.0,10514000000.0,4209608014.0,-108000000.0,18000000.0,0.0,-136000000.0,0.0,-145000000.0,-110000000.0,0.0,147000000.0,0.0,-51000000.0,-51000000.0,-51000000.0,0.0,-4000000.0,-0.064,291000000.0,-74000000.0,311000000.0,0.0,0.355,-3.354,-3.356,18847000000.0,0.0,6.88,1.363,1.364,654000000.0,-1297000000.0,792000000.0,792000000.0,0.0,,,,,9000000.0,54000000.0,1.0,611861630.0,612000000,612000000.0,1.294,23497000000.0,20000000.0,-24000000.0,330000000.0,38.394,1916000000.0
7,RIG,MRQ,2019-09-30,2019-09-30,2019-09-30,2021-08-03,-295000000.0,24449000000.0,,3771000000.0,20678000000.0,,19.467,-121000000.0,2457000000.0,2457000000.0,547000000.0,-825000000.0,2.533,1.048,9390000000.0,349000000.0,9041000000.0,9390000000.0,0.0,212000000.0,0.0,0.0,0.0,-605000000.0,-393000000.0,-0.501,-393000000.0,-605000000.0,-771000000.0,-1.35,-1.35,-1.35,11933000000.0,,11933000000.0,9608761399.0,-16.0,36.397,-30000000.0,-0.049,1.0,237000000.0,0.302,655000000.0,166000000.0,29238000000.0,,475000000.0,0.0,0.0,0.0,12507000000.0,1489000000.0,11018000000.0,2734761399.0,-396000000.0,-3000000.0,0.0,-355000000.0,0.0,-363000000.0,-124000000.0,0.0,91000000.0,0.0,-825000000.0,-825000000.0,-825000000.0,0.0,0.0,-1.052,844000000.0,-607000000.0,308000000.0,0.0,0.229,-1.891,-1.878,18948000000.0,0.0,4.47,0.898,0.9,639000000.0,-1246000000.0,784000000.0,784000000.0,0.0,,,,,9000000.0,45000000.0,1.0,611803445.0,613000000,613000000.0,1.279,23794000000.0,21000000.0,54000000.0,228000000.0,38.816,2282000000.0
8,RIG,MRQ,2019-06-30,2019-06-30,2019-06-30,2021-08-03,-295000000.0,25624000000.0,,4208000000.0,21416000000.0,,20.83,-86000000.0,2853000000.0,2853000000.0,510000000.0,-206000000.0,2.88,1.009,9727000000.0,349000000.0,9378000000.0,9727000000.0,0.0,219000000.0,0.0,0.0,0.0,-3000000.0,216000000.0,0.285,216000000.0,-3000000.0,-171000000.0,-0.34,-0.34,-0.34,12748000000.0,,12748000000.0,10865558223.0,-41.0,18.766,67000000.0,0.109,1.0,248000000.0,0.327,703000000.0,168000000.0,30334000000.0,,488000000.0,0.0,0.0,0.0,12867000000.0,1461000000.0,11406000000.0,3920558223.0,383000000.0,26000000.0,0.0,298000000.0,0.0,287000000.0,-57000000.0,0.0,153000000.0,0.0,-208000000.0,-208000000.0,-208000000.0,0.0,2000000.0,-0.274,275000000.0,-27000000.0,276000000.0,0.0,0.308,-3.806,-3.356,19594000000.0,0.0,6.41,1.275,1.275,645000000.0,-421000000.0,758000000.0,758000000.0,0.0,,,,,10000000.0,45000000.0,1.0,611631548.0,612000000,612000000.0,1.239,24921000000.0,71000000.0,37000000.0,237000000.0,40.721,2747000000.0
9,RIG,MRQ,2019-03-31,2019-03-31,2019-03-31,2021-08-03,-296000000.0,25450000000.0,,3792000000.0,21658000000.0,,21.188,-52000000.0,2469000000.0,2469000000.0,508000000.0,-171000000.0,2.716,0.965,9414000000.0,343000000.0,9071000000.0,9414000000.0,0.0,217000000.0,0.0,0.0,0.0,-13000000.0,204000000.0,0.271,204000000.0,-13000000.0,-179000000.0,-0.28,-0.28,-0.28,12946000000.0,,12946000000.0,12580635691.0,-11.0,-38.356,-103000000.0,-0.169,1.0,246000000.0,0.326,750000000.0,166000000.0,30249000000.0,,488000000.0,0.0,0.0,0.0,12497000000.0,1396000000.0,11101000000.0,5313635691.0,-119000000.0,-48000000.0,0.0,-76000000.0,0.0,-91000000.0,23000000.0,123000000.0,-51000000.0,0.0,-171000000.0,-171000000.0,-171000000.0,0.0,0.0,-0.227,259000000.0,-13000000.0,212000000.0,0.0,0.41,-2.715,-2.161,19691000000.0,0.0,8.71,1.71,1.712,665000000.0,-213000000.0,754000000.0,754000000.0,0.0,,,,,9000000.0,49000000.0,1.0,610061503.0,611000000,611000000.0,1.234,24700000000.0,58000000.0,-8000000.0,112000000.0,40.426,2396000000.0
10,RIG,MRQ,2018-12-31,2018-12-31,2018-12-31,2021-08-03,-279000000.0,25665000000.0,,3948000000.0,21717000000.0,,25.7,-44000000.0,2711000000.0,2711000000.0,497000000.0,-243000000.0,2.708,0.958,9978000000.0,373000000.0,9605000000.0,9978000000.0,0.0,204000000.0,0.0,0.0,0.0,33000000.0,237000000.0,0.317,237000000.0,33000000.0,-132000000.0,-0.41,-0.41,-0.41,13107000000.0,,13107000000.0,9664627883.0,-8.0,-29.287,194000000.0,0.38,1.0,251000000.0,0.336,795000000.0,165000000.0,30679000000.0,,474000000.0,0.0,0.0,0.0,12551000000.0,1458000000.0,11093000000.0,3205627883.0,-286000000.0,-1008000000.0,0.0,645000000.0,0.0,644000000.0,-1168000000.0,-116000000.0,238000000.0,0.0,-242000000.0,-242000000.0,-242000000.0,0.0,-1000000.0,-0.324,276000000.0,-25000000.0,269000000.0,0.0,0.245,-1.606,-1.625,20408000000.0,0.0,6.94,1.062,1.076,604000000.0,-67000000.0,748000000.0,748000000.0,0.0,,,,,9000000.0,54000000.0,1.0,461906035.0,510000000,510000000.0,1.467,24870000000.0,66000000.0,110000000.0,134000000.0,48.765,2490000000.0
11,RIG,MRQ,2018-09-30,2018-09-30,2018-09-30,2021-08-03,-290000000.0,23462000000.0,,4065000000.0,19397000000.0,,25.836,-48000000.0,2868000000.0,2868000000.0,447000000.0,-409000000.0,3.075,0.961,9327000000.0,372000000.0,8955000000.0,9327000000.0,0.0,201000000.0,0.0,0.0,0.0,-279000000.0,-78000000.0,-0.096,-78000000.0,-279000000.0,-439000000.0,-0.88,-0.88,-0.88,11962000000.0,,11962000000.0,13077061153.0,-11.0,-34.413,166000000.0,0.359,1.0,369000000.0,0.452,554000000.0,160000000.0,28045000000.0,,401000000.0,0.0,0.0,0.0,11501000000.0,1322000000.0,10179000000.0,6443061153.0,-132000000.0,13000000.0,0.0,-308000000.0,0.0,-311000000.0,-35000000.0,0.0,214000000.0,0.0,-409000000.0,-409000000.0,-409000000.0,0.0,0.0,-0.501,674000000.0,-305000000.0,172000000.0,0.0,0.539,-3.455,-3.402,18359000000.0,0.0,13.95,2.223,2.228,627000000.0,175000000.0,816000000.0,816000000.0,0.0,,,,,8000000.0,35000000.0,1.0,461868183.0,463000000,463000000.0,1.762,22908000000.0,40000000.0,-30000000.0,101000000.0,49.477,2743000000.0
12,RIG,MRQ,2018-06-30,2018-06-30,2018-06-30,2021-08-03,-291000000.0,24246000000.0,,4217000000.0,20029000000.0,,26.751,-39000000.0,2996000000.0,2996000000.0,431000000.0,-1139000000.0,1.492,0.962,9630000000.0,1816000000.0,7814000000.0,9630000000.0,0.0,211000000.0,0.0,0.0,0.0,-902000000.0,-691000000.0,-0.875,-691000000.0,-902000000.0,-1050000000.0,-2.46,-2.46,-2.46,12359000000.0,,12359000000.0,12864453162.0,-6.0,-10.459,-36000000.0,-0.078,1.0,359000000.0,0.454,583000000.0,148000000.0,27471000000.0,,414000000.0,0.0,0.0,0.0,11884000000.0,2826000000.0,9058000000.0,6205453162.0,-199000000.0,-81000000.0,0.0,-220000000.0,0.0,-232000000.0,30000000.0,150000000.0,3000000.0,0.0,-1135000000.0,-1135000000.0,-1135000000.0,0.0,-4000000.0,-1.437,1276000000.0,-917000000.0,163000000.0,0.0,0.502,-2.16,-1.965,18958000000.0,0.0,13.44,2.146,2.148,619000000.0,584000000.0,790000000.0,790000000.0,0.0,,,,,18000000.0,52000000.0,1.0,461715265.0,462000000,462000000.0,1.71,23663000000.0,44000000.0,85000000.0,148000000.0,51.219,1391000000.0
13,RIG,MRQ,2018-03-31,2018-03-31,2018-03-31,2021-08-03,-292000000.0,25695000000.0,,4543000000.0,21152000000.0,,30.648,-53000000.0,3196000000.0,3196000000.0,424000000.0,-212000000.0,1.503,0.914,9855000000.0,1879000000.0,7976000000.0,9855000000.0,0.0,202000000.0,0.0,0.0,0.0,0.0,202000000.0,0.304,202000000.0,0.0,-147000000.0,-0.48,-0.48,-0.48,13424000000.0,,13424000000.0,8954255599.0,-3.0,-4.669,50000000.0,0.114,1.0,240000000.0,0.361,1073000000.0,147000000.0,28259000000.0,,457000000.0,150000000.0,150000000.0,0.0,12268000000.0,3022000000.0,9246000000.0,4543255599.0,231000000.0,129000000.0,0.0,-168000000.0,0.0,-248000000.0,376000000.0,300000000.0,103000000.0,0.0,-210000000.0,-210000000.0,-210000000.0,0.0,-2000000.0,-0.316,244000000.0,-4000000.0,211000000.0,0.0,0.338,-1.325,-1.138,19671000000.0,0.0,9.9,1.593,1.52,576000000.0,1719000000.0,664000000.0,664000000.0,0.0,,,,,10000000.0,47000000.0,1.0,458914707.0,438000000,438000000.0,1.516,24622000000.0,54000000.0,63000000.0,194000000.0,56.215,1521000000.0
14,RIG,MRQ,2017-12-31,2017-12-31,2017-12-31,2021-08-03,-290000000.0,22410000000.0,,4606000000.0,17804000000.0,,32.499,-111000000.0,2985000000.0,2985000000.0,386000000.0,-102000000.0,3.364,0.763,7396000000.0,250000000.0,7146000000.0,7396000000.0,0.0,184000000.0,0.0,0.0,0.0,3000000.0,187000000.0,0.297,187000000.0,3000000.0,-120000000.0,-0.28,-0.28,-0.28,12707000000.0,,12707000000.0,8281158300.0,-3.0,-4.843,133000000.0,0.34,1.0,243000000.0,0.386,0.0,123000000.0,25452000000.0,,418000000.0,450000000.0,450000000.0,0.0,9699000000.0,1369000000.0,8330000000.0,4178158300.0,-211000000.0,20000000.0,0.0,86000000.0,0.0,86000000.0,-541000000.0,-450000000.0,244000000.0,0.0,-111000000.0,-111000000.0,-111000000.0,0.0,9000000.0,-0.176,228000000.0,15000000.0,201000000.0,0.0,0.329,-1.336,-1.335,17402000000.0,0.0,10.68,1.405,1.405,596000000.0,1929000000.0,629000000.0,629000000.0,0.0,,,,,11000000.0,43000000.0,1.0,391213324.0,391000000,391000000.0,1.609,22410000000.0,47000000.0,-9000000.0,123000000.0,57.315,3237000000.0
15,RIG,MRQ,2017-09-30,2017-09-30,2017-09-30,2021-08-03,-298000000.0,22441000000.0,,4451000000.0,17990000000.0,,32.734,-128000000.0,3197000000.0,3197000000.0,325000000.0,-1411000000.0,2.361,0.753,7300000000.0,799000000.0,6501000000.0,7300000000.0,0.0,197000000.0,0.0,0.0,0.0,-1125000000.0,-928000000.0,-1.149,-928000000.0,-1125000000.0,-1237000000.0,-3.62,-3.62,-3.62,12799000000.0,,12799000000.0,8591146371.0,-4.0,-6.46,254000000.0,0.65,1.0,483000000.0,0.598,0.0,112000000.0,24659000000.0,,437000000.0,0.0,0.0,0.0,9638000000.0,1885000000.0,7753000000.0,4209146371.0,236000000.0,1000000.0,0.0,-96000000.0,0.0,-44000000.0,-102000000.0,0.0,382000000.0,0.0,-1417000000.0,-1417000000.0,-1417000000.0,0.0,6000000.0,-1.754,1630000000.0,-1147000000.0,172000000.0,0.0,0.329,-1.518,-1.522,17482000000.0,0.0,10.76,1.269,1.268,663000000.0,2040000000.0,808000000.0,808000000.0,0.0,,,,,9000000.0,39000000.0,1.0,391184607.0,391000000,391000000.0,2.066,22441000000.0,167000000.0,180000000.0,265000000.0,57.394,2566000000.0
16,RIG,MRQ,2017-06-30,2017-06-30,2017-06-30,2021-08-03,-300000000.0,23847000000.0,,4286000000.0,19561000000.0,,36.33,-136000000.0,3008000000.0,3008000000.0,331000000.0,-1679000000.0,2.307,0.678,7390000000.0,865000000.0,6525000000.0,7390000000.0,0.0,219000000.0,0.0,0.0,0.0,-1598000000.0,-1379000000.0,-1.836,-1379000000.0,-1598000000.0,-1727000000.0,-4.32,-4.32,-4.32,14205000000.0,,14205000000.0,8078303782.0,-11.0,51.784,227000000.0,0.581,1.0,420000000.0,0.559,0.0,129000000.0,26371000000.0,,517000000.0,0.0,0.0,0.0,9638000000.0,1858000000.0,7780000000.0,3218303782.0,-521000000.0,325000000.0,0.0,-1058000000.0,0.0,-1058000000.0,174000000.0,0.0,363000000.0,0.0,-1690000000.0,-1690000000.0,-1690000000.0,0.0,11000000.0,-2.25,1962000000.0,-1542000000.0,173000000.0,0.0,0.227,-2.828,-2.878,18901000000.0,0.0,8.23,0.942,0.942,624000000.0,3457000000.0,751000000.0,751000000.0,0.0,,,,,11000000.0,35000000.0,1.0,391045417.0,391000000,391000000.0,1.921,23847000000.0,301000000.0,-37000000.0,224000000.0,60.99,2428000000.0
17,RIG,MRQ,2017-03-31,2017-03-31,2017-03-31,2021-08-03,-284000000.0,26717000000.0,,5071000000.0,21646000000.0,,40.769,-122000000.0,3535000000.0,3535000000.0,347000000.0,95000000.0,1.991,0.68,8395000000.0,1458000000.0,6937000000.0,8395000000.0,0.0,232000000.0,0.0,0.0,0.0,178000000.0,410000000.0,0.522,410000000.0,178000000.0,51000000.0,0.23,0.23,0.23,15900000000.0,,15900000000.0,9796492050.0,9.0,5.003,59000000.0,0.151,1.0,438000000.0,0.558,0.0,127000000.0,29030000000.0,,553000000.0,0.0,0.0,0.0,10817000000.0,2547000000.0,8270000000.0,4850492050.0,38000000.0,4000000.0,0.0,-72000000.0,0.0,-25000000.0,-118000000.0,0.0,181000000.0,0.0,91000000.0,91000000.0,91000000.0,0.0,4000000.0,0.116,269000000.0,169000000.0,162000000.0,0.0,0.305,7.651,7.411,20966000000.0,0.0,12.45,1.345,1.347,850000000.0,5147000000.0,785000000.0,785000000.0,0.0,,,,,10000000.0,39000000.0,1.0,389597755.0,390000000,390000000.0,2.013,26717000000.0,309000000.0,-40000000.0,246000000.0,68.505,2524000000.0
18,RIG,MRQ,2016-12-31,2016-12-31,2016-12-31,2021-08-03,-283000000.0,26889000000.0,,5098000000.0,21791000000.0,,42.365,-272000000.0,3518000000.0,3518000000.0,340000000.0,257000000.0,2.568,0.701,8464000000.0,724000000.0,7740000000.0,8464000000.0,0.0,226000000.0,0.0,0.0,0.0,341000000.0,567000000.0,0.582,567000000.0,341000000.0,228000000.0,0.64,0.64,0.64,15802000000.0,,15802000000.0,10747333670.0,8.0,4.914,430000000.0,1.153,1.0,634000000.0,0.651,0.0,113000000.0,29850000000.0,,561000000.0,0.0,0.0,0.0,11084000000.0,1985000000.0,9099000000.0,5387333670.0,648000000.0,14000000.0,0.0,212000000.0,0.0,203000000.0,-257000000.0,0.0,702000000.0,0.0,243000000.0,243000000.0,243000000.0,0.0,14000000.0,0.249,344000000.0,290000000.0,206000000.0,0.0,0.341,6.925,7.087,21093000000.0,0.0,14.74,1.295,1.3,833000000.0,5056000000.0,974000000.0,974000000.0,0.0,,,,,11000000.0,47000000.0,1.0,365490751.0,373000000,373000000.0,2.611,26889000000.0,298000000.0,-15000000.0,273000000.0,72.088,3113000000.0
19,RIG,MRQ,2016-09-30,2016-09-30,2016-09-30,2021-08-03,-327000000.0,26167000000.0,,4491000000.0,21676000000.0,,41.326,-246000000.0,2900000000.0,2900000000.0,409000000.0,236000000.0,1.948,0.714,8260000000.0,1069000000.0,7191000000.0,8260000000.0,0.0,225000000.0,0.0,0.0,0.0,333000000.0,558000000.0,0.616,558000000.0,333000000.0,224000000.0,0.59,0.59,0.59,15084000000.0,,15084000000.0,9600076119.0,6.0,3.714,194000000.0,0.532,1.0,497000000.0,0.549,0.0,109000000.0,29221000000.0,,585000000.0,0.0,0.0,0.0,10775000000.0,2306000000.0,8469000000.0,3895076119.0,381000000.0,1000000.0,0.0,145000000.0,0.0,186000000.0,-245000000.0,0.0,440000000.0,0.0,218000000.0,218000000.0,218000000.0,0.0,18000000.0,0.241,268000000.0,229000000.0,257000000.0,0.0,0.258,3.193,3.211,21100000000.0,0.0,10.66,0.773,0.772,887000000.0,4695000000.0,906000000.0,906000000.0,0.0,,,,,8000000.0,41000000.0,1.0,365391756.0,365000000,365000000.0,2.482,26167000000.0,247000000.0,6000000.0,395000000.0,71.69,2185000000.0
20,RIG,MRQ,2016-06-30,2016-06-30,2016-06-30,2021-08-03,-343000000.0,25839000000.0,,4129000000.0,21710000000.0,,40.649,-458000000.0,2513000000.0,2513000000.0,497000000.0,93000000.0,1.878,0.721,8218000000.0,1063000000.0,7155000000.0,8218000000.0,0.0,225000000.0,0.0,0.013,0.0,198000000.0,423000000.0,0.45,423000000.0,198000000.0,100000000.0,0.22,0.22,0.22,14837000000.0,,14837000000.0,9883248296.0,5.0,3.682,-251000000.0,-0.688,1.0,443000000.0,0.471,0.0,98000000.0,29345000000.0,,597000000.0,0.0,0.0,0.0,10699000000.0,2199000000.0,8500000000.0,4342248296.0,-421000000.0,11000000.0,0.0,-196000000.0,0.0,-181000000.0,-447000000.0,0.0,207000000.0,0.0,82000000.0,82000000.0,82000000.0,-1000000.0,11000000.0,0.087,280000000.0,163000000.0,279000000.0,0.0,0.293,3.282,3.294,21089000000.0,0.0,11.89,0.756,0.756,936000000.0,4466000000.0,940000000.0,940000000.0,0.0,,,,,10000000.0,41000000.0,1.0,365201707.0,365000000,365000000.0,2.575,25839000000.0,256000000.0,18000000.0,357000000.0,70.792,1930000000.0
21,RIG,MRQ,2016-03-31,2016-03-31,2016-03-31,2021-08-03,-339000000.0,26245000000.0,,4700000000.0,21545000000.0,,40.544,-368000000.0,2912000000.0,2912000000.0,655000000.0,241000000.0,1.816,0.758,8453000000.0,1200000000.0,7253000000.0,8453000000.0,0.0,217000000.0,0.0,0.033,0.0,422000000.0,639000000.0,0.477,639000000.0,422000000.0,333000000.0,0.64,0.64,0.64,14758000000.0,,14758000000.0,9139001613.0,4.0,3.034,263000000.0,0.723,1.0,686000000.0,0.512,0.0,89000000.0,29198000000.0,,625000000.0,0.0,0.0,0.0,11189000000.0,2588000000.0,8601000000.0,3328001613.0,235000000.0,4000000.0,0.0,-55000000.0,0.0,-32000000.0,-364000000.0,0.0,631000000.0,0.0,235000000.0,235000000.0,235000000.0,1000000.0,6000000.0,0.175,262000000.0,424000000.0,370000000.0,0.0,0.226,2.102,2.116,20889000000.0,0.0,9.14,0.498,0.498,1094000000.0,4389000000.0,1341000000.0,1341000000.0,0.0,,,,,13000000.0,43000000.0,1.0,364113962.0,364000000,364000000.0,3.684,26245000000.0,287000000.0,98000000.0,399000000.0,72.102,2112000000.0
22,RIG,MRQ,2015-12-31,2015-12-31,2015-12-31,2021-08-03,-277000000.0,26431000000.0,,4798000000.0,21633000000.0,,40.468,-665000000.0,2679000000.0,2679000000.0,794000000.0,688000000.0,1.8,0.778,8490000000.0,1093000000.0,7397000000.0,8490000000.0,0.0,213000000.0,0.0,0.085,0.0,752000000.0,965000000.0,0.521,965000000.0,752000000.0,665000000.0,1.87,1.87,1.87,14690000000.0,,14690000000.0,11022046022.0,8.0,4.631,295000000.0,0.813,1.0,1057000000.0,0.571,0.0,87000000.0,29577000000.0,,627000000.0,0.0,0.0,0.0,11431000000.0,2665000000.0,8766000000.0,4503046022.0,105000000.0,18000000.0,0.0,-200000000.0,0.0,-208000000.0,-647000000.0,-15000000.0,960000000.0,0.0,685000000.0,685000000.0,685000000.0,0.0,3000000.0,0.37,322000000.0,735000000.0,455000000.0,0.0,0.307,5.206,5.246,20809000000.0,0.0,12.38,0.61,0.608,1343000000.0,4278000000.0,1851000000.0,1851000000.0,0.0,,,,,17000000.0,57000000.0,1.0,363735543.0,363000000,363000000.0,5.099,26431000000.0,411000000.0,-20000000.0,284000000.0,72.813,2133000000.0
23,RIG,MRQ,2015-09-30,2015-09-30,2015-09-30,2021-08-03,-368000000.0,25835000000.0,,4906000000.0,20929000000.0,,37.692,-940000000.0,2234000000.0,2234000000.0,880000000.0,330000000.0,2.681,0.861,8753000000.0,123000000.0,8630000000.0,8753000000.0,0.0,210000000.0,0.0,0.139,0.15,447000000.0,657000000.0,0.409,657000000.0,447000000.0,338000000.0,0.88,0.88,0.88,13720000000.0,,13720000000.0,10943116194.0,139.0,9.868,-292000000.0,-0.802,1.0,728000000.0,0.453,0.0,109000000.0,30524000000.0,,696000000.0,0.0,0.0,0.0,11809000000.0,1830000000.0,9979000000.0,4697116194.0,-1535000000.0,3000000.0,0.0,-1237000000.0,0.0,-1246000000.0,-937000000.0,0.0,648000000.0,0.0,321000000.0,321000000.0,321000000.0,-3000000.0,9000000.0,0.2,283000000.0,445000000.0,432000000.0,0.17,0.342,-9.685,-9.5,20352000000.0,0.0,12.92,0.604,0.604,1482000000.0,3529000000.0,1608000000.0,1608000000.0,0.0,,,,,14000000.0,45000000.0,1.0,363553885.0,364000000,364000000.0,4.418,25835000000.0,183000000.0,17000000.0,254000000.0,70.975,3076000000.0
24,RIG,MRQ,2015-06-30,2015-06-30,2015-06-30,2021-08-03,-410000000.0,26973000000.0,,6719000000.0,20254000000.0,,36.749,-195000000.0,3769000000.0,3769000000.0,197000000.0,348000000.0,2.315,0.999,10015000000.0,1026000000.0,8989000000.0,10015000000.0,0.0,249000000.0,0.0,0.149,0.15,502000000.0,751000000.0,0.399,751000000.0,502000000.0,382000000.0,0.93,0.93,0.93,13340000000.0,,13340000000.0,13195213913.0,-5.0,-9.625,1116000000.0,3.074,1.0,1687000000.0,0.895,0.0,120000000.0,30317000000.0,,741000000.0,0.0,0.0,0.0,13325000000.0,2902000000.0,10423000000.0,5857213913.0,1087000000.0,24000000.0,0.0,-6000000.0,0.0,-68000000.0,-156000000.0,15000000.0,1311000000.0,0.0,342000000.0,342000000.0,342000000.0,-1000000.0,6000000.0,0.182,1181000000.0,506000000.0,585000000.0,0.161,0.439,-1.938,-1.928,19657000000.0,0.0,16.12,0.694,0.693,1806000000.0,3208000000.0,1884000000.0,1884000000.0,0.0,,,,,14000000.0,44000000.0,1.0,363350739.0,363000000,363000000.0,5.19,26973000000.0,180000000.0,40000000.0,264000000.0,74.306,3817000000.0
25,RIG,MRQ,2015-03-31,2015-03-31,2015-03-31,2021-08-03,-414000000.0,27105000000.0,,5843000000.0,21262000000.0,,36.366,-201000000.0,2682000000.0,2682000000.0,1084000000.0,-469000000.0,1.841,1.03,10020000000.0,1024000000.0,8996000000.0,10020000000.0,0.0,291000000.0,0.0,0.204,0.75,-284000000.0,7000000.0,0.003,7000000.0,-284000000.0,-400000000.0,-1.33,-1.33,-1.33,13201000000.0,,13201000000.0,12771898941.0,-6.0,-12.015,325000000.0,0.895,1.0,959000000.0,0.469,0.0,116000000.0,31270000000.0,,807000000.0,0.0,0.0,0.0,13595000000.0,3173000000.0,10422000000.0,5314898941.0,47000000.0,9000000.0,0.0,-63000000.0,0.0,-287000000.0,-192000000.0,0.0,526000000.0,0.0,-483000000.0,-483000000.0,-483000000.0,2000000.0,14000000.0,-0.236,1280000000.0,-321000000.0,619000000.0,-0.564,0.403,-1.913,-1.91,20566000000.0,0.0,14.67,0.598,0.599,1964000000.0,2866000000.0,2043000000.0,2043000000.0,0.0,,,,,19000000.0,46000000.0,1.0,362297133.0,363000000,363000000.0,5.628,27105000000.0,157000000.0,83000000.0,369000000.0,74.669,2670000000.0
26,RIG,MRQ,2014-12-31,2014-12-31,2014-12-31,2021-08-03,-404000000.0,28571000000.0,,5840000000.0,22731000000.0,,37.765,-318000000.0,2749000000.0,2749000000.0,1300000000.0,-700000000.0,1.549,1.067,10051000000.0,1032000000.0,9019000000.0,10051000000.0,0.0,280000000.0,0.0,0.153,0.75,-586000000.0,-306000000.0,-0.136,-306000000.0,-586000000.0,-709000000.0,-1.84,-1.84,-1.84,13671000000.0,,13671000000.0,14119904915.0,-11.0,-104.592,248000000.0,0.685,1.0,948000000.0,0.422,0.0,123000000.0,32104000000.0,,818000000.0,0.0,0.0,0.0,14589000000.0,3769000000.0,10820000000.0,6639904915.0,-238000000.0,12000000.0,0.0,-221000000.0,0.0,-499000000.0,-305000000.0,0.0,566000000.0,0.0,-665000000.0,-665000000.0,-665000000.0,4000000.0,-35000000.0,-0.296,1564000000.0,-616000000.0,784000000.0,-0.408,0.486,-3.611,-3.608,21538000000.0,0.0,18.33,0.723,0.722,2084000000.0,3349000000.0,2248000000.0,2248000000.0,0.0,,,,,23000000.0,62000000.0,1.0,362242494.0,362000000,362000000.0,6.21,28571000000.0,360000000.0,-44000000.0,567000000.0,78.925,2071000000.0
27,RIG,MRQ,2014-09-30,2014-09-30,2014-09-30,2021-08-03,-185000000.0,29964000000.0,,6367000000.0,23597000000.0,,40.348,-365000000.0,2873000000.0,2873000000.0,1318000000.0,-2263000000.0,1.796,1.028,10353000000.0,362000000.0,9991000000.0,10353000000.0,0.0,288000000.0,0.0,0.082,0.75,-2111000000.0,-1823000000.0,-0.803,-1823000000.0,-2111000000.0,-2233000000.0,-6.12,-6.12,-6.12,14606000000.0,,14606000000.0,19919187094.0,-76.0,23.108,517000000.0,1.428,1.0,952000000.0,0.419,1014000000.0,122000000.0,32884000000.0,,835000000.0,0.0,0.0,0.0,15012000000.0,3546000000.0,11466000000.0,11579187094.0,756000000.0,101000000.0,0.0,-75000000.0,0.0,138000000.0,-264000000.0,0.0,882000000.0,0.0,-2217000000.0,-2217000000.0,-2217000000.0,1000000.0,-46000000.0,-0.977,3120000000.0,-2168000000.0,892000000.0,-0.123,0.793,-12.305,-12.202,21688000000.0,0.0,31.97,1.26,1.259,2174000000.0,4088000000.0,2270000000.0,2270000000.0,0.0,,,,,24000000.0,52000000.0,1.0,362189149.0,362000000,362000000.0,6.271,28950000000.0,160000000.0,-16000000.0,388000000.0,79.972,2821000000.0
28,RIG,MRQ,2014-06-30,2014-06-30,2014-06-30,2021-08-03,-188000000.0,32067000000.0,,5760000000.0,26307000000.0,,46.309,-351000000.0,2117000000.0,2117000000.0,1213000000.0,597000000.0,1.696,0.912,10457000000.0,159000000.0,10298000000.0,10457000000.0,0.0,288000000.0,0.0,0.054,0.75,771000000.0,1059000000.0,0.455,1059000000.0,771000000.0,659000000.0,1.61,1.61,1.61,16764000000.0,,16764000000.0,24783320315.0,10.0,6.682,285000000.0,0.787,1.0,1115000000.0,0.479,2987000000.0,112000000.0,34023000000.0,,818000000.0,0.0,0.0,0.0,15292000000.0,3397000000.0,11895000000.0,16300320315.0,130000000.0,32000000.0,0.0,-6000000.0,0.0,-285000000.0,-221000000.0,98000000.0,636000000.0,0.0,587000000.0,587000000.0,587000000.0,7000000.0,10000000.0,0.252,350000000.0,765000000.0,764000000.0,0.466,0.972,8.946,9.006,22381000000.0,0.0,45.03,1.74,1.74,2214000000.0,6305000000.0,2328000000.0,2328000000.0,0.0,,,,,23000000.0,63000000.0,1.0,361988015.0,362000000,362000000.0,6.431,29080000000.0,162000000.0,72000000.0,440000000.0,80.331,2363000000.0
29,RIG,MRQ,2014-03-31,2014-03-31,2014-03-31,2021-08-03,-263000000.0,31897000000.0,,5633000000.0,26264000000.0,,47.565,-1131000000.0,1987000000.0,1987000000.0,1269000000.0,466000000.0,2.039,0.857,10470000000.0,162000000.0,10308000000.0,10470000000.0,0.0,273000000.0,0.0,0.054,0.56,662000000.0,935000000.0,0.4,935000000.0,662000000.0,536000000.0,1.25,1.25,1.25,17171000000.0,,17171000000.0,22383743983.0,9.0,6.357,-995000000.0,-2.756,1.0,1070000000.0,0.457,2987000000.0,126000000.0,34630000000.0,,768000000.0,0.0,0.0,0.0,14722000000.0,2763000000.0,11959000000.0,14924743983.0,-1256000000.0,105000000.0,0.0,-237000000.0,-202000000.0,-354000000.0,-1038000000.0,0.0,136000000.0,0.0,456000000.0,456000000.0,456000000.0,8000000.0,10000000.0,0.195,398000000.0,672000000.0,931000000.0,0.448,0.869,9.679,9.773,22353000000.0,0.0,41.34,1.587,1.587,2217000000.0,5718000000.0,2339000000.0,2339000000.0,0.0,,,,,28000000.0,57000000.0,1.0,361024286.0,361000000,361000000.0,6.479,28910000000.0,155000000.0,80000000.0,442000000.0,80.083,2870000000.0
30,RIG,MRQ,2013-12-31,2013-12-31,2013-12-31,2021-08-03,-262000000.0,32546000000.0,,6772000000.0,25774000000.0,,46.364,-948000000.0,3243000000.0,3243000000.0,1461000000.0,235000000.0,1.905,0.95,10702000000.0,323000000.0,10379000000.0,10702000000.0,0.0,275000000.0,0.0,0.034,0.56,416000000.0,691000000.0,0.307,691000000.0,416000000.0,277000000.0,0.64,0.64,0.64,16691000000.0,,16691000000.0,24989384437.0,11.0,7.442,-175000000.0,-0.486,1.0,791000000.0,0.351,2987000000.0,139000000.0,33464000000.0,,737000000.0,0.0,0.0,0.0,15861000000.0,3554000000.0,12307000000.0,17820384437.0,-316000000.0,73000000.0,0.0,-19000000.0,404000000.0,-217000000.0,-872000000.0,3000000.0,773000000.0,0.0,233000000.0,233000000.0,233000000.0,-15000000.0,2000000.0,0.103,393000000.0,398000000.0,1106000000.0,0.875,1.068,12.666,12.77,21707000000.0,0.0,49.42,1.927,1.924,2112000000.0,5262000000.0,2252000000.0,2252000000.0,0.0,,,,,28000000.0,75000000.0,1.0,360590539.0,360000000,360000000.0,6.256,29559000000.0,151000000.0,44000000.0,427000000.0,82.108,3218000000.0
31,RIG,MRQ,2013-09-30,2013-09-30,2013-09-30,2021-08-03,-426000000.0,32601000000.0,,7373000000.0,25228000000.0,,45.206,-450000000.0,3559000000.0,3559000000.0,1386000000.0,548000000.0,1.953,1.004,10728000000.0,220000000.0,10508000000.0,10728000000.0,0.0,273000000.0,0.0,0.025,0.56,751000000.0,1024000000.0,0.418,1024000000.0,751000000.0,609000000.0,1.5,1.5,1.5,16274000000.0,,16274000000.0,23480279844.0,10.0,6.69,173000000.0,0.481,1.0,1063000000.0,0.434,2987000000.0,142000000.0,33007000000.0,,729000000.0,0.0,0.0,0.0,16342000000.0,3776000000.0,12566000000.0,16038279844.0,202000000.0,238000000.0,0.0,-77000000.0,-202000000.0,-211000000.0,-210000000.0,2000000.0,623000000.0,0.0,546000000.0,546000000.0,546000000.0,-8000000.0,2000000.0,0.223,325000000.0,738000000.0,962000000.0,0.373,0.986,9.839,9.889,21096000000.0,0.0,44.5,1.768,1.766,2367000000.0,5029000000.0,2449000000.0,2449000000.0,0.0,,,,,36000000.0,67000000.0,1.0,360410783.0,360000000,361000000.0,6.803,29614000000.0,173000000.0,63000000.0,517000000.0,82.261,3597000000.0
32,RIG,MRQ,2013-06-30,2013-06-30,2013-06-30,2021-08-03,-434000000.0,32215000000.0,,6866000000.0,25349000000.0,,43.561,-352000000.0,3357000000.0,3357000000.0,1357000000.0,311000000.0,1.809,1.055,10799000000.0,191000000.0,10608000000.0,10799000000.0,0.0,286000000.0,0.0,0.012,0.56,585000000.0,871000000.0,0.368,871000000.0,585000000.0,439000000.0,0.84,0.84,0.84,15682000000.0,,15682000000.0,24820612517.0,16.0,9.132,64000000.0,0.178,1.0,1007000000.0,0.426,2987000000.0,146000000.0,32875000000.0,,680000000.0,0.0,0.0,0.0,16551000000.0,3795000000.0,12756000000.0,17278612517.0,-332000000.0,3000000.0,0.0,-406000000.0,-202000000.0,-587000000.0,-161000000.0,188000000.0,416000000.0,0.0,307000000.0,307000000.0,307000000.0,11000000.0,4000000.0,0.13,402000000.0,605000000.0,921000000.0,0.667,1.102,24.578,24.716,21056000000.0,0.0,47.95,1.908,1.907,2105000000.0,4483000000.0,2364000000.0,2364000000.0,0.0,,,,,28000000.0,77000000.0,1.0,360346455.0,360000000,360000000.0,6.567,29228000000.0,167000000.0,132000000.0,492000000.0,81.189,3071000000.0
33,RIG,MRQ,2013-03-31,2013-03-31,2013-03-31,2021-08-03,-540000000.0,32675000000.0,,7133000000.0,25542000000.0,,44.581,-488000000.0,3689000000.0,3689000000.0,1356000000.0,313000000.0,2.113,1.037,11231000000.0,264000000.0,10967000000.0,11231000000.0,0.0,275000000.0,0.0,0.0,0.0,498000000.0,773000000.0,0.354,773000000.0,498000000.0,341000000.0,0.88,0.88,0.88,16049000000.0,,16049000000.0,26006837029.0,31.0,12.649,-382000000.0,-1.061,1.0,828000000.0,0.379,2987000000.0,157000000.0,33854000000.0,,648000000.0,0.0,0.0,0.0,16648000000.0,3376000000.0,13272000000.0,18681837029.0,-1445000000.0,64000000.0,0.0,-1190000000.0,0.0,-1136000000.0,-415000000.0,0.0,106000000.0,0.0,321000000.0,321000000.0,321000000.0,5000000.0,-8000000.0,0.147,349000000.0,479000000.0,843000000.0,0.0,1.164,203.063,216.5,21032000000.0,0.0,51.96,2.071,2.074,2117000000.0,4176000000.0,2184000000.0,2184000000.0,0.0,,,,,21000000.0,67000000.0,1.0,359542668.0,360000000,360000000.0,6.067,29688000000.0,151000000.0,20000000.0,461000000.0,82.467,3757000000.0
34,RIG,MRQ,2012-12-31,2012-12-31,2012-12-31,2021-08-03,-521000000.0,34255000000.0,,8647000000.0,25608000000.0,,43.494,-688000000.0,5134000000.0,5134000000.0,1191000000.0,457000000.0,1.583,1.177,12459000000.0,1367000000.0,11092000000.0,12459000000.0,0.0,278000000.0,0.0,0.018,0.0,564000000.0,842000000.0,0.406,842000000.0,564000000.0,384000000.0,1.28,1.28,1.28,15745000000.0,,15745000000.0,24167961900.0,43.0,12.98,235000000.0,0.649,1.0,884000000.0,0.426,2987000000.0,180000000.0,33130000000.0,,610000000.0,0.0,0.0,0.0,18525000000.0,5463000000.0,13062000000.0,16051961900.0,-867000000.0,595000000.0,0.0,-1698000000.0,2000000.0,-1705000000.0,-85000000.0,40000000.0,923000000.0,0.0,456000000.0,456000000.0,456000000.0,-9000000.0,1000000.0,0.22,324000000.0,560000000.0,1047000000.0,0.0,1.019,-73.297,-72.032,20880000000.0,0.0,44.66,1.795,1.777,1940000000.0,3855000000.0,2075000000.0,2075000000.0,0.0,,,,,25000000.0,65000000.0,1.0,359425927.0,362000000,362000000.0,5.732,31268000000.0,142000000.0,-72000000.0,482000000.0,86.376,3184000000.0
35,RIG,MRQ,2012-09-30,2012-09-30,2012-09-30,2021-08-03,-512000000.0,35312000000.0,,10304000000.0,25008000000.0,,42.54,-225000000.0,6001000000.0,6001000000.0,1321000000.0,-383000000.0,1.538,1.313,14117000000.0,2729000000.0,11388000000.0,14117000000.0,0.0,328000000.0,0.0,0.035,0.0,-96000000.0,232000000.0,0.095,232000000.0,-96000000.0,-276000000.0,-1.06,-1.06,-1.06,15272000000.0,,15272000000.0,25007974410.0,-4.0,-5.58,561000000.0,1.563,1.0,1110000000.0,0.457,2987000000.0,180000000.0,33740000000.0,,597000000.0,0.0,0.0,0.0,20056000000.0,6701000000.0,13355000000.0,16132974410.0,2037000000.0,183000000.0,0.0,1229000000.0,0.0,1286000000.0,-35000000.0,0.0,786000000.0,0.0,-381000000.0,-381000000.0,-381000000.0,916000000.0,-2000000.0,-0.157,299000000.0,811000000.0,876000000.0,0.0,1.056,-2.359,-2.133,20459000000.0,0.0,44.89,1.808,1.806,2163000000.0,3399000000.0,2431000000.0,2431000000.0,0.0,,,,,24000000.0,69000000.0,1.0,359389049.0,359000000,359000000.0,6.772,32325000000.0,169000000.0,105000000.0,707000000.0,90.042,3603000000.0
36,RIG,MRQ,2012-06-30,2012-06-30,2012-06-30,2021-08-03,-516000000.0,34442000000.0,,7367000000.0,27075000000.0,,44.258,-236000000.0,3964000000.0,3964000000.0,2105000000.0,-303000000.0,1.095,1.205,12839000000.0,2800000000.0,10039000000.0,12839000000.0,0.0,345000000.0,0.0,0.053,0.0,-136000000.0,209000000.0,0.09,209000000.0,-136000000.0,-319000000.0,-0.86,-0.86,-0.86,15623000000.0,,15623000000.0,25152016187.0,-5.0,-6.074,223000000.0,0.632,1.0,224000000.0,0.096,3099000000.0,183000000.0,33492000000.0,,676000000.0,0.0,0.0,0.0,18833000000.0,6726000000.0,12107000000.0,15678016187.0,-18000000.0,161000000.0,0.0,-433000000.0,0.0,-415000000.0,-62000000.0,0.0,459000000.0,0.0,-304000000.0,-304000000.0,-304000000.0,0.0,1000000.0,-0.131,366000000.0,-142000000.0,917000000.0,0.0,1.004,-2.415,-2.226,22207000000.0,0.0,44.73,1.848,1.861,2124000000.0,3780000000.0,2329000000.0,2329000000.0,0.0,,,,,25000000.0,79000000.0,1.0,350503380.0,353000000,353000000.0,6.598,31343000000.0,142000000.0,-15000000.0,608000000.0,88.79,641000000.0
37,RIG,MRQ,2012-03-31,2012-03-31,2012-03-31,2021-08-03,-515000000.0,34715000000.0,,7673000000.0,27042000000.0,,44.966,-260000000.0,3982000000.0,3982000000.0,1242000000.0,18000000.0,1.331,1.207,13456000000.0,2792000000.0,10664000000.0,13456000000.0,0.0,355000000.0,0.0,0.058,0.79,224000000.0,579000000.0,0.274,579000000.0,224000000.0,44000000.0,0.03,0.03,0.03,15738000000.0,,15738000000.0,28687230762.0,-6.0,-7.875,280000000.0,0.8,1.0,868000000.0,0.411,3087000000.0,180000000.0,35338000000.0,,663000000.0,0.0,0.0,0.0,18992000000.0,5764000000.0,13228000000.0,19168230762.0,-35000000.0,41000000.0,0.0,-147000000.0,-278000000.0,-368000000.0,-207000000.0,0.0,540000000.0,0.0,10000000.0,10000000.0,10000000.0,136000000.0,8000000.0,0.005,497000000.0,371000000.0,841000000.0,26.333,1.218,-3.162,-2.903,22323000000.0,0.0,54.7,2.258,2.255,2238000000.0,4286000000.0,2110000000.0,2110000000.0,0.0,,,,,23000000.0,69000000.0,1.0,350424694.0,350000000,350000000.0,6.029,31628000000.0,142000000.0,34000000.0,582000000.0,90.366,1909000000.0
38,RIG,MRQ,2011-12-31,2011-12-31,2011-12-31,2021-08-03,-496000000.0,35032000000.0,,7536000000.0,27496000000.0,,47.674,-350000000.0,4017000000.0,4017000000.0,2264000000.0,-6122000000.0,1.363,1.241,13536000000.0,2187000000.0,11349000000.0,13536000000.0,0.0,372000000.0,0.0,0.062,0.79,-5874000000.0,-5502000000.0,-2.677,-5502000000.0,-5874000000.0,-6052000000.0,-19.16,-19.16,-19.16,15637000000.0,,15637000000.0,20093243815.0,-4.0,-5.984,253000000.0,0.771,1.0,-209000000.0,-0.102,3217000000.0,178000000.0,35806000000.0,,529000000.0,0.0,0.0,0.0,19405000000.0,5528000000.0,13877000000.0,12279243815.0,771000000.0,-1150000000.0,1211000000.0,651000000.0,-251000000.0,1455000000.0,-1287000000.0,199000000.0,603000000.0,0.0,-6165000000.0,-6165000000.0,-6165000000.0,31000000.0,43000000.0,-3.0,5588000000.0,-5797000000.0,880000000.0,-0.041,0.785,-2.134,-2.147,20788000000.0,0.0,38.39,1.53,1.54,2049000000.0,4180000000.0,2055000000.0,2055000000.0,0.0,,,,,21000000.0,88000000.0,1.0,319855270.0,328000000,328000000.0,6.265,31815000000.0,142000000.0,113000000.0,573000000.0,96.997,2008000000.0
39,RIG,MRQ,2011-09-30,2011-09-30,2011-09-30,2021-08-03,-338000000.0,36645000000.0,,6569000000.0,30076000000.0,,65.072,-137000000.0,3286000000.0,3286000000.0,1344000000.0,-21000000.0,1.538,0.76,11100000000.0,1926000000.0,9174000000.0,11100000000.0,0.0,361000000.0,0.0,0.033,0.79,212000000.0,573000000.0,0.288,573000000.0,212000000.0,61000000.0,-0.1,-0.1,-0.1,20823000000.0,,20823000000.0,22959781007.0,68.0,12.438,355000000.0,1.109,1.0,647000000.0,0.325,8132000000.0,151000000.0,32057000000.0,,578000000.0,0.0,0.0,0.0,15833000000.0,4270000000.0,11563000000.0,15267781007.0,-103000000.0,88000000.0,0.0,-21000000.0,-254000000.0,-275000000.0,-320000000.0,-277000000.0,492000000.0,0.0,-32000000.0,-32000000.0,-32000000.0,5000000.0,11000000.0,-0.016,349000000.0,298000000.0,755000000.0,-7.9,0.733,-35.342,-35.627,20721000000.0,0.0,47.74,2.157,2.158,2046000000.0,10363000000.0,1991000000.0,1991000000.0,0.0,,,,,20000000.0,67000000.0,1.0,319811081.0,320000000,320000000.0,6.222,28513000000.0,120000000.0,93000000.0,611000000.0,89.103,2299000000.0
40,RIG,MRQ,2011-06-30,2011-06-30,2011-06-30,2021-08-03,-328000000.0,36936000000.0,,6738000000.0,30198000000.0,,65.266,-293000000.0,3389000000.0,3389000000.0,1528000000.0,133000000.0,1.503,0.769,11081000000.0,1916000000.0,9165000000.0,11081000000.0,0.0,359000000.0,0.0,0.012,0.79,348000000.0,707000000.0,0.303,707000000.0,348000000.0,201000000.0,0.39,0.39,0.39,20885000000.0,,20885000000.0,28060274637.0,37.0,12.232,47000000.0,0.147,1.0,806000000.0,0.345,8132000000.0,147000000.0,32012000000.0,,546000000.0,0.0,0.0,0.0,16063000000.0,4484000000.0,11579000000.0,20631274637.0,-423000000.0,5000000.0,0.0,-197000000.0,-254000000.0,-448000000.0,-315000000.0,0.0,340000000.0,0.0,124000000.0,124000000.0,124000000.0,-2000000.0,9000000.0,0.053,451000000.0,355000000.0,742000000.0,2.026,0.988,-644.727,-717.333,20996000000.0,0.0,64.56,2.8,2.804,2114000000.0,10434000000.0,2334000000.0,2334000000.0,0.0,,,,,27000000.0,66000000.0,1.0,319567451.0,320000000,320000000.0,7.294,28804000000.0,112000000.0,77000000.0,620000000.0,90.013,2254000000.0
41,RIG,MRQ,2011-03-31,2011-03-31,2011-03-31,2021-08-03,-335000000.0,37210000000.0,,6904000000.0,30306000000.0,,68.056,-240000000.0,3812000000.0,3812000000.0,1359000000.0,340000000.0,1.797,0.714,11241000000.0,2060000000.0,9181000000.0,11241000000.0,0.0,354000000.0,0.0,0.0,0.0,536000000.0,890000000.0,0.415,890000000.0,536000000.0,391000000.0,0.96,0.96,0.96,21710000000.0,,21710000000.0,32700894966.0,24.0,11.145,150000000.0,0.47,1.0,785000000.0,0.366,8132000000.0,145000000.0,32666000000.0,,541000000.0,0.0,0.0,0.0,15505000000.0,3841000000.0,11664000000.0,24873894966.0,418000000.0,272000000.0,0.0,9000000.0,0.0,2000000.0,26000000.0,0.0,390000000.0,0.0,310000000.0,310000000.0,310000000.0,-176000000.0,30000000.0,0.145,413000000.0,372000000.0,808000000.0,0.0,1.146,44.497,44.543,21173000000.0,0.0,77.95,3.31,3.309,2161000000.0,10279000000.0,2144000000.0,2144000000.0,0.0,,,,,27000000.0,67000000.0,1.0,319100641.0,319000000,320000000.0,6.721,29078000000.0,116000000.0,81000000.0,653000000.0,91.154,3063000000.0
42,RIG,MRQ,2010-12-31,2010-12-31,2010-12-31,2021-08-03,-332000000.0,36811000000.0,,6195000000.0,30616000000.0,,66.822,-422000000.0,3394000000.0,3394000000.0,484000000.0,-814000000.0,1.615,0.722,11221000000.0,2012000000.0,9209000000.0,11221000000.0,0.0,434000000.0,0.0,0.0,0.0,-758000000.0,-324000000.0,-0.531,-324000000.0,-758000000.0,-910000000.0,-2.59,-2.59,-2.59,21383000000.0,,21383000000.0,30379095075.0,17.0,9.004,334000000.0,1.044,1.0,126000000.0,0.207,8132000000.0,152000000.0,32670000000.0,,514000000.0,0.0,0.0,0.0,15436000000.0,3836000000.0,11600000000.0,22175095075.0,-1282000000.0,9000000.0,0.0,-1661000000.0,0.0,-1658000000.0,-380000000.0,37000000.0,756000000.0,0.0,-834000000.0,-834000000.0,-834000000.0,919000000.0,20000000.0,-1.367,-79000000.0,205000000.0,832000000.0,0.0,1.037,23.947,24.135,21319000000.0,0.0,69.51,2.79,2.798,1653000000.0,9969000000.0,610000000.0,610000000.0,0.0,,,,,23000000.0,66000000.0,1.0,319020214.0,320000000,320000000.0,1.906,28679000000.0,115000000.0,-76000000.0,684000000.0,89.622,2359000000.0
43,RIG,MRQ,2010-09-30,2010-09-30,2010-09-30,2021-08-03,-327000000.0,39330000000.0,,7770000000.0,31560000000.0,,65.944,-300000000.0,4636000000.0,4636000000.0,1202000000.0,378000000.0,1.631,0.87,12840000000.0,1717000000.0,11123000000.0,12840000000.0,0.0,388000000.0,0.0,0.0,0.0,633000000.0,1021000000.0,0.448,1021000000.0,633000000.0,491000000.0,1.15,1.15,1.15,21036000000.0,,21036000000.0,29046113909.0,8.0,5.762,409000000.0,1.282,1.0,1079000000.0,0.473,8132000000.0,142000000.0,34638000000.0,,501000000.0,0.0,0.0,0.0,18291000000.0,4764000000.0,13527000000.0,20508113909.0,1748000000.0,0.0,0.0,1355000000.0,0.0,1337000000.0,-298000000.0,0.0,709000000.0,0.0,368000000.0,368000000.0,368000000.0,-15000000.0,10000000.0,0.161,445000000.0,634000000.0,791000000.0,0.0,0.975,8.259,8.328,22413000000.0,0.0,64.29,2.06,2.06,2299000000.0,10768000000.0,2281000000.0,2281000000.0,0.0,,,,,26000000.0,59000000.0,1.0,318993839.0,319000000,319000000.0,7.15,31198000000.0,100000000.0,123000000.0,878000000.0,97.799,3006000000.0
44,RIG,MRQ,2010-06-30,2010-06-30,2010-06-30,2021-08-03,-336000000.0,37552000000.0,,5914000000.0,31638000000.0,,64.966,-300000000.0,2888000000.0,2888000000.0,1347000000.0,720000000.0,1.267,0.812,11426000000.0,1662000000.0,9764000000.0,11426000000.0,0.0,393000000.0,0.0,0.0,0.0,954000000.0,1347000000.0,0.543,1347000000.0,954000000.0,813000000.0,2.23,2.22,2.23,20724000000.0,,20724000000.0,24675498021.0,6.0,4.612,969000000.0,3.038,1.0,1132000000.0,0.457,8132000000.0,141000000.0,33290000000.0,,467000000.0,0.0,0.0,0.0,16825000000.0,4668000000.0,12157000000.0,14822498021.0,1302000000.0,10000000.0,-180000000.0,-68000000.0,0.0,-247000000.0,280000000.0,0.0,1269000000.0,0.0,715000000.0,715000000.0,715000000.0,-8000000.0,5000000.0,0.288,183000000.0,949000000.0,968000000.0,0.0,0.715,5.247,5.283,22522000000.0,0.0,46.33,1.412,1.408,2254000000.0,10400000000.0,2479000000.0,2479000000.0,0.0,,,,,18000000.0,58000000.0,1.0,319933046.0,319000000,320000000.0,7.771,29420000000.0,121000000.0,98000000.0,864000000.0,92.226,1246000000.0
45,RIG,MRQ,2010-03-31,2010-03-31,2010-03-31,2021-08-03,-338000000.0,36838000000.0,,4711000000.0,32127000000.0,,66.037,-369000000.0,1586000000.0,1586000000.0,1186000000.0,685000000.0,1.427,0.737,11439000000.0,1529000000.0,9910000000.0,11439000000.0,0.0,374000000.0,0.0,0.0,0.0,956000000.0,1330000000.0,0.516,1330000000.0,956000000.0,824000000.0,2.1,2.09,2.1,21198000000.0,,21198000000.0,38369236142.0,10.0,7.018,803000000.0,2.502,1.0,1393000000.0,0.54,8132000000.0,132000000.0,35257000000.0,,464000000.0,0.0,0.0,0.0,15632000000.0,3302000000.0,12330000000.0,27782236142.0,456000000.0,41000000.0,-60000000.0,-330000000.0,0.0,-393000000.0,-323000000.0,0.0,1172000000.0,0.0,677000000.0,677000000.0,677000000.0,-2000000.0,8000000.0,0.263,451000000.0,942000000.0,746000000.0,0.0,1.311,9.528,9.555,23025000000.0,0.0,86.38,2.548,2.543,2285000000.0,9685000000.0,2579000000.0,2579000000.0,0.0,,,,,35000000.0,63000000.0,1.0,321628110.0,321000000,322000000.0,8.034,28706000000.0,113000000.0,147000000.0,953000000.0,89.427,1409000000.0
46,RIG,MRQ,2009-12-31,2009-12-31,2009-12-31,2021-08-03,-335000000.0,36436000000.0,,4476000000.0,31960000000.0,,64.225,-846000000.0,1130000000.0,1130000000.0,1222000000.0,717000000.0,1.237,0.773,11717000000.0,1868000000.0,9849000000.0,11717000000.0,0.0,351000000.0,0.0,0.0,0.0,992000000.0,1343000000.0,0.513,1343000000.0,992000000.0,873000000.0,2.24,2.23,2.24,20552000000.0,,20552000000.0,37626830923.0,9.0,6.464,329000000.0,1.028,1.0,1396000000.0,0.533,8134000000.0,119000000.0,35271000000.0,,462000000.0,0.0,0.0,0.0,15877000000.0,3618000000.0,12259000000.0,26590830923.0,244000000.0,3000000.0,-16000000.0,-255000000.0,0.0,-263000000.0,-668000000.0,141000000.0,1175000000.0,0.0,723000000.0,723000000.0,723000000.0,26000000.0,-6000000.0,0.276,403000000.0,993000000.0,780000000.0,0.0,1.294,8.359,8.389,23018000000.0,0.0,82.8,2.324,2.316,2330000000.0,9008000000.0,2618000000.0,2618000000.0,0.0,,,,,25000000.0,46000000.0,1.0,321145301.0,320000000,321000000.0,8.181,28302000000.0,104000000.0,150000000.0,966000000.0,88.444,858000000.0
47,RIG,MRQ,2009-09-30,2009-09-30,2009-09-30,2021-08-03,-442000000.0,36018000000.0,,4603000000.0,31415000000.0,,61.393,-540000000.0,886000000.0,886000000.0,1396000000.0,706000000.0,1.781,0.828,11922000000.0,702000000.0,11220000000.0,11922000000.0,0.0,367000000.0,0.0,0.0,0.0,963000000.0,1330000000.0,0.471,1330000000.0,963000000.0,848000000.0,2.2,2.19,2.2,19707000000.0,,19707000000.0,38605761792.0,9.0,6.429,866000000.0,2.698,1.0,1427000000.0,0.505,8134000000.0,115000000.0,36336000000.0,,457000000.0,180000000.0,180000000.0,0.0,16312000000.0,2584000000.0,13728000000.0,27459761792.0,-21000000.0,7000000.0,-6000000.0,-893000000.0,0.0,-889000000.0,-538000000.0,-5000000.0,1406000000.0,0.0,710000000.0,710000000.0,710000000.0,0.0,-4000000.0,0.252,470000000.0,957000000.0,827000000.0,0.0,1.393,8.549,8.553,22530000000.0,0.0,85.53,2.271,2.27,2614000000.0,8285000000.0,2823000000.0,2823000000.0,0.0,,,,,14000000.0,54000000.0,1.0,321054154.0,321000000,322000000.0,8.794,27884000000.0,87000000.0,138000000.0,908000000.0,86.866,2019000000.0
48,RIG,MRQ,2009-06-30,2009-06-30,2009-06-30,2021-08-03,-449000000.0,35257000000.0,,4630000000.0,30627000000.0,,59.319,-947000000.0,907000000.0,907000000.0,1277000000.0,808000000.0,1.565,0.857,12053000000.0,1163000000.0,10890000000.0,12053000000.0,0.0,360000000.0,0.0,0.0,0.0,1104000000.0,1464000000.0,0.508,1464000000.0,1104000000.0,990000000.0,2.5,2.49,2.5,18982000000.0,,18982000000.0,35487815350.0,7.0,5.552,629000000.0,1.966,1.0,1605000000.0,0.557,8134000000.0,114000000.0,35310000000.0,,451000000.0,174000000.0,174000000.0,0.0,16262000000.0,2959000000.0,13303000000.0,23825815350.0,-395000000.0,0.0,5000000.0,-953000000.0,0.0,-962000000.0,-1009000000.0,-62000000.0,1576000000.0,0.0,806000000.0,806000000.0,806000000.0,0.0,2000000.0,0.28,484000000.0,1121000000.0,829000000.0,0.0,1.255,6.683,6.681,21651000000.0,0.0,74.29,1.912,1.908,2674000000.0,7575000000.0,2882000000.0,2882000000.0,0.0,,,,,24000000.0,53000000.0,1.0,320713627.0,320000000,321000000.0,9.006,27123000000.0,46000000.0,184000000.0,934000000.0,84.759,1671000000.0
49,RIG,MRQ,2009-03-31,2009-03-31,2009-03-31,2021-08-03,-448000000.0,35259000000.0,,5215000000.0,30044000000.0,,56.803,-708000000.0,1302000000.0,1302000000.0,1171000000.0,939000000.0,1.376,0.946,12964000000.0,2040000000.0,10924000000.0,12964000000.0,0.0,355000000.0,0.0,0.0,0.0,1329000000.0,1684000000.0,0.54,1684000000.0,1329000000.0,1193000000.0,2.94,2.93,2.94,18120000000.0,,18120000000.0,32031812287.0,6.0,4.836,733000000.0,2.298,1.0,1947000000.0,0.624,8134000000.0,136000000.0,34998000000.0,,458000000.0,112000000.0,112000000.0,0.0,17139000000.0,3789000000.0,13350000000.0,18808812287.0,339000000.0,8000000.0,17000000.0,-638000000.0,0.0,-623000000.0,-479000000.0,221000000.0,1441000000.0,0.0,942000000.0,942000000.0,942000000.0,0.0,-3000000.0,0.302,628000000.0,1319000000.0,745000000.0,0.0,1.038,4.919,4.92,21054000000.0,0.0,58.84,1.483,1.48,2884000000.0,6769000000.0,3118000000.0,3118000000.0,0.0,,,,,19000000.0,56000000.0,1.0,319660304.0,319000000,320000000.0,9.774,27125000000.0,50000000.0,251000000.0,972000000.0,85.031,1426000000.0
50,RIG,MRQ,2008-12-31,2008-12-31,2008-12-31,2021-08-03,-420000000.0,35182000000.0,,5349000000.0,29833000000.0,,53.975,-505000000.0,963000000.0,963000000.0,1408000000.0,755000000.0,1.98,1.05,13557000000.0,664000000.0,12893000000.0,13557000000.0,0.0,396000000.0,0.0,0.0,0.0,1131000000.0,1527000000.0,0.467,1527000000.0,1131000000.0,964000000.0,2.36,2.34,2.36,17164000000.0,,17164000000.0,29035086412.0,5.0,4.239,691000000.0,2.173,1.0,1862000000.0,0.569,8128000000.0,167000000.0,36947000000.0,,432000000.0,333000000.0,333000000.0,0.0,18015000000.0,2701000000.0,15314000000.0,15081086412.0,134000000.0,12000000.0,2000000.0,-597000000.0,0.0,-614000000.0,-448000000.0,45000000.0,1196000000.0,0.0,754000000.0,754000000.0,754000000.0,0.0,1000000.0,0.231,778000000.0,1084000000.0,914000000.0,0.0,0.879,3.741,3.741,20861000000.0,0.0,47.25,1.19,1.186,2798000000.0,5827000000.0,3270000000.0,3270000000.0,0.0,,,,,16000000.0,59000000.0,1.0,319176432.0,318000000,321000000.0,10.283,27054000000.0,63000000.0,210000000.0,983000000.0,85.075,2648000000.0
51,RIG,MRQ,2008-09-30,2008-09-30,2008-09-30,2021-08-03,-46000000.0,35165000000.0,,5288000000.0,29877000000.0,,50.392,-514000000.0,829000000.0,829000000.0,1426000000.0,1060000000.0,1.791,1.188,14783000000.0,932000000.0,13851000000.0,14783000000.0,0.0,336000000.0,0.0,0.43,0.0,1381000000.0,1717000000.0,0.538,1717000000.0,1381000000.0,1238000000.0,3.32,3.3,3.32,16075000000.0,,16075000000.0,49345191822.0,9.0,7.391,756000000.0,2.37,1.0,1766000000.0,0.553,8346000000.0,143000000.0,37820000000.0,,429000000.0,392000000.0,392000000.0,0.0,19090000000.0,2953000000.0,16137000000.0,35042191822.0,-147000000.0,5000000.0,-12000000.0,-495000000.0,0.0,-514000000.0,-903000000.0,-394000000.0,1270000000.0,0.0,1063000000.0,1063000000.0,1063000000.0,0.0,-3000000.0,0.333,383000000.0,1383000000.0,934000000.0,0.0,2.18,8.106,7.518,20555000000.0,0.0,109.84,3.052,3.052,2783000000.0,5207000000.0,3192000000.0,3192000000.0,0.0,,,,,16000000.0,46000000.0,1.0,319029423.0,319000000,321000000.0,10.006,26819000000.0,55000000.0,175000000.0,989000000.0,84.072,2335000000.0
52,RIG,MRQ,2008-06-30,2008-06-30,2008-06-30,2021-08-03,-47000000.0,34477000000.0,,4731000000.0,29746000000.0,,47.06,-420000000.0,976000000.0,976000000.0,1364000000.0,1064000000.0,1.207,1.304,15279000000.0,2145000000.0,13134000000.0,15279000000.0,0.0,337000000.0,0.0,0.31,0.0,1358000000.0,1695000000.0,0.546,1695000000.0,1358000000.0,1205000000.0,3.34,3.31,3.34,14965000000.0,,14965000000.0,63620897527.0,12.0,10.413,591000000.0,1.858,1.0,1738000000.0,0.56,8351000000.0,153000000.0,36509000000.0,,414000000.0,0.0,0.0,0.0,19512000000.0,3920000000.0,15592000000.0,48592897527.0,-591000000.0,93000000.0,34000000.0,-1316000000.0,0.0,-1275000000.0,-327000000.0,0.0,1011000000.0,0.0,1065000000.0,1065000000.0,1065000000.0,0.0,-1000000.0,0.343,388000000.0,1350000000.0,861000000.0,0.0,3.247,11.48,9.471,20384000000.0,0.0,152.39,4.945,4.931,2478000000.0,4102000000.0,3102000000.0,3102000000.0,0.0,,,,,3000000.0,45000000.0,1.0,318871957.0,318000000,321000000.0,9.755,26126000000.0,84000000.0,140000000.0,916000000.0,82.157,811000000.0
53,RIG,MRQ,2008-03-31,2008-03-31,2008-03-31,2021-08-03,-64000000.0,34862000000.0,,5230000000.0,29632000000.0,,43.492,-769000000.0,1567000000.0,1567000000.0,1157000000.0,1150000000.0,1.028,1.529,16595000000.0,3356000000.0,13239000000.0,16595000000.0,0.0,367000000.0,0.0,0.349,0.0,1544000000.0,1911000000.0,0.614,1911000000.0,1544000000.0,1367000000.0,3.62,3.58,3.62,13787000000.0,,13787000000.0,55126734686.0,12.0,10.62,713000000.0,2.249,1.0,1953000000.0,0.628,8424000000.0,177000000.0,36378000000.0,,367000000.0,0.0,0.0,0.0,21075000000.0,5088000000.0,15987000000.0,39110734686.0,326000000.0,251000000.0,27000000.0,-661000000.0,0.0,-638000000.0,-518000000.0,0.0,1482000000.0,0.0,1149000000.0,1149000000.0,1149000000.0,0.0,1000000.0,0.369,413000000.0,1540000000.0,722000000.0,0.0,2.837,10.522,8.734,20288000000.0,0.0,135.2,4.794,5.253,2357000000.0,2995000000.0,3110000000.0,3110000000.0,0.0,,,,,22000000.0,49000000.0,1.0,289280582.0,317000000,321000000.0,9.811,26438000000.0,96000000.0,218000000.0,1052000000.0,83.401,142000000.0
54,RIG,MRQ,2007-12-31,2007-12-31,2007-12-31,2021-08-03,-42000000.0,34364000000.0,,4296000000.0,30068000000.0,,50.264,-320000000.0,1241000000.0,1241000000.0,923000000.0,1046000000.0,0.544,1.735,17257000000.0,6172000000.0,11085000000.0,17257000000.0,0.0,195000000.0,0.0,0.33,47.213,1158000000.0,1353000000.0,0.651,1353000000.0,1158000000.0,1069000000.0,4.33,4.21,4.33,12566000000.0,,12566000000.0,31204210030.0,9.0,7.695,595000000.0,2.38,1.0,1154000000.0,0.556,8219000000.0,89000000.0,34259000000.0,,333000000.0,0.0,0.0,0.0,21798000000.0,7902000000.0,13896000000.0,29229210030.0,623000000.0,-4356000000.0,0.0,14262000000.0,-9859000000.0,4384000000.0,-4676000000.0,0.0,915000000.0,0.0,1046000000.0,1046000000.0,1046000000.0,0.0,0.0,0.504,1000000.0,1153000000.0,805000000.0,10.904,2.326,9.365,9.818,20930000000.0,0.0,143.15,4.584,4.804,2209000000.0,1806000000.0,2077000000.0,2077000000.0,0.0,,,,,-22000000.0,60000000.0,1.0,204185889.0,250000000,255000000.0,8.308,26145000000.0,119000000.0,23000000.0,780000000.0,104.58,-3606000000.0
55,RIG,MRQ,2007-09-30,2007-09-30,2007-09-30,2021-08-03,-31000000.0,12700000000.0,,2223000000.0,10477000000.0,,41.882,-305000000.0,618000000.0,618000000.0,663000000.0,973000000.0,1.112,0.494,2593000000.0,1018000000.0,1575000000.0,2593000000.0,0.0,103000000.0,0.0,0.0,0.0,1048000000.0,1151000000.0,0.748,1151000000.0,1048000000.0,1025000000.0,4.8,4.63,4.8,8502000000.0,,8502000000.0,35425998533.0,11.0,10.019,592000000.0,2.916,1.0,875000000.0,0.569,2187000000.0,23000000.0,10489000000.0,,179000000.0,0.0,0.0,0.0,4198000000.0,1999000000.0,2199000000.0,32806998533.0,173000000.0,21000000.0,17000000.0,-470000000.0,0.0,-440000000.0,-284000000.0,0.0,897000000.0,0.0,973000000.0,973000000.0,973000000.0,0.0,0.0,0.633,122000000.0,753000000.0,406000000.0,0.0,3.859,12.169,12.285,7971000000.0,0.0,161.592,5.98,5.979,1266000000.0,750000000.0,1538000000.0,1538000000.0,0.0,,,,,11000000.0,27000000.0,1.0,203023230.0,203000000,210000000.0,7.576,10513000000.0,28000000.0,52000000.0,213000000.0,51.788,224000000.0
56,RIG,MRQ,2007-06-30,2007-06-30,2007-06-30,2021-08-03,-30000000.0,12149000000.0,,1893000000.0,10256000000.0,,37.02,-290000000.0,445000000.0,445000000.0,627000000.0,549000000.0,1.904,0.625,3064000000.0,18000000.0,3046000000.0,3064000000.0,0.0,101000000.0,0.0,0.0,0.0,675000000.0,776000000.0,0.541,776000000.0,675000000.0,642000000.0,2.73,2.63,2.73,7478000000.0,,7478000000.0,33519901936.0,13.0,11.619,317000000.0,1.569,1.0,807000000.0,0.563,2195000000.0,33000000.0,11579000000.0,,177000000.0,0.0,0.0,0.0,4671000000.0,994000000.0,3677000000.0,30537901936.0,-57000000.0,2000000.0,40000000.0,-420000000.0,0.0,-376000000.0,-288000000.0,0.0,607000000.0,0.0,549000000.0,549000000.0,549000000.0,0.0,0.0,0.383,131000000.0,676000000.0,369000000.0,0.0,4.084,15.028,15.507,7760000000.0,0.0,151.487,6.141,6.153,1184000000.0,-223000000.0,1434000000.0,1434000000.0,0.0,,,,,9000000.0,29000000.0,1.0,201588188.0,202000000,210000000.0,7.099,9954000000.0,20000000.0,93000000.0,183000000.0,49.277,899000000.0
57,RIG,MRQ,2007-03-31,2007-03-31,2007-03-31,2021-08-03,-30000000.0,11883000000.0,,1819000000.0,10064000000.0,,33.882,-465000000.0,502000000.0,502000000.0,568000000.0,553000000.0,1.897,0.728,3484000000.0,0.0,3484000000.0,3484000000.0,0.0,100000000.0,0.0,0.0,0.0,675000000.0,775000000.0,0.584,775000000.0,675000000.0,638000000.0,2.72,2.62,2.72,6878000000.0,,6878000000.0,28964173794.0,14.0,11.558,189000000.0,0.931,1.0,760000000.0,0.572,2195000000.0,37000000.0,11711000000.0,,168000000.0,0.0,0.0,0.0,5005000000.0,959000000.0,4046000000.0,26136173794.0,35000000.0,36000000.0,-385000000.0,190000000.0,0.0,-190000000.0,-429000000.0,0.0,654000000.0,0.0,553000000.0,553000000.0,553000000.0,0.0,0.0,0.416,103000000.0,657000000.0,354000000.0,0.0,3.8,15.09,14.348,7568000000.0,0.0,116.781,5.95,5.396,1085000000.0,-770000000.0,1328000000.0,1328000000.0,0.0,,,,,10000000.0,26000000.0,1.0,223804984.0,203000000,212000000.0,6.542,9688000000.0,16000000.0,85000000.0,188000000.0,47.724,860000000.0
58,RIG,MRQ,2006-12-31,2006-12-31,2006-12-31,2021-08-03,-30000000.0,11476000000.0,,1656000000.0,9820000000.0,,33.447,-166000000.0,467000000.0,467000000.0,570000000.0,621000000.0,1.594,0.679,3298000000.0,95000000.0,3203000000.0,3298000000.0,0.0,98000000.0,0.0,0.0,0.0,736000000.0,834000000.0,0.703,834000000.0,736000000.0,693000000.0,2.904,2.798,2.904,6836000000.0,,6836000000.0,26740352137.0,16.0,12.596,338000000.0,1.654,1.0,616000000.0,0.519,2195000000.0,43000000.0,11073000000.0,,160000000.0,0.0,0.0,0.0,4640000000.0,1039000000.0,3601000000.0,23652052137.0,60000000.0,163000000.0,-248000000.0,-200000000.0,0.0,-441000000.0,-3000000.0,0.0,504000000.0,0.0,621000000.0,621000000.0,621000000.0,0.0,0.0,0.524,-62000000.0,678000000.0,477000000.0,0.0,3.46,17.077,18.295,7326000000.0,0.0,115.623,6.093,6.523,929000000.0,-1181000000.0,1186000000.0,1186000000.0,0.0,,,,,0.0,23000000.0,1.0,204561450.0,204384000,215199000.0,5.803,9281000000.0,16000000.0,72000000.0,152000000.0,45.41,617000000.0
59,RIG,MRQ,2006-09-30,2006-09-30,2006-09-30,2021-08-03,-20600000.0,11178300000.0,,1546700000.0,9631600000.0,,29.624,-434000000.0,407100000.0,407100000.0,561000000.0,309000000.0,1.775,0.729,3495400000.0,95400000.0,3400000000.0,3495400000.0,0.0,99000000.0,0.0,0.0,0.0,401000000.0,500000000.0,0.488,500000000.0,401000000.0,373000000.0,1.415,1.372,1.415,6466100000.0,,6466100000.0,24386351788.0,21.0,15.359,-145000000.0,-0.664,1.0,464000000.0,0.453,2209000000.0,28000000.0,11186300000.0,,161000000.0,11600000.0,0.0,11600000.0,4712200000.0,871300000.0,3840900000.0,23072551788.0,125000000.0,95000000.0,-1750000000.0,1900000000.0,0.0,175000000.0,-339000000.0,0.0,289000000.0,0.0,309000000.0,309000000.0,309000000.0,0.0,0.0,0.301,74000000.0,390000000.0,351200000.0,0.0,3.568,25.188,25.7,7132900000.0,0.0,104.674,6.654,6.589,872200000.0,-1802200000.0,1025000000.0,1025000000.0,0.0,,,,,5000000.0,22000000.0,1.0,220422740.0,218275000,225971000.0,4.696,8969300000.0,27000000.0,64000000.0,149600000.0,41.092,675400000.0
60,RIG,MRQ,2006-06-30,2006-06-30,2006-06-30,2021-08-03,-20500000.0,10555000000.0,,1249300000.0,9305700000.0,,34.868,-98000000.0,282200000.0,282200000.0,549000000.0,249000000.0,1.756,0.335,1596000000.0,95400000.0,1500600000.0,1596000000.0,0.0,102000000.0,0.0,0.0,0.0,295000000.0,397000000.0,0.465,397000000.0,295000000.0,275000000.0,1.101,1.072,1.101,7903600000.0,,7903600000.0,27230923498.0,27.0,19.32,78000000.0,0.344,1.0,305000000.0,0.357,2208900000.0,20000000.0,8948500000.0,,164200000.0,11000000.0,0.0,11000000.0,2651400000.0,711400000.0,1940000000.0,26096223498.0,-180000000.0,121000000.0,-379000000.0,0.0,0.0,-379000000.0,23000000.0,0.0,176000000.0,0.0,249000000.0,249000000.0,249000000.0,0.0,0.0,0.292,16000000.0,289000000.0,337400000.0,0.0,3.302,33.569,33.747,6818900000.0,0.0,114.808,8.142,8.119,703600000.0,-2111200000.0,854000000.0,854000000.0,0.0,,,,,-3000000.0,25000000.0,1.0,227302265.0,226670000,235066000.0,3.768,8346100000.0,24700000.0,26000000.0,131000000.0,36.82,537900000.0
61,RIG,MRQ,2006-03-31,2006-03-31,2006-03-31,2021-08-03,-20400000.0,10589700000.0,,1353600000.0,9236100000.0,,35.337,-178000000.0,461900000.0,461900000.0,475000000.0,206000000.0,1.431,0.318,1596600000.0,400000000.0,1196600000.0,1596600000.0,0.0,102000000.0,0.0,0.0,0.0,290000000.0,392000000.0,0.48,392000000.0,290000000.0,266000000.0,0.901,0.872,0.901,8034600000.0,,8034600000.0,27530930302.0,26.0,18.743,90000000.0,0.396,1.0,342000000.0,0.419,2208900000.0,24000000.0,8569500000.0,,160300000.0,7600000.0,0.0,7600000.0,2555100000.0,946000000.0,1609100000.0,26379230302.0,17000000.0,82000000.0,-155000000.0,0.0,0.0,-155000000.0,-96000000.0,0.0,268000000.0,0.0,206000000.0,206000000.0,206000000.0,0.0,0.0,0.252,58000000.0,284000000.0,264900000.0,0.0,3.283,31.775,31.62,6800800000.0,0.0,114.78,8.569,8.477,670900000.0,-2360700000.0,817000000.0,817000000.0,0.0,,,,,3000000.0,20000000.0,1.0,229824527.0,227370000,235765000.0,3.593,8380800000.0,23400000.0,60000000.0,128700000.0,36.86,407600000.0
62,RIG,MRQ,2005-12-31,2005-12-31,2005-12-31,2021-08-03,-20000000.0,10457000000.0,,1279000000.0,9178000000.0,,34.499,-37100000.0,445000000.0,445000000.0,456400000.0,152000000.0,1.386,0.31,1597000000.0,400000000.0,1197000000.0,1597000000.0,0.0,102000000.0,0.0,0.0,0.0,196800000.0,298800000.0,0.387,298800000.0,196800000.0,173200000.0,0.657,0.629,0.657,7982000000.0,,7982000000.0,24004340574.0,26.0,18.185,211200000.0,0.913,1.0,315100000.0,0.408,2209000000.0,23600000.0,8477000000.0,,156000000.0,0.0,0.0,0.0,2475000000.0,923000000.0,1552000000.0,23003440574.0,-151500000.0,14300000.0,-376700000.0,200000.0,0.0,-377000000.0,-22800000.0,0.0,248300000.0,0.0,152000000.0,152000000.0,152000000.0,0.0,0.0,0.197,126700000.0,188400000.0,254000000.0,0.0,2.882,32.128,31.826,6748000000.0,0.0,99.614,7.954,7.888,583000000.0,-2566000000.0,771500000.0,771500000.0,0.0,,,,,5800000.0,19500000.0,1.0,230925628.0,231370000,241555000.0,3.334,8248000000.0,23000000.0,21200000.0,92000000.0,35.649,356000000.0
63,RIG,MRQ,2005-09-30,2005-09-30,2005-09-30,2021-08-03,-23000000.0,10772600000.0,,1404700000.0,9367900000.0,,35.627,-35300000.0,596800000.0,596800000.0,438300000.0,170400000.0,1.551,0.314,1597700000.0,400000000.0,1197700000.0,1597700000.0,0.0,102100000.0,0.0,0.0,0.0,219600000.0,321700000.0,0.422,321700000.0,219600000.0,195100000.0,0.743,0.715,0.743,8197700000.0,,8197700000.0,21408206776.0,31.0,18.955,202300000.0,0.879,1.0,324300000.0,0.425,2254900000.0,24500000.0,8613100000.0,,155200000.0,6400000.0,0.0,6400000.0,2574900000.0,905500000.0,1669400000.0,20157206776.0,-345700000.0,2300000.0,42700000.0,-592400000.0,0.0,-550300000.0,-33000000.0,0.0,237600000.0,0.0,170400000.0,170400000.0,170400000.0,0.0,0.0,0.223,120800000.0,203500000.0,200800000.0,0.0,2.459,41.104,40.875,6819000000.0,0.0,87.636,7.205,7.208,596500000.0,-2718000000.0,762600000.0,762600000.0,0.0,,,,,21400000.0,19400000.0,1.0,230011122.0,230098000,238424000.0,3.314,8517700000.0,80800000.0,24700000.0,183000000.0,37.018,499200000.0
64,RIG,MRQ,2005-06-30,2005-06-30,2005-06-30,2021-08-03,-22900000.0,11159200000.0,,1722000000.0,9437200000.0,,34.907,-78400000.0,942500000.0,942500000.0,437000000.0,301800000.0,1.872,0.401,2193500000.0,400000000.0,1793500000.0,2193500000.0,0.0,101200000.0,0.0,0.0,0.0,355200000.0,456400000.0,0.627,456400000.0,355200000.0,325400000.0,1.329,1.286,1.329,7963700000.0,,7963700000.0,19383260344.0,28.0,16.923,127800000.0,0.56,1.0,290400000.0,0.399,2251900000.0,29800000.0,9238200000.0,,153100000.0,4600000.0,0.0,4600000.0,3195500000.0,920100000.0,2275400000.0,17599760344.0,521800000.0,298300000.0,91600000.0,-7900000.0,0.0,95700000.0,219900000.0,0.0,206200000.0,0.0,301800000.0,301800000.0,301800000.0,0.0,0.0,0.415,105600000.0,184800000.0,208000000.0,0.0,2.21,37.06,36.964,6883400000.0,0.0,77.144,6.551,6.551,564200000.0,-2888400000.0,727400000.0,727400000.0,0.0,,,,,8800000.0,18000000.0,1.0,228141418.0,228140000,236465000.0,3.188,8907300000.0,68800000.0,23600000.0,217700000.0,39.043,801900000.0
65,RIG,MRQ,2005-03-31,2005-03-31,2005-03-31,2021-08-03,-22800000.0,10691500000.0,,1102900000.0,9588600000.0,,33.4,-31200000.0,420700000.0,420700000.0,388300000.0,91800000.0,2.551,0.414,2204200000.0,7900000.0,2196300000.0,2204200000.0,0.0,100700000.0,0.0,0.0,0.0,142400000.0,243100000.0,0.386,243100000.0,142400000.0,109300000.0,0.4,0.4,0.4,7561500000.0,,7561500000.0,18539585004.0,42.0,19.882,140700000.0,0.621,1.0,242200000.0,0.384,2251900000.0,33100000.0,9790800000.0,,148500000.0,110700000.0,0.0,110700000.0,3130000000.0,432300000.0,2697700000.0,16509385004.0,-30600000.0,36100000.0,72400000.0,-279900000.0,0.0,-207400000.0,4900000.0,0.0,171900000.0,0.0,91800000.0,91800000.0,91800000.0,0.0,0.0,0.146,98900000.0,143300000.0,165600000.0,0.0,2.183,74.669,75.675,6923600000.0,0.0,73.556,6.368,6.423,484500000.0,-3190200000.0,630500000.0,630500000.0,0.0,,,,,2300000.0,18100000.0,1.0,224445506.0,226391000,231568000.0,2.785,8439600000.0,54700000.0,17500000.0,158000000.0,37.279,670600000.0
66,RIG,MRQ,2004-12-31,2004-12-31,2004-12-31,2021-08-03,-24400000.0,10758300000.0,,1109100000.0,9649200000.0,,32.827,-27200000.0,451300000.0,451300000.0,462500000.0,-73600000.0,2.578,0.455,2481500000.0,19400000.0,2462100000.0,2481500000.0,0.0,125600000.0,0.0,0.0,0.0,-17400000.0,108200000.0,0.16,108200000.0,-17400000.0,-56800000.0,-0.329,-0.329,-0.329,7392600000.0,,7392600000.0,15899848910.0,38.0,16.933,66200000.0,0.294,1.0,214500000.0,0.317,2251900000.0,39400000.0,10106300000.0,,144700000.0,109200000.0,0.0,109200000.0,3365700000.0,430300000.0,2935400000.0,13614248910.0,-324800000.0,197100000.0,10000000.0,-598000000.0,0.0,-588100000.0,169900000.0,0.0,93400000.0,0.0,-73600000.0,-73600000.0,-73600000.0,0.0,0.0,-0.109,158200000.0,56300000.0,180800000.0,0.0,1.842,89.567,90.166,7005200000.0,0.0,60.592,5.208,5.206,426500000.0,-3282000000.0,677000000.0,677000000.0,0.0,,,,,13300000.0,22700000.0,1.0,224688099.0,225202000,228630000.0,3.006,8506400000.0,62800000.0,16800000.0,141200000.0,37.772,678800000.0
67,RIG,MRQ,2004-09-30,2004-09-30,2004-09-30,2021-08-03,-19900000.0,11704000000.0,,1506800000.0,10197200000.0,,33.178,-45100000.0,775800000.0,775800000.0,432900000.0,154900000.0,1.654,0.571,3061400000.0,386700000.0,2674700000.0,3061400000.0,0.0,133900000.0,0.0,0.0,0.0,203800000.0,337700000.0,0.518,337700000.0,203800000.0,161200000.0,0.686,0.672,0.686,7448600000.0,,7448600000.0,14234496025.0,30.0,14.154,180900000.0,0.806,1.0,218900000.0,0.336,2257100000.0,42600000.0,10821500000.0,,150100000.0,4100000.0,0.0,4100000.0,4255400000.0,911000000.0,3344400000.0,11479696025.0,453700000.0,278500000.0,5000000.0,-11800000.0,0.0,-5700000.0,233400000.0,0.0,226000000.0,0.0,154900000.0,154900000.0,154900000.0,0.0,0.0,0.238,147800000.0,71100000.0,180200000.0,0.0,1.541,49.674,49.702,7683400000.0,0.0,51.144,4.54,4.541,503600000.0,-3208600000.0,651800000.0,651800000.0,0.0,,,,,4200000.0,15200000.0,1.0,224460462.0,224502000,231218000.0,2.903,9446900000.0,65600000.0,6300000.0,133800000.0,42.079,595800000.0
68,RIG,MRQ,2004-06-30,2004-06-30,2004-06-30,2021-08-03,-20000000.0,11335700000.0,,1072500000.0,10263200000.0,,32.463,-37300000.0,322100000.0,322100000.0,406200000.0,48000000.0,1.23,0.556,3076900000.0,398900000.0,2678000000.0,3076900000.0,0.0,133000000.0,0.0,0.0,0.0,110500000.0,243500000.0,0.385,243500000.0,110500000.0,67900000.0,0.214,0.214,0.214,7285800000.0,,7285800000.0,12132618781.0,34.0,13.912,52100000.0,0.232,1.0,227000000.0,0.358,2232000000.0,42600000.0,10986700000.0,,151900000.0,6800000.0,0.0,6800000.0,4049900000.0,871800000.0,3178100000.0,9284118781.0,-75800000.0,34700000.0,1000000.0,-163600000.0,0.0,-162600000.0,-2600000.0,0.0,89400000.0,0.0,48000000.0,48000000.0,48000000.0,0.0,0.0,0.076,123200000.0,103800000.0,157300000.0,0.0,1.274,106.469,107.167,7778800000.0,0.0,41.366,3.714,3.714,512100000.0,-3363500000.0,633200000.0,633200000.0,0.0,,,,,3500000.0,14000000.0,1.0,224435712.0,224432000,226740000.0,2.821,9103700000.0,67400000.0,19900000.0,123900000.0,40.563,200700000.0
69,RIG,MRQ,2004-03-31,2004-03-31,2004-03-31,2021-08-03,-20300000.0,11442400000.0,,1081800000.0,10360600000.0,,32.253,-17400000.0,397900000.0,397900000.0,412400000.0,22700000.0,2.06,0.582,3246400000.0,47200000.0,3199200000.0,3246400000.0,0.0,131500000.0,0.0,0.0,0.0,118100000.0,249600000.0,0.383,249600000.0,118100000.0,70700000.0,0.1,0.1,0.1,7234100000.0,,7234100000.0,12104821757.0,52.0,16.279,173800000.0,0.775,1.0,239600000.0,0.367,2230800000.0,47400000.0,11535000000.0,,151800000.0,6200000.0,0.0,6200000.0,4208300000.0,525100000.0,3683200000.0,8920721757.0,-76100000.0,167700000.0,14000000.0,-431600000.0,0.0,-417600000.0,150300000.0,0.0,191200000.0,0.0,22700000.0,22700000.0,22700000.0,0.0,0.0,0.035,142800000.0,96800000.0,144600000.0,0.0,1.233,-1683.155,-1374.677,7878600000.0,0.0,39.866,3.611,3.62,450500000.0,-3411500000.0,652000000.0,652000000.0,0.0,,,,,10000000.0,15100000.0,1.0,223769700.0,224292000,226740000.0,2.907,9211600000.0,53500000.0,48000000.0,110800000.0,41.07,556700000.0
70,RIG,MRQ,2003-12-31,2003-12-31,2003-12-31,2021-08-03,-20200000.0,11662600000.0,,1178900000.0,10483700000.0,,32.148,-421200000.0,474000000.0,474000000.0,387600000.0,5500000.0,2.307,0.621,3658100000.0,45800000.0,3612300000.0,3658100000.0,0.0,127100000.0,0.0,0.0,0.0,47800000.0,174900000.0,0.296,174900000.0,47800000.0,200000.0,0.029,0.029,0.029,7192600000.0,,7192600000.0,10575674506.0,47.0,14.44,-360100000.0,-1.61,1.0,203900000.0,0.345,2230800000.0,47600000.0,12104800000.0,,152000000.0,5500000.0,0.0,5500000.0,4470000000.0,511100000.0,3958900000.0,7680574507.0,-332300000.0,67700000.0,500000.0,-35500000.0,0.0,-39900000.0,-353500000.0,0.0,61100000.0,0.0,5500000.0,5500000.0,5500000.0,0.0,0.0,0.009,158400000.0,45500000.0,146100000.0,0.0,1.068,400.03,399.065,8009600000.0,0.0,34.32,3.155,3.154,435300000.0,-3434200000.0,591500000.0,591500000.0,0.0,,,,,2300000.0,15300000.0,1.0,223795499.0,223732000,224851000.0,2.644,9431800000.0,69200000.0,-5300000.0,100000000.0,42.157,667800000.0
71,RIG,MRQ,2003-09-30,2003-09-30,2003-09-30,2021-08-03,-29000000.0,11717700000.0,,1542500000.0,10175200000.0,,32.059,-22400000.0,806300000.0,806300000.0,403000000.0,11000000.0,1.965,0.633,3701400000.0,282100000.0,3419300000.0,3701400000.0,0.0,126800000.0,0.0,0.0,0.0,77300000.0,204100000.0,0.328,204100000.0,77300000.0,28300000.0,0.043,0.043,0.043,7174900000.0,,7174900000.0,9442051200.0,-4.0,-4.648,137200000.0,0.613,1.0,219900000.0,0.353,2223400000.0,49000000.0,11604400000.0,,156400000.0,70000000.0,0.0,70000000.0,4542800000.0,785000000.0,3757800000.0,6397751200.0,92300000.0,2500000.0,600000.0,-48000000.0,0.0,-47400000.0,-19900000.0,0.0,159600000.0,0.0,11000000.0,11000000.0,11000000.0,0.0,0.0,0.018,147100000.0,72800000.0,147200000.0,0.0,0.892,-2.312,-2.307,7679500000.0,0.0,28.588,2.552,2.552,486600000.0,-3439700000.0,622900000.0,622900000.0,0.0,,,,,1400000.0,21200000.0,1.0,223793337.0,223802000,224642000.0,2.783,9494300000.0,40300000.0,17300000.0,117400000.0,42.423,757500000.0
72,RIG,MRQ,2003-06-30,2003-06-30,2003-06-30,2021-08-03,-29500000.0,11705800000.0,,1427000000.0,10278800000.0,,32.009,-25800000.0,714000000.0,714000000.0,426500000.0,-44500000.0,1.966,0.635,3758300000.0,282300000.0,3476000000.0,3758300000.0,0.0,127500000.0,0.0,0.0,0.0,-12500000.0,115000000.0,0.19,115000000.0,-12500000.0,-65300000.0,-0.2,-0.2,-0.2,7161500000.0,,7161500000.0,10124813249.0,-4.0,-5.143,88400000.0,0.395,1.0,177400000.0,0.294,2222900000.0,52800000.0,11801300000.0,,160000000.0,68300000.0,0.0,68300000.0,4544300000.0,725900000.0,3818400000.0,7025413249.0,-806400000.0,-25400000.0,800000.0,-871400000.0,0.0,-869400000.0,-51200000.0,0.0,114200000.0,0.0,-44500000.0,-44500000.0,-44500000.0,0.0,0.0,-0.074,157600000.0,19800000.0,140000000.0,0.0,0.981,-2.785,-2.781,7782700000.0,0.0,31.404,2.723,2.724,442300000.0,-3450700000.0,603900000.0,603900000.0,0.0,,,,,0.0,14900000.0,1.0,223713205.0,223732000,223732000.0,2.699,9482900000.0,45900000.0,-20800000.0,115100000.0,42.385,701100000.0
73,RIG,MRQ,2003-03-31,2003-03-31,2003-03-31,2021-08-03,-31100000.0,12662400000.0,,2230000000.0,10432400000.0,,32.199,-24400000.0,1520400000.0,1520400000.0,374100000.0,47200000.0,1.488,0.758,4619800000.0,1051700000.0,3568100000.0,4619800000.0,0.0,126800000.0,0.0,0.001,0.0,111600000.0,238400000.0,0.387,238400000.0,111600000.0,59000000.0,0.214,0.214,0.214,7201700000.0,,7201700000.0,9991595216.0,-4.0,-5.511,166100000.0,0.743,1.0,241900000.0,0.393,2190600000.0,52600000.0,12072900000.0,,157100000.0,110700000.0,0.0,110700000.0,5460700000.0,1498300000.0,3962400000.0,6527795215.0,306200000.0,3600000.0,10900000.0,-47800000.0,0.0,136500000.0,-20800000.0,0.0,190500000.0,0.0,47200000.0,47200000.0,47200000.0,0.0,0.0,0.077,140300000.0,101600000.0,132600000.0,0.0,0.906,-2.722,-2.723,7911400000.0,0.0,29.231,2.49,2.493,481700000.0,-3406200000.0,616000000.0,616000000.0,0.0,,,,,0.0,13900000.0,1.0,223317630.0,223662000,224991000.0,2.754,10471800000.0,43300000.0,11800000.0,121200000.0,46.82,731700000.0
74,RIG,MRQ,2002-12-31,2002-12-31,2002-12-31,2021-08-03,-31500000.0,12665100000.0,,1911700000.0,10753400000.0,,31.99,-26400000.0,1214200000.0,1214200000.0,366500000.0,-2780700000.0,1.271,0.773,4678000000.0,1048100000.0,3629900000.0,4678000000.0,0.0,126200000.0,0.0,0.003,0.0,-2715300000.0,-2589100000.0,-3.896,-2589100000.0,-2715300000.0,-2766600000.0,-12.45,-12.507,-12.45,7141400000.0,,7141400000.0,11106492075.0,-3.0,-3.534,212400000.0,0.951,1.0,298100000.0,0.449,2218200000.0,51300000.0,12406800000.0,,155800000.0,108500000.0,0.0,108500000.0,5523700000.0,1503900000.0,4019800000.0,7405892075.0,192400000.0,17500000.0,0.0,-35000000.0,0.0,-37500000.0,-8900000.0,0.0,238800000.0,0.0,-2780700000.0,-2780700000.0,-2780700000.0,0.0,0.0,-4.184,3025400000.0,-2727300000.0,134100000.0,0.0,1.037,-1.984,-1.985,8029800000.0,0.0,33.162,2.77,2.769,437600000.0,-3453400000.0,664600000.0,664600000.0,0.0,,,,,500000.0,14000000.0,1.0,223325952.0,223242000,215055000.0,2.977,10446900000.0,48100000.0,14100000.0,166700000.0,46.796,407800000.0
75,RIG,MRQ,2002-09-30,2002-09-30,2002-09-30,2021-08-03,-700000.0,15510100000.0,,1783900000.0,13726200000.0,,44.568,-33400000.0,1021800000.0,1021800000.0,381100000.0,255200000.0,1.264,0.558,4722400000.0,941600000.0,3780800000.0,4722400000.0,0.0,124200000.0,0.0,0.004,0.0,142700000.0,266900000.0,0.384,266900000.0,142700000.0,90400000.0,1.144,1.129,1.144,9952500000.0,,9952500000.0,10511175709.0,-13.0,-38.39,286300000.0,1.282,1.0,314100000.0,0.452,5099100000.0,52300000.0,12699800000.0,,164000000.0,107000000.0,0.0,107000000.0,5557600000.0,1411800000.0,4145800000.0,6639775709.0,265900000.0,13200000.0,-100000.0,-34700000.0,0.0,-33600000.0,-20200000.0,0.0,319700000.0,0.0,255200000.0,255200000.0,255200000.0,0.0,0.0,0.367,178000000.0,136100000.0,128100000.0,0.0,0.667,-7.417,-7.429,8097200000.0,0.0,29.731,2.408,2.408,544300000.0,-672700000.0,695200000.0,695200000.0,0.0,,,,,200000.0,15800000.0,1.0,223326302.0,223312000,230028000.0,3.113,10411000000.0,21300000.0,-164800000.0,189300000.0,46.621,372100000.0
76,RIG,MRQ,2002-06-30,2002-06-30,2002-06-30,2021-08-03,-200000.0,15304100000.0,,1578400000.0,13725700000.0,,43.439,-33500000.0,755900000.0,755900000.0,365600000.0,80000000.0,1.049,0.578,4627300000.0,924700000.0,3702600000.0,4627300000.0,0.0,124300000.0,0.0,0.004,0.043,146400000.0,270700000.0,0.419,270700000.0,146400000.0,93900000.0,0.357,0.357,0.357,9697500000.0,,9697500000.0,13951305110.0,-18.0,-76.362,185000000.0,0.829,1.0,280600000.0,0.434,5103000000.0,52500000.0,12567600000.0,,169300000.0,114300000.0,0.0,114300000.0,5606600000.0,1504900000.0,4101700000.0,9942705110.0,167800000.0,25200000.0,1200000.0,-34600000.0,-9500000.0,-42400000.0,-8300000.0,0.0,218500000.0,0.0,80000000.0,80000000.0,80000000.0,0.0,0.0,0.124,141600000.0,139000000.0,133300000.0,0.12,1.025,-9.444,-9.467,8114800000.0,0.0,44.525,3.511,3.51,591500000.0,-927900000.0,646200000.0,646200000.0,0.0,,,,,200000.0,16000000.0,1.0,223303900.0,223242000,226600000.0,2.895,10201100000.0,21300000.0,13900000.0,489600000.0,45.695,73500000.0
77,RIG,MRQ,2002-03-31,2002-03-31,2002-03-31,2021-08-03,800000.0,15304400000.0,,1510100000.0,13794300000.0,,43.122,-47700000.0,588100000.0,588100000.0,381000000.0,-1286400000.0,1.869,0.59,4596700000.0,151800000.0,4444900000.0,4596700000.0,0.0,125600000.0,0.0,0.004,0.043,-1216700000.0,-1091100000.0,-1.634,-1091100000.0,-1216700000.0,-1272600000.0,-5.76,-5.689,-5.76,9626700000.0,,9626700000.0,14775126951.0,-20.0,-122.412,114300000.0,0.512,1.0,286900000.0,0.43,5103000000.0,55900000.0,13402000000.0,,167300000.0,116000000.0,0.0,116000000.0,5677700000.0,808000000.0,4869700000.0,10604726951.0,-265300000.0,39800000.0,9100000.0,-411400000.0,-9600000.0,-419400000.0,-7900000.0,0.0,162000000.0,0.0,-1286400000.0,-1286400000.0,-1286400000.0,0.0,0.0,-1.926,144600000.0,142300000.0,155000000.0,-0.007,1.102,-9.964,-10.008,8240800000.0,0.0,47.499,3.61,3.609,684500000.0,-998300000.0,667900000.0,667900000.0,0.0,,,,,200000.0,19800000.0,1.0,223264128.0,223242000,226041000.0,2.992,10201400000.0,22200000.0,13800000.0,498900000.0,45.697,702100000.0
78,RIG,MRQ,2001-12-31,2001-12-31,2001-12-31,2021-08-03,-2300000.0,17047800000.0,,1736800000.0,15311000000.0,,48.553,-63100000.0,853400000.0,853400000.0,439800000.0,56000000.0,1.616,0.563,5023800000.0,484400000.0,4539400000.0,5023800000.0,0.0,163300000.0,0.0,0.004,0.043,116400000.0,279700000.0,0.374,279700000.0,116400000.0,57300000.0,0.257,0.243,0.257,10910300000.0,,10910300000.0,15210868837.0,28.0,12.916,131000000.0,0.583,1.0,307800000.0,0.412,6466700000.0,59100000.0,13677000000.0,,158800000.0,107100000.0,0.0,107100000.0,6137500000.0,1074500000.0,5063000000.0,10780868837.0,502400000.0,100900000.0,100000.0,275500000.0,-9600000.0,270500000.0,37800000.0,0.0,194100000.0,0.0,56000000.0,56000000.0,56000000.0,0.0,0.0,0.075,190200000.0,117600000.0,188400000.0,0.167,0.988,42.68,41.247,8368100000.0,0.0,48.342,3.823,3.708,602900000.0,297700000.0,747600000.0,747600000.0,0.0,,,,,0.0,14000000.0,1.0,223012887.0,224710000,228838000.0,3.327,10581100000.0,49000000.0,1300000.0,463400000.0,47.088,662300000.0
79,RIG,MRQ,2001-09-30,2001-09-30,2001-09-30,2021-08-03,3100000.0,16868000000.0,,1287500000.0,15580500000.0,,48.704,-71300000.0,351000000.0,351000000.0,418200000.0,97600000.0,1.536,0.553,4781000000.0,135900000.0,4645100000.0,4781000000.0,0.0,167000000.0,0.0,0.005,0.043,191000000.0,358000000.0,0.465,358000000.0,191000000.0,130200000.0,0.443,0.429,0.443,10859300000.0,,10859300000.0,13111412867.0,31.0,13.703,243800000.0,1.093,1.0,352000000.0,0.457,6503300000.0,60800000.0,13956300000.0,,157900000.0,36000000.0,0.0,36000000.0,6008700000.0,838400000.0,5170300000.0,8414512867.0,242300000.0,89500000.0,700000.0,-82200000.0,-9500000.0,-91500000.0,18700000.0,400000.0,315100000.0,0.0,97600000.0,97600000.0,97600000.0,0.0,0.0,0.127,172200000.0,179800000.0,160400000.0,0.097,0.775,44.901,43.981,8600000000.0,0.0,37.736,3.525,3.524,727400000.0,251200000.0,770200000.0,770200000.0,0.0,,,,,0.0,14500000.0,1.0,222984591.0,222963000,225761000.0,3.454,10364700000.0,16000000.0,32600000.0,611800000.0,46.486,449100000.0
80,RIG,MRQ,2001-06-30,2001-06-30,2001-06-30,2021-08-03,3100000.0,16788500000.0,,1113700000.0,15674800000.0,,48.381,-116000000.0,108700000.0,108700000.0,394300000.0,68500000.0,1.425,0.559,4805600000.0,120500000.0,4685100000.0,4805600000.0,0.0,165200000.0,0.0,0.003,0.043,167500000.0,332700000.0,0.442,332700000.0,167500000.0,100700000.0,0.314,0.3,0.314,10770200000.0,,10770200000.0,17724783643.0,58.0,24.317,-110500000.0,-0.496,1.0,357900000.0,0.476,6521400000.0,66800000.0,14182300000.0,,155700000.0,42600000.0,0.0,42600000.0,6018300000.0,781700000.0,5236600000.0,13116883643.0,-156900000.0,25600000.0,19600000.0,-87500000.0,-9600000.0,-88900000.0,-73500000.0,16800000.0,5500000.0,0.0,68500000.0,68500000.0,68500000.0,0.0,0.0,0.091,179700000.0,178200000.0,207600000.0,0.137,1.218,94.298,79.357,8744800000.0,0.0,58.962,6.79,6.795,786000000.0,163200000.0,752200000.0,752200000.0,0.0,,,,,0.0,14600000.0,1.0,222462347.0,222613000,227370000.0,3.379,10267100000.0,15100000.0,32200000.0,593900000.0,46.121,332000000.0
81,RIG,MRQ,2001-03-31,2001-03-31,2001-03-31,2021-08-03,1600000.0,16876000000.0,,1157000000.0,15719000000.0,,54.454,-255800000.0,265600000.0,265600000.0,351000000.0,30500000.0,1.167,0.579,4873500000.0,260600000.0,4612900000.0,4873500000.0,0.0,129500000.0,0.0,0.003,0.043,77900000.0,207400000.0,0.377,207400000.0,77900000.0,40700000.0,0.157,0.157,0.157,10689800000.0,,10689800000.0,15165118301.0,82.0,29.835,-210100000.0,-1.07,1.0,199100000.0,0.362,6564600000.0,37200000.0,13927700000.0,,151700000.0,39700000.0,0.0,39700000.0,6186200000.0,991600000.0,5194600000.0,13746271301.0,231100000.0,271000000.0,19800000.0,183000000.0,-9500000.0,194800000.0,-9400000.0,0.0,45700000.0,0.0,30500000.0,30500000.0,30500000.0,0.0,0.0,0.055,124600000.0,74500000.0,241700000.0,0.274,1.286,129.073,92.208,8768800000.0,0.0,61.964,9.296,8.226,658000000.0,104300000.0,550100000.0,550100000.0,0.0,,,,,0.0,14700000.0,1.0,221842939.0,196308000,199736000.0,2.802,10311400000.0,17000000.0,10200000.0,613900000.0,52.527,165400000.0
82,RIG,MRQ,2000-12-31,2000-12-31,2000-12-31,2021-08-03,0.0,6358800000.0,,448100000.0,5910700000.0,,27.203,-109100000.0,34500000.0,34500000.0,250600000.0,-9200000.0,0.905,0.588,1453400000.0,23100000.0,1430300000.0,1453400000.0,0.0,65700000.0,0.0,0.003,0.043,-7000000.0,58700000.0,0.186,58700000.0,-7000000.0,-7900000.0,-0.057,-0.071,-0.057,4004100000.0,,4004100000.0,11011441126.0,74.0,27.009,-95200000.0,-0.647,1.0,64300000.0,0.204,1037900000.0,900000.0,6244600000.0,,89500000.0,105900000.0,0.0,105900000.0,2354700000.0,495200000.0,1859500000.0,9692935126.0,-2500000.0,57600000.0,-100000.0,94200000.0,-6400000.0,86000000.0,-102400000.0,0.0,13900000.0,0.0,-9200000.0,-9200000.0,-9200000.0,0.0,0.0,-0.029,72000000.0,-7700000.0,135600000.0,-0.754,2.421,89.336,88.495,4695000000.0,0.0,65.752,7.884,7.872,268900000.0,83300000.0,314900000.0,314900000.0,0.0,,,,,1900000.0,10500000.0,1.0,147416900.0,147196000,148315000.0,2.139,5320900000.0,18100000.0,1300000.0,472300000.0,36.148,-47100000.0
83,RIG,MRQ,2000-09-30,2000-09-30,2000-09-30,2021-08-03,0.0,6264189000.0,,457331000.0,5806858000.0,,27.281,-157800000.0,36972000.0,36972000.0,192200000.0,49300000.0,1.186,0.559,1355478000.0,15628000.0,1339850000.0,1355478000.0,0.0,64400000.0,0.0,0.003,0.043,65700000.0,130100000.0,0.414,130100000.0,65700000.0,63900000.0,0.329,0.329,0.329,4017629000.0,,4017629000.0,13645016742.0,100.0,37.409,-59800000.0,-0.406,1.0,122300000.0,0.389,1044717000.0,1800000.0,6152447000.0,,83068000.0,105700000.0,0.0,105700000.0,2246560000.0,385531000.0,1861029000.0,12346611742.0,-132300000.0,3800000.0,3400000.0,-114500000.0,-6300000.0,-117500000.0,-112800000.0,0.0,98000000.0,0.0,49300000.0,49300000.0,49300000.0,0.0,0.0,0.157,62300000.0,60000000.0,79251000.0,0.131,3.073,117.25,133.235,4606347000.0,0.0,83.805,11.805,11.8,302337000.0,98755000.0,314500000.0,314500000.0,0.0,,,,,0.0,9200000.0,1.0,147325423.0,147266000,148315000.0,2.136,5219472000.0,22452000.0,14600000.0,502431000.0,35.442,71800000.0
84,RIG,MRQ,2000-06-30,2000-06-30,2000-06-30,2021-08-03,0.0,6314277000.0,,571916000.0,5742361000.0,,27.013,-167000000.0,169297000.0,169297000.0,184000000.0,35900000.0,1.453,0.588,1467702000.0,54982000.0,1412720000.0,1467702000.0,0.0,64800000.0,0.0,0.003,0.061,47300000.0,112100000.0,0.375,112100000.0,47300000.0,47000000.0,0.243,0.243,0.243,3976212000.0,,3976212000.0,12437080867.0,122.0,41.506,-107600000.0,-0.731,1.0,115200000.0,0.385,1051507000.0,300000.0,6167585000.0,,79565000.0,104635000.0,0.0,104635000.0,2338065000.0,393590000.0,1944475000.0,11246828867.0,46400000.0,400000.0,2900000.0,152900000.0,-6300000.0,149900000.0,-162900000.0,0.0,59400000.0,0.0,35900000.0,35900000.0,35900000.0,0.0,0.0,0.12,72000000.0,43200000.0,73138000.0,0.251,2.829,128.087,106.834,4539696000.0,0.0,76.387,12.544,12.54,287544000.0,55797000.0,299200000.0,299200000.0,0.0,,,,,0.0,9400000.0,1.0,147235806.0,147196000,148105000.0,2.033,5262770000.0,20759000.0,11100000.0,490842000.0,35.753,178326000.0
85,RIG,MRQ,2000-03-31,2000-03-31,2000-03-31,2021-08-03,0.0,6179452000.0,,540989000.0,5638463000.0,,26.817,-140800000.0,122857000.0,122857000.0,185800000.0,32500000.0,1.201,0.567,1313109000.0,61367000.0,1251742000.0,1313109000.0,0.0,64600000.0,0.0,0.003,0.061,42200000.0,106800000.0,0.355,106800000.0,42200000.0,42200000.0,0.214,0.214,0.214,3943575000.0,,3943575000.0,11888294639.0,131.0,46.335,-116200000.0,-0.79,1.0,115000000.0,0.382,1063999000.0,0.0,5855096000.0,,78269000.0,103512000.0,0.0,103512000.0,2235877000.0,450609000.0,1785268000.0,10787805639.0,-42800000.0,24500000.0,7500000.0,46700000.0,-6300000.0,47400000.0,-114800000.0,0.0,24600000.0,0.0,32500000.0,32500000.0,32500000.0,0.0,0.0,0.108,77400000.0,37600000.0,107426000.0,0.285,2.736,136.1,88.47,4433253000.0,0.0,73.342,14.197,14.194,298307000.0,26173000.0,300800000.0,300800000.0,0.0,,,,,0.0,12800000.0,1.0,147089238.0,147056000,147616000.0,2.045,5115453000.0,21783000.0,9700000.0,502484000.0,34.786,90380000.0
86,RIG,MRQ,1999-12-31,1999-12-31,1999-12-31,2021-08-03,0.0,6140170000.0,,558866000.0,5581304000.0,,50.946,-124904000.0,165673000.0,165673000.0,110859000.0,-12398000.0,1.057,0.57,1266162000.0,78584000.0,1187578000.0,1266162000.0,0.0,34992000.0,0.0,0.005,0.061,-19241000.0,15751000.0,0.12,15751000.0,-19241000.0,-19379000.0,-0.157,-0.157,-0.157,3910139000.0,,3910139000.0,4103375675.0,69.0,21.484,-75479000.0,-0.983,1.0,20501000.0,0.156,1067594000.0,138000.0,5644544000.0,,77058000.0,101892000.0,0.0,101892000.0,2230031000.0,528521000.0,1701510000.0,3388364675.0,140121000.0,446100000.0,0.0,-499629000.0,0.0,-223489000.0,314185000.0,0.0,49425000.0,0.0,-12398000.0,-12398000.0,-12398000.0,0.0,0.0,-0.094,40708000.0,-20207000.0,144538000.0,-0.389,0.867,58.32,63.53,4344502000.0,0.0,48.156,5.227,5.696,235342000.0,,131360000.0,131360000.0,0.0,,,,,0.0,4523000.0,1.0,70362123.0,76751078,76599962.0,1.712,5072576000.0,12562000.0,-6981000.0,495844000.0,66.091,30345000.0
87,RIG,MRQ,1999-09-30,1999-09-30,1999-09-30,2021-08-03,0.0,3373847000.0,,242514000.0,3131333000.0,,28.155,-161671000.0,26363000.0,26363000.0,98508000.0,31804000.0,1.022,0.563,741374000.0,30104000.0,711270000.0,741374000.0,0.0,33169000.0,0.0,0.006,0.061,31825000.0,64994000.0,0.393,64994000.0,31825000.0,28574000.0,0.415,0.415,0.415,2158128000.0,,2158128000.0,3754209002.0,35.0,15.434,-121002000.0,-1.579,1.0,66742000.0,0.404,661798000.0,3251000.0,3189711000.0,,35348000.0,39466000.0,0.0,39466000.0,1215719000.0,237349000.0,978370000.0,3080254002.0,-59308000.0,0.0,0.0,-13504000.0,0.0,54507000.0,-154484000.0,0.0,40669000.0,0.0,31804000.0,31804000.0,31804000.0,0.0,0.0,0.192,37404000.0,29338000.0,31633000.0,0.147,1.427,17.916,22.522,2407342000.0,0.0,43.782,3.718,4.051,165046000.0,766124000.0,165250000.0,165250000.0,0.0,,,,,0.0,4093000.0,1.0,70354087.0,76650974,76701346.0,2.156,2712049000.0,11584000.0,-3230000.0,345206000.0,35.382,5165000.0
88,RIG,MRQ,1999-06-30,1999-06-30,1999-06-30,2021-08-03,0.0,3332596000.0,,285376000.0,3047220000.0,,27.579,-144966000.0,55384000.0,55384000.0,92792000.0,27358000.0,1.128,0.576,729339000.0,27868000.0,701471000.0,729339000.0,0.0,33170000.0,0.0,0.007,0.061,35858000.0,69028000.0,0.425,69028000.0,35858000.0,32041000.0,0.357,0.357,0.357,2113945000.0,,2113945000.0,3299009875.0,16.0,9.583,-92844000.0,-1.211,1.0,69640000.0,0.429,666280000.0,3817000.0,3087215000.0,,35219000.0,35818000.0,0.0,35818000.0,1218651000.0,253056000.0,965595000.0,2639707875.0,-163061000.0,0.0,0.0,-57695000.0,0.0,-67754000.0,-147429000.0,0.0,52122000.0,0.0,27358000.0,27358000.0,27358000.0,0.0,0.0,0.168,37238000.0,32402000.0,44269000.0,0.171,1.249,11.327,13.124,2324087000.0,0.0,37.521,2.832,3.085,177572000.0,722279000.0,162432000.0,162432000.0,0.0,,,,,0.0,4068000.0,1.0,70351986.0,76650974,76701346.0,2.119,2666316000.0,11255000.0,4683000.0,355322000.0,34.785,32320000.0
89,RIG,MRQ,1999-03-31,1999-03-31,1999-03-31,2021-08-03,0.0,3236058000.0,,297494000.0,2938564000.0,,26.892,-105459000.0,45938000.0,45938000.0,146706000.0,11336000.0,1.356,0.57,705240000.0,23294000.0,681946000.0,705240000.0,0.0,30569000.0,0.0,0.006,0.061,10658000.0,41227000.0,0.218,41227000.0,10658000.0,7564000.0,0.143,0.143,0.143,2061318000.0,,2061318000.0,3660646019.0,13.0,8.979,-7075000.0,-0.092,1.0,42452000.0,0.224,670761000.0,3094000.0,3005222000.0,,34214000.0,38311000.0,0.0,38311000.0,1174740000.0,219377000.0,955363000.0,2897474019.0,73448000.0,0.0,0.0,148128000.0,0.0,77536000.0,-102472000.0,0.0,98384000.0,0.0,11336000.0,11336000.0,11336000.0,0.0,0.0,0.06,34685000.0,7767000.0,36864000.0,0.427,1.406,10.523,11.759,2201453000.0,0.0,41.181,2.837,3.091,198055000.0,668911000.0,189158000.0,189158000.0,0.0,,,,,0.0,4116000.0,1.0,70360042.0,76650974,76701346.0,2.468,2565297000.0,9949000.0,-3772000.0,331980000.0,33.467,78117000.0
90,RIG,MRQ,1998-12-31,1998-12-31,1998-12-31,2021-08-03,0.0,1472919000.0,,514693000.0,958226000.0,,7.363,33263000.0,174481000.0,174481000.0,202964000.0,101428000.0,1.727,1.61,507850000.0,14348000.0,493502000.0,507850000.0,0.0,39229000.0,0.0,0.006,0.061,28761000.0,67990000.0,0.218,67990000.0,28761000.0,33382000.0,1.029,1.058,1.029,564382000.0,,564382000.0,3523026715.0,9.0,6.885,219251000.0,2.86,1.0,108667000.0,0.349,0.0,-4621000.0,1508304000.0,,45976000.0,24865000.0,0.0,24865000.0,908537000.0,297984000.0,610553000.0,2695775715.0,102908000.0,-27675000.0,0.0,43527000.0,9030000.0,-92402000.0,9322000.0,0.0,185988000.0,0.0,101428000.0,101428000.0,101428000.0,0.0,0.0,0.325,44214000.0,64453000.0,120385000.0,0.059,4.777,7.892,8.592,915423000.0,0.0,38.322,2.472,2.694,235785000.0,586696000.0,311631000.0,311631000.0,0.0,,,,,0.0,4985000.0,1.0,70345568.0,76650974,76701346.0,4.066,1472919000.0,17938000.0,-68046000.0,41058000.0,19.216,216709000.0
91,RIG,MRQ,1998-09-30,1998-09-30,1998-09-30,2021-08-03,0.0,3148689000.0,,341266000.0,2807423000.0,,26.633,-216276000.0,30681000.0,30681000.0,113104000.0,92929000.0,1.88,0.685,857932000.0,4798000.0,853134000.0,857932000.0,0.0,29297000.0,0.0,0.005,0.061,136704000.0,166001000.0,0.617,166001000.0,136704000.0,131815000.0,1.329,1.315,1.329,1868488000.0,,1868488000.0,4213747059.0,8.0,6.637,-105210000.0,-1.5,1.0,155898000.0,0.58,679725000.0,4889000.0,3114714000.0,,35004000.0,52176000.0,0.0,52176000.0,1280201000.0,181501000.0,1098700000.0,3479665059.0,-11061000.0,17841000.0,0.0,82192000.0,-3015000.0,76837000.0,-198964000.0,0.0,111066000.0,0.0,92929000.0,92929000.0,92929000.0,0.0,0.0,0.345,35607000.0,120291000.0,40070000.0,0.046,1.862,8.574,8.988,2042880000.0,0.0,49.585,3.414,3.413,245539000.0,486447000.0,269002000.0,269002000.0,0.0,,,,,0.0,6310000.0,1.0,70175084.0,70157987,70567952.0,3.834,2468964000.0,3967000.0,38886000.0,279129000.0,35.191,159765000.0
92,RIG,MRQ,1998-06-30,1998-06-30,1998-06-30,2021-08-03,0.0,2949445000.0,,330480000.0,2618965000.0,,25.397,-126903000.0,41742000.0,41742000.0,114549000.0,69661000.0,2.011,0.659,775824000.0,4803000.0,771021000.0,775824000.0,0.0,28103000.0,0.0,0.004,0.061,104385000.0,132488000.0,0.527,132488000.0,104385000.0,98810000.0,1.001,0.986,1.001,1778208000.0,,1778208000.0,5187348035.0,12.0,9.288,-18462000.0,-0.264,1.0,137028000.0,0.545,684206000.0,5575000.0,2834976000.0,,33004000.0,50109000.0,0.0,50109000.0,1171237000.0,164345000.0,1006892000.0,4463681035.0,-15877000.0,5089000.0,-654000.0,-5400000.0,-3017000.0,-2504000.0,-121814000.0,0.0,108441000.0,0.0,69661000.0,69661000.0,69661000.0,0.0,0.0,0.277,35826000.0,101202000.0,47715000.0,0.061,2.51,12.679,13.402,1854589000.0,0.0,63.608,4.585,4.575,231306000.0,396534000.0,251577000.0,251577000.0,0.0,,,,,0.0,7723000.0,1.0,70175084.0,70017367,70663798.0,3.593,2265239000.0,7511000.0,29149000.0,246629000.0,32.353,166135000.0
93,RIG,MRQ,1998-03-31,1998-03-31,1998-03-31,2021-08-03,0.0,2883958000.0,,350536000.0,2533422000.0,,24.455,-114833000.0,57619000.0,57619000.0,131948000.0,77560000.0,2.024,0.691,781286000.0,4803000.0,776483000.0,781286000.0,0.0,28078000.0,0.0,0.003,0.061,117121000.0,145199000.0,0.562,145199000.0,117121000.0,110014000.0,1.115,1.101,1.115,1705245000.0,,1705245000.0,5818580859.0,15.0,11.681,-46914000.0,-0.673,1.0,126365000.0,0.489,688688000.0,7107000.0,2745705000.0,,31543000.0,44058000.0,0.0,44058000.0,1178713000.0,173232000.0,1005481000.0,5139711859.0,3394000.0,4745000.0,654000.0,48292000.0,-2998000.0,45563000.0,-110088000.0,0.0,67919000.0,0.0,77560000.0,77560000.0,77560000.0,0.0,0.0,0.3,35046000.0,91319000.0,45456000.0,0.055,3.014,16.563,17.739,1758180000.0,0.0,73.528,5.526,5.513,241168000.0,329890000.0,258313000.0,258313000.0,0.0,,,,,0.0,6968000.0,1.0,69901680.0,69731231,70437827.0,3.704,2195270000.0,10008000.0,32454000.0,246705000.0,31.482,177304000.0
94,RIG,MRQ,1997-12-31,1997-12-31,1997-12-31,2021-08-03,0.0,2755088000.0,,307090000.0,2447998000.0,,21.15,292941000.0,54225000.0,54225000.0,57685000.0,165711000.0,1.658,0.699,733094000.0,4812000.0,728282000.0,733094000.0,0.0,34534000.0,0.0,0.004,0.061,156655000.0,191189000.0,0.795,191189000.0,156655000.0,153518000.0,2.073,2.087,2.073,1621178000.0,,1621178000.0,,,,490155000.0,6.395,1.0,182739000.0,0.76,693154000.0,3137000.0,2555611000.0,,30917000.0,45869000.0,0.0,45869000.0,1133910000.0,185192000.0,948718000.0,4814982785.0,3935000.0,-99056000.0,89207000.0,-104053000.0,-62071000.0,-382909000.0,189630000.0,0.0,197214000.0,0.0,165711000.0,165711000.0,165711000.0,0.0,0.0,0.689,31746000.0,150993000.0,62997000.0,0.029,2.97,18.487,20.248,1667974000.0,0.0,68.882,5.402,5.924,175486000.0,255328000.0,240424000.0,240424000.0,0.0,,,,,0.0,-2788000.0,1.0,69901680.0,76650974,90528241.0,3.137,2061934000.0,4418000.0,-12193000.0,218308000.0,26.9,121898000.0
95,RIG,MRQ,1997-09-30,1997-09-30,1997-09-30,2021-08-03,,,,,,,,-114766000.0,,,129965000.0,39119000.0,,,,,,,,26001000.0,,0.004,0.061,63632000.0,89633000.0,0.402,89633000.0,63632000.0,57961000.0,0.557,0.543,0.557,,,,,,,-49205000.0,-0.694,1.0,93236000.0,0.418,,5671000.0,,,,,,,,,,,9443000.0,108000.0,-43089000.0,104942000.0,-3045000.0,59249000.0,-115367000.0,0.0,65561000.0,0.0,39119000.0,39119000.0,39119000.0,0.0,0.0,0.175,32297000.0,60939000.0,,0.11,,,,,0.0,68.611,,,,,223201000.0,223201000.0,0.0,,,,,0.0,6296000.0,1.0,,70855488,71923777.0,3.15,,,18842000.0,,,
96,RIG,MRQ,1997-06-30,1997-06-30,1997-06-30,2021-08-03,,,,,,,,-109049000.0,,,132885000.0,27916000.0,,,,,,,,25837000.0,,0.005,0.061,46260000.0,72097000.0,0.346,72097000.0,46260000.0,40231000.0,0.4,0.386,0.4,,,,,,,-100229000.0,-1.416,1.0,75208000.0,0.361,,6029000.0,,,,,,,,,,,19350000.0,100432000.0,3506000.0,21699000.0,-3041000.0,20025000.0,-9495000.0,0.0,8820000.0,0.0,27916000.0,27916000.0,27916000.0,0.0,0.0,0.134,33102000.0,42106000.0,,0.152,,,,,0.0,51.908,,,,,208093000.0,208093000.0,0.0,,,,,0.0,7265000.0,1.0,,70776433,71806944.0,2.94,,,12315000.0,,,
97,RIG,MRQ,1997-03-31,1997-03-31,1997-03-31,2021-08-03,,,,,,,,-82537000.0,,,144846000.0,27709000.0,,,,,,,,24408000.0,,0.006,0.061,45551000.0,69959000.0,0.319,69959000.0,45551000.0,40749000.0,0.386,0.386,0.386,,,,,,,-35648000.0,-0.499,1.0,74770000.0,0.34,,4802000.0,,,,,,,,,,,-2348000.0,-1484000.0,-49624000.0,78985000.0,-3038000.0,34784000.0,-84021000.0,0.0,46889000.0,0.0,27709000.0,27709000.0,27709000.0,0.0,0.0,0.126,30187000.0,44583000.0,,0.158,,,,,0.0,40.116,,,,,219616000.0,219616000.0,0.0,,,,,0.0,5779000.0,1.0,,71490725,72485556.0,3.072,,,13040000.0,,,
98,RIG,MRQ,1996-12-31,1996-12-31,1996-12-31,2021-08-03,0.0,2443214000.0,,252246000.0,2190968000.0,,32.459,,24154000.0,24154000.0,,,1.09,0.501,420335000.0,28013000.0,392322000.0,420335000.0,0.0,,0.0,0.005,0.061,,,,,,,,,,1627709000.0,,1627709000.0,,,,,,1.0,,,763173000.0,,1844744000.0,,26556000.0,35608000.0,0.0,35608000.0,815505000.0,231478000.0,584027000.0,,,,,,,,,,,,,,,,,,,,67032000.0,,,,28.73,1370349000.0,,44.761,,4.244,150546000.0,126035000.0,,,,,,,,,,1.0,,50145929,,,1680041000.0,17207000.0,,209646000.0,33.503,20768000.0
0,RIG,MRT,2021-06-30,2021-06-30,2021-06-30,2021-08-03,-264000000.0,21198000000.0,21708500000.0,2618000000.0,18580000000.0,0.128,18.209,-212000000.0,1490000000.0,1490000000.0,1804000000.0,119000000.0,1.985,0.874,7527000000.0,536000000.0,6991000000.0,7527000000.0,0.0,752000000.0,0.0,0.0,0.0,594000000.0,1346000000.0,0.486,1346000000.0,594000000.0,102000000.0,0.19,0.12,0.19,11308000000.0,11368250000.0,11308000000.0,8956191277.0,15.0,6.654,396000000.0,0.638,1.0,968000000.0,0.349,280000000.0,492000000.0,25636000000.0,26217250000.0,433000000.0,0.0,0.0,0.0,9886000000.0,1319000000.0,8567000000.0,2790191277.0,-458000000.0,-18000000.0,66000000.0,-867000000.0,0.0,-839000000.0,-227000000.0,5000000.0,608000000.0,0.0,120000000.0,120000000.0,120000000.0,0.0,-1000000.0,0.043,1067000000.0,-99000000.0,198000000.0,0.0,0.247,23.252,23.789,17336000000.0,0.0,4.52,1.007,1.013,539000000.0,-2068000000.0,2772000000.0,2772000000.0,0.0,0.006,0.011,0.023,0.214,30000000.0,173000000.0,1.0,617298955.0,621000000,621000000.0,4.464,20918000000.0,8000000.0,-18000000.0,333000000.0,33.684,1299000000.0
1,RIG,MRT,2021-03-31,2021-03-31,2021-03-31,2021-08-03,-267000000.0,21360000000.0,22115250000.0,2559000000.0,18801000000.0,0.138,18.373,-217000000.0,1454000000.0,1454000000.0,1895000000.0,-275000000.0,1.964,0.884,7620000000.0,524000000.0,7096000000.0,7620000000.0,0.0,762000000.0,0.0,0.0,0.0,266000000.0,1028000000.0,0.337,1028000000.0,266000000.0,-264000000.0,-0.45,-0.52,-0.45,11336000000.0,11286500000.0,11336000000.0,8433889261.0,32.0,8.204,325000000.0,0.527,1.0,1151000000.0,0.378,337000000.0,530000000.0,25886000000.0,26768250000.0,433000000.0,0.0,0.0,0.0,10020000000.0,1303000000.0,8717000000.0,2186889261.0,-560000000.0,16000000.0,0.0,-867000000.0,0.0,-904000000.0,-198000000.0,5000000.0,542000000.0,0.0,-274000000.0,-274000000.0,-274000000.0,0.0,-1000000.0,-0.09,1512000000.0,-361000000.0,189000000.0,0.0,0.193,-7.981,-7.889,17479000000.0,0.0,3.55,0.718,0.719,511000000.0,-1965000000.0,3046000000.0,3046000000.0,0.0,-0.012,-0.024,0.01,0.087,30000000.0,179000000.0,1.0,616025144.0,617000000,617000000.0,4.937,21023000000.0,11000000.0,10000000.0,348000000.0,34.073,1256000000.0
2,RIG,MRT,2020-12-31,2020-12-31,2020-12-31,2021-08-03,-263000000.0,21804000000.0,22638000000.0,2740000000.0,19064000000.0,0.139,18.589,-265000000.0,1560000000.0,1560000000.0,2000000000.0,-568000000.0,1.977,0.907,7807000000.0,505000000.0,7302000000.0,7807000000.0,0.0,781000000.0,0.0,0.0,0.0,35000000.0,816000000.0,0.259,816000000.0,35000000.0,-540000000.0,-0.92,-0.92,-0.92,11432000000.0,11319750000.0,11432000000.0,8024904798.0,229.0,9.834,133000000.0,0.216,1.0,1152000000.0,0.365,393000000.0,575000000.0,26272000000.0,27406750000.0,434000000.0,0.0,0.0,0.0,10369000000.0,1386000000.0,8983000000.0,1420904798.0,-789000000.0,5000000.0,0.0,-894000000.0,0.0,-930000000.0,-257000000.0,5000000.0,398000000.0,0.0,-567000000.0,-567000000.0,-567000000.0,0.0,-1000000.0,-0.18,1645000000.0,-493000000.0,194000000.0,0.0,0.124,-2.506,-2.511,17667000000.0,0.0,2.31,0.451,0.451,583000000.0,-1866000000.0,3152000000.0,3152000000.0,0.0,-0.025,-0.05,0.001,0.011,31000000.0,183000000.0,1.0,615110302.0,615000000,615000000.0,5.125,21411000000.0,9000000.0,27000000.0,343000000.0,34.815,1354000000.0
3,RIG,MRT,2020-09-30,2020-09-30,2020-09-30,2021-08-03,-327000000.0,22472000000.0,23213250000.0,3175000000.0,19297000000.0,0.14,18.502,-346000000.0,1830000000.0,1830000000.0,2110000000.0,-584000000.0,2.047,0.971,8434000000.0,640000000.0,7794000000.0,8434000000.0,0.0,799000000.0,0.0,0.0,0.0,17000000.0,816000000.0,0.251,816000000.0,17000000.0,-601000000.0,-0.95,-1.02,-0.95,11397000000.0,11427250000.0,11397000000.0,7605930863.0,447.0,9.321,-79000000.0,-0.128,1.0,1144000000.0,0.352,450000000.0,618000000.0,27075000000.0,28010250000.0,459000000.0,0.0,0.0,0.0,11069000000.0,1551000000.0,9518000000.0,495930863.0,-627000000.0,16000000.0,0.0,-528000000.0,0.0,-564000000.0,-330000000.0,0.0,267000000.0,0.0,-581000000.0,-581000000.0,-581000000.0,0.0,-3000000.0,-0.179,1677000000.0,-533000000.0,214000000.0,0.0,0.044,-0.854,-0.849,17831000000.0,0.0,0.807,0.152,0.153,699000000.0,-1829000000.0,3254000000.0,3254000000.0,0.0,-0.025,-0.051,0.001,0.005,33000000.0,187000000.0,1.0,614612545.0,616000000,702000000.0,5.282,22022000000.0,19000000.0,-20000000.0,336000000.0,35.75,1624000000.0
4,RIG,MRT,2020-06-30,2020-06-30,2020-06-30,2021-08-03,-329000000.0,22825000000.0,23707500000.0,3284000000.0,19541000000.0,0.138,17.855,-402000000.0,1948000000.0,1948000000.0,2187000000.0,-1768000000.0,2.068,1.078,9058000000.0,578000000.0,8480000000.0,9058000000.0,0.0,821000000.0,0.0,0.0,0.0,-1068000000.0,-247000000.0,-0.076,-247000000.0,-1068000000.0,-1707000000.0,-2.88,-2.88,-2.88,10981000000.0,11561250000.0,10981000000.0,8267676448.0,-8.0,-33.472,-125000000.0,-0.203,1.0,1078000000.0,0.33,507000000.0,639000000.0,27840000000.0,28551000000.0,457000000.0,0.0,0.0,0.0,11838000000.0,1588000000.0,10250000000.0,1124676448.0,-905000000.0,12000000.0,0.0,-757000000.0,0.0,-792000000.0,-390000000.0,0.0,277000000.0,0.0,-1765000000.0,-1765000000.0,-1765000000.0,0.0,-3000000.0,-0.541,2222000000.0,-1144000000.0,264000000.0,0.0,0.102,-0.637,-0.635,18009000000.0,0.0,1.83,0.344,0.345,703000000.0,-2188000000.0,3265000000.0,3265000000.0,0.0,-0.074,-0.153,-0.037,-0.327,33000000.0,187000000.0,1.0,614577294.0,615000000,615000000.0,5.309,22318000000.0,17000000.0,58000000.0,336000000.0,36.289,1696000000.0
5,RIG,MRT,2020-03-31,2020-03-31,2020-03-31,2021-08-03,-331000000.0,23451000000.0,24407250000.0,3291000000.0,20160000000.0,0.127,18.679,-442000000.0,2014000000.0,2014000000.0,2172000000.0,-1477000000.0,2.065,1.044,9157000000.0,581000000.0,8576000000.0,9157000000.0,0.0,844000000.0,0.0,0.0,0.0,-759000000.0,85000000.0,0.027,85000000.0,-759000000.0,-1413000000.0,-2.41,-2.41,-2.41,11469000000.0,12003000000.0,11469000000.0,7623584863.0,-10.0,89.689,-99000000.0,-0.161,1.0,921000000.0,0.298,560000000.0,654000000.0,28440000000.0,29174500000.0,459000000.0,0.0,0.0,0.0,11976000000.0,1594000000.0,10382000000.0,710584863.0,-456000000.0,36000000.0,0.0,-359000000.0,0.0,-396000000.0,-403000000.0,0.0,343000000.0,0.0,-1476000000.0,-1476000000.0,-1476000000.0,0.0,-1000000.0,-0.477,1828000000.0,-907000000.0,244000000.0,0.0,0.062,-0.481,-0.481,18580000000.0,0.0,1.16,0.23,0.23,654000000.0,-1691000000.0,3093000000.0,3093000000.0,0.0,-0.06,-0.123,-0.026,-0.245,36000000.0,187000000.0,1.0,612573158.0,614000000,614000000.0,5.037,22891000000.0,20000000.0,63000000.0,318000000.0,37.282,1697000000.0
6,RIG,MRT,2019-12-31,2019-12-31,2019-12-31,2021-08-03,-324000000.0,24105000000.0,24907000000.0,3640000000.0,20465000000.0,0.124,19.382,-387000000.0,2348000000.0,2348000000.0,2140000000.0,-1257000000.0,2.111,1.032,9261000000.0,568000000.0,8693000000.0,9261000000.0,0.0,855000000.0,0.0,0.0,0.0,-536000000.0,319000000.0,0.103,319000000.0,-536000000.0,-1196000000.0,-2.05,-2.05,-2.05,11862000000.0,12372250000.0,11862000000.0,11142608014.0,-21.0,34.93,-47000000.0,-0.077,1.0,948000000.0,0.307,608000000.0,660000000.0,28686000000.0,29626750000.0,479000000.0,0.0,0.0,0.0,12238000000.0,1724000000.0,10514000000.0,4209608014.0,-240000000.0,-7000000.0,0.0,-269000000.0,0.0,-312000000.0,-268000000.0,123000000.0,340000000.0,0.0,-1255000000.0,-1255000000.0,-1255000000.0,0.0,-2000000.0,-0.406,1669000000.0,-721000000.0,311000000.0,0.0,0.355,-3.354,-3.356,18847000000.0,0.0,6.88,1.363,1.364,654000000.0,-1297000000.0,3088000000.0,3088000000.0,0.0,-0.05,-0.101,-0.018,-0.174,37000000.0,193000000.0,1.0,611861630.0,612000000,612000000.0,5.046,23497000000.0,20000000.0,59000000.0,330000000.0,38.394,1916000000.0
7,RIG,MRT,2019-09-30,2019-09-30,2019-09-30,2021-08-03,-295000000.0,24449000000.0,25297000000.0,3771000000.0,20678000000.0,0.12,19.467,-303000000.0,2457000000.0,2457000000.0,2062000000.0,-1445000000.0,2.533,1.048,9390000000.0,349000000.0,9041000000.0,9390000000.0,0.0,852000000.0,0.0,0.0,0.0,-588000000.0,264000000.0,0.087,264000000.0,-588000000.0,-1253000000.0,-2.38,-2.38,-2.38,11933000000.0,12683500000.0,11933000000.0,9608761399.0,-16.0,36.397,128000000.0,0.209,1.0,982000000.0,0.323,655000000.0,665000000.0,29238000000.0,30125000000.0,475000000.0,0.0,0.0,0.0,12507000000.0,1489000000.0,11018000000.0,2734761399.0,-418000000.0,-1033000000.0,0.0,512000000.0,0.0,477000000.0,-1326000000.0,7000000.0,431000000.0,0.0,-1446000000.0,-1446000000.0,-1446000000.0,0.0,1000000.0,-0.475,1654000000.0,-672000000.0,308000000.0,0.0,0.229,-1.891,-1.878,18948000000.0,0.0,4.47,0.898,0.9,639000000.0,-1246000000.0,3044000000.0,3044000000.0,0.0,-0.057,-0.114,-0.02,-0.193,37000000.0,193000000.0,1.0,611803445.0,613000000,613000000.0,4.966,23794000000.0,21000000.0,193000000.0,228000000.0,38.816,2282000000.0
8,RIG,MRT,2019-06-30,2019-06-30,2019-06-30,2021-08-03,-295000000.0,25624000000.0,25050250000.0,4208000000.0,21416000000.0,0.123,20.83,-230000000.0,2853000000.0,2853000000.0,1962000000.0,-1029000000.0,2.88,1.009,9727000000.0,349000000.0,9378000000.0,9727000000.0,0.0,841000000.0,0.0,0.0,0.0,-262000000.0,579000000.0,0.188,579000000.0,-262000000.0,-921000000.0,-1.91,-1.91,-1.91,12748000000.0,12690750000.0,12748000000.0,10865558223.0,-41.0,18.766,324000000.0,0.529,1.0,1114000000.0,0.362,703000000.0,659000000.0,30334000000.0,29826750000.0,488000000.0,0.0,0.0,0.0,12867000000.0,1461000000.0,11406000000.0,3920558223.0,-154000000.0,-1017000000.0,0.0,559000000.0,0.0,529000000.0,-1237000000.0,7000000.0,554000000.0,0.0,-1030000000.0,-1030000000.0,-1030000000.0,0.0,1000000.0,-0.335,1484000000.0,-370000000.0,276000000.0,0.0,0.308,-3.806,-3.356,19594000000.0,0.0,6.41,1.275,1.275,645000000.0,-421000000.0,3076000000.0,3076000000.0,0.0,-0.041,-0.081,-0.009,-0.085,36000000.0,183000000.0,1.0,611631548.0,612000000,612000000.0,5.026,24921000000.0,71000000.0,109000000.0,237000000.0,40.721,2747000000.0
9,RIG,MRT,2019-03-31,2019-03-31,2019-03-31,2021-08-03,-296000000.0,25450000000.0,24705750000.0,3792000000.0,21658000000.0,0.126,21.188,-183000000.0,2469000000.0,2469000000.0,1883000000.0,-1962000000.0,2.716,0.965,9414000000.0,343000000.0,9071000000.0,9414000000.0,0.0,833000000.0,0.0,0.0,0.0,-1161000000.0,-328000000.0,-0.106,-328000000.0,-1161000000.0,-1800000000.0,-4.03,-4.03,-4.03,12946000000.0,12593500000.0,12946000000.0,12580635691.0,-11.0,-38.356,221000000.0,0.362,1.0,1225000000.0,0.394,750000000.0,639000000.0,30249000000.0,29111000000.0,488000000.0,0.0,0.0,0.0,12497000000.0,1396000000.0,11101000000.0,5313635691.0,-736000000.0,-1124000000.0,0.0,41000000.0,0.0,10000000.0,-1150000000.0,157000000.0,404000000.0,0.0,-1957000000.0,-1957000000.0,-1957000000.0,0.0,-5000000.0,-0.63,2485000000.0,-1260000000.0,212000000.0,0.0,0.41,-2.715,-2.161,19691000000.0,0.0,8.71,1.71,1.712,665000000.0,-213000000.0,3108000000.0,3108000000.0,0.0,-0.079,-0.155,-0.04,-0.374,44000000.0,190000000.0,1.0,610061503.0,611000000,611000000.0,5.087,24700000000.0,58000000.0,157000000.0,112000000.0,40.426,2396000000.0
10,RIG,MRT,2018-12-31,2018-12-31,2018-12-31,2021-08-03,-279000000.0,25665000000.0,24767000000.0,3948000000.0,21717000000.0,0.122,28.006,-184000000.0,2711000000.0,2711000000.0,1799000000.0,-2003000000.0,2.708,0.958,9978000000.0,373000000.0,9605000000.0,9978000000.0,0.0,818000000.0,0.0,0.0,0.0,-1148000000.0,-330000000.0,-0.109,-330000000.0,-1148000000.0,-1768000000.0,-4.27,-4.27,-4.27,13107000000.0,12713000000.0,13107000000.0,9664627883.0,-8.0,-29.287,374000000.0,0.799,1.0,1219000000.0,0.404,795000000.0,620000000.0,30679000000.0,28613500000.0,474000000.0,0.0,0.0,0.0,12551000000.0,1458000000.0,11093000000.0,3205627883.0,-386000000.0,-947000000.0,0.0,-51000000.0,0.0,-147000000.0,-797000000.0,334000000.0,558000000.0,0.0,-1996000000.0,-1996000000.0,-1996000000.0,0.0,-7000000.0,-0.661,2470000000.0,-1251000000.0,269000000.0,0.0,0.245,-1.606,-1.625,20408000000.0,0.0,6.94,1.062,1.076,604000000.0,-67000000.0,3018000000.0,3018000000.0,0.0,-0.081,-0.157,-0.04,-0.38,45000000.0,188000000.0,1.0,461906035.0,468000000,468000000.0,6.449,24870000000.0,66000000.0,228000000.0,134000000.0,53.141,2490000000.0
11,RIG,MRT,2018-09-30,2018-09-30,2018-09-30,2021-08-03,-290000000.0,23462000000.0,23953250000.0,4065000000.0,19397000000.0,0.121,25.836,-251000000.0,2868000000.0,2868000000.0,1688000000.0,-1862000000.0,3.075,0.961,9327000000.0,372000000.0,8955000000.0,9327000000.0,0.0,798000000.0,0.0,0.0,0.0,-1178000000.0,-380000000.0,-0.131,-380000000.0,-1178000000.0,-1756000000.0,-4.1,-4.1,-4.1,11962000000.0,12613000000.0,11962000000.0,13077061153.0,-11.0,-34.413,313000000.0,0.676,1.0,1211000000.0,0.418,554000000.0,578000000.0,28045000000.0,27306750000.0,401000000.0,0.0,0.0,0.0,11501000000.0,1322000000.0,10179000000.0,6443061153.0,-311000000.0,81000000.0,0.0,-610000000.0,0.0,-705000000.0,-170000000.0,0.0,564000000.0,0.0,-1865000000.0,-1865000000.0,-1865000000.0,0.0,3000000.0,-0.643,2422000000.0,-1211000000.0,172000000.0,0.0,0.539,-3.455,-3.402,18359000000.0,0.0,13.95,2.223,2.228,627000000.0,175000000.0,2899000000.0,2899000000.0,0.0,-0.078,-0.148,-0.043,-0.406,47000000.0,177000000.0,1.0,461868183.0,463000000,463000000.0,6.261,22908000000.0,40000000.0,109000000.0,101000000.0,49.477,2743000000.0
12,RIG,MRT,2018-06-30,2018-06-30,2018-06-30,2021-08-03,-291000000.0,24246000000.0,23698000000.0,4217000000.0,20029000000.0,0.122,26.751,-331000000.0,2996000000.0,2996000000.0,1566000000.0,-2864000000.0,1.492,0.962,9630000000.0,1816000000.0,7814000000.0,9630000000.0,0.0,794000000.0,0.0,0.0,0.0,-2024000000.0,-1230000000.0,-0.425,-1230000000.0,-2024000000.0,-2554000000.0,-6.84,-6.84,-6.84,12359000000.0,12822250000.0,12359000000.0,12864453162.0,-6.0,-10.459,401000000.0,0.868,1.0,1325000000.0,0.458,583000000.0,530000000.0,27471000000.0,26460250000.0,414000000.0,0.0,0.0,0.0,11884000000.0,2826000000.0,9058000000.0,6205453162.0,57000000.0,69000000.0,0.0,-398000000.0,0.0,-438000000.0,-237000000.0,0.0,732000000.0,0.0,-2873000000.0,-2873000000.0,-2873000000.0,0.0,9000000.0,-0.994,3378000000.0,-2053000000.0,163000000.0,0.0,0.502,-2.16,-1.965,18958000000.0,0.0,13.44,2.146,2.148,619000000.0,584000000.0,2891000000.0,2891000000.0,0.0,-0.121,-0.224,-0.076,-0.7,48000000.0,181000000.0,1.0,461715265.0,462000000,462000000.0,6.258,23663000000.0,44000000.0,319000000.0,148000000.0,51.219,1391000000.0
13,RIG,MRT,2018-03-31,2018-03-31,2018-03-31,2021-08-03,-292000000.0,25695000000.0,23598250000.0,4543000000.0,21152000000.0,0.121,30.648,-428000000.0,3196000000.0,3196000000.0,1466000000.0,-3404000000.0,1.503,0.914,9855000000.0,1879000000.0,7976000000.0,9855000000.0,0.0,802000000.0,0.0,0.0,0.0,-2720000000.0,-1918000000.0,-0.673,-1918000000.0,-2720000000.0,-3231000000.0,-8.7,-8.7,-8.7,13424000000.0,13283750000.0,13424000000.0,8954255599.0,-3.0,-4.669,664000000.0,1.516,1.0,1386000000.0,0.486,1073000000.0,511000000.0,28259000000.0,26185250000.0,457000000.0,150000000.0,150000000.0,0.0,12268000000.0,3022000000.0,9246000000.0,4543255599.0,-265000000.0,475000000.0,0.0,-1236000000.0,0.0,-1264000000.0,-93000000.0,-150000000.0,1092000000.0,0.0,-3428000000.0,-3428000000.0,-3428000000.0,0.0,24000000.0,-1.202,4064000000.0,-2678000000.0,211000000.0,0.0,0.338,-1.325,-1.138,19671000000.0,0.0,9.9,1.593,1.52,576000000.0,1719000000.0,2852000000.0,2852000000.0,0.0,-0.145,-0.258,-0.104,-0.954,41000000.0,164000000.0,1.0,458914707.0,438000000,438000000.0,6.511,24622000000.0,54000000.0,197000000.0,194000000.0,56.215,1521000000.0
14,RIG,MRT,2017-12-31,2017-12-31,2017-12-31,2021-08-03,-290000000.0,22410000000.0,23853750000.0,4606000000.0,17804000000.0,0.125,32.499,-497000000.0,2985000000.0,2985000000.0,1389000000.0,-3097000000.0,3.364,0.763,7396000000.0,250000000.0,7146000000.0,7396000000.0,0.0,832000000.0,0.0,0.0,0.0,-2542000000.0,-1710000000.0,-0.575,-1710000000.0,-2542000000.0,-3033000000.0,-8.0,-8.0,-8.0,12707000000.0,13902750000.0,12707000000.0,8281158300.0,-3.0,-4.843,673000000.0,1.721,1.0,1584000000.0,0.533,0.0,491000000.0,25452000000.0,26378000000.0,418000000.0,450000000.0,450000000.0,0.0,9699000000.0,1369000000.0,8330000000.0,4178158300.0,-458000000.0,350000000.0,0.0,-1140000000.0,0.0,-1041000000.0,-587000000.0,-450000000.0,1170000000.0,0.0,-3127000000.0,-3127000000.0,-3127000000.0,0.0,30000000.0,-1.052,4089000000.0,-2505000000.0,201000000.0,0.0,0.329,-1.336,-1.335,17402000000.0,0.0,10.68,1.405,1.405,596000000.0,1929000000.0,2973000000.0,2973000000.0,0.0,-0.131,-0.225,-0.096,-0.855,41000000.0,156000000.0,1.0,391213324.0,391000000,391000000.0,7.604,22410000000.0,47000000.0,94000000.0,123000000.0,57.315,3237000000.0
15,RIG,MRT,2017-09-30,2017-09-30,2017-09-30,2021-08-03,-298000000.0,22441000000.0,24973500000.0,4451000000.0,17990000000.0,0.133,32.734,-658000000.0,3197000000.0,3197000000.0,1343000000.0,-2738000000.0,2.361,0.753,7300000000.0,799000000.0,6501000000.0,7300000000.0,0.0,874000000.0,0.0,0.0,0.0,-2204000000.0,-1330000000.0,-0.401,-1330000000.0,-2204000000.0,-2685000000.0,-7.07,-7.07,-7.07,12799000000.0,14676500000.0,12799000000.0,8591146371.0,-4.0,-6.46,970000000.0,2.481,1.0,1975000000.0,0.595,0.0,481000000.0,24659000000.0,27477500000.0,437000000.0,0.0,0.0,0.0,9638000000.0,1885000000.0,7753000000.0,4209146371.0,401000000.0,344000000.0,0.0,-1014000000.0,0.0,-924000000.0,-303000000.0,0.0,1628000000.0,0.0,-2773000000.0,-2773000000.0,-2773000000.0,0.0,35000000.0,-0.836,4205000000.0,-2230000000.0,172000000.0,0.0,0.329,-1.518,-1.522,17482000000.0,0.0,10.76,1.269,1.268,663000000.0,2040000000.0,3318000000.0,3318000000.0,0.0,-0.111,-0.189,-0.08,-0.664,41000000.0,160000000.0,1.0,391184607.0,391000000,391000000.0,8.486,22441000000.0,167000000.0,88000000.0,265000000.0,57.394,2566000000.0
16,RIG,MRT,2017-06-30,2017-06-30,2017-06-30,2021-08-03,-300000000.0,23847000000.0,25905000000.0,4286000000.0,19561000000.0,0.132,36.33,-776000000.0,3008000000.0,3008000000.0,1427000000.0,-1091000000.0,2.307,0.678,7390000000.0,865000000.0,6525000000.0,7390000000.0,0.0,902000000.0,0.0,0.0,0.0,-746000000.0,156000000.0,0.046,156000000.0,-746000000.0,-1224000000.0,-2.86,-2.86,-2.86,14205000000.0,15247750000.0,14205000000.0,8078303782.0,-11.0,51.784,910000000.0,2.327,1.0,1989000000.0,0.582,0.0,478000000.0,26371000000.0,28618000000.0,517000000.0,0.0,0.0,0.0,9638000000.0,1858000000.0,7780000000.0,3218303782.0,546000000.0,344000000.0,0.0,-773000000.0,0.0,-694000000.0,-446000000.0,0.0,1686000000.0,0.0,-1138000000.0,-1138000000.0,-1138000000.0,0.0,47000000.0,-0.333,2843000000.0,-854000000.0,173000000.0,0.0,0.227,-2.828,-2.878,18901000000.0,0.0,8.23,0.942,0.942,624000000.0,3457000000.0,3416000000.0,3416000000.0,0.0,-0.044,-0.075,-0.026,-0.218,40000000.0,162000000.0,1.0,391045417.0,391000000,391000000.0,8.737,23847000000.0,301000000.0,-86000000.0,224000000.0,60.99,2428000000.0
17,RIG,MRT,2017-03-31,2017-03-31,2017-03-31,2021-08-03,-284000000.0,26717000000.0,26403000000.0,5071000000.0,21646000000.0,0.137,40.769,-1098000000.0,3535000000.0,3535000000.0,1593000000.0,681000000.0,1.991,0.68,8395000000.0,1458000000.0,6937000000.0,8395000000.0,0.0,908000000.0,0.0,0.0,0.0,1050000000.0,1958000000.0,0.543,1958000000.0,1050000000.0,603000000.0,1.68,1.68,1.68,15900000000.0,15405750000.0,15900000000.0,9796492050.0,9.0,5.003,432000000.0,1.108,1.0,2012000000.0,0.558,0.0,447000000.0,29030000000.0,29361500000.0,553000000.0,0.0,0.0,0.0,10817000000.0,2547000000.0,8270000000.0,4850492050.0,646000000.0,30000000.0,0.0,89000000.0,0.0,183000000.0,-1067000000.0,0.0,1530000000.0,0.0,634000000.0,634000000.0,634000000.0,-1000000.0,47000000.0,0.176,1161000000.0,851000000.0,162000000.0,0.0,0.305,7.651,7.411,20966000000.0,0.0,12.45,1.345,1.347,850000000.0,5147000000.0,3605000000.0,3605000000.0,0.0,0.024,0.041,0.036,0.291,39000000.0,168000000.0,1.0,389597755.0,390000000,390000000.0,9.244,26717000000.0,309000000.0,-31000000.0,246000000.0,68.505,2524000000.0
18,RIG,MRT,2016-12-31,2016-12-31,2016-12-31,2021-08-03,-283000000.0,26889000000.0,26285000000.0,5098000000.0,21791000000.0,0.158,43.057,-1344000000.0,3518000000.0,3518000000.0,1901000000.0,827000000.0,2.568,0.701,8464000000.0,724000000.0,7740000000.0,8464000000.0,0.0,893000000.0,0.0,0.0,0.0,1294000000.0,2187000000.0,0.526,2187000000.0,1294000000.0,885000000.0,2.08,2.08,2.08,15802000000.0,15120250000.0,15802000000.0,10747333670.0,8.0,4.914,636000000.0,1.733,1.0,2260000000.0,0.543,0.0,409000000.0,29850000000.0,29403500000.0,561000000.0,0.0,0.0,0.0,11084000000.0,1985000000.0,9099000000.0,5387333670.0,843000000.0,30000000.0,0.0,106000000.0,0.0,176000000.0,-1313000000.0,0.0,1980000000.0,0.0,778000000.0,778000000.0,778000000.0,0.0,49000000.0,0.187,1154000000.0,1106000000.0,206000000.0,0.0,0.341,6.925,7.087,21093000000.0,0.0,14.74,1.295,1.3,833000000.0,5056000000.0,4161000000.0,4161000000.0,0.0,0.03,0.051,0.044,0.311,42000000.0,172000000.0,1.0,365490751.0,367000000,367000000.0,11.338,26889000000.0,298000000.0,107000000.0,273000000.0,73.267,3113000000.0
19,RIG,MRT,2016-09-30,2016-09-30,2016-09-30,2021-08-03,-327000000.0,26167000000.0,26170500000.0,4491000000.0,21676000000.0,0.193,41.326,-1737000000.0,2900000000.0,2900000000.0,2355000000.0,1258000000.0,1.948,0.714,8260000000.0,1069000000.0,7191000000.0,8260000000.0,0.0,880000000.0,0.0,0.0,0.0,1705000000.0,2585000000.0,0.513,2585000000.0,1705000000.0,1322000000.0,3.32,3.32,3.32,15084000000.0,14842250000.0,15084000000.0,9600076119.0,6.0,3.714,501000000.0,1.373,1.0,2683000000.0,0.533,0.0,383000000.0,29221000000.0,29335250000.0,585000000.0,0.0,0.0,0.0,10775000000.0,2306000000.0,8469000000.0,3895076119.0,300000000.0,34000000.0,0.0,-306000000.0,0.0,-235000000.0,-1703000000.0,-15000000.0,2238000000.0,0.0,1220000000.0,1220000000.0,1220000000.0,0.0,38000000.0,0.242,1132000000.0,1551000000.0,257000000.0,0.0,0.258,3.193,3.211,21100000000.0,0.0,10.66,0.773,0.772,887000000.0,4695000000.0,5038000000.0,5038000000.0,0.0,0.047,0.082,0.058,0.338,48000000.0,182000000.0,1.0,365391756.0,365000000,365000000.0,13.803,26167000000.0,247000000.0,102000000.0,395000000.0,71.69,2185000000.0
20,RIG,MRT,2016-06-30,2016-06-30,2016-06-30,2021-08-03,-343000000.0,25839000000.0,26087500000.0,4129000000.0,21710000000.0,0.22,40.649,-2431000000.0,2513000000.0,2513000000.0,2826000000.0,1352000000.0,1.878,0.721,8218000000.0,1063000000.0,7155000000.0,8218000000.0,0.0,865000000.0,0.0,0.013,0.15,1819000000.0,2684000000.0,0.468,2684000000.0,1819000000.0,1436000000.0,3.61,3.61,3.61,14837000000.0,14501250000.0,14837000000.0,9883248296.0,5.0,3.682,15000000.0,0.041,1.0,2914000000.0,0.508,0.0,383000000.0,29345000000.0,29661000000.0,597000000.0,0.0,0.0,0.0,10699000000.0,2199000000.0,8500000000.0,4342248296.0,-1616000000.0,36000000.0,0.0,-1688000000.0,0.0,-1667000000.0,-2395000000.0,-15000000.0,2446000000.0,0.0,1323000000.0,1323000000.0,1323000000.0,-3000000.0,29000000.0,0.23,1147000000.0,1767000000.0,279000000.0,0.042,0.293,3.282,3.294,21089000000.0,0.0,11.89,0.756,0.756,936000000.0,4466000000.0,5740000000.0,5740000000.0,0.0,0.051,0.091,0.061,0.317,54000000.0,186000000.0,1.0,365201707.0,365000000,365000000.0,15.726,25839000000.0,256000000.0,113000000.0,357000000.0,70.792,1930000000.0
21,RIG,MRT,2016-03-31,2016-03-31,2016-03-31,2021-08-03,-339000000.0,26245000000.0,26371000000.0,4700000000.0,21545000000.0,0.253,40.544,-2168000000.0,2912000000.0,2912000000.0,2526000000.0,1607000000.0,1.816,0.758,8453000000.0,1200000000.0,7253000000.0,8453000000.0,0.0,889000000.0,0.0,0.033,0.3,2123000000.0,3012000000.0,0.451,3012000000.0,2123000000.0,1718000000.0,4.32,4.32,4.32,14758000000.0,14127000000.0,14758000000.0,9139001613.0,4.0,3.034,1382000000.0,3.797,1.0,4158000000.0,0.622,0.0,405000000.0,29198000000.0,29904000000.0,625000000.0,0.0,0.0,0.0,11189000000.0,2588000000.0,8601000000.0,3328001613.0,-108000000.0,49000000.0,0.0,-1498000000.0,0.0,-1554000000.0,-2104000000.0,0.0,3550000000.0,0.0,1583000000.0,1583000000.0,1583000000.0,-3000000.0,24000000.0,0.237,2048000000.0,2110000000.0,370000000.0,0.069,0.226,2.102,2.116,20889000000.0,0.0,9.14,0.498,0.498,1094000000.0,4389000000.0,6684000000.0,6684000000.0,0.0,0.06,0.112,0.071,0.318,58000000.0,189000000.0,1.0,364113962.0,364000000,364000000.0,18.363,26245000000.0,287000000.0,135000000.0,399000000.0,72.102,2112000000.0
22,RIG,MRT,2015-12-31,2015-12-31,2015-12-31,2021-08-03,-277000000.0,26431000000.0,26586000000.0,4798000000.0,21633000000.0,0.278,40.468,-2001000000.0,2679000000.0,2679000000.0,2955000000.0,897000000.0,1.8,0.778,8490000000.0,1093000000.0,7397000000.0,8490000000.0,0.0,963000000.0,0.0,0.085,1.05,1417000000.0,2380000000.0,0.322,2380000000.0,1417000000.0,985000000.0,2.36,2.36,2.36,14690000000.0,13737750000.0,14690000000.0,11022046022.0,8.0,4.631,1444000000.0,3.978,1.0,4431000000.0,0.6,0.0,432000000.0,29577000000.0,30422000000.0,627000000.0,0.0,0.0,0.0,11431000000.0,2665000000.0,8766000000.0,4503046022.0,-296000000.0,54000000.0,0.0,-1506000000.0,0.0,-1809000000.0,-1932000000.0,0.0,3445000000.0,0.0,865000000.0,865000000.0,865000000.0,-2000000.0,32000000.0,0.117,3066000000.0,1365000000.0,455000000.0,0.445,0.307,5.206,5.246,20809000000.0,0.0,12.38,0.61,0.608,1343000000.0,4278000000.0,7386000000.0,7386000000.0,0.0,0.033,0.063,0.047,0.192,64000000.0,192000000.0,1.0,363735543.0,363000000,363000000.0,20.347,26431000000.0,411000000.0,120000000.0,284000000.0,72.813,2133000000.0
23,RIG,MRT,2015-09-30,2015-09-30,2015-09-30,2021-08-03,-368000000.0,25835000000.0,27121000000.0,4906000000.0,20929000000.0,0.287,37.692,-1654000000.0,2234000000.0,2234000000.0,3461000000.0,-491000000.0,2.681,0.861,8753000000.0,123000000.0,8630000000.0,8753000000.0,0.0,1030000000.0,0.0,0.139,1.8,79000000.0,1109000000.0,0.142,1109000000.0,79000000.0,-389000000.0,-1.36,-1.36,-1.36,13720000000.0,13483000000.0,13720000000.0,10943116194.0,139.0,9.868,1397000000.0,3.838,1.0,4322000000.0,0.555,0.0,468000000.0,30524000000.0,31053750000.0,696000000.0,0.0,0.0,0.0,11809000000.0,1830000000.0,9979000000.0,4697116194.0,-639000000.0,48000000.0,0.0,-1527000000.0,0.0,-2100000000.0,-1590000000.0,15000000.0,3051000000.0,0.0,-485000000.0,-485000000.0,-485000000.0,2000000.0,-6000000.0,-0.062,4308000000.0,14000000.0,432000000.0,-1.324,0.342,-9.685,-9.5,20352000000.0,0.0,12.92,0.604,0.604,1482000000.0,3529000000.0,7783000000.0,7783000000.0,0.0,-0.018,-0.036,0.003,0.01,70000000.0,197000000.0,1.0,363553885.0,364000000,364000000.0,21.382,25835000000.0,183000000.0,96000000.0,254000000.0,70.975,3076000000.0
24,RIG,MRT,2015-06-30,2015-06-30,2015-06-30,2021-08-03,-410000000.0,26973000000.0,28153250000.0,6719000000.0,20254000000.0,0.3,36.749,-1079000000.0,3769000000.0,3769000000.0,3899000000.0,-3084000000.0,2.315,0.999,10015000000.0,1026000000.0,8989000000.0,10015000000.0,0.0,1108000000.0,0.0,0.149,2.4,-2479000000.0,-1371000000.0,-0.162,-1371000000.0,-2479000000.0,-2960000000.0,-8.36,-8.36,-8.36,13340000000.0,13704500000.0,13340000000.0,13195213913.0,-5.0,-9.625,2206000000.0,6.077,1.0,4546000000.0,0.538,0.0,481000000.0,30317000000.0,31643750000.0,741000000.0,0.0,0.0,0.0,13325000000.0,2902000000.0,10423000000.0,5857213913.0,1652000000.0,146000000.0,0.0,-365000000.0,0.0,-716000000.0,-917000000.0,15000000.0,3285000000.0,0.0,-3023000000.0,-3023000000.0,-3023000000.0,6000000.0,-61000000.0,-0.358,7145000000.0,-2599000000.0,585000000.0,-0.287,0.439,-1.938,-1.928,19657000000.0,0.0,16.12,0.694,0.693,1806000000.0,3208000000.0,8445000000.0,8445000000.0,0.0,-0.107,-0.221,-0.078,-0.294,80000000.0,204000000.0,1.0,363350739.0,363000000,363000000.0,23.264,26973000000.0,180000000.0,63000000.0,264000000.0,74.306,3817000000.0
25,RIG,MRT,2015-03-31,2015-03-31,2015-03-31,2021-08-03,-414000000.0,27105000000.0,29426750000.0,5843000000.0,21262000000.0,0.302,36.366,-1235000000.0,2682000000.0,2682000000.0,4915000000.0,-2835000000.0,1.841,1.03,10020000000.0,1024000000.0,8996000000.0,10020000000.0,0.0,1147000000.0,0.0,0.204,3.0,-2210000000.0,-1063000000.0,-0.12,-1063000000.0,-2210000000.0,-2683000000.0,-7.68,-7.68,-7.68,13201000000.0,14560500000.0,13201000000.0,12771898941.0,-6.0,-12.015,1375000000.0,3.788,1.0,3974000000.0,0.447,0.0,473000000.0,31270000000.0,32570250000.0,807000000.0,0.0,0.0,0.0,13595000000.0,3173000000.0,10422000000.0,5314898941.0,695000000.0,154000000.0,0.0,-365000000.0,0.0,-933000000.0,-982000000.0,98000000.0,2610000000.0,0.0,-2778000000.0,-2778000000.0,-2778000000.0,14000000.0,-57000000.0,-0.313,6314000000.0,-2340000000.0,619000000.0,-0.391,0.403,-1.913,-1.91,20566000000.0,0.0,14.67,0.598,0.599,1964000000.0,2866000000.0,8889000000.0,8889000000.0,0.0,-0.094,-0.191,-0.068,-0.249,89000000.0,223000000.0,1.0,362297133.0,363000000,363000000.0,24.488,27105000000.0,157000000.0,95000000.0,369000000.0,74.669,2670000000.0
26,RIG,MRT,2014-12-31,2014-12-31,2014-12-31,2021-08-03,-404000000.0,28571000000.0,30624750000.0,5840000000.0,22731000000.0,0.3,37.765,-2165000000.0,2749000000.0,2749000000.0,5100000000.0,-1900000000.0,1.549,1.067,10051000000.0,1032000000.0,9019000000.0,10051000000.0,0.0,1129000000.0,0.0,0.153,2.81,-1264000000.0,-135000000.0,-0.015,-135000000.0,-1264000000.0,-1747000000.0,-5.08,-5.08,-5.08,13671000000.0,15553000000.0,13671000000.0,14119904915.0,-11.0,-104.592,55000000.0,0.152,1.0,4085000000.0,0.445,0.0,483000000.0,32104000000.0,33410250000.0,818000000.0,0.0,0.0,0.0,14589000000.0,3769000000.0,10820000000.0,6639904915.0,-608000000.0,250000000.0,0.0,-539000000.0,0.0,-1000000000.0,-1828000000.0,86000000.0,2220000000.0,0.0,-1839000000.0,-1839000000.0,-1839000000.0,20000000.0,-61000000.0,-0.2,5432000000.0,-1347000000.0,784000000.0,-0.553,0.486,-3.611,-3.608,21538000000.0,0.0,18.33,0.723,0.722,2084000000.0,3349000000.0,9185000000.0,9185000000.0,0.0,-0.06,-0.118,-0.038,-0.138,98000000.0,234000000.0,1.0,362242494.0,362000000,362000000.0,25.373,28571000000.0,360000000.0,92000000.0,567000000.0,78.925,2071000000.0
27,RIG,MRT,2014-09-30,2014-09-30,2014-09-30,2021-08-03,-185000000.0,29964000000.0,31618500000.0,6367000000.0,23597000000.0,0.291,40.348,-2795000000.0,2873000000.0,2873000000.0,5261000000.0,-965000000.0,1.796,1.028,10353000000.0,362000000.0,9991000000.0,10353000000.0,0.0,1124000000.0,0.0,0.082,2.62,-262000000.0,862000000.0,0.094,862000000.0,-262000000.0,-761000000.0,-2.62,-2.62,-2.62,14606000000.0,16308000000.0,14606000000.0,19919187094.0,-76.0,23.108,-368000000.0,-1.017,1.0,3928000000.0,0.427,1014000000.0,499000000.0,32884000000.0,33750250000.0,835000000.0,0.0,0.0,0.0,15012000000.0,3546000000.0,11466000000.0,11579187094.0,-686000000.0,311000000.0,0.0,-337000000.0,202000000.0,-718000000.0,-2395000000.0,101000000.0,2427000000.0,0.0,-941000000.0,-941000000.0,-941000000.0,1000000.0,-24000000.0,-0.102,4261000000.0,-333000000.0,892000000.0,-1.0,0.793,-12.305,-12.202,21688000000.0,0.0,31.97,1.26,1.259,2174000000.0,4088000000.0,9189000000.0,9189000000.0,0.0,-0.03,-0.058,-0.008,-0.029,103000000.0,247000000.0,1.0,362189149.0,362000000,362000000.0,25.384,28950000000.0,160000000.0,180000000.0,388000000.0,79.972,2821000000.0
28,RIG,MRT,2014-06-30,2014-06-30,2014-06-30,2021-08-03,-188000000.0,32067000000.0,32277750000.0,5760000000.0,26307000000.0,0.29,46.309,-2880000000.0,2117000000.0,2117000000.0,5329000000.0,1846000000.0,1.696,0.912,10457000000.0,159000000.0,10298000000.0,10457000000.0,0.0,1109000000.0,0.0,0.054,2.43,2600000000.0,3709000000.0,0.396,3709000000.0,2600000000.0,2081000000.0,5.0,5.0,5.0,16764000000.0,16725000000.0,16764000000.0,24783320315.0,10.0,6.682,-712000000.0,-1.967,1.0,4039000000.0,0.431,2987000000.0,519000000.0,34023000000.0,33781000000.0,818000000.0,0.0,0.0,0.0,15292000000.0,3397000000.0,11895000000.0,16300320315.0,-1240000000.0,448000000.0,0.0,-339000000.0,0.0,-1067000000.0,-2341000000.0,103000000.0,2168000000.0,0.0,1822000000.0,1822000000.0,1822000000.0,-8000000.0,24000000.0,0.194,1466000000.0,2573000000.0,764000000.0,0.486,0.972,8.946,9.006,22381000000.0,0.0,45.03,1.74,1.74,2214000000.0,6305000000.0,9368000000.0,9368000000.0,0.0,0.056,0.109,0.077,0.278,115000000.0,262000000.0,1.0,361988015.0,362000000,362000000.0,25.878,29080000000.0,162000000.0,259000000.0,440000000.0,80.331,2363000000.0
29,RIG,MRT,2014-03-31,2014-03-31,2014-03-31,2021-08-03,-263000000.0,31897000000.0,32314750000.0,5633000000.0,26264000000.0,0.291,47.565,-2881000000.0,1987000000.0,1987000000.0,5473000000.0,1560000000.0,2.039,0.857,10470000000.0,162000000.0,10308000000.0,10470000000.0,0.0,1107000000.0,0.0,0.054,2.24,2414000000.0,3521000000.0,0.374,3521000000.0,2414000000.0,1861000000.0,4.23,4.23,4.23,17171000000.0,16454500000.0,17171000000.0,22383743983.0,9.0,6.357,-933000000.0,-2.584,1.0,3931000000.0,0.418,2987000000.0,553000000.0,34630000000.0,33494000000.0,768000000.0,0.0,0.0,0.0,14722000000.0,2763000000.0,11959000000.0,14924743983.0,-1702000000.0,419000000.0,0.0,-739000000.0,-202000000.0,-1369000000.0,-2281000000.0,193000000.0,1948000000.0,0.0,1542000000.0,1542000000.0,1542000000.0,-4000000.0,18000000.0,0.164,1518000000.0,2413000000.0,931000000.0,0.53,0.869,9.679,9.773,22353000000.0,0.0,41.34,1.587,1.587,2217000000.0,5718000000.0,9404000000.0,9404000000.0,0.0,0.048,0.094,0.072,0.257,120000000.0,276000000.0,1.0,361024286.0,361000000,361000000.0,26.05,28910000000.0,155000000.0,319000000.0,442000000.0,80.083,2870000000.0
30,RIG,MRT,2013-12-31,2013-12-31,2013-12-31,2021-08-03,-262000000.0,32546000000.0,32509250000.0,6772000000.0,25774000000.0,0.285,46.364,-2238000000.0,3243000000.0,3243000000.0,5563000000.0,1407000000.0,1.905,0.95,10702000000.0,323000000.0,10379000000.0,10702000000.0,0.0,1109000000.0,0.0,0.034,1.68,2249000000.0,3358000000.0,0.363,3358000000.0,2249000000.0,1665000000.0,3.87,3.87,3.87,16691000000.0,16174000000.0,16691000000.0,24989384437.0,11.0,7.442,-320000000.0,-0.889,1.0,3686000000.0,0.399,2987000000.0,584000000.0,33464000000.0,33300000000.0,737000000.0,0.0,0.0,0.0,15861000000.0,3554000000.0,12307000000.0,17820384437.0,-1891000000.0,378000000.0,0.0,-1692000000.0,0.0,-2151000000.0,-1658000000.0,202000000.0,1918000000.0,0.0,1407000000.0,1407000000.0,1407000000.0,-9000000.0,0.0,0.152,1469000000.0,2217000000.0,1106000000.0,0.434,1.068,12.666,12.77,21707000000.0,0.0,49.42,1.927,1.924,2112000000.0,5262000000.0,9249000000.0,9249000000.0,0.0,0.043,0.087,0.068,0.243,113000000.0,286000000.0,1.0,360590539.0,360000000,360000000.0,25.692,29559000000.0,151000000.0,258000000.0,427000000.0,82.108,3218000000.0
31,RIG,MRT,2013-09-30,2013-09-30,2013-09-30,2021-08-03,-426000000.0,32601000000.0,32936500000.0,7373000000.0,25228000000.0,0.275,45.206,-1978000000.0,3559000000.0,3559000000.0,5290000000.0,1629000000.0,1.953,1.004,10728000000.0,220000000.0,10508000000.0,10728000000.0,0.0,1112000000.0,0.0,0.025,1.12,2398000000.0,3510000000.0,0.387,3510000000.0,2398000000.0,1773000000.0,4.5,4.5,4.5,16274000000.0,15937500000.0,16274000000.0,23480279844.0,10.0,6.69,90000000.0,0.25,1.0,3782000000.0,0.417,2987000000.0,625000000.0,33007000000.0,33216500000.0,729000000.0,0.0,0.0,0.0,16342000000.0,3776000000.0,12566000000.0,16038279844.0,-2442000000.0,900000000.0,0.0,-3371000000.0,-402000000.0,-3639000000.0,-871000000.0,230000000.0,2068000000.0,0.0,1630000000.0,1630000000.0,1630000000.0,-1000000.0,-1000000.0,0.18,1400000000.0,2382000000.0,962000000.0,0.249,0.986,9.839,9.889,21096000000.0,0.0,44.5,1.768,1.766,2367000000.0,5029000000.0,9072000000.0,9072000000.0,0.0,0.049,0.102,0.072,0.264,110000000.0,276000000.0,1.0,360410783.0,360000000,361000000.0,25.2,29614000000.0,173000000.0,143000000.0,517000000.0,82.261,3597000000.0
32,RIG,MRT,2013-06-30,2013-06-30,2013-06-30,2021-08-03,-434000000.0,32215000000.0,33614250000.0,6866000000.0,25349000000.0,0.269,43.561,-1753000000.0,3357000000.0,3357000000.0,5225000000.0,698000000.0,1.809,1.055,10799000000.0,191000000.0,10608000000.0,10799000000.0,0.0,1167000000.0,0.0,0.012,0.56,1551000000.0,2718000000.0,0.3,2718000000.0,1551000000.0,888000000.0,1.94,1.94,1.94,15682000000.0,15687000000.0,15682000000.0,24820612517.0,16.0,9.132,478000000.0,1.328,1.0,3829000000.0,0.423,2987000000.0,663000000.0,32875000000.0,33399750000.0,680000000.0,0.0,0.0,0.0,16551000000.0,3795000000.0,12756000000.0,17278612517.0,-607000000.0,845000000.0,0.0,-2065000000.0,-200000000.0,-2142000000.0,-696000000.0,228000000.0,2231000000.0,0.0,703000000.0,703000000.0,703000000.0,923000000.0,-5000000.0,0.078,1374000000.0,2455000000.0,921000000.0,0.289,1.102,24.578,24.716,21056000000.0,0.0,47.95,1.908,1.907,2105000000.0,4483000000.0,9054000000.0,9054000000.0,0.0,0.021,0.045,0.046,0.171,98000000.0,278000000.0,1.0,360346455.0,360000000,360000000.0,25.15,29228000000.0,167000000.0,185000000.0,492000000.0,81.189,3071000000.0
33,RIG,MRT,2013-03-31,2013-03-31,2013-03-31,2021-08-03,-540000000.0,32675000000.0,34171000000.0,7133000000.0,25542000000.0,0.264,44.581,-1637000000.0,3689000000.0,3689000000.0,5973000000.0,84000000.0,2.113,1.037,11231000000.0,264000000.0,10967000000.0,11231000000.0,0.0,1226000000.0,0.0,0.0,0.0,830000000.0,2056000000.0,0.228,2056000000.0,830000000.0,130000000.0,0.24,0.24,0.24,16049000000.0,15672250000.0,16049000000.0,26006837029.0,31.0,12.649,637000000.0,1.769,1.0,3046000000.0,0.338,2987000000.0,700000000.0,33854000000.0,33554000000.0,648000000.0,0.0,0.0,0.0,16648000000.0,3376000000.0,13272000000.0,18681837029.0,-293000000.0,1003000000.0,0.0,-2092000000.0,2000000.0,-1970000000.0,-597000000.0,40000000.0,2274000000.0,0.0,92000000.0,92000000.0,92000000.0,912000000.0,-8000000.0,0.01,1338000000.0,1708000000.0,843000000.0,0.0,1.164,203.063,216.5,21032000000.0,0.0,51.96,2.071,2.074,2117000000.0,4176000000.0,9019000000.0,9019000000.0,0.0,0.003,0.006,0.025,0.092,95000000.0,280000000.0,1.0,359542668.0,360000000,360000000.0,25.053,29688000000.0,151000000.0,38000000.0,461000000.0,82.467,3757000000.0
34,RIG,MRT,2012-12-31,2012-12-31,2012-12-31,2021-08-03,-521000000.0,34255000000.0,34681000000.0,8647000000.0,25608000000.0,0.258,44.228,-1409000000.0,5134000000.0,5134000000.0,5859000000.0,-211000000.0,1.583,1.177,12459000000.0,1367000000.0,11092000000.0,12459000000.0,0.0,1306000000.0,0.0,0.018,0.79,556000000.0,1862000000.0,0.208,1862000000.0,556000000.0,-167000000.0,-0.62,-0.62,-0.62,15745000000.0,15594500000.0,15745000000.0,24167961900.0,43.0,12.98,1299000000.0,3.649,1.0,3086000000.0,0.345,2987000000.0,723000000.0,33130000000.0,33925000000.0,610000000.0,0.0,0.0,0.0,18525000000.0,5463000000.0,13062000000.0,16051961900.0,1117000000.0,980000000.0,0.0,-1049000000.0,-276000000.0,-1202000000.0,-389000000.0,40000000.0,2708000000.0,0.0,-219000000.0,-219000000.0,-219000000.0,1043000000.0,8000000.0,-0.024,1486000000.0,1600000000.0,1047000000.0,-1.274,1.019,-73.297,-72.032,20880000000.0,0.0,44.66,1.795,1.777,1940000000.0,3855000000.0,8945000000.0,8945000000.0,0.0,-0.006,-0.014,0.016,0.062,97000000.0,282000000.0,1.0,359425927.0,356000000,356000000.0,25.126,31268000000.0,142000000.0,52000000.0,482000000.0,87.831,3184000000.0
35,RIG,MRT,2012-09-30,2012-09-30,2012-09-30,2021-08-03,-512000000.0,35312000000.0,34875250000.0,10304000000.0,25008000000.0,0.256,42.54,-1071000000.0,6001000000.0,6001000000.0,6932000000.0,-6790000000.0,1.538,1.313,14117000000.0,2729000000.0,11388000000.0,14117000000.0,0.0,1400000000.0,0.0,0.035,1.58,-5882000000.0,-4482000000.0,-0.502,-4482000000.0,-5882000000.0,-6603000000.0,-21.05,-21.05,-21.05,15272000000.0,15567500000.0,15272000000.0,25007974410.0,-4.0,-5.58,1317000000.0,3.669,1.0,1993000000.0,0.223,2987000000.0,721000000.0,33740000000.0,34594000000.0,597000000.0,0.0,0.0,0.0,20056000000.0,6701000000.0,13355000000.0,16132974410.0,2755000000.0,-765000000.0,1211000000.0,1300000000.0,-529000000.0,1958000000.0,-1591000000.0,199000000.0,2388000000.0,0.0,-6840000000.0,-6840000000.0,-6840000000.0,1083000000.0,50000000.0,-0.766,6750000000.0,-4757000000.0,876000000.0,-0.075,1.056,-2.359,-2.133,20459000000.0,0.0,44.89,1.808,1.806,2163000000.0,3399000000.0,8925000000.0,8925000000.0,0.0,-0.196,-0.439,-0.17,-0.659,93000000.0,305000000.0,1.0,359389049.0,359000000,359000000.0,24.861,32325000000.0,169000000.0,237000000.0,707000000.0,90.042,3603000000.0
36,RIG,MRT,2012-06-30,2012-06-30,2012-06-30,2021-08-03,-516000000.0,34442000000.0,35208500000.0,7367000000.0,27075000000.0,0.241,44.258,-983000000.0,3964000000.0,3964000000.0,6955000000.0,-6428000000.0,1.095,1.205,12839000000.0,2800000000.0,10039000000.0,12839000000.0,0.0,1433000000.0,0.0,0.053,2.37,-5574000000.0,-4141000000.0,-0.488,-4141000000.0,-5574000000.0,-6266000000.0,-20.09,-20.09,-20.09,15623000000.0,16955250000.0,15623000000.0,25152016187.0,-5.0,-6.074,1111000000.0,3.147,1.0,1530000000.0,0.18,3099000000.0,692000000.0,33492000000.0,34173250000.0,676000000.0,0.0,0.0,0.0,18833000000.0,6726000000.0,12107000000.0,15678016187.0,615000000.0,-860000000.0,1211000000.0,50000000.0,-783000000.0,397000000.0,-1876000000.0,-78000000.0,2094000000.0,0.0,-6491000000.0,-6491000000.0,-6491000000.0,172000000.0,63000000.0,-0.765,6800000000.0,-5270000000.0,917000000.0,-0.118,1.004,-2.415,-2.226,22207000000.0,0.0,44.73,1.848,1.861,2124000000.0,3780000000.0,8485000000.0,8485000000.0,0.0,-0.184,-0.383,-0.163,-0.657,89000000.0,303000000.0,1.0,350503380.0,353000000,353000000.0,24.037,31343000000.0,142000000.0,225000000.0,608000000.0,88.79,641000000.0
37,RIG,MRT,2012-03-31,2012-03-31,2012-03-31,2021-08-03,-515000000.0,34715000000.0,35832000000.0,7673000000.0,27042000000.0,0.237,44.966,-1040000000.0,3982000000.0,3982000000.0,6378000000.0,-5992000000.0,1.331,1.207,13456000000.0,2792000000.0,10664000000.0,13456000000.0,0.0,1447000000.0,0.0,0.058,3.16,-5090000000.0,-3643000000.0,-0.429,-3643000000.0,-5090000000.0,-5746000000.0,-18.84,-18.84,-18.84,15738000000.0,18270750000.0,15738000000.0,28687230762.0,-6.0,-7.875,935000000.0,2.671,1.0,2112000000.0,0.249,3087000000.0,656000000.0,35338000000.0,33803250000.0,663000000.0,0.0,0.0,0.0,18992000000.0,5764000000.0,13228000000.0,19168230762.0,210000000.0,-1016000000.0,1211000000.0,286000000.0,-1037000000.0,364000000.0,-2129000000.0,-78000000.0,1975000000.0,0.0,-6063000000.0,-6063000000.0,-6063000000.0,170000000.0,71000000.0,-0.714,6885000000.0,-4773000000.0,841000000.0,-0.168,1.218,-3.162,-2.903,22323000000.0,0.0,54.7,2.258,2.255,2238000000.0,4286000000.0,8490000000.0,8490000000.0,0.0,-0.169,-0.332,-0.151,-0.6,91000000.0,290000000.0,1.0,350424694.0,350000000,350000000.0,24.257,31628000000.0,142000000.0,317000000.0,582000000.0,90.366,1909000000.0
38,RIG,MRT,2011-12-31,2011-12-31,2011-12-31,2021-08-03,-496000000.0,35032000000.0,36455750000.0,7536000000.0,27496000000.0,0.22,48.562,-1020000000.0,4017000000.0,4017000000.0,6179000000.0,-5677000000.0,1.363,1.241,13536000000.0,2187000000.0,11349000000.0,13536000000.0,0.0,1451000000.0,0.0,0.062,2.37,-4809000000.0,-3358000000.0,-0.418,-3358000000.0,-4809000000.0,-5430000000.0,-17.88,-17.88,-17.88,15637000000.0,19763750000.0,15637000000.0,20093243815.0,-4.0,-5.984,805000000.0,2.5,1.0,1848000000.0,0.23,3217000000.0,621000000.0,35806000000.0,33135250000.0,529000000.0,0.0,0.0,0.0,19405000000.0,5528000000.0,13877000000.0,12279243815.0,663000000.0,-785000000.0,1211000000.0,442000000.0,-759000000.0,734000000.0,-1896000000.0,-78000000.0,1825000000.0,0.0,-5754000000.0,-5754000000.0,-5754000000.0,-85000000.0,77000000.0,-0.717,6610000000.0,-4762000000.0,880000000.0,-0.133,0.785,-2.134,-2.147,20788000000.0,0.0,38.39,1.53,1.54,2049000000.0,4180000000.0,8027000000.0,8027000000.0,0.0,-0.158,-0.291,-0.145,-0.599,95000000.0,288000000.0,1.0,319855270.0,322000000,322000000.0,24.929,31815000000.0,142000000.0,324000000.0,573000000.0,98.804,2008000000.0
39,RIG,MRT,2011-09-30,2011-09-30,2011-09-30,2021-08-03,-338000000.0,36645000000.0,36900500000.0,6569000000.0,30076000000.0,0.192,65.072,-1092000000.0,3286000000.0,3286000000.0,4715000000.0,-362000000.0,1.538,0.76,11100000000.0,1926000000.0,9174000000.0,11100000000.0,0.0,1508000000.0,0.0,0.033,1.58,338000000.0,1846000000.0,0.261,1846000000.0,338000000.0,-257000000.0,-1.34,-1.34,-1.34,20823000000.0,21200250000.0,20823000000.0,22959781007.0,68.0,12.438,886000000.0,2.769,1.0,2364000000.0,0.334,8132000000.0,595000000.0,32057000000.0,32351250000.0,578000000.0,0.0,0.0,0.0,15833000000.0,4270000000.0,11563000000.0,15267781007.0,-1390000000.0,374000000.0,0.0,-1870000000.0,-508000000.0,-2379000000.0,-989000000.0,-240000000.0,1978000000.0,0.0,-432000000.0,-432000000.0,-432000000.0,746000000.0,70000000.0,-0.061,1134000000.0,1230000000.0,755000000.0,-1.179,0.733,-35.342,-35.627,20721000000.0,0.0,47.74,2.157,2.158,2046000000.0,10363000000.0,7079000000.0,7079000000.0,0.0,-0.012,-0.02,0.01,0.048,97000000.0,266000000.0,1.0,319811081.0,320000000,320000000.0,22.122,28513000000.0,120000000.0,175000000.0,611000000.0,89.103,2299000000.0
40,RIG,MRT,2011-06-30,2011-06-30,2011-06-30,2021-08-03,-328000000.0,36936000000.0,37571750000.0,6738000000.0,30198000000.0,0.196,65.266,-1255000000.0,3389000000.0,3389000000.0,4573000000.0,37000000.0,1.503,0.769,11081000000.0,1916000000.0,9165000000.0,11081000000.0,0.0,1535000000.0,0.0,0.012,0.79,759000000.0,2294000000.0,0.311,2294000000.0,759000000.0,173000000.0,-0.09,-0.09,-0.09,20885000000.0,21253500000.0,20885000000.0,28060274637.0,37.0,12.232,940000000.0,2.938,1.0,2796000000.0,0.379,8132000000.0,586000000.0,32012000000.0,32996500000.0,546000000.0,0.0,0.0,0.0,16063000000.0,4484000000.0,11579000000.0,20631274637.0,461000000.0,286000000.0,0.0,-494000000.0,-254000000.0,-767000000.0,-967000000.0,37000000.0,2195000000.0,0.0,-32000000.0,-32000000.0,-32000000.0,726000000.0,69000000.0,-0.004,1230000000.0,1566000000.0,742000000.0,-8.778,0.988,-644.727,-717.333,20996000000.0,0.0,64.56,2.8,2.804,2114000000.0,10434000000.0,7369000000.0,7369000000.0,0.0,-0.001,-0.002,0.023,0.103,103000000.0,258000000.0,1.0,319567451.0,320000000,320000000.0,23.028,28804000000.0,112000000.0,205000000.0,620000000.0,90.013,2254000000.0
41,RIG,MRT,2011-03-31,2011-03-31,2011-03-31,2021-08-03,-335000000.0,37210000000.0,37725750000.0,6904000000.0,30306000000.0,0.199,68.056,-1262000000.0,3812000000.0,3812000000.0,4392000000.0,624000000.0,1.797,0.714,11241000000.0,2060000000.0,9181000000.0,11241000000.0,0.0,1569000000.0,0.0,0.0,0.0,1365000000.0,2934000000.0,0.39,2934000000.0,1365000000.0,785000000.0,1.75,1.74,1.75,21710000000.0,21213250000.0,21710000000.0,32700894966.0,24.0,11.145,1862000000.0,5.837,1.0,3122000000.0,0.415,8132000000.0,580000000.0,32666000000.0,33316000000.0,541000000.0,0.0,0.0,0.0,15505000000.0,3841000000.0,11664000000.0,24873894966.0,2186000000.0,291000000.0,-180000000.0,-365000000.0,0.0,-566000000.0,-372000000.0,37000000.0,3124000000.0,0.0,559000000.0,559000000.0,559000000.0,720000000.0,65000000.0,0.074,962000000.0,2160000000.0,808000000.0,0.0,1.146,44.497,44.543,21173000000.0,0.0,77.95,3.31,3.309,2161000000.0,10279000000.0,7514000000.0,7514000000.0,0.0,0.015,0.026,0.041,0.182,94000000.0,250000000.0,1.0,319100641.0,319000000,320000000.0,23.555,29078000000.0,116000000.0,226000000.0,653000000.0,91.154,3063000000.0
42,RIG,MRT,2010-12-31,2010-12-31,2010-12-31,2021-08-03,-332000000.0,36811000000.0,37632750000.0,6195000000.0,30616000000.0,0.211,66.822,-1391000000.0,3394000000.0,3394000000.0,4219000000.0,969000000.0,1.615,0.722,11221000000.0,2012000000.0,9209000000.0,11221000000.0,0.0,1589000000.0,0.0,0.0,0.0,1785000000.0,3374000000.0,0.424,3374000000.0,1785000000.0,1218000000.0,2.88,2.88,2.88,21383000000.0,21085250000.0,21383000000.0,30379095075.0,17.0,9.004,2515000000.0,7.859,1.0,3730000000.0,0.469,8132000000.0,567000000.0,32670000000.0,33963750000.0,514000000.0,0.0,0.0,0.0,15436000000.0,3836000000.0,11600000000.0,22175095075.0,2224000000.0,60000000.0,-240000000.0,-704000000.0,0.0,-961000000.0,-721000000.0,37000000.0,3906000000.0,0.0,926000000.0,926000000.0,926000000.0,894000000.0,43000000.0,0.116,1000000000.0,2730000000.0,832000000.0,0.0,1.037,23.947,24.135,21319000000.0,0.0,69.51,2.79,2.798,1653000000.0,9969000000.0,7949000000.0,7949000000.0,0.0,0.025,0.044,0.053,0.225,102000000.0,246000000.0,1.0,319020214.0,320000000,320000000.0,24.841,28679000000.0,115000000.0,292000000.0,684000000.0,89.622,2359000000.0
43,RIG,MRT,2010-09-30,2010-09-30,2010-09-30,2021-08-03,-327000000.0,39330000000.0,37539000000.0,7770000000.0,31560000000.0,0.265,65.944,-1815000000.0,4636000000.0,4636000000.0,4957000000.0,2500000000.0,1.631,0.87,12840000000.0,1717000000.0,11123000000.0,12840000000.0,0.0,1506000000.0,0.0,0.0,0.0,3535000000.0,5041000000.0,0.506,5041000000.0,3535000000.0,3001000000.0,7.72,7.69,7.72,21036000000.0,20877500000.0,21036000000.0,29046113909.0,8.0,5.762,2510000000.0,7.868,1.0,5000000000.0,0.502,8132000000.0,534000000.0,34638000000.0,34614000000.0,501000000.0,0.0,0.0,0.0,18291000000.0,4764000000.0,13527000000.0,20508113909.0,3750000000.0,54000000.0,-256000000.0,702000000.0,0.0,434000000.0,-1009000000.0,141000000.0,4325000000.0,0.0,2483000000.0,2483000000.0,2483000000.0,1000000.0,17000000.0,0.249,1482000000.0,3518000000.0,791000000.0,0.0,0.975,8.259,8.328,22413000000.0,0.0,64.29,2.06,2.06,2299000000.0,10768000000.0,9957000000.0,9957000000.0,0.0,0.066,0.119,0.102,0.355,104000000.0,226000000.0,1.0,318993839.0,319000000,319000000.0,31.213,31198000000.0,100000000.0,518000000.0,878000000.0,97.799,3006000000.0
44,RIG,MRT,2010-06-30,2010-06-30,2010-06-30,2021-08-03,-336000000.0,37552000000.0,36711000000.0,5914000000.0,31638000000.0,0.286,64.966,-2055000000.0,2888000000.0,2888000000.0,5151000000.0,2828000000.0,1.267,0.812,11426000000.0,1662000000.0,9764000000.0,11426000000.0,0.0,1485000000.0,0.0,0.0,0.0,3865000000.0,5350000000.0,0.51,5350000000.0,3865000000.0,3358000000.0,8.77,8.73,8.77,20724000000.0,20545250000.0,20724000000.0,24675498021.0,6.0,4.612,2967000000.0,9.301,1.0,5348000000.0,0.509,8132000000.0,507000000.0,33290000000.0,35038500000.0,467000000.0,0.0,0.0,0.0,16825000000.0,4668000000.0,12157000000.0,14822498021.0,1981000000.0,61000000.0,-262000000.0,-1546000000.0,0.0,-1792000000.0,-1249000000.0,136000000.0,5022000000.0,0.0,2825000000.0,2825000000.0,2825000000.0,16000000.0,3000000.0,0.269,1507000000.0,3841000000.0,968000000.0,0.0,0.715,5.247,5.283,22522000000.0,0.0,46.33,1.412,1.408,2254000000.0,10400000000.0,10499000000.0,10499000000.0,0.0,0.077,0.138,0.11,0.368,92000000.0,221000000.0,1.0,319933046.0,319000000,320000000.0,32.912,29420000000.0,121000000.0,533000000.0,864000000.0,92.226,1246000000.0
45,RIG,MRT,2010-03-31,2010-03-31,2010-03-31,2021-08-03,-338000000.0,36838000000.0,36137250000.0,4711000000.0,32127000000.0,0.302,66.037,-2702000000.0,1586000000.0,1586000000.0,5081000000.0,2916000000.0,1.427,0.737,11439000000.0,1529000000.0,9910000000.0,11439000000.0,0.0,1452000000.0,0.0,0.0,0.0,4015000000.0,5467000000.0,0.501,5467000000.0,4015000000.0,3535000000.0,9.04,9.0,9.04,21198000000.0,20109750000.0,21198000000.0,38369236142.0,10.0,7.018,2627000000.0,8.184,1.0,5821000000.0,0.534,8132000000.0,480000000.0,35257000000.0,35543500000.0,464000000.0,0.0,0.0,0.0,15632000000.0,3302000000.0,12330000000.0,27782236142.0,284000000.0,51000000.0,-77000000.0,-2431000000.0,0.0,-2507000000.0,-2538000000.0,74000000.0,5329000000.0,0.0,2916000000.0,2916000000.0,2916000000.0,24000000.0,0.0,0.267,1808000000.0,4013000000.0,746000000.0,0.0,1.311,9.528,9.555,23025000000.0,0.0,86.38,2.548,2.543,2285000000.0,9685000000.0,10902000000.0,10902000000.0,0.0,0.081,0.145,0.113,0.368,98000000.0,216000000.0,1.0,321628110.0,321000000,322000000.0,33.963,28706000000.0,113000000.0,619000000.0,953000000.0,89.427,1409000000.0
46,RIG,MRT,2009-12-31,2009-12-31,2009-12-31,2021-08-03,-335000000.0,36436000000.0,35742500000.0,4476000000.0,31960000000.0,0.32,64.225,-3041000000.0,1130000000.0,1130000000.0,5066000000.0,3170000000.0,1.237,0.773,11717000000.0,1868000000.0,9849000000.0,11717000000.0,0.0,1433000000.0,0.0,0.0,0.0,4388000000.0,5821000000.0,0.509,5821000000.0,4388000000.0,3904000000.0,9.87,9.84,9.87,20552000000.0,19340250000.0,20552000000.0,37626830923.0,9.0,6.464,2557000000.0,7.991,1.0,6375000000.0,0.557,8134000000.0,484000000.0,35271000000.0,35478750000.0,462000000.0,0.0,0.0,0.0,15877000000.0,3618000000.0,12259000000.0,26590830923.0,167000000.0,18000000.0,0.0,-2739000000.0,0.0,-2737000000.0,-2694000000.0,295000000.0,5598000000.0,0.0,3181000000.0,3181000000.0,3181000000.0,26000000.0,-11000000.0,0.278,1985000000.0,4390000000.0,780000000.0,0.0,1.294,8.359,8.389,23018000000.0,0.0,82.8,2.324,2.316,2330000000.0,9008000000.0,11441000000.0,11441000000.0,0.0,0.089,0.164,0.124,0.384,81000000.0,209000000.0,1.0,321145301.0,320000000,321000000.0,35.753,28302000000.0,104000000.0,723000000.0,966000000.0,88.444,858000000.0
47,RIG,MRT,2009-09-30,2009-09-30,2009-09-30,2021-08-03,-442000000.0,36018000000.0,35429000000.0,4603000000.0,31415000000.0,0.341,61.393,-2700000000.0,886000000.0,886000000.0,5252000000.0,3208000000.0,1.781,0.828,11922000000.0,702000000.0,11220000000.0,11922000000.0,0.0,1478000000.0,0.0,0.0,0.0,4527000000.0,6005000000.0,0.497,6005000000.0,4527000000.0,3995000000.0,10.0,9.95,10.0,19707000000.0,18493250000.0,19707000000.0,38605761792.0,9.0,6.429,2919000000.0,9.093,1.0,6841000000.0,0.566,8134000000.0,532000000.0,36336000000.0,35897750000.0,457000000.0,180000000.0,180000000.0,0.0,16312000000.0,2584000000.0,13728000000.0,27459761792.0,57000000.0,27000000.0,18000000.0,-3081000000.0,0.0,-3088000000.0,-2474000000.0,199000000.0,5619000000.0,0.0,3212000000.0,3212000000.0,3212000000.0,0.0,-4000000.0,0.266,2360000000.0,4481000000.0,827000000.0,0.0,1.393,8.549,8.553,22530000000.0,0.0,85.53,2.271,2.27,2614000000.0,8285000000.0,12093000000.0,12093000000.0,0.0,0.091,0.174,0.126,0.374,73000000.0,222000000.0,1.0,321054154.0,321000000,322000000.0,37.673,27884000000.0,87000000.0,783000000.0,908000000.0,86.866,2019000000.0
48,RIG,MRT,2009-06-30,2009-06-30,2009-06-30,2021-08-03,-449000000.0,35257000000.0,35215750000.0,4630000000.0,30627000000.0,0.354,59.319,-2674000000.0,907000000.0,907000000.0,5282000000.0,3562000000.0,1.565,0.857,12053000000.0,1163000000.0,10890000000.0,12053000000.0,0.0,1447000000.0,0.0,0.0,0.0,4945000000.0,6392000000.0,0.513,6392000000.0,4945000000.0,4385000000.0,11.12,11.06,11.12,18982000000.0,17585250000.0,18982000000.0,35487815350.0,7.0,5.552,2809000000.0,8.778,1.0,7180000000.0,0.576,8134000000.0,560000000.0,35310000000.0,36268750000.0,451000000.0,174000000.0,174000000.0,0.0,16262000000.0,2959000000.0,13303000000.0,23825815350.0,-69000000.0,25000000.0,12000000.0,-2683000000.0,0.0,-2713000000.0,-2839000000.0,-190000000.0,5483000000.0,0.0,3565000000.0,3565000000.0,3565000000.0,0.0,-3000000.0,0.286,2273000000.0,4907000000.0,829000000.0,0.0,1.255,6.683,6.681,21651000000.0,0.0,74.29,1.912,1.908,2674000000.0,7575000000.0,12462000000.0,12462000000.0,0.0,0.101,0.203,0.136,0.397,75000000.0,214000000.0,1.0,320713627.0,320000000,321000000.0,38.944,27123000000.0,46000000.0,820000000.0,934000000.0,84.759,1671000000.0
49,RIG,MRT,2009-03-31,2009-03-31,2009-03-31,2021-08-03,-448000000.0,35259000000.0,35020750000.0,5215000000.0,30044000000.0,0.362,56.803,-2147000000.0,1302000000.0,1302000000.0,5369000000.0,3818000000.0,1.376,0.946,12964000000.0,2040000000.0,10924000000.0,12964000000.0,0.0,1424000000.0,0.0,0.0,0.0,5199000000.0,6623000000.0,0.522,6623000000.0,5199000000.0,4600000000.0,11.96,11.88,11.96,18120000000.0,16581000000.0,18120000000.0,32031812287.0,6.0,4.836,2771000000.0,8.687,1.0,7313000000.0,0.577,8134000000.0,599000000.0,34998000000.0,36568500000.0,458000000.0,112000000.0,112000000.0,0.0,17139000000.0,3789000000.0,13350000000.0,18808812287.0,-265000000.0,118000000.0,41000000.0,-3046000000.0,0.0,-3026000000.0,-2157000000.0,-128000000.0,4918000000.0,0.0,3824000000.0,3824000000.0,3824000000.0,0.0,-6000000.0,0.302,2177000000.0,5136000000.0,745000000.0,0.0,1.038,4.919,4.92,21054000000.0,0.0,58.84,1.483,1.48,2884000000.0,6769000000.0,12682000000.0,12682000000.0,0.0,0.109,0.231,0.142,0.41,54000000.0,206000000.0,1.0,319660304.0,319000000,320000000.0,39.755,27125000000.0,50000000.0,776000000.0,972000000.0,85.031,1426000000.0
50,RIG,MRT,2008-12-31,2008-12-31,2008-12-31,2021-08-03,-420000000.0,35182000000.0,34921500000.0,5349000000.0,29833000000.0,0.363,53.975,-2208000000.0,963000000.0,963000000.0,5355000000.0,4029000000.0,1.98,1.05,13557000000.0,664000000.0,12893000000.0,13557000000.0,0.0,1436000000.0,0.0,0.0,0.0,5414000000.0,6850000000.0,0.54,6850000000.0,5414000000.0,4774000000.0,12.63,12.53,12.63,17164000000.0,15497750000.0,17164000000.0,29035086412.0,5.0,4.239,2751000000.0,8.651,1.0,7319000000.0,0.577,8128000000.0,640000000.0,36947000000.0,36913500000.0,432000000.0,333000000.0,333000000.0,0.0,18015000000.0,2701000000.0,15314000000.0,15081086412.0,-278000000.0,361000000.0,51000000.0,-3069000000.0,0.0,-3041000000.0,-2196000000.0,-349000000.0,4959000000.0,0.0,4031000000.0,4031000000.0,4031000000.0,0.0,-2000000.0,0.318,1962000000.0,5357000000.0,914000000.0,0.0,0.879,3.741,3.741,20861000000.0,0.0,47.25,1.19,1.186,2798000000.0,5827000000.0,12674000000.0,12674000000.0,0.0,0.115,0.26,0.147,0.427,54000000.0,199000000.0,1.0,319176432.0,318000000,321000000.0,39.855,27054000000.0,63000000.0,743000000.0,983000000.0,85.075,2648000000.0
51,RIG,MRT,2008-09-30,2008-09-30,2008-09-30,2021-08-03,-46000000.0,35165000000.0,34717000000.0,5288000000.0,29877000000.0,0.331,50.392,-2023000000.0,829000000.0,829000000.0,4870000000.0,4320000000.0,1.791,1.188,14783000000.0,932000000.0,13851000000.0,14783000000.0,0.0,1235000000.0,0.0,0.43,47.213,5441000000.0,6676000000.0,0.581,6676000000.0,5441000000.0,4879000000.0,14.61,14.4,14.61,16075000000.0,14348250000.0,16075000000.0,49345191822.0,9.0,7.391,2655000000.0,8.323,1.0,6611000000.0,0.576,8346000000.0,562000000.0,37820000000.0,36241500000.0,429000000.0,392000000.0,392000000.0,0.0,19090000000.0,2953000000.0,16137000000.0,35042191822.0,211000000.0,-4007000000.0,49000000.0,11790000000.0,-9859000000.0,1957000000.0,-6424000000.0,-394000000.0,4678000000.0,0.0,4323000000.0,4323000000.0,4323000000.0,0.0,-3000000.0,0.377,1185000000.0,5426000000.0,934000000.0,3.232,2.18,8.106,7.518,20555000000.0,0.0,109.84,3.052,3.052,2783000000.0,5207000000.0,11481000000.0,11481000000.0,0.0,0.125,0.301,0.15,0.474,19000000.0,200000000.0,1.0,319029423.0,319000000,321000000.0,35.991,26819000000.0,55000000.0,556000000.0,989000000.0,84.072,2335000000.0
52,RIG,MRT,2008-06-30,2008-06-30,2008-06-30,2021-08-03,-47000000.0,34477000000.0,29100750000.0,4731000000.0,29746000000.0,0.338,47.06,-1814000000.0,976000000.0,976000000.0,4107000000.0,4233000000.0,1.207,1.304,15279000000.0,2145000000.0,13134000000.0,15279000000.0,0.0,1002000000.0,0.0,0.31,47.213,5108000000.0,6110000000.0,0.622,6110000000.0,5108000000.0,4666000000.0,16.09,15.73,16.09,14965000000.0,12455000000.0,14965000000.0,63620897527.0,12.0,10.413,2491000000.0,7.833,1.0,5720000000.0,0.582,8351000000.0,442000000.0,36509000000.0,29408750000.0,414000000.0,0.0,0.0,0.0,19512000000.0,3920000000.0,15592000000.0,48592897527.0,531000000.0,-3991000000.0,78000000.0,11815000000.0,-9859000000.0,2031000000.0,-5805000000.0,0.0,4305000000.0,0.0,4233000000.0,4233000000.0,4233000000.0,0.0,0.0,0.431,924000000.0,4796000000.0,861000000.0,2.934,3.247,11.48,9.471,20384000000.0,0.0,152.39,4.945,4.931,2478000000.0,4102000000.0,9827000000.0,9827000000.0,0.0,0.145,0.34,0.174,0.52,14000000.0,181000000.0,1.0,318871957.0,318000000,321000000.0,30.903,26126000000.0,84000000.0,433000000.0,916000000.0,82.157,811000000.0
53,RIG,MRT,2008-03-31,2008-03-31,2008-03-31,2021-08-03,-64000000.0,34862000000.0,23518750000.0,5230000000.0,29632000000.0,0.347,43.492,-1684000000.0,1567000000.0,1567000000.0,3370000000.0,3718000000.0,1.028,1.529,16595000000.0,3356000000.0,13239000000.0,16595000000.0,0.0,766000000.0,0.0,0.349,47.213,4425000000.0,5191000000.0,0.636,5191000000.0,4425000000.0,4103000000.0,15.48,15.05,15.48,13787000000.0,10583250000.0,13787000000.0,55126734686.0,12.0,10.62,2217000000.0,6.994,1.0,4789000000.0,0.587,8424000000.0,322000000.0,36378000000.0,23176250000.0,367000000.0,0.0,0.0,0.0,21075000000.0,5088000000.0,15987000000.0,39110734686.0,1065000000.0,-4082000000.0,84000000.0,12711000000.0,-9859000000.0,2930000000.0,-5766000000.0,0.0,3901000000.0,0.0,3717000000.0,3717000000.0,3717000000.0,0.0,1000000.0,0.456,667000000.0,4122000000.0,722000000.0,3.05,2.837,10.522,8.734,20288000000.0,0.0,135.2,4.794,5.253,2357000000.0,2995000000.0,8159000000.0,8159000000.0,0.0,0.158,0.351,0.191,0.542,20000000.0,165000000.0,1.0,289280582.0,317000000,321000000.0,25.738,26438000000.0,96000000.0,386000000.0,1052000000.0,83.401,142000000.0
54,RIG,MRT,2007-12-31,2007-12-31,2007-12-31,2021-08-03,-42000000.0,34364000000.0,17774000000.0,4296000000.0,30068000000.0,0.359,58.72,-1380000000.0,1241000000.0,1241000000.0,2781000000.0,3121000000.0,0.544,1.735,17257000000.0,6172000000.0,11085000000.0,17257000000.0,0.0,499000000.0,0.0,0.33,47.213,3556000000.0,4055000000.0,0.636,4055000000.0,3556000000.0,3374000000.0,14.58,14.08,14.58,12566000000.0,8856000000.0,12566000000.0,31204210030.0,9.0,7.695,1693000000.0,7.911,1.0,3596000000.0,0.564,8219000000.0,182000000.0,34259000000.0,17009500000.0,333000000.0,0.0,0.0,0.0,21798000000.0,7902000000.0,13896000000.0,29229210030.0,774000000.0,-4297000000.0,-328000000.0,13562000000.0,-9859000000.0,3378000000.0,-5677000000.0,0.0,3073000000.0,0.0,3121000000.0,3121000000.0,3121000000.0,0.0,0.0,0.489,357000000.0,3239000000.0,805000000.0,3.238,2.326,9.365,9.818,20930000000.0,0.0,143.15,4.584,4.804,2209000000.0,1806000000.0,6377000000.0,6377000000.0,0.0,0.176,0.352,0.209,0.558,8000000.0,142000000.0,1.0,204185889.0,214000000,222000000.0,29.799,26145000000.0,119000000.0,253000000.0,780000000.0,122.173,-3606000000.0
55,RIG,MRT,2007-09-30,2007-09-30,2007-09-30,2021-08-03,-31000000.0,12700000000.0,12052000000.0,2223000000.0,10477000000.0,0.455,41.882,-1226000000.0,618000000.0,618000000.0,2428000000.0,2696000000.0,1.112,0.494,2593000000.0,1018000000.0,1575000000.0,2593000000.0,0.0,402000000.0,0.0,0.0,0.0,3134000000.0,3536000000.0,0.645,3536000000.0,3134000000.0,2998000000.0,13.154,12.678,13.154,8502000000.0,7423500000.0,8502000000.0,35425998533.0,11.0,10.019,1436000000.0,7.074,1.0,3058000000.0,0.557,2187000000.0,136000000.0,10489000000.0,11213000000.0,179000000.0,0.0,0.0,0.0,4198000000.0,1999000000.0,2199000000.0,32806998533.0,211000000.0,222000000.0,-576000000.0,-900000000.0,0.0,-1447000000.0,-1004000000.0,0.0,2662000000.0,0.0,2696000000.0,2696000000.0,2696000000.0,0.0,0.0,0.491,294000000.0,2764000000.0,406000000.0,0.0,3.859,12.169,12.285,7971000000.0,0.0,161.592,5.98,5.979,1266000000.0,750000000.0,5486000000.0,5486000000.0,0.0,0.224,0.363,0.279,0.571,30000000.0,105000000.0,1.0,203023230.0,203000000,210000000.0,27.025,10513000000.0,28000000.0,302000000.0,213000000.0,51.788,224000000.0
56,RIG,MRT,2007-06-30,2007-06-30,2007-06-30,2021-08-03,-30000000.0,12149000000.0,11671575000.0,1893000000.0,10256000000.0,0.426,37.02,-1355000000.0,445000000.0,445000000.0,2326000000.0,2032000000.0,1.904,0.625,3064000000.0,18000000.0,3046000000.0,3064000000.0,0.0,398000000.0,0.0,0.0,0.0,2487000000.0,2885000000.0,0.58,2885000000.0,2487000000.0,2346000000.0,9.769,9.42,9.769,7478000000.0,6914525000.0,7478000000.0,33519901936.0,13.0,11.619,699000000.0,3.46,1.0,2647000000.0,0.532,2195000000.0,141000000.0,11579000000.0,11387325000.0,177000000.0,0.0,0.0,0.0,4671000000.0,994000000.0,3677000000.0,30537901936.0,163000000.0,296000000.0,-2343000000.0,1470000000.0,0.0,-832000000.0,-1059000000.0,0.0,2054000000.0,0.0,2032000000.0,2032000000.0,2032000000.0,0.0,0.0,0.409,246000000.0,2401000000.0,369000000.0,0.0,4.084,15.028,15.507,7760000000.0,0.0,151.487,6.141,6.153,1184000000.0,-223000000.0,4973000000.0,4973000000.0,0.0,0.174,0.294,0.218,0.5,24000000.0,100000000.0,1.0,201588188.0,202000000,210000000.0,24.619,9954000000.0,20000000.0,314000000.0,183000000.0,49.277,899000000.0
57,RIG,MRT,2007-03-31,2007-03-31,2007-03-31,2021-08-03,-30000000.0,11883000000.0,11273075000.0,1819000000.0,10064000000.0,0.39,33.882,-1163000000.0,502000000.0,502000000.0,2248000000.0,1732000000.0,1.897,0.728,3484000000.0,0.0,3484000000.0,3484000000.0,0.0,399000000.0,0.0,0.0,0.0,2107000000.0,2506000000.0,0.57,2506000000.0,2107000000.0,1979000000.0,8.139,7.862,8.139,6878000000.0,7020925000.0,6878000000.0,28964173794.0,14.0,11.558,460000000.0,2.266,1.0,2145000000.0,0.488,2195000000.0,128000000.0,11711000000.0,10729700000.0,168000000.0,0.0,0.0,0.0,5005000000.0,959000000.0,4046000000.0,26136173794.0,40000000.0,415000000.0,-2762000000.0,1890000000.0,0.0,-835000000.0,-748000000.0,0.0,1623000000.0,0.0,1732000000.0,1732000000.0,1732000000.0,0.0,0.0,0.394,131000000.0,2014000000.0,354000000.0,0.0,3.8,15.09,14.348,7568000000.0,0.0,116.781,5.95,5.396,1085000000.0,-770000000.0,4393000000.0,4393000000.0,0.0,0.154,0.247,0.196,0.48,12000000.0,96000000.0,1.0,223804984.0,203000000,212000000.0,21.64,9688000000.0,16000000.0,247000000.0,188000000.0,47.724,860000000.0
58,RIG,MRT,2006-12-31,2006-12-31,2006-12-31,2021-08-03,-30000000.0,11476000000.0,10949750000.0,1656000000.0,9820000000.0,0.355,31.215,-876000000.0,467000000.0,467000000.0,2155000000.0,1385000000.0,1.594,0.679,3298000000.0,95000000.0,3203000000.0,3298000000.0,0.0,401000000.0,0.0,0.0,0.0,1722000000.0,2123000000.0,0.547,2123000000.0,1722000000.0,1607000000.0,6.32,6.1,6.32,6836000000.0,7310075000.0,6836000000.0,26740352137.0,16.0,12.596,361000000.0,1.648,1.0,1727000000.0,0.445,2195000000.0,115000000.0,11073000000.0,9944325000.0,160000000.0,0.0,0.0,0.0,4640000000.0,1039000000.0,3601000000.0,23652052137.0,22000000.0,461000000.0,-2532000000.0,1700000000.0,0.0,-800000000.0,-415000000.0,0.0,1237000000.0,0.0,1385000000.0,1385000000.0,1385000000.0,0.0,0.0,0.357,86000000.0,1641000000.0,477000000.0,0.0,3.46,17.077,18.295,7326000000.0,0.0,115.623,6.093,6.523,929000000.0,-1181000000.0,3882000000.0,3882000000.0,0.0,0.126,0.189,0.173,0.444,13000000.0,90000000.0,1.0,204561450.0,219000000,228000000.0,17.726,9281000000.0,16000000.0,222000000.0,152000000.0,42.379,617000000.0
59,RIG,MRT,2006-09-30,2006-09-30,2006-09-30,2021-08-03,-20600000.0,11178300000.0,10695000000.0,1546700000.0,9631600000.0,0.324,29.624,-747100000.0,407100000.0,407100000.0,2041400000.0,916000000.0,1.775,0.729,3495400000.0,95400000.0,3400000000.0,3495400000.0,0.0,405000000.0,0.0,0.0,0.0,1182800000.0,1587800000.0,0.458,1587800000.0,1182800000.0,1087200000.0,4.073,3.945,4.073,6466100000.0,7596575000.0,6466100000.0,24386351788.0,21.0,15.359,234200000.0,1.073,1.0,1426100000.0,0.411,2209000000.0,95600000.0,11186300000.0,9295325000.0,161000000.0,11600000.0,0.0,11600000.0,4712200000.0,871300000.0,3840900000.0,23072551788.0,-189500000.0,312300000.0,-2660700000.0,1900200000.0,0.0,-736000000.0,-434800000.0,0.0,981300000.0,0.0,916000000.0,916000000.0,916000000.0,0.0,0.0,0.264,274700000.0,1151400000.0,351200000.0,0.0,3.568,25.188,25.7,7132900000.0,0.0,104.674,6.654,6.589,872200000.0,-1802200000.0,3467500000.0,3467500000.0,0.0,0.086,0.121,0.127,0.341,10800000.0,86500000.0,1.0,220422740.0,218275000,225971000.0,15.886,8969300000.0,27000000.0,171200000.0,149600000.0,41.092,675400000.0
60,RIG,MRT,2006-06-30,2006-06-30,2006-06-30,2021-08-03,-20500000.0,10555000000.0,10593575000.0,1249300000.0,9305700000.0,0.303,34.868,-348400000.0,282200000.0,282200000.0,1918700000.0,777400000.0,1.756,0.335,1596000000.0,95400000.0,1500600000.0,1596000000.0,0.0,408100000.0,0.0,0.0,0.0,1001400000.0,1409500000.0,0.44,1409500000.0,1001400000.0,909300000.0,3.402,3.287,3.402,7903600000.0,8029475000.0,7903600000.0,27230923498.0,27.0,19.32,581500000.0,2.565,1.0,1286400000.0,0.401,2208900000.0,92100000.0,8948500000.0,8652025000.0,164200000.0,11000000.0,0.0,11000000.0,2651400000.0,711400000.0,1940000000.0,26096223498.0,-660200000.0,219600000.0,-868000000.0,-592200000.0,0.0,-1461300000.0,-128800000.0,0.0,929900000.0,0.0,777400000.0,777400000.0,777400000.0,0.0,0.0,0.243,321500000.0,964900000.0,337400000.0,0.0,3.302,33.569,33.747,6818900000.0,0.0,114.808,8.142,8.119,703600000.0,-2111200000.0,3205100000.0,3205100000.0,0.0,0.073,0.097,0.116,0.312,27200000.0,83900000.0,1.0,227302265.0,226670000,235066000.0,14.14,8346100000.0,24700000.0,131900000.0,131000000.0,36.82,537900000.0
61,RIG,MRT,2006-03-31,2006-03-31,2006-03-31,2021-08-03,-20400000.0,10589700000.0,10744625000.0,1353600000.0,9236100000.0,0.287,35.337,-328800000.0,461900000.0,461900000.0,1806700000.0,830200000.0,1.431,0.318,1596600000.0,400000000.0,1196600000.0,1596600000.0,0.0,407300000.0,0.0,0.0,0.0,1061600000.0,1468900000.0,0.477,1468900000.0,1061600000.0,959700000.0,3.63,3.502,3.63,8034600000.0,8044500000.0,8034600000.0,27530930302.0,26.0,18.743,631300000.0,2.777,1.0,1271800000.0,0.413,2208900000.0,101900000.0,8569500000.0,8724450000.0,160300000.0,7600000.0,0.0,7600000.0,2555100000.0,946000000.0,1609100000.0,26379230302.0,41600000.0,396900000.0,-397400000.0,-600100000.0,0.0,-986600000.0,68100000.0,0.0,960100000.0,0.0,830200000.0,830200000.0,830200000.0,0.0,0.0,0.27,411100000.0,860700000.0,264900000.0,0.0,3.283,31.775,31.62,6800800000.0,0.0,114.78,8.569,8.477,670900000.0,-2360700000.0,3078500000.0,3078500000.0,0.0,0.077,0.103,0.122,0.345,39000000.0,76900000.0,1.0,229824527.0,227370000,235765000.0,13.54,8380800000.0,23400000.0,129500000.0,128700000.0,36.86,407600000.0
62,RIG,MRT,2005-12-31,2005-12-31,2005-12-31,2021-08-03,-20000000.0,10457000000.0,10770075000.0,1279000000.0,9178000000.0,0.269,34.856,-182000000.0,445000000.0,445000000.0,1720000000.0,716000000.0,1.386,0.31,1597000000.0,400000000.0,1197000000.0,1597000000.0,0.0,406000000.0,0.0,0.0,0.0,914000000.0,1320000000.0,0.456,1320000000.0,914000000.0,803000000.0,3.13,3.03,3.13,7982000000.0,7926225000.0,7982000000.0,24004340574.0,26.0,18.185,682000000.0,2.978,1.0,1172000000.0,0.405,2209000000.0,111000000.0,8477000000.0,9029775000.0,156000000.0,0.0,0.0,0.0,2475000000.0,923000000.0,1552000000.0,23003440574.0,-6000000.0,351000000.0,-170000000.0,-880000000.0,0.0,-1039000000.0,169000000.0,0.0,864000000.0,0.0,716000000.0,716000000.0,716000000.0,0.0,0.0,0.248,452000000.0,720000000.0,254000000.0,0.0,2.882,32.128,31.826,6748000000.0,0.0,99.614,7.954,7.888,583000000.0,-2566000000.0,2892000000.0,2892000000.0,0.0,0.066,0.09,0.101,0.316,38000000.0,75000000.0,1.0,230925628.0,229000000,238000000.0,12.629,8248000000.0,23000000.0,87000000.0,92000000.0,36.017,356000000.0
63,RIG,MRT,2005-09-30,2005-09-30,2005-09-30,2021-08-03,-23000000.0,10772600000.0,10845400000.0,1404700000.0,9367900000.0,0.258,35.627,-172100000.0,596800000.0,596800000.0,1726100000.0,490400000.0,1.551,0.314,1597700000.0,400000000.0,1197700000.0,1597700000.0,0.0,429600000.0,0.0,0.0,0.0,699800000.0,1129400000.0,0.404,1129400000.0,699800000.0,573000000.0,2.144,2.073,2.144,8197700000.0,7778875000.0,8197700000.0,21408206776.0,31.0,18.955,537000000.0,2.334,1.0,1071400000.0,0.383,2254900000.0,126800000.0,8613100000.0,9437100000.0,155200000.0,6400000.0,0.0,6400000.0,2574900000.0,905500000.0,1669400000.0,20157206776.0,-179300000.0,533800000.0,216700000.0,-1478200000.0,0.0,-1250100000.0,361700000.0,0.0,709100000.0,0.0,490400000.0,490400000.0,490400000.0,0.0,0.0,0.175,483500000.0,587900000.0,200800000.0,0.0,2.459,41.104,40.875,6819000000.0,0.0,87.636,7.205,7.208,596500000.0,-2718000000.0,2797500000.0,2797500000.0,0.0,0.045,0.063,0.074,0.25,45800000.0,78200000.0,1.0,230011122.0,230098000,238424000.0,12.158,8517700000.0,80800000.0,82600000.0,183000000.0,37.018,499200000.0
64,RIG,MRT,2005-06-30,2005-06-30,2005-06-30,2021-08-03,-22900000.0,11159200000.0,11078250000.0,1722000000.0,9437200000.0,0.243,34.907,-181900000.0,942500000.0,942500000.0,1720700000.0,474900000.0,1.872,0.401,2193500000.0,400000000.0,1793500000.0,2193500000.0,0.0,461400000.0,0.0,0.0,0.0,684000000.0,1145400000.0,0.426,1145400000.0,684000000.0,539100000.0,2.087,2.03,2.087,7963700000.0,7591600000.0,7963700000.0,19383260344.0,28.0,16.923,515600000.0,2.26,1.0,966000000.0,0.36,2251900000.0,144900000.0,9238200000.0,9989200000.0,153100000.0,4600000.0,0.0,4600000.0,3195500000.0,920100000.0,2275400000.0,17599760344.0,620100000.0,810000000.0,179000000.0,-897600000.0,0.0,-705500000.0,628100000.0,0.0,697500000.0,0.0,474900000.0,474900000.0,474900000.0,0.0,0.0,0.177,510500000.0,455500000.0,208000000.0,0.0,2.21,37.06,36.964,6883400000.0,0.0,77.144,6.551,6.551,564200000.0,-2888400000.0,2686700000.0,2686700000.0,0.0,0.043,0.063,0.068,0.255,28600000.0,74000000.0,1.0,228141418.0,228140000,236465000.0,11.777,8907300000.0,68800000.0,64200000.0,217700000.0,39.043,801900000.0
65,RIG,MRT,2005-03-31,2005-03-31,2005-03-31,2021-08-03,-22800000.0,10691500000.0,11122375000.0,1102900000.0,9588600000.0,0.233,33.4,-140800000.0,420700000.0,420700000.0,1689900000.0,221100000.0,2.551,0.414,2204200000.0,7900000.0,2196300000.0,2204200000.0,0.0,493200000.0,0.0,0.0,0.0,439300000.0,932500000.0,0.36,932500000.0,439300000.0,281600000.0,0.972,0.958,0.972,7561500000.0,7422125000.0,7561500000.0,18539585004.0,42.0,19.882,439900000.0,1.943,1.0,902600000.0,0.348,2251900000.0,157700000.0,9790800000.0,10426325000.0,148500000.0,110700000.0,0.0,110700000.0,3130000000.0,432300000.0,2697700000.0,16509385004.0,22500000.0,546400000.0,88400000.0,-1053300000.0,0.0,-963800000.0,405600000.0,0.0,580700000.0,0.0,221100000.0,221100000.0,221100000.0,0.0,0.0,0.085,528100000.0,374500000.0,165600000.0,0.0,2.183,74.669,75.675,6923600000.0,0.0,73.556,6.368,6.423,484500000.0,-3190200000.0,2592500000.0,2592500000.0,0.0,0.02,0.03,0.042,0.169,23300000.0,70000000.0,1.0,224445506.0,226391000,231568000.0,11.451,8439600000.0,54700000.0,60500000.0,158000000.0,37.279,670600000.0
66,RIG,MRT,2004-12-31,2004-12-31,2004-12-31,2021-08-03,-24400000.0,10758300000.0,11310100000.0,1109100000.0,9649200000.0,0.231,32.919,-127000000.0,451300000.0,451300000.0,1714000000.0,152000000.0,2.578,0.455,2481500000.0,19400000.0,2462100000.0,2481500000.0,0.0,524000000.0,0.0,0.0,0.0,415000000.0,939000000.0,0.359,939000000.0,415000000.0,243000000.0,0.672,0.672,0.672,7392600000.0,7340275000.0,7392600000.0,15899848910.0,38.0,16.933,473000000.0,2.106,1.0,900000000.0,0.344,2251900000.0,172000000.0,10106300000.0,10862375000.0,144700000.0,109200000.0,0.0,109200000.0,3365700000.0,430300000.0,2935400000.0,13614248910.0,-23000000.0,678000000.0,30000000.0,-1205000000.0,0.0,-1174000000.0,551000000.0,0.0,600000000.0,0.0,152000000.0,152000000.0,152000000.0,0.0,0.0,0.058,572000000.0,328000000.0,180800000.0,0.0,1.842,89.567,90.166,7005200000.0,0.0,60.592,5.208,5.206,426500000.0,-3282000000.0,2614000000.0,2614000000.0,0.0,0.013,0.021,0.038,0.159,31000000.0,67000000.0,1.0,224688099.0,224572000,227370000.0,11.64,8506400000.0,62800000.0,91000000.0,141200000.0,37.878,678800000.0
67,RIG,MRT,2004-09-30,2004-09-30,2004-09-30,2021-08-03,-19900000.0,11704000000.0,11536175000.0,1506800000.0,10197200000.0,0.219,33.178,-521000000.0,775800000.0,775800000.0,1639100000.0,231100000.0,1.654,0.571,3061400000.0,386700000.0,2674700000.0,3061400000.0,0.0,525500000.0,0.0,0.0,0.0,480200000.0,1005700000.0,0.398,1005700000.0,480200000.0,300000000.0,1.029,1.015,1.029,7448600000.0,7290275000.0,7448600000.0,14234496025.0,30.0,14.154,46700000.0,0.208,1.0,889400000.0,0.352,2257100000.0,180200000.0,10821500000.0,11362000000.0,150100000.0,4100000.0,0.0,4100000.0,4255400000.0,911000000.0,3344400000.0,11479696025.0,-30500000.0,548600000.0,20500000.0,-642500000.0,0.0,-625800000.0,27600000.0,0.0,567700000.0,0.0,231100000.0,231100000.0,231100000.0,0.0,0.0,0.091,572200000.0,317200000.0,180200000.0,0.0,1.541,49.674,49.702,7683400000.0,0.0,51.144,4.54,4.541,503600000.0,-3208600000.0,2528500000.0,2528500000.0,0.0,0.02,0.032,0.042,0.19,20000000.0,59600000.0,1.0,224460462.0,224502000,231218000.0,11.263,9446900000.0,65600000.0,68900000.0,133800000.0,42.079,595800000.0
68,RIG,MRT,2004-06-30,2004-06-30,2004-06-30,2021-08-03,-20000000.0,11335700000.0,11539600000.0,1072500000.0,10263200000.0,0.217,32.463,-498300000.0,322100000.0,322100000.0,1609200000.0,87200000.0,1.23,0.556,3076900000.0,398900000.0,2678000000.0,3076900000.0,0.0,518400000.0,0.0,0.0,0.0,353700000.0,872100000.0,0.349,872100000.0,353700000.0,167100000.0,0.386,0.386,0.386,7285800000.0,7221850000.0,7285800000.0,12132618781.0,34.0,13.912,3000000.0,0.013,1.0,890400000.0,0.356,2232000000.0,186600000.0,10986700000.0,11557725000.0,151900000.0,6800000.0,0.0,6800000.0,4049900000.0,871800000.0,3178100000.0,9284118781.0,-391900000.0,272600000.0,16100000.0,-678700000.0,0.0,-667500000.0,-225700000.0,0.0,501300000.0,0.0,87200000.0,87200000.0,87200000.0,0.0,0.0,0.035,571500000.0,318900000.0,157300000.0,0.0,1.274,106.469,107.167,7778800000.0,0.0,41.366,3.714,3.714,512100000.0,-3363500000.0,2499600000.0,2499600000.0,0.0,0.008,0.012,0.031,0.142,17200000.0,65600000.0,1.0,224435712.0,224432000,226740000.0,11.137,9103700000.0,67400000.0,79900000.0,123900000.0,40.563,200700000.0
69,RIG,MRT,2004-03-31,2004-03-31,2004-03-31,2021-08-03,-20300000.0,11442400000.0,11632125000.0,1081800000.0,10360600000.0,0.212,32.253,-486800000.0,397900000.0,397900000.0,1629500000.0,-5300000.0,2.06,0.582,3246400000.0,47200000.0,3199200000.0,3246400000.0,0.0,512900000.0,0.0,0.0,0.0,230700000.0,743600000.0,0.301,743600000.0,230700000.0,33900000.0,-0.029,-0.029,-0.029,7234100000.0,7190775000.0,7234100000.0,12104821757.0,52.0,16.279,39300000.0,0.175,1.0,840800000.0,0.34,2230800000.0,196800000.0,11535000000.0,11761375000.0,151800000.0,6200000.0,0.0,6200000.0,4208300000.0,525100000.0,3683200000.0,8920721757.0,-1122500000.0,212500000.0,15900000.0,-1386500000.0,0.0,-1374300000.0,-274300000.0,0.0,526100000.0,0.0,-5300000.0,-5300000.0,-5300000.0,0.0,0.0,-0.002,605900000.0,234900000.0,144600000.0,0.0,1.233,-1683.155,-1374.677,7878600000.0,0.0,39.866,3.611,3.62,450500000.0,-3411500000.0,2470300000.0,2470300000.0,0.0,0.0,-0.001,0.02,0.093,13700000.0,66500000.0,1.0,223769700.0,224292000,226740000.0,11.014,9211600000.0,53500000.0,39200000.0,110800000.0,41.07,556700000.0
70,RIG,MRT,2003-12-31,2003-12-31,2003-12-31,2021-08-03,-20200000.0,11662600000.0,11937125000.0,1178900000.0,10483700000.0,0.204,32.148,-493800000.0,474000000.0,474000000.0,1591200000.0,19200000.0,2.307,0.621,3658100000.0,45800000.0,3612300000.0,3658100000.0,0.0,508200000.0,0.0,0.0,0.0,224200000.0,732400000.0,0.301,732400000.0,224200000.0,22200000.0,0.086,0.086,0.086,7192600000.0,7182675000.0,7192600000.0,10575674506.0,47.0,14.44,31600000.0,0.141,1.0,843100000.0,0.346,2230800000.0,202000000.0,12104800000.0,11895850000.0,152000000.0,5500000.0,0.0,5500000.0,4470000000.0,511100000.0,3958900000.0,7680574507.0,-740200000.0,48400000.0,12800000.0,-1002700000.0,0.0,-820200000.0,-445400000.0,0.0,525400000.0,0.0,19200000.0,19200000.0,19200000.0,0.0,0.0,0.008,603400000.0,239700000.0,146100000.0,0.0,1.068,400.03,399.065,8009600000.0,0.0,34.32,3.155,3.154,435300000.0,-3434200000.0,2434300000.0,2434300000.0,0.0,0.002,0.003,0.019,0.092,6600000.0,65300000.0,1.0,223795499.0,223732000,224851000.0,10.88,9431800000.0,69200000.0,3000000.0,100000000.0,42.157,667800000.0
71,RIG,MRT,2003-09-30,2003-09-30,2003-09-30,2021-08-03,-29000000.0,11717700000.0,12187750000.0,1542500000.0,10175200000.0,0.206,32.059,-99000000.0,806300000.0,806300000.0,1570100000.0,-2767000000.0,1.965,0.633,3701400000.0,282100000.0,3419300000.0,3701400000.0,0.0,507300000.0,0.0,0.0,0.0,-2538900000.0,-2031600000.0,-0.81,-2031600000.0,-2538900000.0,-2744600000.0,-12.393,-12.45,-12.393,7174900000.0,7169875000.0,7174900000.0,9442051200.0,-4.0,-4.648,604100000.0,2.699,1.0,937300000.0,0.374,2223400000.0,205700000.0,11604400000.0,11971350000.0,156400000.0,70000000.0,0.0,70000000.0,4542800000.0,785000000.0,3757800000.0,6397751200.0,-215500000.0,-1800000.0,12300000.0,-1002200000.0,0.0,-817800000.0,-100800000.0,0.0,703100000.0,0.0,-2767000000.0,-2767000000.0,-2767000000.0,0.0,0.0,-1.104,3470400000.0,-2533100000.0,147200000.0,0.0,0.892,-2.312,-2.307,7679500000.0,0.0,28.588,2.552,2.552,486600000.0,-3439700000.0,2507400000.0,2507400000.0,0.0,-0.227,-0.386,-0.212,-1.013,1900000.0,64000000.0,1.0,223793337.0,223802000,224642000.0,11.204,9494300000.0,40300000.0,22400000.0,117400000.0,42.423,757500000.0
72,RIG,MRT,2003-06-30,2003-06-30,2003-06-30,2021-08-03,-29500000.0,11705800000.0,13135850000.0,1427000000.0,10278800000.0,0.196,32.009,-110000000.0,714000000.0,714000000.0,1548200000.0,-2522800000.0,1.966,0.635,3758300000.0,282300000.0,3476000000.0,3758300000.0,0.0,504700000.0,0.0,0.0,0.0,-2473500000.0,-1968800000.0,-0.763,-1968800000.0,-2473500000.0,-2682500000.0,-11.292,-11.364,-11.292,7161500000.0,7864275000.0,7161500000.0,10124813249.0,-4.0,-5.143,753200000.0,3.367,1.0,1031500000.0,0.4,2222900000.0,209000000.0,11801300000.0,12245200000.0,160000000.0,68300000.0,0.0,68300000.0,4544300000.0,725900000.0,3818400000.0,7025413249.0,-41900000.0,8900000.0,11600000.0,-988900000.0,0.0,-804000000.0,-101100000.0,0.0,863200000.0,0.0,-2522800000.0,-2522800000.0,-2522800000.0,0.0,0.0,-0.978,3501300000.0,-2469800000.0,140000000.0,0.0,0.981,-2.785,-2.781,7782700000.0,0.0,31.404,2.723,2.724,442300000.0,-3450700000.0,2579700000.0,2579700000.0,0.0,-0.192,-0.321,-0.202,-0.959,700000.0,58600000.0,1.0,223713205.0,223732000,223732000.0,11.53,9482900000.0,45900000.0,-159700000.0,115100000.0,42.385,701100000.0
73,RIG,MRT,2003-03-31,2003-03-31,2003-03-31,2021-08-03,-31100000.0,12662400000.0,14035425000.0,2230000000.0,10432400000.0,0.187,32.199,-117700000.0,1520400000.0,1520400000.0,1487300000.0,-2398300000.0,1.488,0.758,4619800000.0,1051700000.0,3568100000.0,4619800000.0,0.0,501500000.0,0.0,0.001,0.043,-2314600000.0,-1813100000.0,-0.691,-1813100000.0,-2314600000.0,-2523300000.0,-10.735,-10.806,-10.735,7201700000.0,8498275000.0,7201700000.0,9991595216.0,-4.0,-5.511,849800000.0,3.799,1.0,1134700000.0,0.433,2190600000.0,208700000.0,12072900000.0,12436775000.0,157100000.0,110700000.0,0.0,110700000.0,5460700000.0,1498300000.0,3962400000.0,6527795215.0,932300000.0,59500000.0,12000000.0,-152100000.0,-9500000.0,23000000.0,-58200000.0,0.0,967500000.0,0.0,-2398300000.0,-2398300000.0,-2398300000.0,0.0,0.0,-0.915,3485300000.0,-2350600000.0,132600000.0,-0.004,0.906,-2.722,-2.723,7911400000.0,0.0,29.231,2.49,2.493,481700000.0,-3406200000.0,2622000000.0,2622000000.0,0.0,-0.171,-0.282,-0.186,-0.883,900000.0,59700000.0,1.0,223317630.0,223662000,224991000.0,11.723,10471800000.0,43300000.0,-125000000.0,121200000.0,46.82,731700000.0
74,RIG,MRT,2002-12-31,2002-12-31,2002-12-31,2021-08-03,-31500000.0,12665100000.0,14695925000.0,1911700000.0,10753400000.0,0.182,31.99,-141000000.0,1214200000.0,1214200000.0,1494200000.0,-3731900000.0,1.271,0.773,4678000000.0,1048100000.0,3629900000.0,4678000000.0,0.0,500300000.0,0.0,0.003,0.086,-3642900000.0,-3142600000.0,-1.175,-3142600000.0,-3642900000.0,-3854900000.0,-16.71,-16.71,-16.71,7141400000.0,9104525000.0,7141400000.0,11106492075.0,-3.0,-3.534,798000000.0,3.575,1.0,1179700000.0,0.441,2218200000.0,212000000.0,12406800000.0,12769050000.0,155800000.0,108500000.0,0.0,108500000.0,5523700000.0,1503900000.0,4019800000.0,7405892075.0,360800000.0,95700000.0,10200000.0,-515700000.0,-19100000.0,-532900000.0,-45300000.0,0.0,939000000.0,0.0,-3731900000.0,-3731900000.0,-3731900000.0,0.0,0.0,-1.396,3489600000.0,-2309900000.0,134100000.0,-0.005,1.037,-1.984,-1.985,8029800000.0,0.0,33.162,2.77,2.769,437600000.0,-3453400000.0,2673900000.0,2673900000.0,0.0,-0.254,-0.41,-0.285,-1.362,1100000.0,65600000.0,1.0,223325952.0,223242000,223242000.0,11.978,10446900000.0,48100000.0,-123000000.0,166700000.0,46.796,407800000.0
75,RIG,MRT,2002-09-30,2002-09-30,2002-09-30,2021-08-03,-700000.0,15510100000.0,15791600000.0,1783900000.0,13726200000.0,0.175,44.568,-177700000.0,1021800000.0,1021800000.0,1567500000.0,-895200000.0,1.264,0.558,4722400000.0,941600000.0,3780800000.0,4722400000.0,0.0,537400000.0,0.0,0.004,0.129,-811200000.0,-273800000.0,-0.099,-273800000.0,-811200000.0,-1031000000.0,-4.002,-3.959,-4.002,9952500000.0,10046750000.0,9952500000.0,10511175709.0,-13.0,-38.39,716600000.0,3.209,1.0,1189400000.0,0.431,5099100000.0,219800000.0,12699800000.0,13086600000.0,164000000.0,107000000.0,0.0,107000000.0,5557600000.0,1411800000.0,4145800000.0,6639775709.0,670800000.0,179100000.0,10300000.0,-205200000.0,-28700000.0,-224900000.0,1400000.0,0.0,894300000.0,0.0,-895200000.0,-895200000.0,-895200000.0,0.0,0.0,-0.325,654400000.0,535000000.0,128100000.0,-0.032,0.667,-7.417,-7.429,8097200000.0,0.0,29.731,2.408,2.408,544300000.0,-672700000.0,2756900000.0,2756900000.0,0.0,-0.057,-0.089,-0.062,-0.294,600000.0,65600000.0,1.0,223326302.0,223312000,230028000.0,12.346,10411000000.0,21300000.0,-135800000.0,189300000.0,46.621,372100000.0
76,RIG,MRT,2002-06-30,2002-06-30,2002-06-30,2021-08-03,-200000.0,15304100000.0,16131075000.0,1578400000.0,13725700000.0,0.176,43.439,-215600000.0,755900000.0,755900000.0,1604600000.0,-1052800000.0,1.049,0.578,4627300000.0,924700000.0,3702600000.0,4627300000.0,0.0,580200000.0,0.0,0.004,0.172,-762900000.0,-182700000.0,-0.065,-182700000.0,-762900000.0,-991200000.0,-4.703,-4.66,-4.703,9697500000.0,10273450000.0,9697500000.0,13951305110.0,-18.0,-76.362,674100000.0,3.02,1.0,1227300000.0,0.433,5103000000.0,228300000.0,12567600000.0,13400725000.0,169300000.0,114300000.0,0.0,114300000.0,5606600000.0,1504900000.0,4101700000.0,9942705110.0,647200000.0,255400000.0,11100000.0,-252700000.0,-38200000.0,-282800000.0,40300000.0,400000.0,889700000.0,0.0,-1052800000.0,-1052800000.0,-1052800000.0,0.0,0.0,-0.372,648600000.0,578700000.0,133300000.0,-0.037,1.025,-9.444,-9.467,8114800000.0,0.0,44.525,3.511,3.51,591500000.0,-927900000.0,2831900000.0,2831900000.0,0.0,-0.065,-0.102,-0.057,-0.269,400000.0,64300000.0,1.0,223303900.0,223242000,226600000.0,12.685,10201100000.0,21300000.0,61600000.0,489600000.0,45.695,73500000.0
77,RIG,MRT,2002-03-31,2002-03-31,2002-03-31,2021-08-03,800000.0,15304400000.0,16502175000.0,1510100000.0,13794300000.0,0.178,43.122,-298100000.0,588100000.0,588100000.0,1633300000.0,-1064300000.0,1.869,0.59,4596700000.0,151800000.0,4444900000.0,4596700000.0,0.0,621100000.0,0.0,0.004,0.172,-741800000.0,-120700000.0,-0.041,-120700000.0,-741800000.0,-984400000.0,-4.746,-4.717,-4.746,9626700000.0,10541625000.0,9626700000.0,14775126951.0,-20.0,-122.412,378600000.0,1.696,1.0,1304600000.0,0.444,5103000000.0,242600000.0,13402000000.0,13804400000.0,167300000.0,116000000.0,0.0,116000000.0,5677700000.0,808000000.0,4869700000.0,10604726951.0,322500000.0,255800000.0,29500000.0,-305600000.0,-38300000.0,-329300000.0,-24900000.0,17200000.0,676700000.0,0.0,-1064300000.0,-1064300000.0,-1064300000.0,0.0,0.0,-0.362,686700000.0,617900000.0,155000000.0,-0.036,1.102,-9.964,-10.008,8240800000.0,0.0,47.499,3.61,3.609,684500000.0,-998300000.0,2937900000.0,2937900000.0,0.0,-0.064,-0.101,-0.054,-0.252,200000.0,62900000.0,1.0,223264128.0,223242000,226041000.0,13.16,10201400000.0,22200000.0,79900000.0,498900000.0,45.697,702100000.0
78,RIG,MRT,2001-12-31,2001-12-31,2001-12-31,2021-08-03,-2300000.0,17047800000.0,16895075000.0,1736800000.0,15311000000.0,0.167,50.437,-506200000.0,853400000.0,853400000.0,1603300000.0,252600000.0,1.616,0.563,5023800000.0,484400000.0,4539400000.0,5023800000.0,0.0,625000000.0,0.0,0.004,0.172,552700000.0,1177700000.0,0.418,1177700000.0,552700000.0,328800000.0,1.172,1.144,1.172,10910300000.0,10807400000.0,10910300000.0,15210868837.0,28.0,12.916,54200000.0,0.251,1.0,1216800000.0,0.431,6466700000.0,223900000.0,13677000000.0,13935825000.0,158800000.0,107100000.0,0.0,107100000.0,6137500000.0,1074500000.0,5063000000.0,10780868837.0,818900000.0,487000000.0,40200000.0,288800000.0,-38200000.0,284900000.0,-26400000.0,17200000.0,560400000.0,0.0,252600000.0,252600000.0,252600000.0,0.0,0.0,0.09,666800000.0,550000000.0,188400000.0,0.147,0.988,42.68,41.247,8368100000.0,0.0,48.342,3.823,3.708,602900000.0,297700000.0,2820100000.0,2820100000.0,0.0,0.015,0.023,0.04,0.196,0.0,57900000.0,1.0,223012887.0,216316000,220234000.0,13.037,10581100000.0,49000000.0,76200000.0,463400000.0,48.915,662300000.0
79,RIG,MRT,2001-09-30,2001-09-30,2001-09-30,2021-08-03,3100000.0,16868000000.0,14222825000.0,1287500000.0,15580500000.0,0.168,48.704,-552200000.0,351000000.0,351000000.0,1414100000.0,187400000.0,1.536,0.553,4781000000.0,135900000.0,4645100000.0,4781000000.0,0.0,527400000.0,0.0,0.005,0.172,429400000.0,956800000.0,0.401,956800000.0,429400000.0,263700000.0,0.858,0.815,0.858,10859300000.0,9080850000.0,10859300000.0,13111412867.0,31.0,13.703,-172000000.0,-0.771,1.0,973300000.0,0.408,6503300000.0,165700000.0,13956300000.0,12077725000.0,157900000.0,36000000.0,0.0,36000000.0,6008700000.0,838400000.0,5170300000.0,8414512867.0,314000000.0,443700000.0,40000000.0,107500000.0,-35000000.0,100400000.0,-166600000.0,17200000.0,380200000.0,0.0,187400000.0,187400000.0,187400000.0,0.0,0.0,0.078,548500000.0,424800000.0,160400000.0,0.2,0.775,44.901,43.981,8600000000.0,0.0,37.736,3.525,3.524,727400000.0,251200000.0,2387400000.0,2387400000.0,0.0,0.013,0.021,0.036,0.18,1900000.0,54300000.0,1.0,222984591.0,222963000,225761000.0,10.708,10364700000.0,16000000.0,76300000.0,611800000.0,46.486,449100000.0
80,RIG,MRT,2001-06-30,2001-06-30,2001-06-30,2021-08-03,3100000.0,16788500000.0,11571872250.0,1113700000.0,15674800000.0,0.167,48.381,-638700000.0,108700000.0,108700000.0,1188100000.0,139100000.0,1.425,0.559,4805600000.0,120500000.0,4685100000.0,4805600000.0,0.0,424800000.0,0.0,0.003,0.172,304100000.0,728900000.0,0.377,728900000.0,304100000.0,197400000.0,0.743,0.715,0.743,10770200000.0,7370432250.0,10770200000.0,17724783643.0,58.0,24.317,-475600000.0,-2.136,1.0,743600000.0,0.385,6521400000.0,106700000.0,14182300000.0,10126761750.0,155700000.0,42600000.0,0.0,42600000.0,6018300000.0,781700000.0,5236600000.0,13116883643.0,-60600000.0,358000000.0,42700000.0,75200000.0,-31800000.0,74400000.0,-298100000.0,16800000.0,163100000.0,0.0,139100000.0,139100000.0,139100000.0,0.0,0.0,0.072,438600000.0,305000000.0,207600000.0,0.231,1.218,94.298,79.357,8744800000.0,0.0,58.962,6.79,6.795,786000000.0,163200000.0,1931700000.0,1931700000.0,0.0,0.012,0.019,0.03,0.157,1900000.0,49000000.0,1.0,222462347.0,222613000,227370000.0,8.677,10267100000.0,15100000.0,58300000.0,593900000.0,46.121,332000000.0
81,RIG,MRT,2001-03-31,2001-03-31,2001-03-31,2021-08-03,1600000.0,16876000000.0,8953316500.0,1157000000.0,15719000000.0,0.165,54.454,-689700000.0,265600000.0,265600000.0,977800000.0,106500000.0,1.167,0.579,4873500000.0,260600000.0,4612900000.0,4873500000.0,0.0,324400000.0,0.0,0.003,0.19,183900000.0,508300000.0,0.344,508300000.0,183900000.0,143700000.0,0.672,0.658,0.672,10689800000.0,5671935250.0,10689800000.0,15165118301.0,82.0,29.835,-472700000.0,-2.408,1.0,500900000.0,0.339,6564600000.0,40200000.0,13927700000.0,8123083000.0,151700000.0,39700000.0,0.0,39700000.0,6186200000.0,991600000.0,5194600000.0,13746271301.0,142700000.0,332800000.0,26000000.0,315600000.0,-28500000.0,313200000.0,-387500000.0,0.0,217000000.0,0.0,106500000.0,106500000.0,106500000.0,0.0,0.0,0.072,330900000.0,170000000.0,241700000.0,0.283,1.286,129.073,92.208,8768800000.0,0.0,61.964,9.296,8.226,658000000.0,104300000.0,1478700000.0,1478700000.0,0.0,0.012,0.019,0.023,0.124,1900000.0,43800000.0,1.0,221842939.0,196308000,199736000.0,7.533,10311400000.0,17000000.0,37200000.0,613900000.0,52.527,165400000.0
82,RIG,MRT,2000-12-31,2000-12-31,2000-12-31,2021-08-03,0.0,6358800000.0,6279179500.0,448100000.0,5910700000.0,0.196,27.203,-574700000.0,34500000.0,34500000.0,812600000.0,108500000.0,0.905,0.588,1453400000.0,23100000.0,1430300000.0,1453400000.0,0.0,259500000.0,0.0,0.003,0.208,148200000.0,407700000.0,0.332,407700000.0,148200000.0,145200000.0,0.743,0.729,0.743,4004100000.0,3985379000.0,4004100000.0,11011441126.0,74.0,27.009,-378800000.0,-2.573,1.0,416900000.0,0.339,1037900000.0,3000000.0,6244600000.0,6104932000.0,89500000.0,105900000.0,0.0,105900000.0,2354700000.0,495200000.0,1859500000.0,9692935126.0,-131200000.0,86300000.0,13700000.0,179300000.0,-25300000.0,165800000.0,-492900000.0,0.0,195900000.0,0.0,108500000.0,108500000.0,108500000.0,0.0,0.0,0.088,283800000.0,133100000.0,135600000.0,0.28,2.421,89.336,88.495,4695000000.0,0.0,65.752,7.884,7.872,268900000.0,83300000.0,1229500000.0,1229500000.0,0.0,0.017,0.027,0.024,0.121,1900000.0,42100000.0,1.0,147416900.0,147196000,148105000.0,8.353,5320900000.0,18100000.0,36700000.0,472300000.0,36.148,-47100000.0
83,RIG,MRT,2000-09-30,2000-09-30,2000-09-30,2021-08-03,0.0,6264189000.0,6224522000.0,457331000.0,5806858000.0,0.168,27.281,-590504000.0,36972000.0,36972000.0,672859000.0,105302000.0,1.186,0.559,1355478000.0,15628000.0,1339850000.0,1355478000.0,0.0,228792000.0,0.0,0.003,0.227,135959000.0,364751000.0,0.349,364751000.0,135959000.0,133721000.0,0.629,0.629,0.629,4017629000.0,3961888750.0,4017629000.0,13645016742.0,100.0,37.409,-359079000.0,-2.438,1.0,373001000.0,0.357,1044717000.0,2238000.0,6152447000.0,5954918000.0,83068000.0,105700000.0,0.0,105700000.0,2246560000.0,385531000.0,1861029000.0,12346611742.0,11421000.0,474800000.0,13800000.0,-414529000.0,-18900000.0,-143689000.0,-76315000.0,0.0,231425000.0,0.0,105302000.0,105302000.0,105302000.0,0.0,0.0,0.101,252408000.0,120593000.0,79251000.0,0.361,3.073,117.25,133.235,4606347000.0,0.0,83.805,11.805,11.8,302337000.0,98755000.0,1045860000.0,1045860000.0,0.0,0.017,0.027,0.023,0.13,0.0,35923000.0,1.0,147325423.0,147266000,148315000.0,7.102,5219472000.0,22452000.0,28419000.0,502431000.0,35.442,71800000.0
84,RIG,MRT,2000-06-30,2000-06-30,2000-06-30,2021-08-03,0.0,6314277000.0,5501936500.0,571916000.0,5742361000.0,0.163,27.013,-594375000.0,169297000.0,169297000.0,579167000.0,87806000.0,1.453,0.588,1467702000.0,54982000.0,1412720000.0,1467702000.0,0.0,197561000.0,0.0,0.003,0.245,102084000.0,299645000.0,0.334,299645000.0,102084000.0,98395000.0,0.715,0.715,0.715,3976212000.0,3497013500.0,3976212000.0,12437080867.0,122.0,41.506,-420281000.0,-2.855,1.0,317443000.0,0.354,1051507000.0,3689000.0,6167585000.0,5214234000.0,79565000.0,104635000.0,0.0,104635000.0,2338065000.0,393590000.0,1944475000.0,11246828867.0,84413000.0,471000000.0,10400000.0,-313533000.0,-12600000.0,28318000.0,-117999000.0,0.0,174094000.0,0.0,87806000.0,87806000.0,87806000.0,0.0,0.0,0.098,227512000.0,89931000.0,73138000.0,0.343,2.829,128.087,106.834,4539696000.0,0.0,76.387,12.544,12.54,287544000.0,55797000.0,896610000.0,896610000.0,0.0,0.016,0.025,0.02,0.114,0.0,30816000.0,1.0,147235806.0,147196000,148105000.0,6.091,5262770000.0,20759000.0,10589000.0,490842000.0,35.753,178326000.0
85,RIG,MRT,2000-03-31,2000-03-31,2000-03-31,2021-08-03,0.0,6179452000.0,4756516250.0,540989000.0,5638463000.0,0.16,26.817,-572341000.0,122857000.0,122857000.0,487959000.0,79264000.0,1.201,0.567,1313109000.0,61367000.0,1251742000.0,1313109000.0,0.0,165931000.0,0.0,0.003,0.245,90642000.0,256573000.0,0.338,256573000.0,90642000.0,83436000.0,0.829,0.829,0.829,3943575000.0,3031446750.0,3943575000.0,11888294639.0,131.0,46.335,-405525000.0,-2.758,1.0,271883000.0,0.358,1063999000.0,7206000.0,5855096000.0,4444141500.0,78269000.0,103512000.0,0.0,103512000.0,2235877000.0,450609000.0,1785268000.0,10787805639.0,-125048000.0,470600000.0,7500000.0,-524128000.0,-6300000.0,-189336000.0,-102528000.0,0.0,166816000.0,0.0,79264000.0,79264000.0,79264000.0,0.0,0.0,0.104,192750000.0,79133000.0,107426000.0,0.296,2.736,136.1,88.47,4433253000.0,0.0,73.342,14.197,14.194,298307000.0,26173000.0,759842000.0,759842000.0,0.0,0.017,0.026,0.02,0.119,0.0,25484000.0,1.0,147089238.0,147056000,147616000.0,5.167,5115453000.0,21783000.0,4172000.0,502484000.0,34.786,90380000.0
86,RIG,MRT,1999-12-31,1999-12-31,1999-12-31,2021-08-03,0.0,6140170000.0,4020667750.0,558866000.0,5581304000.0,0.161,50.996,-537000000.0,165673000.0,165673000.0,448900000.0,58100000.0,1.057,0.57,1266162000.0,78584000.0,1187578000.0,1266162000.0,0.0,131900000.0,0.0,0.005,0.245,59100000.0,191000000.0,0.295,191000000.0,59100000.0,48800000.0,0.758,0.758,0.758,3910139000.0,2560882500.0,3910139000.0,4103375675.0,69.0,21.484,-296400000.0,-3.866,1.0,199300000.0,0.307,1067594000.0,10300000.0,5644544000.0,3731673000.0,77058000.0,101892000.0,0.0,101892000.0,2230031000.0,528521000.0,1701510000.0,3388364675.0,-8800000.0,446100000.0,0.0,-422700000.0,0.0,-159200000.0,-90200000.0,0.0,240600000.0,0.0,58100000.0,58100000.0,58100000.0,0.0,0.0,0.09,150000000.0,49300000.0,144538000.0,0.323,0.867,58.32,63.53,4344502000.0,0.0,48.156,5.227,5.696,235342000.0,,648200000.0,648200000.0,0.0,0.014,0.023,0.016,0.091,0.0,16800000.0,1.0,70362123.0,76676000,76676000.0,8.454,5072576000.0,12562000.0,-9300000.0,495844000.0,66.156,30345000.0
87,RIG,MRT,1999-09-30,1999-09-30,1999-09-30,2021-08-03,0.0,3373847000.0,2853855000.0,242514000.0,3131333000.0,0.29,28.155,-378833000.0,26363000.0,26363000.0,540970000.0,171926000.0,1.022,0.563,741374000.0,30104000.0,711270000.0,741374000.0,0.0,136137000.0,0.0,0.006,0.245,107102000.0,243239000.0,0.294,243239000.0,107102000.0,101561000.0,1.944,1.973,1.944,2158128000.0,1724443250.0,2158128000.0,3754209002.0,35.0,15.434,-1670000.0,-0.022,1.0,287501000.0,0.347,661798000.0,5541000.0,3189711000.0,2697613000.0,35348000.0,39466000.0,0.0,39466000.0,1215719000.0,237349000.0,978370000.0,3080254002.0,-46013000.0,-27675000.0,0.0,120456000.0,9030000.0,-28113000.0,-395063000.0,0.0,377163000.0,0.0,171926000.0,171926000.0,171926000.0,0.0,0.0,0.208,153541000.0,133960000.0,31633000.0,0.126,1.427,17.916,22.522,2407342000.0,0.0,43.782,3.718,4.051,165046000.0,766124000.0,828471000.0,828471000.0,0.0,0.06,0.1,0.04,0.129,0.0,17262000.0,1.0,70354087.0,76650974,76701346.0,10.808,2712049000.0,11584000.0,-70365000.0,345206000.0,35.382,5165000.0
88,RIG,MRT,1999-06-30,1999-06-30,1999-06-30,2021-08-03,0.0,3332596000.0,2797565500.0,285376000.0,3047220000.0,0.333,27.579,-433438000.0,55384000.0,55384000.0,555566000.0,233051000.0,1.128,0.576,729339000.0,27868000.0,701471000.0,729339000.0,0.0,132265000.0,0.0,0.007,0.245,211981000.0,344246000.0,0.369,344246000.0,211981000.0,204802000.0,2.859,2.873,2.859,2113945000.0,1652033250.0,2113945000.0,3299009875.0,16.0,9.583,14122000.0,0.184,1.0,376657000.0,0.404,666280000.0,7179000.0,3087215000.0,2678863750.0,35219000.0,35818000.0,0.0,35818000.0,1218651000.0,253056000.0,965595000.0,2639707875.0,2234000.0,-9834000.0,0.0,216152000.0,6015000.0,-5783000.0,-439543000.0,0.0,447560000.0,0.0,233051000.0,233051000.0,233051000.0,0.0,0.0,0.25,151744000.0,224913000.0,44269000.0,0.086,1.249,11.327,13.124,2324087000.0,0.0,37.521,2.832,3.085,177572000.0,722279000.0,932223000.0,932223000.0,0.0,0.083,0.141,0.079,0.227,0.0,19479000.0,1.0,70351986.0,76650974,76701346.0,12.162,2666316000.0,11255000.0,-28249000.0,355322000.0,34.785,32320000.0
89,RIG,MRT,1999-03-31,1999-03-31,1999-03-31,2021-08-03,0.0,3236058000.0,2701777750.0,297494000.0,2938564000.0,0.378,26.892,-415375000.0,45938000.0,45938000.0,577323000.0,275354000.0,1.356,0.57,705240000.0,23294000.0,681946000.0,705240000.0,0.0,127198000.0,0.0,0.006,0.245,280508000.0,407706000.0,0.399,407706000.0,280508000.0,271571000.0,3.502,3.502,3.502,2061318000.0,1568099000.0,2061318000.0,3660646019.0,13.0,8.979,88504000.0,1.155,1.0,444045000.0,0.435,670761000.0,8937000.0,3005222000.0,2615804000.0,34214000.0,38311000.0,0.0,38311000.0,1174740000.0,219377000.0,955363000.0,2897474019.0,149418000.0,-4745000.0,-654000.0,268447000.0,2998000.0,59467000.0,-413928000.0,0.0,503879000.0,0.0,275354000.0,275354000.0,275354000.0,0.0,0.0,0.27,150332000.0,293713000.0,36864000.0,0.07,1.406,10.523,11.759,2201453000.0,0.0,41.181,2.837,3.091,198055000.0,668911000.0,1021368000.0,1021368000.0,0.0,0.102,0.176,0.107,0.275,0.0,23134000.0,1.0,70360042.0,76650974,76701346.0,13.325,2565297000.0,9949000.0,-3783000.0,331980000.0,33.467,78117000.0
90,RIG,MRT,1998-12-31,1998-12-31,1998-12-31,2021-08-03,0.0,1472919000.0,2613752750.0,514693000.0,958226000.0,0.417,7.363,-424749000.0,174481000.0,174481000.0,562565000.0,341578000.0,1.727,1.61,507850000.0,14348000.0,493502000.0,507850000.0,0.0,124707000.0,0.0,0.006,0.245,386971000.0,511678000.0,0.469,511678000.0,386971000.0,374021000.0,4.46,4.46,4.46,564382000.0,1479080750.0,564382000.0,3523026715.0,9.0,6.885,48665000.0,0.635,1.0,527958000.0,0.484,0.0,12950000.0,1508304000.0,2550924750.0,45976000.0,24865000.0,0.0,24865000.0,908537000.0,297984000.0,610553000.0,2695775715.0,79364000.0,0.0,0.0,168611000.0,0.0,27494000.0,-421544000.0,0.0,473414000.0,0.0,341578000.0,341578000.0,341578000.0,0.0,0.0,0.313,150693000.0,377265000.0,120385000.0,0.055,4.777,7.892,8.592,915423000.0,0.0,38.322,2.472,2.694,235785000.0,586696000.0,1090523000.0,1090523000.0,0.0,0.131,0.231,0.152,0.355,0.0,25986000.0,1.0,70345568.0,76650974,76701346.0,14.227,1472919000.0,17938000.0,32443000.0,41058000.0,19.216,216709000.0
91,RIG,MRT,1998-09-30,1998-09-30,1998-09-30,2021-08-03,0.0,3148689000.0,2934295000.0,341266000.0,2807423000.0,0.347,26.633,-165071000.0,30681000.0,30681000.0,417286000.0,405861000.0,1.88,0.685,857932000.0,4798000.0,853134000.0,857932000.0,0.0,120012000.0,0.0,0.005,0.245,514865000.0,634877000.0,0.623,634877000.0,514865000.0,494157000.0,5.517,5.489,5.517,1868488000.0,1743279750.0,1868488000.0,4213747059.0,8.0,6.637,319569000.0,4.555,1.0,602030000.0,0.591,679725000.0,20708000.0,3114714000.0,2812751500.0,35004000.0,52176000.0,0.0,52176000.0,1280201000.0,181501000.0,1098700000.0,3479665059.0,-19609000.0,-71381000.0,89207000.0,21031000.0,-71101000.0,-263013000.0,-241236000.0,0.0,484640000.0,0.0,405861000.0,405861000.0,405861000.0,0.0,0.0,0.398,138225000.0,463805000.0,40070000.0,0.044,1.862,8.574,8.988,2042880000.0,0.0,49.585,3.414,3.413,245539000.0,486447000.0,1019316000.0,1019316000.0,0.0,0.138,0.233,0.183,0.505,0.0,18213000.0,1.0,70175084.0,70157987,70567952.0,14.529,2468964000.0,3967000.0,88296000.0,279129000.0,35.191,159765000.0
92,RIG,MRT,1998-06-30,1998-06-30,1998-06-30,2021-08-03,0.0,2949445000.0,,330480000.0,2618965000.0,,25.397,-63561000.0,41742000.0,41742000.0,434147000.0,352051000.0,2.011,0.659,775824000.0,4803000.0,771021000.0,775824000.0,0.0,116716000.0,0.0,0.004,0.245,441793000.0,558509000.0,0.574,558509000.0,441793000.0,420303000.0,4.746,4.717,4.746,1778208000.0,,1778208000.0,5187348035.0,12.0,9.288,375574000.0,5.364,1.0,539368000.0,0.554,684206000.0,21490000.0,2834976000.0,,33004000.0,50109000.0,0.0,50109000.0,1171237000.0,164345000.0,1006892000.0,4463681035.0,895000.0,-89114000.0,46118000.0,43781000.0,-71131000.0,-280601000.0,-157639000.0,0.0,439135000.0,0.0,352051000.0,352051000.0,352051000.0,0.0,0.0,0.362,134915000.0,404453000.0,47715000.0,0.052,2.51,12.679,13.402,1854589000.0,0.0,63.608,4.585,4.575,231306000.0,396534000.0,973515000.0,973515000.0,0.0,,,,0.454,0.0,18199000.0,1.0,70175084.0,70017367,70663798.0,13.904,2265239000.0,7511000.0,68252000.0,246629000.0,32.353,166135000.0
93,RIG,MRT,1998-03-31,1998-03-31,1998-03-31,2021-08-03,0.0,2883958000.0,,350536000.0,2533422000.0,,24.455,-45707000.0,57619000.0,57619000.0,452483000.0,310306000.0,2.024,0.691,781286000.0,4803000.0,776483000.0,781286000.0,0.0,114450000.0,0.0,0.003,0.246,383668000.0,498118000.0,0.536,498118000.0,383668000.0,361724000.0,4.145,4.117,4.145,1705245000.0,,1705245000.0,5818580859.0,15.0,11.681,293807000.0,4.213,1.0,477548000.0,0.513,688688000.0,21944000.0,2745705000.0,,31543000.0,44058000.0,0.0,44058000.0,1178713000.0,173232000.0,1005481000.0,5139711859.0,36122000.0,6229000.0,50278000.0,70880000.0,-71155000.0,-258072000.0,-45320000.0,0.0,339514000.0,0.0,310306000.0,310306000.0,310306000.0,0.0,0.0,0.334,132191000.0,345357000.0,45456000.0,0.059,3.014,16.563,17.739,1758180000.0,0.0,73.528,5.526,5.513,241168000.0,329890000.0,930031000.0,930031000.0,0.0,,,,0.413,0.0,17741000.0,1.0,69901680.0,69731231,70437827.0,13.337,2195270000.0,10008000.0,51418000.0,246705000.0,31.482,177304000.0
94,RIG,MRT,1997-12-31,1997-12-31,1997-12-31,2021-08-03,0.0,2755088000.0,2599151000.0,307090000.0,2447998000.0,0.343,21.15,-13411000.0,54225000.0,54225000.0,466269000.0,260455000.0,1.658,0.699,733094000.0,4812000.0,728282000.0,733094000.0,0.0,110780000.0,0.0,0.004,0.246,312098000.0,422878000.0,0.474,422878000.0,312098000.0,292459000.0,3.402,3.402,3.402,1621178000.0,1624443500.0,1621178000.0,,,,305073000.0,3.98,1.0,425065000.0,0.477,693154000.0,19639000.0,2555611000.0,2200177500.0,30917000.0,45869000.0,0.0,45869000.0,1133910000.0,185192000.0,948718000.0,4814982785.0,30380000.0,0.0,0.0,101573000.0,-71195000.0,-268851000.0,-19253000.0,0.0,318484000.0,0.0,260455000.0,260455000.0,260455000.0,0.0,0.0,0.292,126444000.0,298621000.0,62997000.0,0.072,2.97,18.487,20.248,1667974000.0,0.0,68.882,5.402,5.924,175486000.0,255328000.0,891334000.0,891334000.0,0.0,0.1,0.16,0.142,0.35,0.0,15664000.0,1.0,69901680.0,76650974,76701346.0,11.628,2061934000.0,4418000.0,32004000.0,218308000.0,26.9,121898000.0
95,RIG,MRT,1997-09-30,1997-09-30,1997-09-30,2021-08-03,,,,,,,,,,,,,,,,,,,,,,0.004,0.246,,,,,,,,,,,,,,,,,,1.0,,,,,,,,,,,,,,,,,,,,,,,,,,,,,,,,,,,,,,,,68.611,,,,,,,,,,,,,,1.0,,70855488,,,,,,,,
96,RIG,MRT,1997-06-30,1997-06-30,1997-06-30,2021-08-03,,,,,,,,,,,,,,,,,,,,,,0.005,0.246,,,,,,,,,,,,,,,,,,1.0,,,,,,,,,,,,,,,,,,,,,,,,,,,,,,,,,,,,,,,,51.908,,,,,,,,,,,,,,1.0,,70776433,,,,,,,,
97,RIG,MRT,1997-03-31,1997-03-31,1997-03-31,2021-08-03,,,,,,,,,,,,,,,,,,,,,,0.006,0.246,,,,,,,,,,,,,,,,,,1.0,,,,,,,,,,,,,,,,,,,,,,,,,,,,,,,,,,,,,,,,40.116,,,,,,,,,,,,,,1.0,,71490725,,,,,,,,
98,RIG,MRT,1996-12-31,1996-12-31,1996-12-31,2021-08-03,0.0,2443214000.0,,252246000.0,2190968000.0,,32.459,-212959000.0,24154000.0,24154000.0,359304000.0,78045000.0,1.09,0.501,420335000.0,28013000.0,392322000.0,420335000.0,0.0,46587000.0,0.0,0.005,0.246,128872000.0,175459000.0,0.332,175459000.0,128872000.0,121652000.0,1.558,1.529,1.558,1627709000.0,,1627709000.0,,,,-87438000.0,-1.744,1.0,169599000.0,0.321,763173000.0,7220000.0,1844744000.0,,26556000.0,35608000.0,0.0,35608000.0,815505000.0,231478000.0,584027000.0,,-88818000.0,-240622000.0,3481000.0,254454000.0,-8206000.0,239242000.0,-453581000.0,0.0,125521000.0,0.0,78045000.0,78045000.0,78045000.0,0.0,0.0,0.148,61985000.0,107614000.0,67032000.0,0.158,,,28.73,1370349000.0,0.0,44.761,,4.244,150546000.0,126035000.0,528903000.0,528903000.0,0.0,,,,0.244,0.0,15398000.0,1.0,,50145929,51154052.0,10.547,1680041000.0,17207000.0,43607000.0,209646000.0,33.503,20768000.0
99,RIG,MRT,1995-12-31,1995-12-31,1995-12-31,2021-08-03,,,,,,,,-18905000.0,,,228539000.0,46948000.0,,,,,,,,26995000.0,,0.008,0.246,77668000.0,104663000.0,0.324,104663000.0,77668000.0,75149000.0,1.186,1.172,1.186,,,,,,,40637000.0,1.028,1.0,94119000.0,0.292,,2519000.0,,,,,,,,,,,65981000.0,32231000.0,1172000.0,0.0,-6808000.0,-6887000.0,13326000.0,0.0,59542000.0,0.0,46948000.0,46948000.0,46948000.0,0.0,0.0,0.146,42031000.0,52088000.0,,0.207,,,26.967,,0.0,31.983,,3.919,,,322658000.0,322658000.0,0.0,,,,0.241,0.0,15036000.0,1.0,,39533696,40102471.0,8.162,,,28201000.0,,,
