None,ticker,dimension,calendardate,datekey,reportperiod,lastupdated,accoci,assets,assetsavg,assetsc,assetsnc,assetturnover,bvps,capex,cashneq,cashnequsd,cor,consolinc,currentratio,de,debt,debtc,debtnc,debtusd,deferredrev,depamor,deposits,divyield,dps,ebit,ebitda,ebitdamargin,ebitdausd,ebitusd,ebt,eps,epsdil,epsusd,equity,equityavg,equityusd,ev,evebit,evebitda,fcf,fcfps,fxusd,gp,grossmargin,intangibles,intexp,invcap,invcapavg,inventory,investments,investmentsc,investmentsnc,liabilities,liabilitiesc,liabilitiesnc,marketcap,ncf,ncfbus,ncfcommon,ncfdebt,ncfdiv,ncff,ncfi,ncfinv,ncfo,ncfx,netinc,netinccmn,netinccmnusd,netincdis,netincnci,netmargin,opex,opinc,payables,payoutratio,pb,pe,pe1,ppnenet,prefdivis,price,ps,ps1,receivables,retearn,revenue,revenueusd,rnd,roa,roe,roic,ros,sbcomp,sgna,sharefactor,sharesbas,shareswa,shareswadil,sps,tangibles,taxassets,taxexp,taxliabilities,tbvps,workingcapital
0,ED,ARY,2020-12-31,2021-02-18,2020-12-31,2021-08-30,0,62895000000,60182500000.0,5301000000,57594000000,0.203,56.293,-3912000000.0,1436000000,1436000000,5097000000.0,1144000000.0,0.721,2.326,25079000000,3933000000,21146000000,25079000000,0,1920000000.0,311000000,0.044,3.07,2210000000.0,4130000000.0,0.337,4130000000.0,2210000000.0,1191000000.0,3.29,3.28,3.29,18847000000,18456750000.0,18847000000,47619189723,22.0,11.53,-1714000000.0,-5.119,1.0,7149000000.0,0.584,1906000000,1019000000.0,77278000000,74289250000.0,356000000,1816000000,0,1816000000,43830000000,7354000000,36476000000,23976189723,219000000.0,-24000000.0,640000000.0,2538000000.0,-975000000.0,2245000000.0,-4224000000.0,0.0,2198000000.0,0.0,1101000000.0,1101000000.0,1101000000.0,0.0,43000000.0,0.09,4495000000.0,2654000000.0,1475000000,0.933,1.272,21.777,21.283,47392000000,0.0,70.02,1.958,1.914,2578000000,,12246000000.0,12246000000.0,0.0,0.018,0.06,0.03,0.18,0.0,0.0,1.0,342419162,334800000,335700000.0,36.577,60989000000,26000000,90000000.0,6625000000,182.165,-2053000000
1,ED,ARY,2019-12-31,2020-02-20,2019-12-31,2021-08-30,0,58079000000,56171750000.0,4272000000,53807000000,0.224,54.861,-3499000000.0,1217000000,1217000000,5808000000.0,1440000000.0,0.679,2.212,22539000000,3203000000,19336000000,22539000000,0,1684000000.0,346000000,0.032,2.985,2630000000.0,4314000000.0,0.343,4314000000.0,2630000000.0,1639000000.0,4.09,4.08,4.09,18022000000,17764750000.0,18022000000,52890484142,20.0,12.26,-365000000.0,-1.111,1.0,6766000000.0,0.538,2003000000,991000000.0,71111000000,68937750000.0,352000000,2065000000,0,2065000000,39866000000,6287000000,33579000000,31568484142,211000000.0,-10000000.0,825000000.0,916000000.0,-924000000.0,859000000.0,-3782000000.0,0.0,3134000000.0,0.0,1343000000.0,1343000000.0,1343000000.0,0.0,97000000.0,0.107,4090000000.0,2676000000.0,1164000000,0.73,1.752,23.506,23.125,44746000000,0.0,94.58,2.511,2.471,2019000000,,12574000000.0,12574000000.0,0.0,0.024,0.076,0.038,0.209,0.0,0.0,1.0,333775472,328500000,329500000.0,38.277,56076000000,20000000,296000000.0,6303000000,170.703,-2015000000
2,ED,ARY,2018-12-31,2019-02-21,2018-12-31,2021-08-30,0,53920000000,50357000000.0,3864000000,50056000000,0.245,53.661,-3740000000.0,1006000000,1006000000,6100000000.0,1382000000.0,0.623,2.217,20711000000,3216000000,17495000000,20711000000,0,1438000000.0,351000000,0.036,2.885,2602000000.0,4040000000.0,0.327,4040000000.0,2602000000.0,1783000000.0,4.43,4.42,4.43,16726000000,15978750000.0,16726000000,45391172160,17.0,11.235,-1045000000.0,-3.353,1.0,6237000000.0,0.506,2094000000,819000000.0,65324000000,61517750000.0,358000000,1766000000,0,1766000000,37081000000,6207000000,30874000000,25686172160,162000000.0,-1507000000.0,705000000.0,3020000000.0,-842000000.0,2938000000.0,-5471000000.0,0.0,2695000000.0,0.0,1382000000.0,1382000000.0,1382000000.0,0.0,0.0,0.112,3573000000.0,2664000000.0,1187000000,0.651,1.536,18.586,18.059,41749000000,0.0,80.0,2.082,2.021,2066000000,,12337000000.0,12337000000.0,0.0,0.027,0.086,0.042,0.211,0.0,0.0,1.0,321077152,311700000,312900000.0,39.58,51826000000,49000000,401000000.0,5881000000,166.269,-2343000000
3,ED,ARY,2017-12-31,2018-02-15,2017-12-31,2021-08-30,0,48111000000,48705250000.0,3537000000,44574000000,0.247,50.205,-3454000000.0,844000000,844000000,5928000000.0,1525000000.0,0.722,2.12,16606000000,1875000000,14731000000,16606000000,0,1341000000.0,346000000,0.036,2.785,2726000000.0,4067000000.0,0.338,4067000000.0,2726000000.0,1997000000.0,4.97,4.94,4.97,15418000000,14877000000.0,15418000000,39696718068,15.0,9.761,-87000000.0,-0.283,1.0,6105000000.0,0.507,559000000,729000000.0,58412000000,59628750000.0,334000000,2001000000,0,2001000000,32686000000,4902000000,27784000000,23934718068,21000000.0,-45000000.0,394000000.0,767000000.0,-803000000.0,357000000.0,-3703000000.0,0.0,3367000000.0,0.0,1525000000.0,1525000000.0,1525000000.0,0.0,0.0,0.127,3496000000.0,2609000000.0,1286000000,0.56,1.552,15.695,15.515,37600000000,0.0,77.11,1.989,1.968,1861000000,,12033000000.0,12033000000.0,0.0,0.031,0.103,0.046,0.227,0.0,0.0,1.0,310397070,307100000,308800000.0,39.183,47552000000,64000000,472000000.0,5603000000,154.842,-1365000000
4,ED,ARY,2016-12-31,2017-02-16,2016-12-31,2021-08-30,0,48255000000,47105250000.0,3406000000,44849000000,0.256,47.597,-4504000000.0,776000000,776000000,6357000000.0,1245000000.0,0.886,2.374,15828000000,1093000000,14735000000,15828000000,0,1216000000.0,352000000,0.036,2.7,2639000000.0,3855000000.0,0.319,3855000000.0,2639000000.0,1943000000.0,4.15,4.12,4.15,14298000000,13927000000.0,14298000000,37714844105,14.0,9.783,-1045000000.0,-3.479,1.0,5718000000.0,0.474,552000000,696000000.0,58912000000,57209750000.0,339000000,1921000000,0,1921000000,33949000000,3843000000,30106000000,22662844105,-172000000.0,-402000000.0,753000000.0,1356000000.0,-763000000.0,1345000000.0,-4976000000.0,0.0,3459000000.0,0.0,1245000000.0,1245000000.0,1245000000.0,0.0,0.0,0.103,3247000000.0,2471000000.0,1147000000,0.651,1.585,18.203,17.901,35216000000,0.0,74.29,1.877,1.848,1748000000,,12075000000.0,12075000000.0,0.0,0.026,0.089,0.046,0.219,0.0,0.0,1.0,305059148,300400000,301900000.0,40.196,47703000000,79000000,698000000.0,10269000000,158.798,-437000000
5,ED,ARY,2015-12-31,2016-02-18,2015-12-31,2021-08-30,0,45642000000,44835250000.0,3836000000,41806000000,0.28,44.546,-3054000000.0,944000000,944000000,7060000000.0,1193000000.0,0.813,2.496,14274000000,2268000000,12006000000,14274000000,0,1130000000.0,354000000,0.037,2.62,2451000000.0,3581000000.0,0.285,3581000000.0,2451000000.0,1798000000.0,4.07,4.05,4.07,13052000000,12910250000.0,13052000000,34265860185,14.0,9.569,223000000.0,0.761,1.0,5494000000.0,0.438,431000000,653000000.0,53821000000,53329250000.0,350000000,884000000,0,884000000,32581000000,4720000000,27861000000,20935860185,249000000.0,-299000000.0,1000000.0,1361000000.0,-733000000.0,629000000.0,-3657000000.0,0.0,3277000000.0,0.0,1193000000.0,1193000000.0,1193000000.0,0.0,0.0,0.095,3067000000.0,2427000000.0,1008000000,0.644,1.604,17.549,17.521,32209000000,0.0,71.31,1.668,1.664,1716000000,,12554000000.0,12554000000.0,0.0,0.027,0.092,0.046,0.195,0.0,0.0,1.0,293589401,293000000,294400000.0,42.846,45211000000,166000000,605000000.0,9599000000,154.304,-884000000
6,ED,ARY,2014-12-31,2015-02-19,2014-12-31,2021-08-30,0,44308000000,41441750000.0,3854000000,40454000000,0.312,42.936,-2594000000.0,699000000,699000000,7807000000.0,1092000000.0,1.019,2.523,12991000000,1360000000,11631000000,12991000000,0,1071000000.0,344000000,0.039,2.54,2251000000.0,3322000000.0,0.257,3322000000.0,2251000000.0,1660000000.0,3.73,3.71,3.73,12576000000,12541000000.0,12576000000,31271195018,14.0,9.413,237000000.0,0.809,1.0,5112000000.0,0.396,432000000,591000000.0,52387000000,49479000000.0,372000000,816000000,0,816000000,31723000000,3781000000,27942000000,18979195018,25000000.0,0.0,-10000000.0,702000000.0,-739000000.0,-47000000.0,-2759000000.0,0.0,2831000000.0,0.0,1092000000.0,1092000000.0,1092000000.0,0.0,0.0,0.085,2903000000.0,2209000000.0,1019000000,0.681,1.509,17.38,17.373,29827000000,0.0,64.8,1.469,1.469,1834000000,,12919000000.0,12919000000.0,0.0,0.026,0.087,0.045,0.174,0.0,0.0,1.0,292888812,292900000,294000000.0,44.107,43876000000,352000000,568000000.0,9148000000,149.799,73000000
7,ED,ARY,2013-12-31,2014-02-21,2013-12-31,2021-08-30,0,40647000000,41567250000.0,3891000000,36756000000,0.297,41.806,-2713000000.0,674000000,674000000,7191000000.0,1062000000.0,0.823,2.319,12426000000,1936000000,10490000000,12426000000,0,1024000000.0,321000000,0.045,2.475,2257000000.0,3281000000.0,0.266,3281000000.0,2257000000.0,1538000000.0,3.62,3.61,3.62,12245000000,12045750000.0,12245000000,27946578949,12.0,8.518,-161000000.0,-0.55,1.0,5163000000.0,0.418,433000000,719000000.0,47236000000,48511750000.0,363000000,461000000,0,461000000,28402000000,4730000000,23672000000,16194578949,280000000.0,0.0,-8000000.0,1116000000.0,-721000000.0,387000000.0,-2659000000.0,0.0,2552000000.0,0.0,1062000000.0,1062000000.0,1062000000.0,0.0,0.0,0.086,2919000000.0,2244000000.0,1017000000,0.684,1.323,15.249,15.273,28436000000,0.0,55.29,1.311,1.311,2005000000,,12354000000.0,12354000000.0,0.0,0.026,0.088,0.047,0.183,0.0,0.0,1.0,292902495,292900000,294400000.0,42.178,40214000000,122000000,476000000.0,8942000000,137.296,-839000000
8,ED,ARY,2012-12-31,2013-02-21,2012-12-31,2021-08-30,0,41209000000,40148000000.0,3451000000,37758000000,0.304,40.522,-2406000000.0,394000000,394000000,7069000000.0,1141000000.0,0.875,2.472,11309000000,1245000000,10064000000,11309000000,0,955000000.0,304000000,0.042,2.43,2345000000.0,3300000000.0,0.271,3300000000.0,2345000000.0,1741000000.0,3.88,3.86,3.88,11869000000,11708750000.0,11869000000,27726162530,12.0,8.402,193000000.0,0.659,1.0,5119000000.0,0.42,431000000,604000000.0,47748000000,46432250000.0,330000000,467000000,0,467000000,29340000000,3945000000,25395000000,16811162530,-254000000.0,28000000.0,-9000000.0,630000000.0,-709000000.0,-330000000.0,-2523000000.0,0.0,2599000000.0,0.0,1141000000.0,1138000000.0,1138000000.0,0.0,0.0,0.093,2780000000.0,2339000000.0,1215000000,0.626,1.416,14.773,14.794,26939000000,3000000.0,57.4,1.379,1.379,1966000000,,12188000000.0,12188000000.0,0.0,0.028,0.097,0.051,0.192,0.0,0.0,1.0,292877396,292900000,294500000.0,41.611,40778000000,296000000,600000000.0,8534000000,139.222,-494000000
9,ED,ARY,2011-12-31,2012-02-21,2011-12-31,2021-08-30,0,39214000000,36988500000.0,3638000000,35576000000,0.35,39.812,-1967000000.0,648000000,648000000,7970000000.0,1062000000.0,1.218,2.366,10675000000,530000000,10145000000,10675000000,0,884000000.0,303000000,0.042,2.405,2256000000.0,3140000000.0,0.243,3140000000.0,2256000000.0,1662000000.0,3.59,3.57,3.59,11649000000,11556000000.0,11649000000,26973073310,12.0,8.59,1170000000.0,3.999,1.0,4968000000.0,0.384,432000000,594000000.0,45822000000,44062500000.0,356000000,455000000,0,455000000,27565000000,2987000000,24578000000,16946073310,310000000.0,-20000000.0,31000000.0,-4000000.0,-693000000.0,-677000000.0,-2150000000.0,0.0,3137000000.0,0.0,1062000000.0,1051000000.0,1051000000.0,0.0,0.0,0.081,2729000000.0,2239000000.0,961000000,0.67,1.455,16.124,16.117,25093000000,11000000.0,57.86,1.31,1.309,1900000000,,12938000000.0,12938000000.0,0.0,0.028,0.091,0.051,0.174,0.0,0.0,1.0,292880631,292600000,294400000.0,44.217,38782000000,266000000,600000000.0,7751000000,132.543,651000000
10,ED,ARY,2010-12-31,2011-02-22,2010-12-31,2021-08-30,0,36146000000,35109000000.0,3507000000,32639000000,0.38,39.655,-2029000000.0,338000000,338000000,8642000000.0,1003000000.0,1.482,2.206,10683000000,5000000,10678000000,10683000000,0,840000000.0,289000000,0.049,2.385,2160000000.0,3000000000.0,0.225,3000000000.0,2160000000.0,1551000000.0,3.49,3.47,3.49,11274000000,10815500000.0,11274000000,24619360059,11.0,8.206,352000000.0,1.238,1.0,4683000000.0,0.351,432000000,609000000.0,43693000000,42618750000.0,348000000,403000000,0,403000000,24872000000,2366000000,22506000000,14274360059,78000000.0,-12000000.0,439000000.0,73000000.0,-629000000.0,-128000000.0,-2175000000.0,0.0,2381000000.0,0.0,1003000000.0,992000000.0,992000000.0,0.0,0.0,0.074,2563000000.0,2120000000.0,1151000000,0.683,1.266,14.389,14.009,23863000000,11000000.0,48.89,1.071,1.043,2106000000,,13325000000.0,13325000000.0,0.0,0.028,0.092,0.051,0.162,0.0,0.0,1.0,291968911,284300000,285900000.0,46.87,35714000000,0,548000000.0,6692000000,125.621,1141000000
11,ED,ARY,2009-12-31,2010-02-22,2009-12-31,2021-08-30,0,33873000000,33188250000.0,3243000000,30630000000,0.393,38.016,-2193000000.0,260000000,260000000,8797000000.0,879000000.0,1.099,2.238,10599000000,731000000,9868000000,10599000000,0,791000000.0,274000000,0.055,2.365,1930000000.0,2721000000.0,0.209,2721000000.0,1930000000.0,1319000000.0,3.16,3.14,3.16,10462000000,9785250000.0,10462000000,22414601015,12.0,8.238,273000000.0,0.992,1.0,4235000000.0,0.325,420000000,611000000.0,40840000000,40071250000.0,355000000,385000000,0,385000000,23411000000,2952000000,20459000000,12075601015,186000000.0,0.0,257000000.0,435000000.0,-601000000.0,80000000.0,-2360000000.0,0.0,2466000000.0,0.0,879000000.0,868000000.0,868000000.0,0.0,0.0,0.067,2336000000.0,1899000000.0,1078000000,0.748,1.154,13.912,13.582,22464000000,11000000.0,42.92,0.927,0.906,1898000000,,13032000000.0,13032000000.0,0.0,0.026,0.089,0.048,0.148,0.0,0.0,1.0,281351375,275200000,276300000.0,47.355,33453000000,0,440000000.0,5769000000,121.559,291000000
12,ED,ARY,2008-12-31,2009-02-23,2008-12-31,2021-08-30,0,33498000000,30434750000.0,3319000000,30179000000,0.446,35.537,-849000000.0,74000000,74000000,9843000000.0,1196000000.0,1.036,2.454,10094000000,845000000,9249000000,10094000000,0,717000000.0,265000000,0.063,2.345,2264000000.0,2981000000.0,0.219,2981000000.0,2264000000.0,1720000000.0,4.38,4.37,4.38,9698000000,9591250000.0,9698000000,20157869434,9.0,6.762,-220000000.0,-0.806,1.0,3740000000.0,0.275,416000000,544000000.0,39897000000,35702500000.0,516000000,356000000,0,356000000,23800000000,3205000000,20595000000,10137869434,-136000000.0,-32000000.0,51000000.0,873000000.0,-618000000.0,306000000.0,-1071000000.0,0.0,629000000.0,0.0,1196000000.0,1196000000.0,1196000000.0,-274000000.0,0.0,0.088,1820000000.0,1920000000.0,1161000000,0.535,1.045,8.476,8.452,20874000000,0.0,37.02,0.746,0.744,1422000000,,13583000000.0,13583000000.0,0.0,0.039,0.125,0.063,0.167,0.0,0.0,1.0,273848445,272900000,273600000.0,49.773,33082000000,0,524000000.0,5244000000,121.224,114000000
13,ED,ARY,2007-12-31,2008-02-22,2007-12-31,2021-08-30,0,28343000000,27526000000.0,2605000000,25738000000,0.477,34.082,-1904000000.0,211000000,211000000,9305000000.0,929000000.0,0.669,2.123,9282000000,1649000000,7633000000,9282000000,0,667000000.0,249000000,0.055,2.325,1883000000.0,2550000000.0,0.194,2550000000.0,1883000000.0,1366000000.0,3.49,3.47,3.49,9076000000,8769750000.0,9076000000,20538941885,11.0,8.054,-349000000.0,-1.311,1.0,3815000000.0,0.291,410000000,517000000.0,33109000000,32539500000.0,405000000,378000000,0,378000000,19267000000,3895000000,15372000000,11467941885,116000000.0,0.0,685000000.0,544000000.0,-582000000.0,647000000.0,-2086000000.0,0.0,1555000000.0,0.0,929000000.0,929000000.0,929000000.0,-4000000.0,0.0,0.071,1968000000.0,1847000000.0,1187000000,0.666,1.264,12.344,12.074,19914000000,0.0,42.14,0.874,0.855,1524000000,,13120000000.0,13120000000.0,0.0,0.034,0.106,0.058,0.144,0.0,0.0,1.0,272139105,266300000,267300000.0,49.268,27933000000,0,437000000.0,4732000000,104.893,-1290000000
14,ED,ARY,2006-12-31,2007-02-21,2006-12-31,2021-08-30,0,26699000000,25492500000.0,2937000000,23762000000,0.476,32.106,-1793000000.0,112000000,112000000,8596000000.0,737000000.0,1.007,2.336,8815000000,491000000,8324000000,8815000000,0,621000000.0,228000000,0.047,2.305,1677000000.0,2298000000.0,0.189,2298000000.0,1677000000.0,1127000000.0,2.96,2.95,2.96,8004000000,7667250000.0,8004000000,21263295101,13.0,9.253,-439000000.0,-1.761,1.0,3541000000.0,0.292,486000000,550000000.0,31999000000,30717500000.0,466000000,366000000,0,366000000,18695000000,2917000000,15778000000,12560295101,13000000.0,39000000.0,510000000.0,600000000.0,-533000000.0,577000000.0,-1918000000.0,0.0,1354000000.0,0.0,737000000.0,737000000.0,737000000.0,1000000.0,0.0,0.061,1874000000.0,1667000000.0,1126000000,0.779,1.569,17.042,16.47,18445000000,0.0,48.75,1.035,1.001,1469000000,,12137000000.0,12137000000.0,0.0,0.029,0.096,0.055,0.138,0.0,0.0,1.0,257647079,249300000,250300000.0,48.684,26213000000,0,390000000.0,4227000000,105.146,20000000
15,ED,ARY,2005-12-31,2006-02-22,2005-12-31,2021-08-30,0,24850000000,24354750000.0,3153000000,21697000000,0.48,29.971,-1102000000.0,96000000,96000000,8399000000.0,719000000.0,0.949,2.399,8205000000,777000000,7428000000,8205000000,0,584000000.0,229000000,0.049,2.285,1524000000.0,2108000000.0,0.18,2108000000.0,1524000000.0,1060000000.0,2.95,2.94,2.95,7310000000,7232750000.0,7310000000,19457991436,13.0,9.231,-309000000.0,-1.267,1.0,3291000000.0,0.282,496000000,464000000.0,29140000000,28207250000.0,425000000,265000000,0,265000000,17540000000,3323000000,14217000000,11348991436,55000000.0,0.0,78000000.0,979000000.0,-518000000.0,539000000.0,-1277000000.0,0.0,793000000.0,0.0,719000000.0,719000000.0,719000000.0,13000000.0,0.0,0.062,1769000000.0,1522000000.0,1236000000,0.775,1.553,15.784,15.675,17112000000,0.0,46.24,0.971,0.965,1491000000,,11690000000.0,11690000000.0,0.0,0.03,0.099,0.054,0.13,0.0,0.0,1.0,245436666,243900000,244700000.0,47.929,24354000000,0,341000000.0,3828000000,99.852,-170000000
16,ED,ARY,2004-12-31,2005-02-25,2004-12-31,2021-08-30,0,22560000000,22170500000.0,1715000000,20845000000,0.44,29.915,-1397000000.0,44000000,44000000,6904000000.0,537000000.0,0.771,2.198,7219000000,625000000,6594000000,7219000000,0,551000000.0,234000000,0.053,2.265,1253000000.0,1804000000.0,0.185,1804000000.0,1253000000.0,809000000.0,2.28,2.27,2.28,7054000000,6913500000.0,7054000000,17629652225,14.0,9.773,-77000000.0,-0.327,1.0,2854000000.0,0.292,506000000,444000000.0,27005000000,26809750000.0,307000000,257000000,0,257000000,15506000000,2224000000,13282000000,10454652225,-23000000.0,-9000000.0,578000000.0,109000000.0,-490000000.0,197000000.0,-1540000000.0,0.0,1320000000.0,0.0,537000000.0,537000000.0,537000000.0,12000000.0,0.0,0.055,1631000000.0,1223000000.0,920000000,0.993,1.482,19.469,18.904,16106000000,0.0,43.1,1.071,1.042,1012000000,,9758000000.0,9758000000.0,0.0,0.024,0.078,0.047,0.128,0.0,0.0,1.0,242567337,235800000,236400000.0,41.383,22054000000,0,272000000.0,3762000000,93.528,-509000000
17,ED,ARY,2003-12-31,2004-02-24,2003-12-31,2021-08-30,0,20966000000,19897750000.0,1592000000,19374000000,0.494,29.077,-1398000000.0,67000000,67000000,6764000000.0,528000000.0,0.833,2.264,7094000000,325000000,6769000000,7094000000,0,529000000.0,228000000,0.051,2.245,1277000000.0,1806000000.0,0.184,1806000000.0,1277000000.0,843000000.0,2.39,2.38,2.39,6423000000,6299000000.0,6423000000,16892521751,13.0,9.354,-79000000.0,-0.358,1.0,3063000000.0,0.312,517000000,434000000.0,25565000000,24079250000.0,283000000,248000000,0,248000000,14543000000,1911000000,12632000000,9865521751,-65000000.0,-12000000.0,431000000.0,194000000.0,-444000000.0,143000000.0,-1527000000.0,0.0,1319000000.0,0.0,528000000.0,528000000.0,528000000.0,0.0,0.0,0.054,1804000000.0,1259000000.0,905000000,0.939,1.536,18.685,18.264,15225000000,0.0,43.65,1.004,0.981,1035000000,,9827000000.0,9827000000.0,0.0,0.027,0.084,0.053,0.13,0.0,0.0,1.0,226014244,220900000,221800000.0,44.486,20449000000,0,315000000.0,3241000000,92.571,-319000000
18,ED,ARY,2002-12-31,2003-02-27,2002-12-31,2021-08-30,0,18820310000,17939977500.0,1707100000,17113210000,0.473,27.8,-1492758000.0,132437000,132437000,5414893000.0,646036000.0,0.74,2.179,6841228000,634311000,6206917000,6841228000,43594000,494553000.0,221476000,0.057,2.225,1464010000.0,1958563000.0,0.231,1958563000.0,1464010000.0,1022428000.0,3.03,3.02,3.03,5921079000,5825200250.0,5921079000,15018269077,10.0,7.668,12563000.0,0.059,1.0,3066967000.0,0.362,487825000,441582000.0,22734273000,21659469000.0,195451000,235464000,0,235464000,12899231000,2307003000,10592228000,8309478077,-226896000.0,-19197000.0,25098000.0,367837000.0,-430700000.0,-104104000.0,-1628113000.0,0.0,1505321000.0,0.0,646036000.0,646036000.0,646036000.0,0.0,0.0,0.076,1608758000.0,1458209000.0,918586000,0.734,1.403,12.862,12.809,13329175000,0.0,38.81,0.98,0.975,906301000,,8481860000.0,8481860000.0,0.0,0.036,0.111,0.068,0.173,0.0,0.0,1.0,214106624,212989784,214049653.0,39.823,18332485000,745400000,376392000.0,2787842000,86.072,-599903000
19,ED,ARY,2001-12-31,2002-03-27,2001-12-31,2021-08-30,0,16996111000,16942542750.0,1430095000,15566016000,0.569,26.709,-432350000.0,341179000,341179000,6376574000.0,695835000.0,0.647,2.0,6196977000,654672000,5542305000,6196977000,0,526235000.0,214121000,0.052,2.205,1569346000.0,2095581000.0,0.218,2095581000.0,1569346000.0,1138466000.0,3.22,3.21,3.22,5666268000,5587727250.0,5666268000,14777986965,9.0,7.052,917621000.0,4.325,1.0,3257388000.0,0.338,529330000,430880000.0,20112014000,20084561000.0,220699000,216979000,0,216979000,11329843000,2210565000,9119278000,8922188965,246351000.0,-195664000.0,0.0,452730000.0,-466962000.0,-379193000.0,-724427000.0,0.0,1349971000.0,0.0,695835000.0,682242000.0,682242000.0,0.0,0.0,0.071,1665362000.0,1592026000.0,665342000,0.685,1.575,13.078,13.053,12248375000,13593000.0,42.03,0.926,0.926,802325000,,9633962000.0,9633962000.0,0.0,0.04,0.122,0.078,0.163,0.0,0.0,1.0,212281441,212146750,212919524.0,45.412,16466781000,701147000,442631000.0,2500302000,77.62,-780470000
20,ED,ARY,2000-12-31,2001-04-02,2000-12-31,2021-08-30,0,16767245000,16187694750.0,2015987000,14751258000,0.583,25.79,-908927000.0,94828000,94828000,6389215000.0,582835000.0,0.863,2.064,6011545000,564632000,5446913000,6011545000,0,586407000.0,202888000,0.058,2.185,1297448000.0,1883855000.0,0.2,1883855000.0,1297448000.0,890003000.0,2.75,2.74,2.75,5472389000,5454224000.0,5472389000,13889102566,11.0,7.373,51234000.0,0.241,1.0,3042176000.0,0.323,488702000,407445000.0,19858081000,19149462750.0,242929000,567840000,0,567840000,11294856000,2337179000,3292655000,7972385566,-390222000.0,-117399000.0,-68531000.0,361739000.0,-462503000.0,-174763000.0,-1175620000.0,0.0,960161000.0,0.0,582835000.0,582835000.0,582835000.0,0.0,0.0,0.062,1708250000.0,1333926000.0,1020401000,0.795,1.457,13.679,13.673,11893419000,0.0,37.6,0.845,0.846,1151378000,,9431391000.0,9431391000.0,0.0,0.036,0.107,0.068,0.138,0.0,0.0,1.0,212031531,212186412,212186412.0,44.449,16278543000,720406000,307168000.0,2498538000,76.718,-321192000
21,ED,ARY,1999-12-31,2000-03-30,1999-12-31,2021-08-30,0,15531476000,14582850000.0,1714565000,13816911000,0.514,24.221,460593000.0,485050000,485050000,4365830000.0,700615000.0,0.816,1.87,5449519000,890371000,4559148000,5449519000,0,526182000.0,204421000,0.074,2.15,1411003000.0,1937185000.0,0.259,1937185000.0,1411003000.0,1073440000.0,3.14,3.13,3.14,5412007000,5344595500.0,5412007000,11142473648,8.0,5.752,1665963000.0,7.456,1.0,3125493000.0,0.417,427496000,337563000.0,17967110000,17298945000.0,222563000,487918000,0,487918000,10119469000,2101339000,8018130000,6178004648,382755000.0,-611036000.0,-817399000.0,972885000.0,-477110000.0,-976128000.0,-184551000.0,0.0,1205370000.0,0.0,700615000.0,700615000.0,700615000.0,0.0,0.0,0.094,1705978000.0,1419515000.0,615983000,0.685,1.142,8.818,9.277,11353845000,0.0,29.13,0.825,0.869,770019000,4921089000.0,7491323000.0,7491323000.0,0.0,0.048,0.131,0.082,0.188,0.0,0.0,1.0,212083922,223442315,223442315.0,33.527,15103980000,0,372825000.0,2285937000,67.597,-386774000
22,ED,ARY,1998-12-31,1999-03-30,1998-12-31,2021-08-30,0,14381403000,14385839250.0,1093543000,13287860000,0.493,25.717,-618844000.0,102295000,102295000,3905468000.0,712742000.0,0.958,1.387,4312403000,225000000,4087403000,4312403000,0,518514000.0,181236000,0.047,2.125,1443977000.0,1962491000.0,0.277,1962491000.0,1443977000.0,1118152000.0,3.04,3.04,3.04,6025605000,5973376750.0,6025605000,14664053276,10.0,7.472,746913000.0,3.188,1.0,3187580000.0,0.449,0,325825000.0,17450124000,17438434750.0,267861000,378445000,0,378445000,8355798000,1141387000,7214411000,10453945276,-81163000.0,0.0,-115247000.0,260000000.0,-493201000.0,-830521000.0,-644837000.0,0.0,1365757000.0,0.0,712742000.0,712742000.0,712742000.0,0.0,0.0,0.1,1726616000.0,1460964000.0,371274000,0.699,1.735,14.667,14.928,11406543000,0.0,45.38,1.474,1.499,571029000,4700500000.0,7093048000.0,7093048000.0,0.0,0.05,0.119,0.083,0.204,0.0,0.0,1.0,230364594,234307767,234307767.0,30.272,14381403000,0,405410000.0,2563452000,61.378,-47844000
23,ED,ARY,1997-12-31,1998-03-27,1997-12-31,2021-08-30,0,14722518000,,1527210000,13195308000,,25.182,-654221000.0,183458000,183458000,4009096000.0,712823000.0,0.986,1.483,4758170000,529385000,4228785000,4758170000,0,502779000.0,161731000,0.046,2.105,1425604000.0,1928383000.0,0.271,1928383000.0,1425604000.0,1092543000.0,2.95,2.95,2.95,5930079000,,5930079000,15320104730,11.0,7.945,584319000.0,2.481,1.0,3112158000.0,0.437,0,333061000.0,17748973000,,282665000,0,0,0,8792439000,1548257000,7244182000,10745392730,76576000.0,0.0,0.0,373744000.0,-493711000.0,-952368000.0,-685780000.0,0.0,1238540000.0,0.0,712823000.0,694479000.0,694479000.0,0.0,0.0,0.098,1683860000.0,1428298000.0,440114000,0.714,1.812,15.473,15.468,11559499000,18344000.0,45.63,1.509,1.509,640240000,,7121254000.0,7121254000.0,0.0,,,,0.2,0.0,0.0,1.0,235489650,235489650,,30.24,14722518000,0,379720000.0,2537251000,62.519,-21047000
0,ED,ARQ,2021-06-30,2021-08-05,2021-06-30,2021-08-30,0,62919000000,,5110000000,57809000000,,57.16,-1013000000.0,1178000000,1178000000,1379000000.0,118000000.0,0.92,2.171,24924000000,2508000000,22416000000,24924000000,0,503000000.0,287000000,0.041,0.775,415000000.0,918000000.0,0.309,918000000.0,415000000.0,154000000.0,0.48,0.48,0.48,19743000000,,19743000000,50362717779,24.0,12.368,91000000.0,0.263,1.0,1592000000.0,0.536,1786000000,261000000.0,79322000000,,360000000,1688000000,0,1688000000,42866000000,5557000000,37309000000,26616717779,1021000000.0,183000000.0,867000000.0,231000000.0,-254000000.0,821000000.0,-904000000.0,0.0,1104000000.0,0.0,165000000.0,165000000.0,165000000.0,0.0,-47000000.0,0.056,1174000000.0,418000000.0,1217000000,1.615,1.348,23.765,22.824,48157000000,0.0,75.32,2.057,2.01,2596000000,,2971000000.0,2971000000.0,0.0,,,,,0.0,0.0,1.0,353381808,345400000,346200000.0,8.602,61133000000,12000000,-11000000.0,6755000000,176.992,-447000000
1,ED,ARQ,2021-03-31,2021-05-06,2021-03-31,2021-08-30,0,62299000000,,4587000000,57712000000,,55.62,-1014000000.0,157000000,157000000,1616000000.0,420000000.0,0.699,2.26,24832000000,3455000000,21377000000,24832000000,0,497000000.0,296000000,0.039,0.0,673000000.0,1170000000.0,0.318,1170000000.0,673000000.0,497000000.0,1.23,1.22,1.23,19033000000,,19033000000,51366440268,24.0,12.602,-725000000.0,-2.119,1.0,2061000000.0,0.561,1880000000,176000000.0,78535000000,,339000000,1654000000,0,1654000000,43017000000,6559000000,36458000000,26691440268,-1279000000.0,0.0,0.0,-265000000.0,-253000000.0,-472000000.0,-1096000000.0,0.0,289000000.0,0.0,419000000.0,419000000.0,419000000.0,0.0,1000000.0,0.114,1201000000.0,860000000.0,1208000000,0.0,1.402,23.311,22.968,47906000000,0.0,77.86,2.104,2.1,2667000000,,3677000000.0,3677000000.0,0.0,,,,,0.0,0.0,1.0,342813258,342200000,343000000.0,10.745,60419000000,11000000,78000000.0,6734000000,176.56,-1972000000
2,ED,ARQ,2020-12-31,2021-02-18,2020-12-31,2021-08-30,0,62895000000,,5301000000,57594000000,,55.942,-1128000000.0,1436000000,1436000000,1301000000.0,49000000.0,0.721,2.326,25079000000,3933000000,21146000000,25079000000,0,492000000.0,311000000,0.044,1.54,172000000.0,664000000.0,0.224,664000000.0,172000000.0,-50000000.0,0.12,0.12,0.12,18847000000,,18847000000,47619189723,22.0,11.53,-298000000.0,-0.885,1.0,1659000000.0,0.56,1906000000,222000000.0,77278000000,,356000000,1816000000,0,1816000000,43830000000,7354000000,36476000000,23976189723,1122000000.0,-24000000.0,552000000.0,1214000000.0,-244000000.0,1532000000.0,-1240000000.0,0.0,830000000.0,0.0,43000000.0,43000000.0,43000000.0,0.0,6000000.0,0.015,1152000000.0,507000000.0,1475000000,12.833,1.272,21.777,21.283,47392000000,0.0,70.02,1.958,1.914,2578000000,,2960000000.0,2960000000.0,0.0,,,,,0.0,0.0,1.0,342419162,336900000,337800000.0,8.786,60989000000,26000000,-93000000.0,6625000000,181.03,-2053000000
3,ED,ARQ,2020-09-30,2020-11-05,2020-09-30,2021-08-30,0,59595000000,,4204000000,55391000000,,55.288,-983000000.0,314000000,314000000,1318000000.0,502000000.0,0.587,2.211,23897000000,3884000000,20013000000,23897000000,0,482000000.0,319000000,0.038,0.765,838000000.0,1320000000.0,0.396,1320000000.0,838000000.0,612000000.0,1.47,1.47,1.47,18494000000,,18494000000,50281294675,19.0,11.269,-795000000.0,-2.377,1.0,2015000000.0,0.605,1931000000,226000000.0,74087000000,,353000000,2124000000,0,2124000000,40884000000,7160000000,33724000000,26698294675,-1031000000.0,0.0,0.0,69000000.0,-244000000.0,-167000000.0,-1052000000.0,0.0,188000000.0,0.0,493000000.0,493000000.0,493000000.0,0.0,9000000.0,0.148,1155000000.0,860000000.0,1279000000,0.52,1.444,19.733,19.638,46408000000,0.0,79.73,2.182,2.179,2232000000,,3333000000.0,3333000000.0,0.0,,,,,0.0,0.0,1.0,334858832,334500000,335400000.0,9.964,57664000000,26000000,119000000.0,6596000000,172.389,-2956000000
4,ED,ARQ,2020-06-30,2020-08-06,2020-06-30,2021-08-30,0,59081000000,,4564000000,54517000000,,54.55,-896000000.0,1345000000,1345000000,1160000000.0,202000000.0,0.681,2.23,23821000000,3861000000,19960000000,23821000000,0,476000000.0,332000000,0.041,0.765,446000000.0,922000000.0,0.339,922000000.0,446000000.0,199000000.0,0.57,0.57,0.57,18225000000,,18225000000,47201988302,18.0,10.691,-128000000.0,-0.383,1.0,1559000000.0,0.573,1956000000,247000000.0,72896000000,,336000000,2080000000,0,2080000000,40640000000,6705000000,33935000000,24725988302,-229000000.0,0.0,0.0,199000000.0,-244000000.0,-33000000.0,-964000000.0,0.0,768000000.0,0.0,190000000.0,190000000.0,190000000.0,0.0,12000000.0,0.07,1080000000.0,479000000.0,1018000000,1.342,1.357,18.549,18.434,45750000000,0.0,73.92,2.015,2.013,2068000000,,2719000000.0,2719000000.0,0.0,,,,,0.0,0.0,1.0,334496595,334100000,335000000.0,8.138,57125000000,21000000,9000000.0,6390000000,170.982,-2141000000
5,ED,ARQ,2020-03-31,2020-05-07,2020-03-31,2021-08-30,0,59159000000,,5026000000,54133000000,,54.739,-905000000.0,1574000000,1574000000,1318000000.0,392000000.0,0.796,2.228,23600000000,3378000000,20222000000,23600000000,0,470000000.0,344000000,0.04,0.0,752000000.0,1222000000.0,0.378,1222000000.0,752000000.0,430000000.0,1.13,1.12,1.13,18261000000,,18261000000,46772938251,18.0,10.765,-493000000.0,-1.478,1.0,1916000000.0,0.592,1978000000,322000000.0,72896000000,,326000000,2011000000,0,2011000000,40692000000,6311000000,34381000000,24746938251,357000000.0,0.0,88000000.0,1056000000.0,-243000000.0,913000000.0,-968000000.0,0.0,412000000.0,0.0,375000000.0,375000000.0,375000000.0,0.0,17000000.0,0.116,1108000000.0,808000000.0,1015000000,0.0,1.355,19.11,18.992,45283000000,0.0,74.07,2.013,2.01,1949000000,,3234000000.0,3234000000.0,0.0,,,,,0.0,0.0,1.0,334102042,333600000,334600000.0,9.694,57181000000,21000000,55000000.0,6379000000,171.406,-1285000000
6,ED,ARQ,2019-12-31,2020-02-20,2019-12-31,2021-08-30,0,58079000000,,4272000000,53807000000,,54.267,-817000000.0,1217000000,1217000000,1349000000.0,313000000.0,0.679,2.212,22539000000,3203000000,19336000000,22539000000,0,431000000.0,346000000,0.032,1.505,567000000.0,998000000.0,0.338,998000000.0,567000000.0,348000000.0,0.89,0.89,0.89,18022000000,,18022000000,52890484142,20.0,12.26,357000000.0,1.075,1.0,1602000000.0,0.543,2003000000,219000000.0,71111000000,,352000000,2065000000,0,2065000000,39866000000,6287000000,33579000000,31568484142,964000000.0,-10000000.0,0.0,910000000.0,-234000000.0,688000000.0,-898000000.0,0.0,1174000000.0,0.0,295000000.0,295000000.0,295000000.0,0.0,18000000.0,0.1,1037000000.0,565000000.0,1164000000,1.691,1.752,23.506,23.125,44746000000,0.0,94.58,2.511,2.471,2019000000,,2951000000.0,2951000000.0,0.0,,,,,0.0,0.0,1.0,333775472,332100000,333100000.0,8.886,56076000000,20000000,53000000.0,6303000000,168.853,-2015000000
7,ED,ARQ,2019-09-30,2019-11-04,2019-09-30,2021-08-30,0,55940000000,,3581000000,52359000000,,54.061,-937000000.0,253000000,253000000,1459000000.0,503000000.0,0.576,2.105,21629000000,3273000000,18356000000,21629000000,0,422000000.0,348000000,0.033,0.74,851000000.0,1273000000.0,0.378,1273000000.0,851000000.0,589000000.0,1.42,1.42,1.42,17959000000,,17959000000,51268142287,19.0,11.873,-515000000.0,-1.55,1.0,1906000000.0,0.566,2026000000,262000000.0,69071000000,,358000000,1983000000,0,1983000000,37806000000,6219000000,31587000000,29892142287,-717000000.0,0.0,0.0,96000000.0,-235000000.0,-131000000.0,-1008000000.0,0.0,422000000.0,0.0,473000000.0,473000000.0,473000000.0,0.0,30000000.0,0.141,1039000000.0,867000000.0,1082000000,0.521,1.664,21.661,21.208,44068000000,0.0,89.92,2.378,2.376,1928000000,,3365000000.0,3365000000.0,0.0,,,,,0.0,0.0,1.0,332430408,332200000,333200000.0,10.129,53914000000,10000000,116000000.0,6171000000,162.294,-2638000000
8,ED,ARQ,2019-06-30,2019-08-01,2019-06-30,2021-08-30,0,55602000000,,3707000000,51895000000,,53.942,-924000000.0,970000000,970000000,1290000000.0,179000000.0,0.621,2.131,21505000000,3188000000,18317000000,21505000000,0,418000000.0,350000000,0.034,0.74,434000000.0,852000000.0,0.31,852000000.0,434000000.0,171000000.0,0.46,0.46,0.46,17709000000,,17709000000,49076151708,19.0,11.632,150000000.0,0.457,1.0,1454000000.0,0.53,2045000000,263000000.0,68123000000,,344000000,1899000000,0,1899000000,37737000000,5969000000,31768000000,28541151708,496000000.0,0.0,400000000.0,228000000.0,-229000000.0,410000000.0,-988000000.0,0.0,1074000000.0,0.0,152000000.0,152000000.0,152000000.0,0.0,27000000.0,0.055,996000000.0,458000000.0,994000000,1.609,1.612,21.268,20.363,43587000000,0.0,85.93,2.277,2.251,1797000000,,2744000000.0,2744000000.0,0.0,,,,,0.0,0.0,1.0,332144207,328300000,329200000.0,8.358,53557000000,30000000,19000000.0,6058000000,163.134,-2262000000
9,ED,ARQ,2019-03-31,2019-05-02,2019-03-31,2021-08-30,0,55066000000,,3781000000,51285000000,,53.857,-821000000.0,474000000,474000000,1710000000.0,445000000.0,0.596,2.163,21272000000,3514000000,17758000000,21272000000,0,413000000.0,351000000,0.034,0.0,779000000.0,1192000000.0,0.339,1192000000.0,779000000.0,532000000.0,1.31,1.31,1.31,17369000000,,17369000000,48649901693,18.0,11.74,-357000000.0,-1.107,1.0,1804000000.0,0.513,2070000000,247000000.0,67446000000,,327000000,1832000000,0,1832000000,37565000000,6348000000,31217000000,27851901693,-532000000.0,0.0,425000000.0,-318000000.0,-226000000.0,-108000000.0,-888000000.0,0.0,464000000.0,0.0,424000000.0,424000000.0,424000000.0,0.0,21000000.0,0.121,1018000000.0,786000000.0,1010000000,0.0,1.604,20.212,19.532,43004000000,0.0,85.16,2.23,2.199,2076000000,,3514000000.0,3514000000.0,0.0,,,,,0.0,0.0,1.0,327053801,322500000,323400000.0,10.896,52996000000,49000000,108000000.0,5994000000,164.329,-2567000000
10,ED,ARQ,2018-12-31,2019-02-21,2018-12-31,2021-08-30,0,53920000000,,3864000000,50056000000,,53.2,-967000000.0,1006000000,1006000000,1487000000.0,331000000.0,0.623,2.217,20711000000,3216000000,17495000000,20711000000,0,377000000.0,351000000,0.036,1.455,624000000.0,1001000000.0,0.339,1001000000.0,624000000.0,402000000.0,1.05,1.05,1.05,16726000000,,16726000000,45391172160,17.0,11.235,128000000.0,0.407,1.0,1462000000.0,0.496,2094000000,222000000.0,65324000000,,358000000,1766000000,0,1766000000,37081000000,6207000000,30874000000,25686172160,761000000.0,-1492000000.0,705000000.0,1680000000.0,-211000000.0,2190000000.0,-2524000000.0,0.0,1095000000.0,0.0,331000000.0,331000000.0,331000000.0,0.0,0.0,0.112,805000000.0,657000000.0,1187000000,1.386,1.536,18.586,18.059,41749000000,0.0,80.0,2.082,2.021,2066000000,,2949000000.0,2949000000.0,0.0,,,,,0.0,0.0,1.0,321077152,314400000,315900000.0,9.38,51826000000,49000000,71000000.0,5881000000,164.841,-2343000000
11,ED,ARQ,2018-09-30,2018-11-01,2018-09-30,2021-08-30,0,49544000000,,3356000000,46188000000,,51.067,-1011000000.0,245000000,245000000,1545000000.0,435000000.0,0.621,2.118,17960000000,2480000000,15480000000,17960000000,0,359000000.0,351000000,0.037,0.715,815000000.0,1174000000.0,0.353,1174000000.0,815000000.0,610000000.0,1.4,1.39,1.4,15887000000,,15887000000,41267615037,16.0,10.463,-451000000.0,-1.45,1.0,1783000000.0,0.536,571000000,205000000.0,61287000000,,338000000,2131000000,0,2131000000,33646000000,5401000000,28245000000,23552615037,-676000000.0,-15000000.0,0.0,43000000.0,-211000000.0,-155000000.0,-1081000000.0,0.0,560000000.0,0.0,435000000.0,435000000.0,435000000.0,0.0,0.0,0.131,957000000.0,826000000.0,1173000000,0.511,1.483,15.137,15.066,39383000000,0.0,75.63,1.907,1.905,1963000000,,3328000000.0,3328000000.0,0.0,,,,,0.0,0.0,1.0,311418948,311100000,312300000.0,10.698,48973000000,29000000,175000000.0,5882000000,157.419,-2045000000
12,ED,ARQ,2018-06-30,2018-08-02,2018-06-30,2021-08-30,0,49064000000,,3436000000,45628000000,,50.347,-905000000.0,921000000,921000000,1376000000.0,188000000.0,0.63,2.135,17909000000,2684000000,15225000000,17909000000,0,354000000.0,349000000,0.036,0.715,423000000.0,777000000.0,0.288,777000000.0,423000000.0,226000000.0,0.6,0.6,0.6,15648000000,,15648000000,41313142710,16.0,10.282,-8000000.0,-0.026,1.0,1320000000.0,0.49,555000000,197000000.0,60041000000,,318000000,2057000000,0,2057000000,33409000000,5456000000,27953000000,24325142710,238000000.0,0.0,0.0,496000000.0,-211000000.0,298000000.0,-957000000.0,0.0,897000000.0,0.0,188000000.0,188000000.0,188000000.0,0.0,0.0,0.07,894000000.0,426000000.0,1130000000,1.192,1.555,15.415,15.331,38767000000,0.0,78.19,1.989,1.987,1743000000,,2696000000.0,2696000000.0,0.0,,,,,0.0,0.0,1.0,311102989,310800000,311900000.0,8.674,48509000000,27000000,38000000.0,5755000000,156.078,-2020000000
13,ED,ARQ,2018-03-31,2018-05-03,2018-03-31,2021-08-30,0,48900000000,,3773000000,45127000000,,50.432,-857000000.0,683000000,683000000,1691000000.0,428000000.0,0.668,2.123,17410000000,2680000000,14730000000,17410000000,0,348000000.0,347000000,0.035,0.0,740000000.0,1088000000.0,0.323,1088000000.0,740000000.0,545000000.0,1.38,1.37,1.38,15654000000,,15654000000,41274706735,15.0,10.239,-714000000.0,-2.3,1.0,1673000000.0,0.497,557000000,195000000.0,59419000000,,301000000,2012000000,0,2012000000,33239000000,5651000000,27588000000,24547706735,-161000000.0,0.0,0.0,801000000.0,-209000000.0,605000000.0,-909000000.0,0.0,143000000.0,0.0,428000000.0,428000000.0,428000000.0,0.0,0.0,0.127,918000000.0,755000000.0,1236000000,0.0,1.568,15.685,15.582,38075000000,0.0,79.0,2.017,2.015,1922000000,,3364000000.0,3364000000.0,0.0,,,,,0.0,0.0,1.0,310730465,310400000,311600000.0,10.838,48343000000,58000000,117000000.0,5685000000,155.744,-1878000000
14,ED,ARQ,2017-12-31,2018-02-15,2017-12-31,2021-08-30,0,48111000000,,3537000000,44574000000,,49.768,-1023000000.0,844000000,844000000,1516000000.0,505000000.0,0.722,2.12,16606000000,1875000000,14731000000,16606000000,0,343000000.0,346000000,0.036,1.405,562000000.0,905000000.0,0.306,905000000.0,562000000.0,378000000.0,1.64,1.63,1.64,15418000000,,15418000000,39696718068,15.0,9.761,117000000.0,0.378,1.0,1445000000.0,0.488,559000000,184000000.0,58412000000,,334000000,2001000000,0,2001000000,32686000000,4902000000,27784000000,23934718068,728000000.0,-44000000.0,51000000.0,909000000.0,-203000000.0,719000000.0,-1131000000.0,0.0,1140000000.0,0.0,505000000.0,505000000.0,505000000.0,0.0,0.0,0.171,901000000.0,544000000.0,1286000000,0.857,1.552,15.695,15.515,37600000000,0.0,77.11,1.989,1.968,1861000000,,2961000000.0,2961000000.0,0.0,,,,,0.0,0.0,1.0,310397070,309800000,312100000.0,9.558,47552000000,64000000,-127000000.0,5603000000,153.493,-1365000000
15,ED,ARQ,2017-09-30,2017-11-02,2017-09-30,2021-08-30,0,49246000000,,3096000000,46150000000,,49.064,-799000000.0,110000000,110000000,1457000000.0,457000000.0,0.791,2.26,15694000000,1043000000,14651000000,15694000000,0,336000000.0,344000000,0.032,0.69,912000000.0,1248000000.0,0.389,1248000000.0,912000000.0,727000000.0,1.48,1.48,1.48,15102000000,,15102000000,42497971580,16.0,10.745,-146000000.0,-0.474,1.0,1754000000.0,0.546,542000000,185000000.0,60373000000,,337000000,1977000000,0,1977000000,34136000000,3915000000,30221000000,26913971580,-747000000.0,0.0,343000000.0,-684000000.0,-202000000.0,-531000000.0,-869000000.0,0.0,653000000.0,0.0,457000000.0,457000000.0,457000000.0,0.0,0.0,0.142,881000000.0,873000000.0,1057000000,0.466,1.782,21.953,21.7,36728000000,0.0,86.8,2.285,2.268,1703000000,,3211000000.0,3211000000.0,0.0,,,,,0.0,0.0,1.0,310068797,307800000,309300000.0,10.432,48704000000,46000000,270000000.0,10787000000,158.233,-819000000
16,ED,ARQ,2017-06-30,2017-08-03,2017-06-30,2021-08-30,0,49099000000,,3280000000,45819000000,,47.446,-823000000.0,842000000,842000000,1368000000.0,175000000.0,0.758,2.388,16376000000,1673000000,14703000000,16376000000,0,333000000.0,345000000,0.033,0.69,457000000.0,790000000.0,0.3,790000000.0,457000000.0,277000000.0,0.57,0.57,0.57,14490000000,,14490000000,40941663443,15.0,10.23,303000000.0,0.992,1.0,1265000000.0,0.48,544000000,180000000.0,59760000000,,357000000,1961000000,0,1961000000,34601000000,4329000000,30272000000,25407663443,749000000.0,-1000000.0,0.0,675000000.0,-199000000.0,489000000.0,-866000000.0,0.0,1126000000.0,0.0,175000000.0,175000000.0,175000000.0,0.0,0.0,0.066,842000000.0,423000000.0,973000000,1.211,1.753,20.069,20.029,36251000000,0.0,83.12,2.12,2.118,1585000000,,2633000000.0,2633000000.0,0.0,,,,,0.0,0.0,1.0,305674488,305400000,306800000.0,8.621,48555000000,50000000,102000000.0,10591000000,158.988,-1049000000
17,ED,ARQ,2017-03-31,2017-05-04,2017-03-31,2021-08-30,0,48365000000,,3017000000,45348000000,,47.519,-809000000.0,102000000,102000000,1586000000.0,388000000.0,0.877,2.335,15698000000,869000000,14829000000,15698000000,0,329000000.0,345000000,0.034,0.0,796000000.0,1125000000.0,0.349,1125000000.0,796000000.0,615000000.0,1.27,1.27,1.27,14498000000,,14498000000,39684366591,14.0,9.823,-361000000.0,-1.183,1.0,1642000000.0,0.509,550000000,181000000.0,59970000000,,313000000,1914000000,0,1914000000,33859000000,3441000000,30418000000,24088366591,-709000000.0,0.0,0.0,-133000000.0,-199000000.0,-320000000.0,-837000000.0,0.0,448000000.0,0.0,388000000.0,388000000.0,388000000.0,0.0,0.0,0.12,871000000.0,771000000.0,963000000,0.0,1.661,18.207,18.092,35663000000,0.0,78.88,1.983,1.981,1779000000,,3228000000.0,3228000000.0,0.0,,,,,0.0,0.0,1.0,305379901,305100000,306300000.0,10.58,47815000000,53000000,227000000.0,10481000000,156.719,-424000000
18,ED,ARQ,2016-12-31,2017-02-16,2016-12-31,2021-08-30,0,48255000000,,3406000000,44849000000,,46.987,-2261000000.0,776000000,776000000,1410000000.0,206000000.0,0.886,2.374,15828000000,1093000000,14735000000,15828000000,0,311000000.0,352000000,0.036,1.36,481000000.0,792000000.0,0.293,792000000.0,481000000.0,302000000.0,0.68,0.66,0.68,14298000000,,14298000000,37714844105,14.0,9.783,-1138000000.0,-3.74,1.0,1297000000.0,0.479,552000000,179000000.0,58912000000,,339000000,1921000000,0,1921000000,33949000000,3843000000,30106000000,22662844105,626000000.0,879000000.0,13000000.0,942000000.0,-193000000.0,762000000.0,-1259000000.0,0.0,1123000000.0,0.0,206000000.0,206000000.0,206000000.0,0.0,0.0,0.076,819000000.0,478000000.0,1147000000,2.0,1.585,18.203,17.901,35216000000,0.0,74.29,1.877,1.848,1748000000,,2707000000.0,2707000000.0,0.0,,,,,0.0,0.0,1.0,305059148,304300000,306100000.0,8.896,47703000000,79000000,96000000.0,10269000000,156.763,-437000000
19,ED,ARQ,2016-09-30,2016-11-03,2016-09-30,2021-08-30,0,47316000000,,3154000000,44162000000,,46.854,-568000000.0,150000000,150000000,1748000000.0,497000000.0,0.878,2.316,14694000000,947000000,13747000000,14694000000,0,306000000.0,356000000,0.036,0.67,989000000.0,1295000000.0,0.379,1295000000.0,989000000.0,811000000.0,1.63,1.62,1.63,14267000000,,14267000000,37054222124,14.0,9.873,137000000.0,0.45,1.0,1669000000.0,0.488,429000000,178000000.0,57840000000,,335000000,1931000000,0,1931000000,33041000000,3591000000,29450000000,22510222124,-716000000.0,-31000000.0,11000000.0,-509000000.0,-192000000.0,-690000000.0,-731000000.0,0.0,705000000.0,0.0,497000000.0,497000000.0,497000000.0,0.0,0.0,0.145,833000000.0,836000000.0,1113000000,0.411,1.578,18.527,18.195,33906000000,0.0,73.87,1.864,1.863,1695000000,,3417000000.0,3417000000.0,0.0,,,,,0.0,0.0,1.0,304727523,304500000,305900000.0,11.222,46887000000,66000000,314000000.0,10196000000,153.98,-437000000
20,ED,ARQ,2016-06-30,2016-08-04,2016-06-30,2021-08-30,0,47270000000,,3499000000,43771000000,,46.64,-862000000.0,862000000,862000000,1492000000.0,232000000.0,0.896,2.388,15201000000,1454000000,13747000000,15201000000,0,302000000.0,358000000,0.034,0.67,526000000.0,828000000.0,0.296,828000000.0,526000000.0,356000000.0,0.78,0.77,0.78,13950000000,,13950000000,38323855801,16.0,10.699,245000000.0,0.819,1.0,1302000000.0,0.466,431000000,170000000.0,57275000000,,321000000,1913000000,0,1913000000,33312000000,3903000000,29409000000,23984855801,799000000.0,-1003000000.0,714000000.0,1039000000.0,-193000000.0,1560000000.0,-1868000000.0,0.0,1107000000.0,0.0,232000000.0,232000000.0,232000000.0,0.0,0.0,0.083,787000000.0,515000000.0,969000000,0.859,1.719,20.929,20.254,33459000000,0.0,78.79,1.982,1.948,1563000000,,2794000000.0,2794000000.0,0.0,,,,,0.0,0.0,1.0,304414974,299100000,300400000.0,9.341,46839000000,15000000,124000000.0,9924000000,156.6,-404000000
21,ED,ARQ,2016-03-31,2016-05-06,2016-03-31,2021-08-30,0,45580000000,,3185000000,42395000000,,44.92,-813000000.0,61000000,61000000,1707000000.0,310000000.0,0.718,2.454,14160000000,1938000000,12222000000,14160000000,0,297000000.0,356000000,0.035,0.0,643000000.0,940000000.0,0.298,940000000.0,643000000.0,474000000.0,1.05,1.05,1.05,13193000000,,13193000000,35901786966,15.0,10.223,-289000000.0,-0.984,1.0,1449000000.0,0.459,431000000,169000000.0,54812000000,,342000000,865000000,0,865000000,32379000000,4436000000,27943000000,21802786966,-881000000.0,-247000000.0,15000000.0,-116000000.0,-185000000.0,-287000000.0,-1118000000.0,0.0,524000000.0,0.0,310000000.0,310000000.0,310000000.0,0.0,0.0,0.098,807000000.0,642000000.0,909000000,0.0,1.653,19.243,19.212,32971000000,0.0,74.16,1.803,1.801,1732000000,,3156000000.0,3156000000.0,0.0,,,,,0.0,0.0,1.0,293996588,293700000,294800000.0,10.746,45149000000,15000000,164000000.0,9821000000,153.725,-1251000000
22,ED,ARQ,2015-12-31,2016-02-18,2015-12-31,2021-08-30,0,45642000000,,3836000000,41806000000,,44.501,-850000000.0,944000000,944000000,1540000000.0,176000000.0,0.813,2.496,14274000000,2268000000,12006000000,14274000000,0,290000000.0,354000000,0.037,1.32,400000000.0,690000000.0,0.255,690000000.0,400000000.0,233000000.0,0.6,0.59,0.6,13052000000,,13052000000,34265860185,14.0,9.569,228000000.0,0.777,1.0,1167000000.0,0.431,431000000,167000000.0,53821000000,,350000000,884000000,0,884000000,32581000000,4720000000,27861000000,20935860185,855000000.0,-13000000.0,10000000.0,910000000.0,-173000000.0,747000000.0,-970000000.0,0.0,1078000000.0,0.0,176000000.0,176000000.0,176000000.0,0.0,0.0,0.065,768000000.0,399000000.0,1008000000,2.2,1.604,17.549,17.521,32209000000,0.0,71.31,1.668,1.664,1716000000,,2707000000.0,2707000000.0,0.0,,,,,0.0,0.0,1.0,293589401,293300000,295000000.0,9.229,45211000000,166000000,57000000.0,9599000000,154.146,-884000000
23,ED,ARQ,2015-09-30,2015-11-05,2015-09-30,2021-08-30,0,44971000000,,3505000000,41466000000,,44.52,-852000000.0,91000000,91000000,1824000000.0,428000000.0,0.791,2.448,13442000000,1921000000,11521000000,13442000000,0,285000000.0,351000000,0.039,0.65,839000000.0,1124000000.0,0.326,1124000000.0,839000000.0,677000000.0,1.46,1.45,1.46,13040000000,,13040000000,32511114060,14.0,9.526,-139000000.0,-0.475,1.0,1619000000.0,0.47,432000000,162000000.0,53461000000,,338000000,874000000,0,874000000,31922000000,4429000000,27493000000,19160114060,-616000000.0,-34000000.0,-2000000.0,-185000000.0,-180000000.0,-367000000.0,-962000000.0,0.0,713000000.0,0.0,428000000.0,428000000.0,428000000.0,0.0,0.0,0.124,789000000.0,830000000.0,1092000000,0.445,1.469,17.434,17.427,31473000000,0.0,65.35,1.512,1.51,1813000000,,3443000000.0,3443000000.0,0.0,,,,,0.0,0.0,1.0,293192258,292900000,294200000.0,11.755,44539000000,90000000,249000000.0,9651000000,152.062,-924000000
24,ED,ARQ,2015-06-30,2015-08-06,2015-06-30,2021-08-30,0,44751000000,,3679000000,41072000000,,43.66,-725000000.0,709000000,709000000,1582000000.0,219000000.0,0.935,2.499,13630000000,1705000000,11925000000,13630000000,0,276000000.0,348000000,0.04,0.65,482000000.0,758000000.0,0.272,758000000.0,482000000.0,320000000.0,0.75,0.74,0.75,12788000000,,12788000000,31582797213,14.0,9.278,202000000.0,0.69,1.0,1206000000.0,0.433,432000000,162000000.0,53305000000,,321000000,848000000,0,848000000,31954000000,3935000000,28019000000,18661797213,592000000.0,-252000000.0,-5000000.0,918000000.0,-190000000.0,723000000.0,-1058000000.0,0.0,927000000.0,0.0,219000000.0,219000000.0,219000000.0,0.0,0.0,0.079,734000000.0,472000000.0,845000000,0.867,1.459,16.858,16.857,30923000000,0.0,63.72,1.479,1.479,1700000000,,2788000000.0,2788000000.0,0.0,,,,,0.0,0.0,1.0,292871896,292900000,294000000.0,9.519,44319000000,173000000,101000000.0,9460000000,151.311,-256000000
25,ED,ARQ,2015-03-31,2015-05-07,2015-03-31,2021-08-30,0,43977000000,,3398000000,40579000000,,43.568,-627000000.0,117000000,117000000,2114000000.0,370000000.0,0.997,2.445,12709000000,1015000000,11694000000,12709000000,0,279000000.0,345000000,0.041,0.0,730000000.0,1009000000.0,0.279,1009000000.0,730000000.0,569000000.0,1.26,1.26,1.26,12761000000,,12761000000,30527796605,13.0,9.045,-68000000.0,-0.232,1.0,1502000000.0,0.415,432000000,161000000.0,52730000000,,332000000,814000000,0,814000000,31207000000,3407000000,27800000000,17935796605,-582000000.0,0.0,-2000000.0,-282000000.0,-190000000.0,-474000000.0,-667000000.0,0.0,559000000.0,0.0,370000000.0,370000000.0,370000000.0,0.0,0.0,0.102,776000000.0,726000000.0,937000000,0.0,1.406,16.305,16.287,30212000000,0.0,61.24,1.407,1.407,2049000000,,3616000000.0,3616000000.0,0.0,,,,,0.0,0.0,1.0,292877149,292900000,293900000.0,12.346,43545000000,95000000,199000000.0,9337000000,148.668,-9000000
26,ED,ARQ,2014-12-31,2015-02-19,2014-12-31,2021-08-30,0,44308000000,,3854000000,40454000000,,42.936,-715000000.0,699000000,699000000,1845000000.0,82000000.0,1.019,2.523,12991000000,1360000000,11631000000,12991000000,0,275000000.0,344000000,0.039,1.28,247000000.0,522000000.0,0.185,522000000.0,247000000.0,91000000.0,0.28,0.27,0.28,12576000000,,12576000000,31271195018,14.0,9.413,365000000.0,1.246,1.0,983000000.0,0.348,432000000,156000000.0,52387000000,,372000000,816000000,0,816000000,31723000000,3781000000,27942000000,18979195018,494000000.0,0.0,-2000000.0,365000000.0,-186000000.0,177000000.0,-763000000.0,0.0,1080000000.0,0.0,82000000.0,82000000.0,82000000.0,0.0,0.0,0.029,733000000.0,250000000.0,1019000000,4.571,1.509,17.38,17.373,29827000000,0.0,64.8,1.469,1.469,1834000000,,2828000000.0,2828000000.0,0.0,,,,,0.0,0.0,1.0,292888812,292900000,294000000.0,9.655,43876000000,352000000,9000000.0,9148000000,149.799,73000000
27,ED,ARQ,2014-09-30,2014-11-06,2014-09-30,2021-08-30,0,40667000000,,3519000000,37148000000,,43.383,-694000000.0,205000000,205000000,1849000000.0,436000000.0,0.909,2.2,12621000000,1635000000,10986000000,12621000000,0,270000000.0,338000000,0.04,0.63,845000000.0,1115000000.0,0.329,1115000000.0,845000000.0,695000000.0,1.49,1.48,1.49,12707000000,,12707000000,30941159422,12.0,8.738,-200000000.0,-0.683,1.0,1541000000.0,0.455,432000000,150000000.0,48778000000,,343000000,740000000,0,740000000,27951000000,3873000000,24078000000,18525159422,-569000000.0,0.0,-6000000.0,-109000000.0,-185000000.0,-300000000.0,-763000000.0,0.0,494000000.0,0.0,436000000.0,436000000.0,436000000.0,0.0,0.0,0.129,722000000.0,819000000.0,972000000,0.423,1.458,14.904,14.917,29239000000,0.0,63.25,1.43,1.43,1934000000,,3390000000.0,3390000000.0,0.0,,,,,0.0,0.0,1.0,292887896,292900000,294000000.0,11.574,40235000000,33000000,259000000.0,8865000000,137.368,-354000000
28,ED,ARQ,2014-06-30,2014-08-07,2014-06-30,2021-08-30,0,40311000000,,3457000000,36854000000,,42.523,-546000000.0,774000000,774000000,1769000000.0,212000000.0,0.9,2.237,12661000000,1576000000,11085000000,12661000000,0,265000000.0,333000000,0.045,0.63,464000000.0,729000000.0,0.25,729000000.0,464000000.0,314000000.0,0.73,0.72,0.73,12455000000,,12455000000,28095256121,11.0,7.928,487000000.0,1.663,1.0,1142000000.0,0.392,432000000,150000000.0,47927000000,,322000000,693000000,0,693000000,27856000000,3839000000,24017000000,16208256121,672000000.0,0.0,-1000000.0,423000000.0,-184000000.0,238000000.0,-599000000.0,0.0,1033000000.0,0.0,212000000.0,212000000.0,212000000.0,0.0,0.0,0.073,687000000.0,455000000.0,967000000,0.863,1.301,12.752,12.781,28754000000,0.0,55.34,1.242,1.242,1916000000,,2911000000.0,2911000000.0,0.0,,,,,0.0,0.0,1.0,292885004,292900000,294000000.0,9.939,39879000000,43000000,102000000.0,8574000000,136.152,-382000000
29,ED,ARQ,2014-03-31,2014-05-08,2014-03-31,2021-08-30,0,40481000000,,3484000000,36997000000,,42.424,-639000000.0,102000000,102000000,2344000000.0,361000000.0,0.974,2.258,12454000000,1115000000,11339000000,12454000000,0,261000000.0,326000000,0.043,0.0,695000000.0,956000000.0,0.252,956000000.0,695000000.0,559000000.0,1.23,1.23,1.23,12426000000,,12426000000,29167055563,12.0,8.435,-415000000.0,-1.417,1.0,1445000000.0,0.381,433000000,136000000.0,48824000000,,303000000,547000000,0,547000000,28055000000,3576000000,24479000000,16815055563,-572000000.0,0.0,-1000000.0,23000000.0,-184000000.0,-162000000.0,-634000000.0,0.0,224000000.0,0.0,361000000.0,361000000.0,361000000.0,0.0,0.0,0.095,760000000.0,685000000.0,1079000000,0.0,1.353,13.66,13.702,28682000000,0.0,57.41,1.298,1.298,2232000000,,3789000000.0,3789000000.0,0.0,,,,,0.0,0.0,1.0,292894192,292900000,294100000.0,12.936,40048000000,82000000,198000000.0,8662000000,136.729,-92000000
30,ED,ARQ,2013-12-31,2014-02-21,2013-12-31,2021-08-30,0,40647000000,,3891000000,36756000000,,41.806,-689000000.0,674000000,674000000,1666000000.0,234000000.0,0.823,2.319,12426000000,1936000000,10490000000,12426000000,0,260000000.0,321000000,0.045,1.245,481000000.0,741000000.0,0.258,741000000.0,481000000.0,337000000.0,0.79,0.8,0.79,12245000000,,12245000000,27946578949,12.0,8.518,625000000.0,2.134,1.0,1201000000.0,0.419,433000000,144000000.0,47236000000,,363000000,461000000,0,461000000,28402000000,4730000000,23672000000,16194578949,600000000.0,0.0,-4000000.0,235000000.0,-181000000.0,50000000.0,-764000000.0,0.0,1314000000.0,0.0,234000000.0,234000000.0,234000000.0,0.0,0.0,0.082,724000000.0,477000000.0,1017000000,1.576,1.323,15.249,15.273,28436000000,0.0,55.29,1.311,1.311,2005000000,,2867000000.0,2867000000.0,0.0,,,,,0.0,0.0,1.0,292902495,292900000,294700000.0,9.788,40214000000,122000000,103000000.0,8942000000,137.296,-839000000
31,ED,ARQ,2013-09-30,2013-11-04,2013-09-30,2021-08-30,0,41964000000,,3704000000,38260000000,,41.536,-781000000.0,74000000,74000000,1871000000.0,464000000.0,0.847,2.449,12198000000,1703000000,10495000000,12198000000,0,258000000.0,316000000,0.042,0.615,860000000.0,1118000000.0,0.321,1118000000.0,860000000.0,714000000.0,1.58,1.58,1.58,12166000000,,12166000000,29298963579,13.0,9.04,-516000000.0,-1.762,1.0,1613000000.0,0.463,433000000,146000000.0,49282000000,,368000000,444000000,0,444000000,29798000000,4373000000,25425000000,17174963579,-673000000.0,0.0,-2000000.0,-73000000.0,-180000000.0,-255000000.0,-683000000.0,0.0,265000000.0,0.0,464000000.0,464000000.0,464000000.0,0.0,0.0,0.133,758000000.0,855000000.0,925000000,0.389,1.412,16.594,16.612,27955000000,0.0,58.64,1.387,1.387,1955000000,,3484000000.0,3484000000.0,0.0,,,,,0.0,0.0,1.0,292888192,292900000,294300000.0,11.895,41531000000,186000000,250000000.0,8868000000,141.792,-669000000
32,ED,ARQ,2013-06-30,2013-08-01,2013-06-30,2021-08-30,0,41922000000,,4103000000,37819000000,,40.57,-614000000.0,747000000,747000000,1720000000.0,172000000.0,0.911,2.528,12379000000,1883000000,10496000000,12379000000,0,255000000.0,310000000,0.04,0.615,388000000.0,643000000.0,0.228,643000000.0,388000000.0,237000000.0,0.59,0.59,0.59,11883000000,,11883000000,29301021816,13.0,9.111,443000000.0,1.512,1.0,1098000000.0,0.39,433000000,151000000.0,48617000000,,321000000,313000000,0,313000000,30039000000,4504000000,25535000000,17669021816,615000000.0,0.0,-1000000.0,288000000.0,-180000000.0,107000000.0,-549000000.0,0.0,1057000000.0,0.0,172000000.0,172000000.0,172000000.0,0.0,0.0,0.061,712000000.0,386000000.0,997000000,1.042,1.487,17.477,17.487,27542000000,0.0,60.33,1.432,1.432,2008000000,,2818000000.0,2818000000.0,0.0,,,,,0.0,0.0,1.0,292872896,292900000,294300000.0,9.621,41489000000,283000000,65000000.0,8618000000,141.649,-401000000
33,ED,ARQ,2013-03-31,2013-05-02,2013-03-31,2021-08-30,0,41736000000,,3934000000,37802000000,,40.591,-629000000.0,132000000,132000000,1934000000.0,192000000.0,0.927,2.51,11982000000,1426000000,10556000000,11982000000,0,251000000.0,307000000,0.038,0.0,528000000.0,779000000.0,0.245,779000000.0,528000000.0,249000000.0,0.66,0.65,0.66,11889000000,,11889000000,30486873408,13.0,9.289,-713000000.0,-2.434,1.0,1250000000.0,0.393,431000000,279000000.0,48912000000,,270000000,351000000,0,351000000,29847000000,4243000000,25604000000,18636873408,-262000000.0,0.0,-1000000.0,666000000.0,-180000000.0,485000000.0,-663000000.0,0.0,-84000000.0,0.0,192000000.0,192000000.0,192000000.0,0.0,0.0,0.06,724000000.0,526000000.0,1065000000,0.0,1.568,17.699,17.724,27283000000,0.0,63.63,1.516,1.516,1969000000,,3184000000.0,3184000000.0,0.0,,,,,0.0,0.0,1.0,292894443,292900000,294200000.0,10.871,41305000000,440000000,57000000.0,8711000000,141.021,-309000000
34,ED,ARQ,2012-12-31,2013-02-21,2012-12-31,2021-08-30,0,41209000000,,3451000000,37758000000,,40.522,-602000000.0,394000000,394000000,1737000000.0,207000000.0,0.875,2.472,11309000000,1245000000,10064000000,11309000000,0,246000000.0,304000000,0.042,1.22,455000000.0,701000000.0,0.242,701000000.0,455000000.0,306000000.0,0.7,0.7,0.7,11869000000,,11869000000,27726162530,12.0,8.402,359000000.0,1.226,1.0,1164000000.0,0.401,431000000,149000000.0,47748000000,,330000000,467000000,0,467000000,29340000000,3945000000,25395000000,16811162530,325000000.0,0.0,7000000.0,198000000.0,-185000000.0,20000000.0,-656000000.0,0.0,961000000.0,0.0,207000000.0,207000000.0,207000000.0,0.0,0.0,0.071,711000000.0,453000000.0,1215000000,1.743,1.416,14.773,14.794,26939000000,0.0,57.4,1.379,1.379,1966000000,,2901000000.0,2901000000.0,0.0,,,,,0.0,0.0,1.0,292877396,292900000,294200000.0,9.904,40778000000,296000000,99000000.0,8534000000,139.222,-494000000
35,ED,ARQ,2012-09-30,2012-11-06,2012-09-30,2021-08-30,0,39633000000,,3240000000,36393000000,,40.43,-731000000.0,69000000,69000000,1871000000.0,440000000.0,0.87,2.347,11111000000,1270000000,9841000000,11111000000,0,240000000.0,308000000,0.042,0.605,853000000.0,1093000000.0,0.318,1093000000.0,853000000.0,701000000.0,1.5,1.49,1.5,11842000000,,11842000000,27958338473,12.0,8.508,-340000000.0,-1.161,1.0,1567000000.0,0.456,432000000,152000000.0,46519000000,,355000000,462000000,0,462000000,27791000000,3724000000,24067000000,16916338473,-1312000000.0,0.0,-4000000.0,-762000000.0,-175000000.0,-941000000.0,-762000000.0,0.0,391000000.0,0.0,440000000.0,440000000.0,440000000.0,0.0,0.0,0.128,716000000.0,851000000.0,968000000,0.403,1.429,15.077,15.081,26324000000,0.0,57.76,1.381,1.381,1986000000,,3438000000.0,3438000000.0,0.0,,,,,0.0,0.0,1.0,292872896,292900000,294600000.0,11.738,39201000000,113000000,261000000.0,8134000000,133.837,-484000000
36,ED,ARQ,2012-06-30,2012-08-02,2012-06-30,2021-08-30,0,40049000000,,4102000000,35947000000,,39.532,-593000000.0,1381000000,1381000000,1627000000.0,214000000.0,0.937,2.459,11873000000,2031000000,9842000000,11873000000,0,236000000.0,308000000,0.038,0.605,473000000.0,709000000.0,0.256,709000000.0,473000000.0,320000000.0,0.73,0.73,0.73,11579000000,,11579000000,29310336443,13.0,9.246,252000000.0,0.86,1.0,1144000000.0,0.413,432000000,153000000.0,45729000000,,337000000,451000000,0,451000000,28470000000,4380000000,24090000000,18818336443,612000000.0,1000000.0,-4000000.0,799000000.0,-174000000.0,382000000.0,-615000000.0,0.0,845000000.0,0.0,214000000.0,214000000.0,214000000.0,0.0,0.0,0.077,669000000.0,475000000.0,813000000,0.829,1.625,17.67,17.651,25734000000,0.0,64.25,1.512,1.512,1755000000,,2771000000.0,2771000000.0,0.0,,,,,0.0,0.0,1.0,292892396,292900000,294400000.0,9.461,39617000000,136000000,106000000.0,7897000000,135.258,-278000000
37,ED,ARQ,2012-03-31,2012-05-03,2012-03-31,2021-08-30,0,39701000000,,3904000000,35797000000,,39.416,-480000000.0,769000000,769000000,1834000000.0,280000000.0,1.017,2.439,11073000000,1030000000,10043000000,11073000000,0,233000000.0,306000000,0.041,0.0,564000000.0,797000000.0,0.259,797000000.0,564000000.0,414000000.0,0.95,0.94,0.95,11545000000,,11545000000,27632216081,13.0,8.963,-78000000.0,-0.266,1.0,1244000000.0,0.404,432000000,150000000.0,45733000000,,325000000,440000000,0,440000000,28156000000,3840000000,24316000000,17328216081,121000000.0,27000000.0,-8000000.0,395000000.0,-175000000.0,209000000.0,-490000000.0,0.0,402000000.0,0.0,280000000.0,277000000.0,277000000.0,0.0,0.0,0.09,683000000.0,561000000.0,844000000,0.0,1.501,17.055,17.0,25353000000,3000000.0,59.16,1.368,1.368,1697000000,,3078000000.0,3078000000.0,0.0,,,,,0.0,0.0,1.0,292904261,292900000,294500000.0,10.509,39269000000,285000000,134000000.0,7941000000,134.07,64000000
38,ED,ARQ,2011-12-31,2012-02-21,2011-12-31,2021-08-30,0,39214000000,,3638000000,35576000000,,39.771,-498000000.0,648000000,648000000,1825000000.0,193000000.0,1.218,2.366,10675000000,530000000,10145000000,10675000000,0,225000000.0,303000000,0.042,1.205,462000000.0,687000000.0,0.232,687000000.0,462000000.0,316000000.0,0.65,0.65,0.65,11649000000,,11649000000,26973073310,12.0,8.59,478000000.0,1.632,1.0,1141000000.0,0.385,432000000,146000000.0,45822000000,,356000000,455000000,0,455000000,27565000000,2987000000,24578000000,16946073310,250000000.0,11000000.0,-10000000.0,-1000000.0,-174000000.0,-187000000.0,-539000000.0,0.0,976000000.0,0.0,193000000.0,191000000.0,191000000.0,0.0,0.0,0.064,683000000.0,458000000.0,961000000,1.854,1.455,16.124,16.117,25093000000,2000000.0,57.86,1.31,1.309,1900000000,,2966000000.0,2966000000.0,0.0,,,,,0.0,0.0,1.0,292880631,292900000,295000000.0,10.126,38782000000,266000000,123000000.0,7751000000,132.407,651000000
39,ED,ARQ,2011-09-30,2011-11-03,2011-09-30,2021-08-30,0,36535000000,,3458000000,33077000000,,39.833,-461000000.0,398000000,398000000,2168000000.0,386000000.0,1.169,2.131,10676000000,305000000,10371000000,10676000000,0,222000000.0,302000000,0.041,0.6,755000000.0,977000000.0,0.269,977000000.0,755000000.0,611000000.0,1.31,1.3,1.31,11667000000,,11667000000,27486147952,12.0,8.673,111000000.0,0.379,1.0,1461000000.0,0.403,432000000,144000000.0,43422000000,,375000000,474000000,0,474000000,24868000000,2959000000,21909000000,17208147952,-94000000.0,19000000.0,-8000000.0,0.0,-173000000.0,-184000000.0,-482000000.0,0.0,572000000.0,0.0,386000000.0,383000000.0,383000000.0,0.0,0.0,0.106,705000000.0,756000000.0,1062000000,0.458,1.475,15.758,15.667,24698000000,3000000.0,58.75,1.312,1.312,1953000000,,3629000000.0,3629000000.0,0.0,,,,,0.0,0.0,1.0,292904646,292900000,294600000.0,12.39,36103000000,0,225000000.0,7276000000,123.26,499000000
40,ED,ARQ,2011-06-30,2011-08-05,2011-06-30,2021-08-30,0,36019000000,,3209000000,32810000000,,39.166,-587000000.0,492000000,492000000,1931000000.0,168000000.0,1.298,2.142,10678000000,5000000,10673000000,10678000000,0,219000000.0,299000000,0.045,0.6,403000000.0,622000000.0,0.208,622000000.0,403000000.0,251000000.0,0.57,0.56,0.57,11464000000,,11464000000,25787498980,11.0,8.271,640000000.0,2.187,1.0,1062000000.0,0.355,432000000,152000000.0,43300000000,,310000000,510000000,84000000,426000000,24555000000,2473000000,22082000000,15601498980,-24000000.0,-10000000.0,24000000.0,-466000000.0,-173000000.0,-618000000.0,-633000000.0,0.0,1227000000.0,0.0,168000000.0,165000000.0,165000000.0,0.0,0.0,0.055,664000000.0,398000000.0,1033000000,1.053,1.361,14.732,14.476,24414000000,3000000.0,53.27,1.183,1.182,1870000000,,2993000000.0,2993000000.0,0.0,,,,,0.0,0.0,1.0,292875896,292700000,294300000.0,10.225,35587000000,0,83000000.0,7009000000,121.582,736000000
41,ED,ARQ,2011-03-31,2011-05-05,2011-03-31,2021-08-30,0,36186000000,,3590000000,32596000000,,39.192,-421000000.0,516000000,516000000,2047000000.0,314000000.0,1.342,2.162,11144000000,469000000,10675000000,11144000000,0,218000000.0,296000000,0.045,0.0,635000000.0,853000000.0,0.255,853000000.0,635000000.0,483000000.0,1.07,1.06,1.07,11444000000,,11444000000,26061463969,11.0,8.279,-59000000.0,-0.202,1.0,1302000000.0,0.389,432000000,152000000.0,43706000000,,245000000,413000000,0,413000000,24742000000,2676000000,22066000000,15433463969,178000000.0,-40000000.0,25000000.0,463000000.0,-173000000.0,312000000.0,-496000000.0,0.0,362000000.0,0.0,314000000.0,311000000.0,311000000.0,0.0,0.0,0.093,676000000.0,626000000.0,967000000,0.0,1.349,14.33,14.029,24068000000,3000000.0,52.75,1.168,1.166,1922000000,,3349000000.0,3349000000.0,0.0,,,,,0.0,0.0,1.0,292577516,292000000,293600000.0,11.469,35754000000,0,169000000.0,6941000000,122.445,914000000
42,ED,ARQ,2010-12-31,2011-02-22,2010-12-31,2021-08-30,0,36146000000,,3507000000,32639000000,,38.796,-568000000.0,338000000,338000000,1993000000.0,235000000.0,1.482,2.206,10683000000,5000000,10678000000,10683000000,0,214000000.0,289000000,0.049,1.195,503000000.0,717000000.0,0.228,717000000.0,503000000.0,350000000.0,0.8,0.79,0.8,11274000000,,11274000000,24619360059,11.0,8.206,842000000.0,2.897,1.0,1147000000.0,0.365,432000000,153000000.0,43693000000,,348000000,403000000,0,403000000,24872000000,2366000000,22506000000,14274360059,140000000.0,0.0,361000000.0,-856000000.0,-161000000.0,-658000000.0,-612000000.0,0.0,1410000000.0,0.0,235000000.0,233000000.0,233000000.0,0.0,0.0,0.074,654000000.0,493000000.0,1151000000,1.494,1.266,14.389,14.009,23863000000,2000000.0,48.89,1.071,1.043,2106000000,,3140000000.0,3140000000.0,0.0,,,,,0.0,0.0,1.0,291968911,290600000,292500000.0,10.805,35714000000,0,115000000.0,6692000000,122.897,1141000000
43,ED,ARQ,2010-09-30,2010-11-01,2010-09-30,2021-08-30,0,35452000000,,3890000000,31562000000,,38.314,-511000000.0,198000000,198000000,2342000000.0,353000000.0,1.236,2.27,11526000000,851000000,10675000000,11526000000,0,211000000.0,283000000,0.048,0.595,715000000.0,926000000.0,0.25,926000000.0,715000000.0,558000000.0,1.24,1.23,1.24,10843000000,,10843000000,25756022428,12.0,8.836,-335000000.0,-1.184,1.0,1365000000.0,0.368,432000000,157000000.0,43201000000,,364000000,391000000,0,391000000,24609000000,3147000000,21462000000,14428022428,20000000.0,-12000000.0,53000000.0,507000000.0,-157000000.0,400000000.0,-556000000.0,0.0,176000000.0,0.0,353000000.0,350000000.0,350000000.0,0.0,0.0,0.094,660000000.0,705000000.0,1068000000,0.48,1.331,15.014,14.52,23469000000,3000000.0,49.66,1.072,1.044,2211000000,,3707000000.0,3707000000.0,0.0,,,,,0.0,0.0,1.0,290536094,283000000,284600000.0,13.099,35020000000,0,205000000.0,6344000000,123.746,743000000
44,ED,ARQ,2010-06-30,2010-08-06,2010-06-30,2021-08-30,0,34389000000,,3158000000,31231000000,,37.564,-519000000.0,178000000,178000000,1972000000.0,186000000.0,1.181,2.246,11020000000,458000000,10562000000,11020000000,0,211000000.0,279000000,0.05,0.595,441000000.0,652000000.0,0.216,652000000.0,441000000.0,292000000.0,0.65,0.64,0.65,10593000000,,10593000000,24286809235,12.0,8.439,275000000.0,0.975,1.0,1045000000.0,0.346,423000000,149000000.0,42133000000,,328000000,402000000,0,402000000,23796000000,2675000000,21121000000,13444809235,91000000.0,0.0,11000000.0,-8000000.0,-156000000.0,-156000000.0,-547000000.0,0.0,794000000.0,0.0,186000000.0,183000000.0,183000000.0,0.0,0.0,0.061,616000000.0,429000000.0,1094000000,0.915,1.269,14.197,13.991,23097000000,3000000.0,47.57,1.015,1.013,2117000000,,3017000000.0,3017000000.0,0.0,,,,,0.0,0.0,1.0,282632105,282000000,283500000.0,10.699,33966000000,0,106000000.0,5815000000,120.447,483000000
45,ED,ARQ,2010-03-31,2010-05-06,2010-03-31,2021-08-30,0,34449000000,,3386000000,31063000000,,37.498,-431000000.0,87000000,87000000,2338000000.0,229000000.0,0.962,2.265,11027000000,1161000000,9866000000,11027000000,0,204000000.0,276000000,0.053,0.0,500000000.0,704000000.0,0.203,704000000.0,500000000.0,351000000.0,0.8,0.8,0.8,10552000000,,10552000000,23405936053,12.0,8.327,-430000000.0,-1.528,1.0,1124000000.0,0.325,423000000,149000000.0,41448000000,,303000000,381000000,0,381000000,23897000000,3518000000,20379000000,12465936053,-173000000.0,0.0,14000000.0,430000000.0,-155000000.0,286000000.0,-460000000.0,0.0,1000000.0,0.0,229000000.0,226000000.0,226000000.0,0.0,0.0,0.065,632000000.0,492000000.0,978000000,0.0,1.181,13.639,13.397,22739000000,3000000.0,44.21,0.954,0.952,1996000000,,3462000000.0,3462000000.0,0.0,,,,,0.0,0.0,1.0,281970958,281400000,282700000.0,12.303,34026000000,0,122000000.0,5961000000,120.917,-132000000
46,ED,ARQ,2009-12-31,2010-02-22,2009-12-31,2021-08-30,0,33873000000,,3243000000,30630000000,,37.728,-664000000.0,260000000,260000000,2249000000.0,204000000.0,1.099,2.238,10599000000,731000000,9868000000,10599000000,0,202000000.0,274000000,0.055,1.185,431000000.0,633000000.0,0.193,633000000.0,431000000.0,275000000.0,0.73,0.72,0.73,10462000000,,10462000000,22414601015,12.0,8.238,342000000.0,1.233,1.0,1025000000.0,0.313,420000000,156000000.0,40840000000,,355000000,385000000,0,385000000,23411000000,2952000000,20459000000,12075601015,185000000.0,0.0,232000000.0,-177000000.0,-151000000.0,-107000000.0,-714000000.0,0.0,1006000000.0,0.0,204000000.0,202000000.0,202000000.0,0.0,0.0,0.062,602000000.0,423000000.0,1078000000,1.623,1.154,13.912,13.582,22464000000,2000000.0,42.92,0.927,0.906,1898000000,,3274000000.0,3274000000.0,0.0,,,,,0.0,0.0,1.0,281351375,277300000,279000000.0,11.807,33453000000,0,71000000.0,5769000000,120.638,291000000
47,ED,ARQ,2009-09-30,2009-11-02,2009-09-30,2021-08-30,0,34212000000,,3227000000,30985000000,,36.143,-492000000.0,75000000,75000000,2186000000.0,339000000.0,0.919,2.441,10773000000,1397000000,9376000000,10773000000,0,200000000.0,271000000,0.057,0.59,689000000.0,889000000.0,0.255,889000000.0,689000000.0,534000000.0,1.22,1.22,1.22,9943000000,,9943000000,22042755824,12.0,8.281,-469000000.0,-1.705,1.0,1303000000.0,0.373,420000000,155000000.0,40978000000,,398000000,371000000,0,371000000,24269000000,3512000000,20757000000,11344755824,-236000000.0,0.0,10000000.0,408000000.0,-150000000.0,268000000.0,-527000000.0,0.0,23000000.0,0.0,339000000.0,336000000.0,336000000.0,0.0,0.0,0.096,618000000.0,685000000.0,928000000,0.484,1.141,13.735,13.681,21949000000,3000000.0,41.18,0.889,0.888,1753000000,,3489000000.0,3489000000.0,0.0,,,,,0.0,0.0,1.0,275491885,275100000,276000000.0,12.683,33792000000,0,195000000.0,5521000000,122.835,-285000000
48,ED,ARQ,2009-06-30,2009-08-04,2009-06-30,2021-08-30,0,30444000000,,2312000000,28132000000,,32.783,-554000000.0,290000000,290000000,1909000000.0,153000000.0,1.066,2.383,9458000000,525000000,8933000000,9458000000,0,197000000.0,253000000,0.059,0.59,388000000.0,585000000.0,0.206,585000000.0,388000000.0,233000000.0,0.55,0.55,0.55,8999000000,,8999000000,20029916980,12.0,8.466,241000000.0,0.878,1.0,936000000.0,0.329,0,155000000.0,37443000000,,314000000,105000000,0,105000000,21445000000,2169000000,19276000000,10861916980,-340000000.0,0.0,7000000.0,-399000000.0,-150000000.0,-542000000.0,-593000000.0,0.0,795000000.0,0.0,153000000.0,150000000.0,150000000.0,0.0,0.0,0.053,564000000.0,372000000.0,736000000,1.073,1.207,16.164,16.122,20360000000,3000000.0,39.5,0.828,0.826,1301000000,,2845000000.0,2845000000.0,0.0,,,,,0.0,0.0,1.0,274985240,274500000,275300000.0,10.364,30444000000,0,80000000.0,4964000000,110.907,143000000
49,ED,ARQ,2009-03-31,2009-05-01,2009-03-31,2021-08-30,0,34224000000,,3748000000,30476000000,,35.549,-483000000.0,651000000,651000000,2453000000.0,183000000.0,1.324,2.515,10699000000,704000000,9995000000,10699000000,0,192000000.0,268000000,0.063,0.0,421000000.0,613000000.0,0.179,613000000.0,421000000.0,277000000.0,0.66,0.66,0.66,9737000000,,9737000000,20302399900,10.0,7.121,159000000.0,0.581,1.0,970000000.0,0.283,417000000,144000000.0,41024000000,,334000000,349000000,0,349000000,24487000000,2831000000,21656000000,10254399900,577000000.0,0.0,8000000.0,603000000.0,-150000000.0,461000000.0,-526000000.0,0.0,642000000.0,0.0,183000000.0,180000000.0,180000000.0,0.0,0.0,0.053,551000000.0,419000000.0,911000000,0.0,1.053,9.548,9.533,21206000000,3000000.0,37.37,0.764,0.762,1720000000,,3423000000.0,3423000000.0,0.0,,,,,0.0,0.0,1.0,274401924,273900000,274500000.0,12.497,33807000000,0,94000000.0,5341000000,123.428,917000000
50,ED,ARQ,2008-12-31,2009-02-23,2008-12-31,2021-08-30,0,33498000000,,3319000000,30179000000,,35.459,-726000000.0,74000000,74000000,2100000000.0,160000000.0,1.036,2.454,10094000000,845000000,9249000000,10094000000,0,186000000.0,265000000,0.063,0.59,389000000.0,575000000.0,0.192,575000000.0,389000000.0,238000000.0,0.58,0.58,0.58,9698000000,,9698000000,20157869434,9.0,6.762,-147000000.0,-0.537,1.0,899000000.0,0.3,416000000,151000000.0,39897000000,,516000000,356000000,0,356000000,23800000000,3205000000,20595000000,10137869434,6000000.0,0.0,14000000.0,356000000.0,-160000000.0,210000000.0,-783000000.0,0.0,579000000.0,0.0,160000000.0,160000000.0,160000000.0,0.0,0.0,0.053,517000000.0,382000000.0,1161000000,1.017,1.045,8.476,8.452,20874000000,0.0,37.02,0.746,0.744,1422000000,,2999000000.0,2999000000.0,0.0,,,,,0.0,0.0,1.0,273848445,273500000,274500000.0,10.965,33082000000,0,78000000.0,5244000000,120.958,114000000
51,ED,ARQ,2008-09-30,2008-11-07,2008-09-30,2021-08-30,0,29322000000,,3352000000,25970000000,,35.589,-535000000.0,69000000,69000000,2917000000.0,182000000.0,1.112,2.016,9751000000,884000000,8867000000,9751000000,0,184000000.0,262000000,0.069,1.17,409000000.0,593000000.0,0.154,593000000.0,409000000.0,270000000.0,0.66,0.66,0.66,9723000000,,9723000000,21210016565,9.0,7.103,-1775000000.0,-6.497,1.0,941000000.0,0.244,416000000,139000000.0,35574000000,,578000000,374000000,0,374000000,19599000000,3014000000,16585000000,11528016565,-1689000000.0,0.0,18000000.0,275000000.0,-160000000.0,133000000.0,-582000000.0,0.0,-1240000000.0,0.0,182000000.0,182000000.0,182000000.0,0.0,0.0,0.047,538000000.0,403000000.0,1032000000,1.773,1.186,9.267,9.259,20286000000,0.0,42.13,0.847,0.846,1553000000,,3858000000.0,3858000000.0,0.0,,,,,0.0,0.0,1.0,273629636,273200000,273800000.0,14.122,28906000000,0,88000000.0,5264000000,105.805,338000000
52,ED,ARQ,2008-06-30,2008-08-07,2008-06-30,2021-08-30,0,30254000000,,4531000000,25723000000,,35.497,916000000.0,1758000000,1758000000,2301000000.0,552000000.0,1.147,2.125,9480000000,659000000,8821000000,9480000000,0,182000000.0,260000000,0.059,0.585,888000000.0,1070000000.0,0.34,1070000000.0,888000000.0,760000000.0,2.02,2.02,2.02,9680000000,,9680000000,18573141198,8.0,5.919,1646000000.0,6.036,1.0,848000000.0,0.269,417000000,128000000.0,33610000000,,440000000,380000000,0,380000000,20574000000,3949000000,16625000000,10851141198,1608000000.0,-12000000.0,7000000.0,157000000.0,-149000000.0,15000000.0,863000000.0,0.0,730000000.0,0.0,552000000.0,552000000.0,552000000.0,-250000000.0,0.0,0.175,215000000.0,633000000.0,1387000000,0.29,1.121,7.897,7.881,19929000000,0.0,39.72,0.81,0.808,1487000000,,3149000000.0,3149000000.0,0.0,,,,,0.0,0.0,1.0,273190866,272700000,273500000.0,11.547,29837000000,0,208000000.0,5230000000,109.413,582000000
53,ED,ARQ,2008-03-31,2008-05-02,2008-03-31,2021-08-30,0,28665000000,,2669000000,25996000000,,34.034,-504000000.0,145000000,145000000,2526000000.0,303000000.0,0.713,2.094,9363000000,1457000000,7906000000,9363000000,0,165000000.0,255000000,0.055,0.0,592000000.0,757000000.0,0.212,757000000.0,592000000.0,466000000.0,1.11,1.11,1.11,9264000000,,9264000000,20802280738,11.0,8.001,56000000.0,0.206,1.0,1051000000.0,0.294,410000000,126000000.0,33729000000,,318000000,376000000,0,376000000,19401000000,3744000000,15657000000,11584280738,-61000000.0,-20000000.0,12000000.0,85000000.0,-149000000.0,-52000000.0,-569000000.0,0.0,560000000.0,0.0,303000000.0,303000000.0,303000000.0,-3000000.0,0.0,0.085,514000000.0,537000000.0,1111000000,0.0,1.25,11.869,11.803,20285000000,0.0,42.49,0.872,0.871,1392000000,,3577000000.0,3577000000.0,0.0,,,,,0.0,0.0,1.0,272635461,272200000,273000000.0,13.141,28255000000,0,163000000.0,4964000000,103.802,-1075000000
54,ED,ARQ,2007-12-31,2008-02-22,2007-12-31,2021-08-30,0,28343000000,,2605000000,25738000000,,33.441,-573000000.0,211000000,211000000,2157000000.0,207000000.0,0.669,2.123,9282000000,1649000000,7633000000,9282000000,0,166000000.0,249000000,0.055,1.165,400000000.0,566000000.0,0.187,566000000.0,400000000.0,300000000.0,0.76,0.75,0.76,9076000000,,9076000000,20538941885,11.0,8.054,55000000.0,0.203,1.0,872000000.0,0.288,410000000,100000000.0,33109000000,,405000000,378000000,0,378000000,19267000000,3895000000,15372000000,11467941885,18000000.0,0.0,25000000.0,148000000.0,-147000000.0,26000000.0,-636000000.0,0.0,628000000.0,0.0,207000000.0,207000000.0,207000000.0,-4000000.0,0.0,0.068,476000000.0,396000000.0,1187000000,1.533,1.264,12.344,12.074,19914000000,0.0,42.14,0.874,0.855,1524000000,,3029000000.0,3029000000.0,0.0,,,,,0.0,0.0,1.0,272139105,271400000,271800000.0,11.161,27933000000,0,93000000.0,4732000000,102.922,-1290000000
55,ED,ARQ,2007-09-30,2007-11-01,2007-09-30,2021-08-30,0,27908000000,,2979000000,24929000000,,33.173,-467000000.0,209000000,209000000,2571000000.0,312000000.0,0.893,2.104,9213000000,1186000000,8027000000,9213000000,0,170000000.0,244000000,0.05,0.58,575000000.0,745000000.0,0.205,745000000.0,575000000.0,436000000.0,1.15,1.15,1.15,8990000000,,8990000000,21567037084,11.0,8.398,-361000000.0,-1.332,1.0,1072000000.0,0.294,480000000,139000000.0,33097000000,,464000000,378000000,0,378000000,18918000000,3335000000,15583000000,12563037084,6000000.0,0.0,9000000.0,557000000.0,-149000000.0,417000000.0,-517000000.0,0.0,106000000.0,0.0,312000000.0,312000000.0,312000000.0,0.0,0.0,0.086,514000000.0,558000000.0,1102000000,0.504,1.397,13.611,13.182,19455000000,0.0,46.27,0.973,0.971,1477000000,,3643000000.0,3643000000.0,0.0,,,,,0.0,0.0,1.0,271515822,271000000,272000000.0,13.443,27428000000,0,124000000.0,4668000000,101.21,-356000000
56,ED,ARQ,2007-06-30,2007-08-02,2007-06-30,2021-08-30,0,27150000000,,2651000000,24499000000,,33.243,-450000000.0,203000000,203000000,2186000000.0,154000000.0,0.88,2.083,8653000000,851000000,7802000000,8653000000,0,167000000.0,240000000,0.051,0.58,365000000.0,532000000.0,0.176,532000000.0,365000000.0,227000000.0,0.58,0.58,0.58,8806000000,,8806000000,20768535456,11.0,8.311,-107000000.0,-0.404,1.0,843000000.0,0.278,483000000,138000000.0,32103000000,,381000000,381000000,0,381000000,18344000000,3014000000,15330000000,12318535456,29000000.0,0.0,597000000.0,-290000000.0,-146000000.0,161000000.0,-475000000.0,0.0,343000000.0,0.0,154000000.0,154000000.0,154000000.0,0.0,0.0,0.051,485000000.0,358000000.0,1119000000,1.0,1.399,14.63,13.818,19097000000,0.0,45.46,0.969,0.947,1451000000,,3029000000.0,3029000000.0,0.0,,,,,0.0,0.0,1.0,270975263,264900000,266200000.0,11.435,26667000000,0,73000000.0,4386000000,100.668,-363000000
57,ED,ARQ,2007-03-31,2007-05-10,2007-03-31,2021-08-30,0,26703000000,,2730000000,23973000000,,31.81,-414000000.0,183000000,183000000,2390000000.0,256000000.0,0.872,2.254,8943000000,1125000000,7818000000,8943000000,0,164000000.0,235000000,0.045,0.0,542000000.0,706000000.0,0.207,706000000.0,542000000.0,401000000.0,0.99,0.99,0.99,8207000000,,8207000000,21971579261,12.0,9.027,64000000.0,0.248,1.0,1028000000.0,0.301,483000000,141000000.0,31849000000,,301000000,372000000,0,372000000,18496000000,3131000000,15365000000,13211579261,63000000.0,0.0,54000000.0,129000000.0,-140000000.0,43000000.0,-458000000.0,0.0,478000000.0,0.0,256000000.0,256000000.0,256000000.0,0.0,0.0,0.075,493000000.0,535000000.0,1014000000,0.0,1.61,16.27,15.863,18770000000,0.0,50.92,1.08,1.074,1508000000,,3418000000.0,3418000000.0,0.0,,,,,0.0,0.0,1.0,259457566,258000000,259100000.0,13.248,26220000000,0,145000000.0,4441000000,101.628,-401000000
58,ED,ARQ,2006-12-31,2007-02-21,2006-12-31,2021-08-30,0,26699000000,,2937000000,23762000000,,31.241,-542000000.0,112000000,112000000,1928000000.0,201000000.0,1.007,2.336,8815000000,491000000,8324000000,8815000000,0,161000000.0,228000000,0.047,1.155,424000000.0,585000000.0,0.207,585000000.0,424000000.0,291000000.0,0.79,0.79,0.79,8004000000,,8004000000,21263295101,13.0,9.253,166000000.0,0.648,1.0,895000000.0,0.317,486000000,133000000.0,31999000000,,466000000,366000000,0,366000000,18695000000,2917000000,15778000000,12560295101,-140000000.0,0.0,25000000.0,-156000000.0,-138000000.0,-269000000.0,-579000000.0,0.0,708000000.0,0.0,201000000.0,201000000.0,201000000.0,0.0,0.0,0.071,469000000.0,426000000.0,1126000000,1.462,1.569,17.042,16.47,18445000000,0.0,48.75,1.035,1.001,1469000000,,2823000000.0,2823000000.0,0.0,,,,,0.0,0.0,1.0,257647079,256200000,257200000.0,11.019,26213000000,0,90000000.0,4227000000,102.315,20000000
59,ED,ARQ,2006-09-30,2006-11-02,2006-09-30,2021-08-30,0,26141000000,,3408000000,22733000000,,31.839,-437000000.0,253000000,253000000,2443000000.0,231000000.0,1.094,2.297,8968000000,875000000,8093000000,8968000000,0,155000000.0,225000000,0.047,0.575,521000000.0,676000000.0,0.196,676000000.0,521000000.0,360000000.0,0.93,0.92,0.93,7928000000,,7928000000,21241415320,14.0,9.871,-594000000.0,-2.386,1.0,998000000.0,0.29,488000000,161000000.0,31254000000,,458000000,272000000,0,272000000,18213000000,3114000000,15099000000,12526415320,171000000.0,0.0,465000000.0,475000000.0,-132000000.0,808000000.0,-480000000.0,0.0,-157000000.0,0.0,231000000.0,231000000.0,231000000.0,0.0,0.0,0.067,483000000.0,515000000.0,934000000,0.618,1.58,18.585,17.868,18021000000,0.0,48.78,1.008,0.978,1384000000,,3441000000.0,3441000000.0,0.0,,,,,0.0,0.0,1.0,256794082,249000000,250000000.0,13.819,25653000000,0,129000000.0,4129000000,103.024,294000000
60,ED,ARQ,2006-06-30,2006-08-03,2006-06-30,2021-08-30,0,24654000000,,2410000000,22244000000,,29.992,-498000000.0,81000000,81000000,1790000000.0,124000000.0,0.989,2.343,8487000000,396000000,8091000000,8487000000,0,154000000.0,224000000,0.05,0.575,313000000.0,467000000.0,0.183,467000000.0,313000000.0,183000000.0,0.5,0.5,0.5,7375000000,,7375000000,19807546165,12.0,9.02,-277000000.0,-1.126,1.0,765000000.0,0.299,491000000,130000000.0,30131000000,,403000000,269000000,0,269000000,17279000000,2438000000,14841000000,11401546165,-114000000.0,0.0,10000000.0,326000000.0,-132000000.0,204000000.0,-539000000.0,0.0,221000000.0,0.0,124000000.0,124000000.0,124000000.0,2000000.0,0.0,0.049,452000000.0,313000000.0,963000000,1.15,1.546,15.661,15.576,17703000000,0.0,46.26,0.923,0.921,1177000000,,2555000000.0,2555000000.0,0.0,,,,,0.0,0.0,1.0,246466627,245900000,246700000.0,10.39,24163000000,0,59000000.0,3839000000,98.264,-28000000
61,ED,ARQ,2006-03-31,2006-05-03,2006-03-31,2021-08-30,0,24476000000,,2607000000,21869000000,,29.988,-316000000.0,200000000,200000000,2435000000.0,181000000.0,1.061,2.325,8162000000,358000000,7804000000,8162000000,0,151000000.0,224000000,0.054,0.0,420000000.0,571000000.0,0.172,571000000.0,420000000.0,294000000.0,0.74,0.74,0.74,7362000000,,7362000000,18368143011,12.0,8.579,266000000.0,1.084,1.0,882000000.0,0.266,494000000,126000000.0,29486000000,,334000000,267000000,0,267000000,17114000000,2458000000,14656000000,10406143011,96000000.0,39000000.0,10000000.0,-45000000.0,-131000000.0,-166000000.0,-320000000.0,0.0,582000000.0,0.0,181000000.0,181000000.0,181000000.0,-1000000.0,0.0,0.055,469000000.0,413000000.0,987000000,0.0,1.413,14.473,14.401,17321000000,0.0,42.34,0.853,0.852,1357000000,,3317000000.0,3317000000.0,0.0,,,,,0.0,0.0,1.0,245775697,245500000,246500000.0,13.511,23982000000,0,113000000.0,3868000000,97.686,149000000
62,ED,ARQ,2005-12-31,2006-02-22,2005-12-31,2021-08-30,0,24850000000,,3153000000,21697000000,,29.825,-568000000.0,96000000,96000000,2374000000.0,138000000.0,0.949,2.399,8205000000,777000000,7428000000,8205000000,0,150000000.0,229000000,0.049,1.145,288000000.0,438000000.0,0.141,438000000.0,288000000.0,167000000.0,0.56,0.56,0.56,7310000000,,7310000000,19457991436,13.0,9.231,-385000000.0,-1.571,1.0,734000000.0,0.236,496000000,121000000.0,29140000000,,425000000,265000000,0,265000000,17540000000,3323000000,14217000000,11348991436,-38000000.0,6000000.0,8000000.0,514000000.0,-131000000.0,391000000.0,-612000000.0,0.0,183000000.0,0.0,138000000.0,138000000.0,138000000.0,8000000.0,0.0,0.044,461000000.0,273000000.0,1236000000,2.045,1.553,15.784,15.675,17112000000,0.0,46.24,0.971,0.965,1491000000,,3108000000.0,3108000000.0,0.0,,,,,0.0,0.0,1.0,245436666,245100000,246200000.0,12.681,24354000000,0,29000000.0,3828000000,99.364,-170000000
63,ED,ARQ,2005-09-30,2005-11-02,2005-09-30,2021-08-30,0,24768000000,,3451000000,21317000000,,30.016,-344000000.0,139000000,139000000,2313000000.0,285000000.0,0.973,2.376,7687000000,595000000,7092000000,7687000000,0,147000000.0,228000000,0.05,0.57,573000000.0,720000000.0,0.213,720000000.0,573000000.0,453000000.0,1.17,1.16,1.17,7336000000,,7336000000,18767183984,14.0,9.609,233000000.0,0.953,1.0,1062000000.0,0.315,499000000,120000000.0,28269000000,,394000000,263000000,0,263000000,17432000000,3548000000,13884000000,11219183984,-699000000.0,-2000000.0,29000000.0,-180000000.0,-130000000.0,-1015000000.0,-261000000.0,0.0,577000000.0,0.0,285000000.0,285000000.0,285000000.0,2000000.0,0.0,0.084,470000000.0,592000000.0,1189000000,0.487,1.529,17.78,17.683,16663000000,0.0,45.8,1.045,1.042,1347000000,,3375000000.0,3375000000.0,0.0,,,,,0.0,0.0,1.0,244960349,244400000,245400000.0,13.809,24269000000,0,168000000.0,4077000000,99.3,-97000000
64,ED,ARQ,2005-06-30,2005-08-03,2005-06-30,2021-08-30,0,24371000000,,3456000000,20915000000,,29.359,-126000000.0,836000000,836000000,1714000000.0,115000000.0,1.08,2.41,7868000000,647000000,7221000000,7868000000,0,146000000.0,228000000,0.047,0.57,266000000.0,412000000.0,0.171,412000000.0,266000000.0,152000000.0,0.47,0.47,0.47,7146000000,,7146000000,18922133625,14.0,10.103,-480000000.0,-1.972,1.0,692000000.0,0.288,502000000,114000000.0,27702000000,,268000000,260000000,0,260000000,17225000000,3199000000,14026000000,11890133625,341000000.0,-3000000.0,31000000.0,364000000.0,-129000000.0,1000000000.0,-305000000.0,0.0,-354000000.0,0.0,115000000.0,115000000.0,115000000.0,3000000.0,0.0,0.048,427000000.0,265000000.0,1685000000,1.213,1.664,20.085,19.943,16441000000,0.0,48.66,1.176,1.172,1016000000,,2406000000.0,2406000000.0,0.0,,,,,0.0,0.0,1.0,244351287,243400000,244200000.0,9.885,23869000000,0,37000000.0,3892000000,98.065,257000000
65,ED,ARQ,2005-03-31,2005-05-05,2005-03-31,2021-08-30,0,23430000000,,2384000000,21046000000,,29.415,-64000000.0,496000000,496000000,1997000000.0,181000000.0,1.079,2.282,7498000000,519000000,6979000000,7498000000,0,141000000.0,232000000,0.051,0.0,397000000.0,538000000.0,0.192,538000000.0,397000000.0,287000000.0,0.75,0.75,0.75,7139000000,,7139000000,17710802253,14.0,9.652,323000000.0,1.331,1.0,804000000.0,0.287,504000000,110000000.0,27718000000,,190000000,258000000,0,258000000,16291000000,2210000000,14081000000,10708802253,451000000.0,-1000000.0,10000000.0,281000000.0,-128000000.0,163000000.0,-99000000.0,0.0,387000000.0,0.0,181000000.0,181000000.0,181000000.0,0.0,0.0,0.065,411000000.0,393000000.0,874000000,0.0,1.5,19.021,18.825,16336000000,0.0,44.05,1.085,1.083,1025000000,,2801000000.0,2801000000.0,0.0,,,,,0.0,0.0,1.0,243105613,242700000,243400000.0,11.541,22926000000,0,106000000.0,3890000000,94.462,174000000
66,ED,ARQ,2004-12-31,2005-02-25,2004-12-31,2021-08-30,0,22560000000,,1715000000,20845000000,,29.209,-393000000.0,44000000,44000000,1602000000.0,50000000.0,0.771,2.198,7219000000,625000000,6594000000,7219000000,0,135000000.0,234000000,0.053,1.135,148000000.0,283000000.0,0.131,283000000.0,148000000.0,35000000.0,0.2,0.19,0.2,7054000000,,7054000000,17629652225,14.0,9.773,130000000.0,0.538,1.0,555000000.0,0.257,506000000,113000000.0,27005000000,,307000000,257000000,0,257000000,15506000000,2224000000,13282000000,10454652225,-44000000.0,-2000000.0,17000000.0,-26000000.0,-127000000.0,-136000000.0,-431000000.0,0.0,523000000.0,0.0,50000000.0,50000000.0,50000000.0,12000000.0,0.0,0.023,398000000.0,157000000.0,920000000,5.675,1.482,19.469,18.904,16106000000,0.0,43.1,1.071,1.042,1012000000,,2157000000.0,2157000000.0,0.0,,,,,0.0,0.0,1.0,242567337,241500000,241800000.0,8.932,22054000000,0,-15000000.0,3762000000,91.321,-509000000
67,ED,ARQ,2004-09-30,2004-11-05,2004-09-30,2021-08-30,0,22385000000,,2080000000,20305000000,,29.458,-323000000.0,88000000,88000000,1847000000.0,246000000.0,1.138,2.147,7245000000,292000000,6953000000,7245000000,0,141000000.0,231000000,0.05,0.565,499000000.0,640000000.0,0.233,640000000.0,499000000.0,390000000.0,1.02,1.01,1.02,7114000000,,7114000000,18057372130,14.0,9.824,-168000000.0,-0.696,1.0,896000000.0,0.327,509000000,109000000.0,27205000000,,337000000,254000000,0,254000000,15271000000,1828000000,13443000000,10900372130,-417000000.0,-2000000.0,11000000.0,-96000000.0,-127000000.0,-206000000.0,-366000000.0,0.0,155000000.0,0.0,246000000.0,246000000.0,246000000.0,0.0,0.0,0.09,420000000.0,476000000.0,867000000,0.554,1.532,20.299,19.668,15839000000,0.0,45.04,1.104,1.101,1118000000,,2743000000.0,2743000000.0,0.0,,,,,0.0,0.0,1.0,242015367,241500000,242200000.0,11.358,21876000000,0,144000000.0,3659000000,90.584,252000000
68,ED,ARQ,2004-06-30,2004-08-06,2004-06-30,2021-08-30,0,22224000000,,2091000000,20133000000,,29.889,-343000000.0,505000000,505000000,1549000000.0,89000000.0,1.085,2.178,7336000000,331000000,7005000000,7336000000,0,138000000.0,234000000,0.054,0.565,236000000.0,374000000.0,0.172,374000000.0,236000000.0,128000000.0,0.37,0.37,0.37,6994000000,,6994000000,16880201982,13.0,9.051,147000000.0,0.628,1.0,620000000.0,0.286,512000000,108000000.0,26615000000,,266000000,253000000,0,253000000,15230000000,1928000000,13302000000,10049201982,432000000.0,-3000000.0,525000000.0,-88000000.0,-118000000.0,316000000.0,-374000000.0,0.0,490000000.0,0.0,89000000.0,86000000.0,86000000.0,0.0,0.0,0.04,394000000.0,226000000.0,944000000,1.527,1.437,18.338,17.057,15654000000,3000000.0,41.62,1.012,0.98,1055000000,,2169000000.0,2169000000.0,0.0,,,,,0.0,0.0,1.0,241451273,234000000,234900000.0,9.269,21712000000,0,39000000.0,3432000000,92.786,163000000
69,ED,ARQ,2004-03-31,2004-05-07,2004-03-31,2021-08-30,0,21513000000,,1804000000,19709000000,,28.7,-338000000.0,74000000,74000000,1906000000.0,158000000.0,0.928,2.314,7432000000,410000000,7022000000,7432000000,0,137000000.0,227000000,0.056,0.0,375000000.0,512000000.0,0.191,512000000.0,375000000.0,261000000.0,0.69,0.68,0.69,6492000000,,6492000000,16431228276,13.0,8.979,-186000000.0,-0.822,1.0,779000000.0,0.29,514000000,114000000.0,26414000000,,204000000,250000000,0,250000000,15021000000,1943000000,13078000000,9073228276,6000000.0,-2000000.0,25000000.0,319000000.0,-118000000.0,223000000.0,-369000000.0,0.0,152000000.0,0.0,158000000.0,155000000.0,155000000.0,0.0,0.0,0.058,419000000.0,360000000.0,964000000,0.0,1.398,17.184,16.941,15439000000,3000000.0,39.98,0.913,0.91,1105000000,,2685000000.0,2685000000.0,0.0,,,,,0.0,0.0,1.0,226944179,226200000,227500000.0,11.87,20999000000,0,103000000.0,3338000000,92.834,-139000000
70,ED,ARQ,2003-12-31,2004-02-24,2003-12-31,2021-08-30,0,20966000000,,1592000000,19374000000,,28.534,-413000000.0,67000000,67000000,1554000000.0,50000000.0,0.833,2.264,7094000000,325000000,6769000000,7094000000,0,136000000.0,228000000,0.051,0.565,176000000.0,312000000.0,0.137,312000000.0,176000000.0,59000000.0,0.21,0.21,0.21,6423000000,,6423000000,16892521751,13.0,9.354,353000000.0,1.568,1.0,725000000.0,0.318,517000000,117000000.0,25565000000,,283000000,248000000,0,248000000,14543000000,1911000000,12632000000,9865521751,0.0,-4000000.0,12000000.0,-211000000.0,-133000000.0,-338000000.0,-428000000.0,0.0,766000000.0,0.0,50000000.0,50000000.0,50000000.0,0.0,0.0,0.022,562000000.0,163000000.0,905000000,2.69,1.536,18.685,18.264,15225000000,0.0,43.65,1.004,0.981,1035000000,,2279000000.0,2279000000.0,0.0,,,,,0.0,0.0,1.0,226014244,225100000,226000000.0,10.124,20449000000,0,9000000.0,3241000000,90.844,-319000000
71,ED,ARQ,2003-09-30,2003-11-07,2003-09-30,2021-08-30,-21000000,20077000000,,1993000000,18084000000,,28.764,-328000000.0,67000000,67000000,1838000000.0,257000000.0,0.928,2.102,6968000000,525000000,6443000000,6968000000,0,134000000.0,222000000,0.069,0.56,533000000.0,667000000.0,0.238,667000000.0,533000000.0,425000000.0,1.17,1.16,1.17,6472000000,,6472000000,16009447650,12.0,8.507,-153000000.0,-0.68,1.0,963000000.0,0.344,487000000,108000000.0,24343000000,,295000000,244000000,0,244000000,13605000000,2148000000,11457000000,9108447650,-9000000.0,-4000000.0,7000000.0,293000000.0,-103000000.0,194000000.0,-378000000.0,0.0,175000000.0,0.0,257000000.0,257000000.0,257000000.0,0.0,0.0,0.092,429000000.0,534000000.0,870000000,0.479,1.407,15.837,15.361,13993000000,0.0,40.4,0.96,0.958,1279000000,5527000000.0,2801000000.0,2801000000.0,0.0,,,,,0.0,0.0,1.0,225456625,225000000,226000000.0,12.449,19590000000,0,168000000.0,3294000000,87.067,-155000000
72,ED,ARQ,2003-06-30,2003-08-12,2003-06-30,2021-08-30,-17000000,19281000000,,1482000000,17799000000,,28.837,-368000000.0,76000000,76000000,1571000000.0,66000000.0,0.723,2.049,6682000000,433000000,6249000000,6682000000,0,130000000.0,219000000,0.056,0.56,209000000.0,339000000.0,0.156,339000000.0,209000000.0,105000000.0,0.29,0.29,0.29,6324000000,,6324000000,15608730996,11.0,8.18,64000000.0,0.292,1.0,605000000.0,0.278,489000000,104000000.0,23347000000,,239000000,240000000,0,240000000,12957000000,2051000000,10906000000,9002730996,-2000000.0,11000000.0,402000000.0,-324000000.0,-98000000.0,-46000000.0,-388000000.0,0.0,432000000.0,0.0,66000000.0,66000000.0,66000000.0,0.0,0.0,0.03,400000000.0,205000000.0,887000000,1.931,1.424,14.958,14.293,13783000000,0.0,40.02,0.976,0.951,962000000,5396000000.0,2176000000.0,2176000000.0,0.0,,,,,0.0,0.0,1.0,224955797,219300000,220300000.0,9.922,18792000000,0,39000000.0,2890000000,85.691,-569000000
73,ED,ARQ,2003-03-31,2003-05-15,2003-03-31,2021-08-30,-10000000,19267000000,,1751000000,17516000000,,27.904,-289000000.0,78000000,78000000,1801000000.0,154000000.0,0.664,2.224,7000000000,945000000,6055000000,7000000000,0,129000000.0,219000000,0.056,0.56,357000000.0,486000000.0,0.189,486000000.0,357000000.0,251000000.0,0.72,0.72,0.72,5977000000,,5977000000,15410666674,11.0,7.876,-343000000.0,-1.601,1.0,769000000.0,0.299,489000000,106000000.0,23062000000,,178000000,235000000,0,235000000,13290000000,2638000000,10652000000,8488666674,-54000000.0,-15000000.0,10000000.0,436000000.0,-110000000.0,333000000.0,-333000000.0,0.0,-54000000.0,0.0,154000000.0,154000000.0,154000000.0,0.0,0.0,0.06,413000000.0,356000000.0,1020000000,0.778,1.42,13.401,13.32,13520000000,0.0,39.56,0.948,0.946,1121000000,5453000000.0,2570000000.0,2570000000.0,0.0,,,,,0.0,0.0,1.0,214577014,214200000,215100000.0,11.998,18778000000,0,97000000.0,2848000000,87.666,-887000000
74,ED,ARQ,2002-12-31,2003-02-27,2002-12-31,2021-08-30,0,18820310000,,1707100000,17113210000,,27.8,-469727000.0,132437000,132437000,1277644000.0,88513000.0,0.74,2.179,6841228000,634311000,6206917000,6841228000,43594000,125822000.0,221476000,0.057,0.56,263996000.0,389818000.0,0.201,389818000.0,263996000.0,141747000.0,0.45,0.45,0.45,5921079000,,5921079000,15018269077,10.0,7.668,265761000.0,1.248,1.0,665380000.0,0.342,487825000,122249000.0,22734273000,,195451000,235464000,0,235464000,12899231000,2307003000,10592228000,8309478077,12121000.0,-2873000.0,-24733000.0,-16288000.0,-76509000.0,-148908000.0,-596861000.0,0.0,735488000.0,0.0,88513000.0,98140000.0,98140000.0,0.0,0.0,0.051,402380000.0,263000000.0,918586000,1.244,1.403,12.862,12.809,13329175000,-9627000.0,38.81,0.98,0.975,906301000,,1943024000.0,1943024000.0,0.0,,,,,0.0,0.0,1.0,214106624,212989784,214049653.0,9.123,18332485000,745400000,53234000.0,2787842000,86.072,-599903000
75,ED,ARQ,2002-09-30,2002-11-13,2002-09-30,2021-08-30,-18232000,18203668000,,1652356000,16551312000,,27.662,-340775000.0,102162000,102162000,1544868000.0,286542000.0,0.768,2.086,6584247000,599476000,5984771000,6584247000,43594000,126162000.0,217440000,0.055,0.555,567123000.0,693285000.0,0.273,693285000.0,567123000.0,458041000.0,1.34,1.33,1.34,5898001000,,5898001000,15093207088,10.0,7.512,79417000.0,0.372,1.0,994622000.0,0.392,488765000,109082000.0,22044830000,,205636000,232717000,0,232717000,12305667000,2152158000,10153509000,8611122088,29136000.0,-15856000.0,17755000.0,104126000.0,-118323000.0,-72814000.0,-354649000.0,0.0,420192000.0,0.0,286542000.0,283711000.0,283711000.0,0.0,0.0,0.112,427325000.0,567297000.0,781737000,0.414,1.46,12.795,12.716,12919756000,2831000.0,40.31,1.015,1.013,1021544000,5420676000.0,2539490000.0,2539490000.0,0.0,,,,,0.0,0.0,1.0,213622478,213219441,214220069.0,11.91,17714903000,685120000,171499000.0,2730898000,83.083,-499802000
76,ED,ARQ,2002-06-30,2002-08-12,2002-06-30,2021-08-30,-15083000,17547675000,,1283156000,16264519000,,26.975,-323606000.0,73026000,73026000,1247915000.0,100978000.0,0.646,2.058,6337089000,362287000,5974802000,6337089000,0,122126000.0,221347000,0.064,0.555,265492000.0,387618000.0,0.204,387618000.0,265492000.0,159930000.0,0.46,0.46,0.46,5739033000,,5739033000,15461230095,10.0,7.699,-76351000.0,-0.359,1.0,652324000.0,0.343,523847000,105562000.0,21302581000,,175622000,217822000,0,217822000,11808642000,1985310000,9823332000,9197167095,-49900000.0,3852000.0,0.0,120302000.0,-118055000.0,41366000.0,-317838000.0,0.0,247255000.0,0.0,100978000.0,97580000.0,97580000.0,0.0,0.0,0.051,391379000.0,260945000.0,769339000,1.207,1.603,13.796,13.742,12753814000,3398000.0,43.15,1.065,1.063,940106000,5276276000.0,1900239000.0,1900239000.0,0.0,,,,,0.0,0.0,1.0,213144081,212756843,213931052.0,8.932,17023828000,665245000,58952000.0,2580189000,80.015,-702154000
77,ED,ARQ,2002-03-31,2002-05-14,2002-03-31,2021-08-30,-13523000,17188257000,,1353468000,15834789000,,27.045,-358650000.0,122926000,122926000,1344466000.0,170003000.0,0.612,1.993,6227687000,685475000,5542212000,6227687000,0,120443000.0,214991000,0.05,0.555,367399000.0,487842000.0,0.232,487842000.0,367399000.0,262710000.0,0.78,0.78,0.78,5742688000,,5742688000,15486560277,10.0,7.556,-256264000.0,-1.207,1.0,754641000.0,0.36,524787000,104689000.0,20556192000,,154082000,214466000,0,214466000,11445569000,2212039000,9233530000,9381799277,-218253000.0,-4320000.0,0.0,159697000.0,-117813000.0,76252000.0,-358765000.0,0.0,102386000.0,0.0,170003000.0,166605000.0,166605000.0,0.0,0.0,0.079,387674000.0,366967000.0,667570000,0.712,1.634,14.008,13.962,12500442000,3398000.0,44.12,1.06,1.059,897283000,5298415000.0,2099107000.0,2099107000.0,0.0,,,,,0.0,0.0,1.0,212642776,212341518,213309557.0,9.886,16663470000,700873000,92707000.0,2488076000,78.475,-858571000
78,ED,ARQ,2001-12-31,2002-03-27,2001-12-31,2021-08-30,0,16996111000,,1430095000,15566016000,,26.709,-284443000.0,341179000,341179000,1236752000.0,135305000.0,0.647,2.0,6196977000,654672000,5542305000,6196977000,0,121470000.0,214121000,0.052,0.555,319122000.0,440592000.0,0.227,440592000.0,319122000.0,210489000.0,0.59,0.59,0.59,5666268000,,5666268000,14777986965,9.0,7.052,205742000.0,0.97,1.0,705861000.0,0.363,529330000,108633000.0,20112014000,,220699000,216979000,0,216979000,11329843000,2210565000,9119278000,8922188965,-90964000.0,-178602000.0,0.0,345472000.0,-116965000.0,-116200000.0,-464949000.0,0.0,490185000.0,0.0,135305000.0,125110000.0,125110000.0,0.0,0.0,0.064,382551000.0,323310000.0,665342000,0.941,1.575,13.078,13.053,12248375000,10195000.0,42.03,0.926,0.926,802325000,,1942613000.0,1942613000.0,0.0,,,,,0.0,0.0,1.0,212281441,212146750,212919524.0,9.157,16466781000,701147000,75184000.0,2500302000,77.62,-780470000
79,ED,ARQ,2001-09-30,2001-11-14,2001-09-30,2021-08-30,-26919000,17037300000,,2512095000,14525205000,,26.682,238085000.0,432143000,432143000,1683762000.0,280740000.0,1.111,2.009,6212548000,662380000,5550168000,6212548000,0,133012000.0,211276000,0.056,0.55,559201000.0,692213000.0,0.257,692213000.0,559201000.0,451318000.0,1.31,1.3,1.31,5662143000,,5662143000,14184987982,10.0,7.123,705368000.0,3.324,1.0,1009108000.0,0.375,529622000,107883000.0,20027532000,,219276000,215144000,0,215144000,11375157000,2260551000,9114606000,8404582982,390510000.0,-4627000.0,0.0,-334566000.0,-116726000.0,-232100000.0,155327000.0,0.0,467283000.0,0.0,280740000.0,277342000.0,277342000.0,0.0,0.0,0.103,446711000.0,562397000.0,736496000,0.42,1.484,13.933,13.895,11968879000,3398000.0,39.6,0.845,0.845,1059915000,5242821000.0,2692870000.0,2692870000.0,0.0,,,,,0.0,0.0,1.0,212236944,212206000,213171000.0,12.69,16507678000,619425000,170578000.0,2510925000,77.791,251544000
80,ED,ARQ,2001-06-30,2001-08-13,2001-06-30,2021-08-30,-24180000,17053320000,,2060173000,14993147000,,25.937,-285116000.0,41633000,41633000,1416324000.0,100676000.0,0.835,2.1,6448513000,910686000,5537827000,6448513000,0,136755000.0,206536000,0.067,0.55,292049000.0,428804000.0,0.203,428804000.0,292049000.0,185842000.0,0.48,0.48,0.48,5501653000,,5501653000,15105202464,11.0,7.652,-58338000.0,-0.275,1.0,695891000.0,0.329,565913000,106207000.0,20425744000,,231972000,554668000,0,554668000,11551667000,2468543000,9083124000,8698322464,-17933000.0,-5633000.0,0.0,408804000.0,-116655000.0,52779000.0,-297490000.0,0.0,226778000.0,0.0,100676000.0,100676000.0,100676000.0,0.0,0.0,0.048,393352000.0,302539000.0,812662000,1.146,1.581,14.36,14.332,12043252000,0.0,40.99,0.864,0.863,949987000,5084902000.0,2112215000.0,2112215000.0,0.0,,,,,0.0,0.0,1.0,212205964,212115000,212555000.0,9.958,16487407000,714528000,85166000.0,2448290000,77.729,-408370000
81,ED,ARQ,2001-03-31,2001-05-15,2001-03-31,2021-08-30,-17546000,16683440000,,2046586000,14636854000,,26.022,-100876000.0,59566000,59566000,2039736000.0,179114000.0,0.843,2.022,6063554000,897652000,5165902000,6063554000,0,134998000.0,204710000,0.059,0.55,398974000.0,533972000.0,0.185,533972000.0,398974000.0,290817000.0,0.84,0.84,0.84,5520845000,,5520845000,13868525515,11.0,7.335,64849000.0,0.306,1.0,846528000.0,0.293,485388000,108157000.0,19772954000,,190337000,591491000,0,591491000,11162595000,2429086000,8733509000,7864537515,-35262000.0,-6802000.0,0.0,33020000.0,-116616000.0,-83672000.0,-117315000.0,0.0,165725000.0,0.0,179114000.0,179114000.0,179114000.0,0.0,0.0,0.062,442748000.0,403780000.0,756887000,0.655,1.425,13.706,13.683,11926739000,0.0,37.08,0.787,0.787,1110889000,5102746000.0,2886264000.0,2886264000.0,0.0,,,,,0.0,0.0,1.0,212096481,212160000,212160000.0,13.604,16198052000,701220000,111703000.0,2599486000,76.348,-382500000
82,ED,ARQ,2000-12-31,2001-04-02,2000-12-31,2021-08-30,0,16767245000,,2015987000,14751258000,,25.79,-275747000.0,94828000,94828000,1647599000.0,42684000.0,0.863,2.064,6011545000,564632000,5446913000,6011545000,0,147282000.0,202888000,0.058,0.55,189042000.0,336324000.0,0.149,336324000.0,189042000.0,82486000.0,0.22,0.21,0.22,5472389000,,5472389000,13889102566,11.0,7.373,-62873000.0,-0.296,1.0,602528000.0,0.268,488702000,106556000.0,19858081000,,242929000,567840000,0,567840000,11294856000,2337179000,3292655000,7972385566,22018000.0,-117399000.0,0.0,150446000.0,-115749000.0,34123000.0,-224979000.0,275464000.0,212874000.0,0.0,42684000.0,46083000.0,46083000.0,0.0,0.0,0.02,372653000.0,229875000.0,1020401000,2.5,1.457,13.679,13.673,11893419000,-3399000.0,37.6,0.845,0.846,1151378000,,2250127000.0,2250127000.0,0.0,,,,,0.0,0.0,1.0,212031531,212186412,212186412.0,10.604,16278543000,720406000,39802000.0,2498538000,76.718,-321192000
83,ED,ARQ,2000-09-30,2000-11-14,2000-09-30,2021-08-30,0,16507950000,,1817516000,14690434000,,26.148,-241991000.0,72810000,72810000,1824349000.0,283270000.0,0.9,1.978,5656506000,401914000,5254592000,5656506000,0,150785000.0,203158000,0.064,0.545,524225000.0,675010000.0,0.239,675010000.0,524225000.0,416075000.0,1.32,1.32,1.32,5542724000,,5542724000,12818943506,10.0,6.714,12648000.0,0.06,1.0,996430000.0,0.353,419328000,108150000.0,19652829000,,258973000,550315000,0,550315000,10965226000,2019489000,8945737000,7235247506,35154000.0,0.0,0.0,159989000.0,-115524000.0,291564000.0,-260824000.0,-11691000.0,254639000.0,0.0,283270000.0,279871000.0,279871000.0,0.0,0.0,0.099,480827000.0,515603000.0,832264000,0.413,1.305,10.991,10.974,11914540000,3399000.0,34.13,0.798,0.798,982261000,5111002000.0,2820779000.0,2820779000.0,0.0,,,,,0.0,0.0,1.0,211990844,211974000,211974000.0,13.307,16088622000,867267000,132805000.0,2665716000,75.899,-201973000
84,ED,ARQ,2000-06-30,2000-08-14,2000-06-30,2021-08-30,0,16021453000,,1429366000,14592087000,,25.37,-210963000.0,37656000,37656000,1416613000.0,68746000.0,0.684,1.979,5499079000,532510000,4966569000,5499079000,0,145618000.0,203687000,0.081,0.545,199867000.0,345485000.0,0.169,345485000.0,199867000.0,100682000.0,0.33,0.33,0.33,5377654000,,5377654000,12522154925,9.0,6.296,82503000.0,0.389,1.0,625281000.0,0.306,422034000,99185000.0,18971557000,,219410000,507531000,0,507531000,10643799000,2089285000,8554514000,7060731925,-35948000.0,0.0,-7000.0,261567000.0,-115522000.0,288638000.0,-473733000.0,-253802000.0,293466000.0,0.0,68746000.0,68746000.0,68746000.0,0.0,0.0,0.034,420967000.0,204314000.0,875904000,1.652,1.313,9.883,10.125,11789812000,0.0,33.31,0.821,0.821,906129000,4946907000.0,2041894000.0,2041894000.0,0.0,,,,,0.0,0.0,1.0,211970337,211966000,211966000.0,9.633,15599419000,838265000,31936000.0,2501673000,73.594,-659919000
85,ED,ARQ,2000-03-31,2000-05-15,2000-03-31,2021-08-30,0,15454131000,,1475157000,13978974000,,25.508,-180226000.0,73604000,73604000,1500654000.0,188135000.0,0.709,1.849,5238964000,830129000,4408835000,5238964000,0,142722000.0,201000000,0.078,0.545,384314000.0,527036000.0,0.227,527036000.0,384314000.0,290760000.0,0.88,0.88,0.88,5424129000,,5424129000,12478201559,9.0,6.325,18956000.0,0.089,1.0,817937000.0,0.353,424691000,93554000.0,18115384000,,210344000,490173000,0,490173000,10030002000,2079416000,7950586000,7312841559,-411446000.0,0.0,-68524000.0,-210263000.0,-115708000.0,-789088000.0,-216084000.0,-9971000.0,199182000.0,0.0,188135000.0,188135000.0,188135000.0,0.0,0.0,0.081,433803000.0,384134000.0,610989000,0.619,1.348,10.269,10.583,11442702000,0.0,34.5,0.91,0.913,851729000,4993778000.0,2318591000.0,2318591000.0,0.0,,,,,0.0,0.0,1.0,211966422,212641000,212641000.0,10.904,15029440000,841844000,102625000.0,2503549000,70.68,-604259000
86,ED,ARQ,1999-12-31,2000-03-30,1999-12-31,2021-08-30,0,15531476000,,1714565000,13816911000,,24.221,318152000.0,485050000,485050000,1239893000.0,121564000.0,0.816,1.87,5449519000,890371000,4559148000,5449519000,0,125357000.0,204421000,0.074,0.545,236302000.0,361659000.0,0.191,361659000.0,236302000.0,148657000.0,0.58,0.57,0.58,5412007000,,5412007000,11142473648,8.0,5.752,-11581000.0,-0.052,1.0,649524000.0,0.344,427496000,87645000.0,17967110000,,222563000,487918000,0,487918000,10119469000,2101339000,8018130000,6178004648,296110000.0,256194000.0,-144697000.0,527959000.0,-115180000.0,231226000.0,660230000.0,102332000.0,-329733000.0,0.0,121564000.0,121564000.0,121564000.0,0.0,0.0,0.064,401967000.0,247557000.0,615983000,0.94,1.142,8.818,9.277,11353845000,0.0,29.13,0.825,0.869,770019000,4921089000.0,1889417000.0,1889417000.0,0.0,,,,,0.0,0.0,1.0,212083922,223442315,223442315.0,8.456,15103980000,0,27093000.0,2285937000,67.597,-386774000
87,ED,ARQ,1999-09-30,1999-11-15,1999-09-30,2021-08-30,0,13409095000,,1269148000,12139947000,,20.581,413476000.0,40892000,40892000,1280044000.0,336006000.0,0.855,1.958,4353388000,275000000,4078388000,4353388000,0,134503000.0,210291000,0.074,1.07,620323000.0,754826000.0,0.322,754826000.0,620323000.0,530921000.0,1.5,1.5,1.5,4533762000,,4533762000,12174499650,8.0,6.092,792248000.0,3.596,1.0,1066195000.0,0.454,0,89402000.0,16238003000,,213439000,301230000,0,301230000,8875333000,1483588000,7391745000,7862003650,-102195000.0,-867230000.0,-249202000.0,-793812000.0,-117381000.0,-650141000.0,-562019000.0,-102332000.0,378772000.0,0.0,336006000.0,336006000.0,336006000.0,0.0,0.0,0.143,452328000.0,613867000.0,498073000,0.713,1.734,11.06,11.599,10489529000,0.0,36.19,1.089,1.104,685132000,3876338000.0,2346239000.0,2346239000.0,0.0,,,,,0.0,0.0,1.0,217242433,220293000,220293000.0,10.651,13409095000,0,194915000.0,2478852000,60.869,-214440000
88,ED,ARQ,1999-06-30,1999-08-13,1999-06-30,2021-08-30,0,14944480000,,2365736000,12578744000,,24.622,-150139000.0,291135000,291135000,862598000.0,66398000.0,1.233,1.686,4844631000,608498000,4236133000,4844631000,0,133614000.0,196010000,0.049,0.535,195553000.0,329167000.0,0.223,329167000.0,195553000.0,115260000.0,0.3,0.3,0.3,5564040000,,5564040000,14251864175,10.0,7.155,718254000.0,3.178,1.0,616483000.0,0.417,0,80293000.0,17579429000,,200547000,460735000,0,460735000,9380440000,1918547000,7461893000,9698368175,233632000.0,0.0,-219295000.0,411592000.0,-120776000.0,-957210000.0,-156156000.0,0.0,868393000.0,0.0,66398000.0,66398000.0,66398000.0,0.0,0.0,0.045,418594000.0,197889000.0,384963000,1.783,1.743,13.435,14.109,10754552000,0.0,43.88,1.399,1.43,579054000,4697439000.0,1479081000.0,1479081000.0,0.0,,,,,0.0,0.0,1.0,221020241,225982000,225982000.0,6.545,14944480000,0,48862000.0,2703530000,66.131,447189000
89,ED,ARQ,1999-03-31,1999-05-14,1999-03-31,2021-08-30,0,14446349000,,1183054000,13263295000,,25.405,-120896000.0,57503000,57503000,983295000.0,176647000.0,0.838,1.462,4434034000,471906000,3962128000,4434034000,0,132709000.0,188627000,0.034,0.0,358825000.0,491534000.0,0.277,491534000.0,358825000.0,278602000.0,0.76,0.76,0.76,5868573000,,5868573000,14986146877,10.0,7.583,167042000.0,0.723,1.0,793291000.0,0.447,0,80223000.0,17411238000,,235356000,390872000,0,390872000,8577776000,1411642000,7166134000,10609615877,-44792000.0,0.0,-204205000.0,121906000.0,-123772000.0,-412248000.0,-126606000.0,0.0,287938000.0,0.0,176647000.0,176647000.0,176647000.0,0.0,0.0,0.099,433089000.0,360202000.0,351695000,0.0,1.808,14.787,15.208,11401237000,0.0,46.69,1.512,1.537,613255000,4753375000.0,1776586000.0,1776586000.0,0.0,,,,,0.0,0.0,1.0,227235294,230997000,230997000.0,7.691,14446349000,0,101955000.0,2646263000,62.539,-228588000
90,ED,ARQ,1998-12-31,1999-03-30,1998-12-31,2021-08-30,0,14381403000,,1093543000,13287860000,,25.717,-204595000.0,102295000,102295000,897062000.0,127295000.0,0.958,1.387,4312403000,225000000,4087403000,4312403000,0,130785000.0,181236000,0.047,0.535,292239000.0,423024000.0,0.262,423024000.0,292239000.0,213615000.0,0.56,0.56,0.56,6025605000,,6025605000,14664053276,10.0,7.472,183196000.0,0.782,1.0,720275000.0,0.445,0,78624000.0,17450124000,,267861000,378445000,0,378445000,8355798000,1141387000,7214411000,10453945276,-51529000.0,0.0,-13069000.0,605240000.0,-119845000.0,318679000.0,-211837000.0,0.0,387791000.0,0.0,127295000.0,131831000.0,131831000.0,0.0,0.0,0.082,420190000.0,300085000.0,371274000,0.955,1.735,14.667,14.928,11406543000,-4536000.0,45.38,1.474,1.499,571029000,4700500000.0,1617337000.0,1617337000.0,0.0,,,,,0.0,0.0,1.0,230364594,234307767,234307767.0,6.903,14381403000,0,86320000.0,2563452000,61.378,-47844000
91,ED,ARQ,1998-09-30,1998-11-05,1998-09-30,2021-08-30,0,14523212000,,1420219000,13102993000,,25.834,-149918000.0,153824000,153824000,975063000.0,347018000.0,1.053,1.406,4410608000,325000000,4085608000,4410608000,0,130206000.0,177023000,0.042,0.53,618080000.0,748286000.0,0.363,748286000.0,618080000.0,537678000.0,1.49,1.49,1.49,6035610000,,6035610000,15960429191,,,266585000.0,1.141,1.0,1086560000.0,0.527,0,80402000.0,17431124000,,270379000,345724000,0,345724000,8487602000,1348872000,7138730000,11703645191,48816000.0,0.0,-42838000.0,-69024000.0,-123737000.0,-423610000.0,-155882000.0,0.0,416503000.0,0.0,347018000.0,347018000.0,347018000.0,0.0,0.0,0.168,456269000.0,630291000.0,364093000,0.356,1.939,,,11341559000,0.0,50.19,,,663955000,4692205000.0,2061623000.0,2061623000.0,0.0,,,,,0.0,0.0,1.0,233186794,233628000,233628000.0,8.824,14523212000,0,190660000.0,2613930000,62.164,71347000
92,ED,ARQ,1998-06-30,1998-08-14,1998-06-30,2021-08-30,0,14236193000,,1139813000,13096380000,,24.916,-143729000.0,105008000,105008000,957295000.0,61976000.0,0.951,1.431,4480076000,244024000,4236052000,4480076000,0,129265000.0,170653000,0.035,0.0,184223000.0,313488000.0,0.201,313488000.0,184223000.0,97466000.0,0.26,0.26,0.26,5855097000,,5855097000,14897390730,,,148983000.0,0.634,1.0,603746000.0,0.387,0,86757000.0,17412255000,,266935000,341424000,0,341424000,8381096000,1199006000,7182090000,10522322730,-93249000.0,0.0,0.0,44024000.0,-124809000.0,-471284000.0,-150319000.0,0.0,292712000.0,0.0,61976000.0,61976000.0,61976000.0,0.0,0.0,0.04,419680000.0,184066000.0,366314000,0.0,1.797,,,11295832000,0.0,45.0,,,577915000,4409589000.0,1561041000.0,1561041000.0,0.0,,,,,0.0,0.0,1.0,233829394,234992000,234992000.0,6.643,14236193000,0,35490000.0,2454687000,60.582,-59193000
93,ED,ARQ,1998-03-31,1998-05-14,1998-03-31,2021-08-30,0,14402549000,,1277449000,13125100000,,25.382,-120602000.0,198257000,198257000,1076048000.0,176453000.0,1.081,1.41,4437332000,200000000,4237332000,4437332000,0,128258000.0,163983000,0.048,0.53,349435000.0,477693000.0,0.258,477693000.0,349435000.0,269393000.0,0.73,0.73,0.73,5977195000,,5977195000,14555817993,,,148149000.0,0.629,1.0,776999000.0,0.419,0,80042000.0,17460236000,,262820000,331970000,0,331970000,8425354000,1181388000,7243966000,10316742993,14799000.0,0.0,0.0,-320240000.0,-124810000.0,-254306000.0,-126799000.0,0.0,268751000.0,0.0,176453000.0,171917000.0,171917000.0,0.0,0.0,0.093,430477000.0,346522000.0,377799000,0.726,1.726,,,11264989000,4536000.0,43.81,,,606638000,4531810000.0,1853047000.0,1853047000.0,0.0,,,,,0.0,0.0,1.0,235488313,235490000,235490000.0,7.869,14402549000,0,92940000.0,2577571000,61.16,96061000
94,ED,ARQ,1997-12-31,1998-03-27,1997-12-31,2021-08-30,0,14722518000,,1527210000,13195308000,,25.182,,183458000,183458000,,,0.986,1.483,4758170000,529385000,4228785000,4758170000,0,,161731000,0.046,0.53,,,,,,,,,,5930079000,,5930079000,15320104730,11.0,7.945,,,1.0,,,0,,17748973000,,282665000,0,0,0,8792439000,1548257000,7244182000,10745392730,,,,,,,,,,,,,,,,,,,440114000,,1.812,15.473,15.468,11559499000,,45.63,1.509,1.509,640240000,,,,,,,,,,,1.0,235489650,235489650,,,14722518000,0,,2537251000,62.519,-21047000
0,ED,ART,2021-06-30,2021-08-05,2021-06-30,2021-08-30,0,62919000000,61927000000.0,5110000000,57809000000,0.209,57.16,-4138000000.0,1178000000,1178000000,5614000000.0,1089000000.0,0.92,2.171,24924000000,2508000000,22416000000,24924000000,0,1974000000.0,287000000,0.041,3.08,2098000000.0,4072000000.0,0.315,4072000000.0,2098000000.0,1213000000.0,3.3,3.29,3.3,19743000000,19029250000.0,19743000000,50362717779,24.0,12.368,-1727000000.0,-5.0,1.0,7327000000.0,0.566,1786000000,885000000.0,79322000000,77305500000.0,360000000,1688000000,0,1688000000,42866000000,5557000000,37309000000,26616717779,-167000000.0,159000000.0,1419000000.0,1249000000.0,-995000000.0,1714000000.0,-4292000000.0,0.0,2411000000.0,0.0,1120000000.0,1120000000.0,1120000000.0,0.0,-31000000.0,0.087,4682000000.0,2645000000.0,1217000000,0.933,1.348,23.765,22.824,48157000000,0.0,75.32,2.057,2.01,2596000000,,12941000000.0,12941000000.0,0.0,0.018,0.059,0.027,0.162,0.0,0.0,1.0,353381808,345400000,346200000.0,37.467,61133000000,12000000,93000000.0,6755000000,176.992,-447000000
1,ED,ART,2021-03-31,2021-05-06,2021-03-31,2021-08-30,0,62299000000,60967500000.0,4587000000,57712000000,0.208,55.62,-4021000000.0,157000000,157000000,5395000000.0,1173000000.0,0.699,2.26,24832000000,3455000000,21377000000,24832000000,0,1947000000.0,296000000,0.039,3.07,2129000000.0,4076000000.0,0.321,4076000000.0,2129000000.0,1258000000.0,3.39,3.38,3.39,19033000000,18649750000.0,19033000000,51366440268,24.0,12.602,-1946000000.0,-5.687,1.0,7294000000.0,0.575,1880000000,871000000.0,78535000000,75699000000.0,339000000,1654000000,0,1654000000,43017000000,6559000000,36458000000,26691440268,-1417000000.0,-24000000.0,552000000.0,1217000000.0,-985000000.0,860000000.0,-4352000000.0,0.0,2075000000.0,0.0,1145000000.0,1145000000.0,1145000000.0,0.0,28000000.0,0.09,4588000000.0,2706000000.0,1208000000,0.906,1.402,23.311,22.968,47906000000,0.0,77.86,2.104,2.1,2667000000,,12689000000.0,12689000000.0,0.0,0.019,0.061,0.028,0.168,0.0,0.0,1.0,342813258,342200000,343000000.0,37.081,60419000000,11000000,113000000.0,6734000000,176.56,-1972000000
2,ED,ART,2020-12-31,2021-02-18,2020-12-31,2021-08-30,0,62895000000,60182500000.0,5301000000,57594000000,0.203,56.293,-3912000000.0,1436000000,1436000000,5097000000.0,1144000000.0,0.721,2.326,25079000000,3933000000,21146000000,25079000000,0,1920000000.0,311000000,0.044,3.07,2210000000.0,4130000000.0,0.337,4130000000.0,2210000000.0,1191000000.0,3.29,3.28,3.29,18847000000,18456750000.0,18847000000,47619189723,22.0,11.53,-1714000000.0,-5.119,1.0,7149000000.0,0.584,1906000000,1019000000.0,77278000000,74289250000.0,356000000,1816000000,0,1816000000,43830000000,7354000000,36476000000,23976189723,219000000.0,-24000000.0,640000000.0,2538000000.0,-975000000.0,2245000000.0,-4224000000.0,0.0,2198000000.0,0.0,1101000000.0,1101000000.0,1101000000.0,0.0,43000000.0,0.09,4495000000.0,2654000000.0,1475000000,0.933,1.272,21.777,21.283,47392000000,0.0,70.02,1.958,1.914,2578000000,,12246000000.0,12246000000.0,0.0,0.018,0.06,0.03,0.18,0.0,0.0,1.0,342419162,334800000,335700000.0,36.577,60989000000,26000000,90000000.0,6625000000,182.165,-2053000000
3,ED,ART,2020-09-30,2020-11-05,2020-09-30,2021-08-30,0,59595000000,58978500000.0,4204000000,55391000000,0.207,55.288,-3601000000.0,314000000,314000000,5145000000.0,1409000000.0,0.587,2.211,23897000000,3884000000,20013000000,23897000000,0,1859000000.0,319000000,0.038,3.035,2603000000.0,4462000000.0,0.365,4462000000.0,2603000000.0,1589000000.0,4.06,4.05,4.06,18494000000,18250500000.0,18494000000,50281294675,19.0,11.269,-1059000000.0,-3.166,1.0,7092000000.0,0.58,1931000000,1014000000.0,74087000000,72747500000.0,353000000,2124000000,0,2124000000,40884000000,7160000000,33724000000,26698294675,61000000.0,-10000000.0,88000000.0,2234000000.0,-965000000.0,1401000000.0,-3882000000.0,0.0,2542000000.0,0.0,1353000000.0,1353000000.0,1353000000.0,0.0,56000000.0,0.111,4380000000.0,2712000000.0,1279000000,0.748,1.444,19.733,19.638,46408000000,0.0,79.73,2.182,2.179,2232000000,,12237000000.0,12237000000.0,0.0,0.023,0.074,0.036,0.213,0.0,0.0,1.0,334858832,334500000,335400000.0,36.583,57664000000,26000000,236000000.0,6596000000,172.389,-2956000000
4,ED,ART,2020-06-30,2020-08-06,2020-06-30,2021-08-30,0,59081000000,58064750000.0,4564000000,54517000000,0.211,54.55,-3555000000.0,1345000000,1345000000,5286000000.0,1410000000.0,0.681,2.23,23821000000,3861000000,19960000000,23821000000,0,1799000000.0,332000000,0.041,3.01,2616000000.0,4415000000.0,0.36,4415000000.0,2616000000.0,1566000000.0,4.01,4.0,4.01,18225000000,18116750000.0,18225000000,47201988302,18.0,10.691,-779000000.0,-2.332,1.0,6983000000.0,0.569,1956000000,1050000000.0,72896000000,71493500000.0,336000000,2080000000,0,2080000000,40640000000,6705000000,33935000000,24725988302,375000000.0,-10000000.0,88000000.0,2261000000.0,-956000000.0,1437000000.0,-3838000000.0,0.0,2776000000.0,0.0,1333000000.0,1333000000.0,1333000000.0,0.0,77000000.0,0.109,4264000000.0,2719000000.0,1018000000,0.751,1.357,18.549,18.434,45750000000,0.0,73.92,2.015,2.013,2068000000,,12269000000.0,12269000000.0,0.0,0.023,0.074,0.037,0.213,0.0,0.0,1.0,334496595,334100000,335000000.0,36.723,57125000000,21000000,233000000.0,6390000000,170.982,-2141000000
5,ED,ART,2020-03-31,2020-05-07,2020-03-31,2021-08-30,0,59159000000,57195000000.0,5026000000,54133000000,0.215,54.739,-3583000000.0,1574000000,1574000000,5416000000.0,1387000000.0,0.796,2.228,23600000000,3378000000,20222000000,23600000000,0,1741000000.0,344000000,0.04,2.985,2604000000.0,4345000000.0,0.353,4345000000.0,2604000000.0,1538000000.0,3.9,3.89,3.9,18261000000,17987750000.0,18261000000,46772938251,18.0,10.765,-501000000.0,-1.502,1.0,6878000000.0,0.559,1978000000,1066000000.0,72896000000,70300250000.0,326000000,2011000000,0,2011000000,40692000000,6311000000,34381000000,24746938251,1100000000.0,-10000000.0,488000000.0,2290000000.0,-941000000.0,1880000000.0,-3862000000.0,0.0,3082000000.0,0.0,1295000000.0,1295000000.0,1295000000.0,0.0,92000000.0,0.105,4180000000.0,2698000000.0,1015000000,0.765,1.355,19.11,18.992,45283000000,0.0,74.07,2.013,2.01,1949000000,,12294000000.0,12294000000.0,0.0,0.023,0.072,0.037,0.212,0.0,0.0,1.0,334102042,333600000,334600000.0,36.853,57181000000,21000000,243000000.0,6379000000,171.406,-1285000000
6,ED,ART,2019-12-31,2020-02-20,2019-12-31,2021-08-30,0,58079000000,56171750000.0,4272000000,53807000000,0.224,54.861,-3499000000.0,1217000000,1217000000,5808000000.0,1440000000.0,0.679,2.212,22539000000,3203000000,19336000000,22539000000,0,1684000000.0,346000000,0.032,2.985,2630000000.0,4314000000.0,0.343,4314000000.0,2630000000.0,1639000000.0,4.09,4.08,4.09,18022000000,17764750000.0,18022000000,52890484142,20.0,12.26,-365000000.0,-1.111,1.0,6766000000.0,0.538,2003000000,991000000.0,71111000000,68937750000.0,352000000,2065000000,0,2065000000,39866000000,6287000000,33579000000,31568484142,211000000.0,-10000000.0,825000000.0,916000000.0,-924000000.0,859000000.0,-3782000000.0,0.0,3134000000.0,0.0,1343000000.0,1343000000.0,1343000000.0,0.0,97000000.0,0.107,4090000000.0,2676000000.0,1164000000,0.73,1.752,23.506,23.125,44746000000,0.0,94.58,2.511,2.471,2019000000,,12574000000.0,12574000000.0,0.0,0.024,0.076,0.038,0.209,0.0,0.0,1.0,333775472,328500000,329500000.0,38.277,56076000000,20000000,296000000.0,6303000000,170.703,-2015000000
7,ED,ART,2019-09-30,2019-11-04,2019-09-30,2021-08-30,0,55940000000,55132000000.0,3581000000,52359000000,0.228,54.061,-3649000000.0,253000000,253000000,5946000000.0,1458000000.0,0.576,2.105,21629000000,3273000000,18356000000,21629000000,0,1630000000.0,348000000,0.033,2.935,2688000000.0,4318000000.0,0.343,4318000000.0,2688000000.0,1694000000.0,4.24,4.24,4.24,17959000000,17440750000.0,17959000000,51268142287,19.0,11.873,-594000000.0,-1.788,1.0,6626000000.0,0.527,2026000000,994000000.0,69071000000,67491000000.0,358000000,1983000000,0,1983000000,37806000000,6219000000,31587000000,29892142287,8000000.0,-1492000000.0,1530000000.0,1686000000.0,-901000000.0,2361000000.0,-5408000000.0,0.0,3055000000.0,0.0,1380000000.0,1380000000.0,1380000000.0,0.0,78000000.0,0.11,3858000000.0,2768000000.0,1082000000,0.692,1.664,21.661,21.208,44068000000,0.0,89.92,2.378,2.376,1928000000,,12572000000.0,12572000000.0,0.0,0.025,0.079,0.04,0.214,0.0,0.0,1.0,332430408,332200000,333200000.0,37.845,53914000000,10000000,314000000.0,6171000000,162.294,-2638000000
8,ED,ART,2019-06-30,2019-08-01,2019-06-30,2021-08-30,0,55602000000,53533000000.0,3707000000,51895000000,0.234,53.942,-3723000000.0,970000000,970000000,6032000000.0,1390000000.0,0.621,2.131,21505000000,3188000000,18317000000,21505000000,0,1567000000.0,350000000,0.034,2.91,2652000000.0,4219000000.0,0.337,4219000000.0,2652000000.0,1715000000.0,4.22,4.21,4.22,17709000000,16922750000.0,17709000000,49076151708,19.0,11.632,-530000000.0,-1.614,1.0,6503000000.0,0.519,2045000000,937000000.0,68123000000,65545000000.0,344000000,1899000000,0,1899000000,37737000000,5969000000,31768000000,28541151708,49000000.0,-1507000000.0,1530000000.0,1633000000.0,-877000000.0,2337000000.0,-5481000000.0,0.0,3193000000.0,0.0,1342000000.0,1342000000.0,1342000000.0,0.0,48000000.0,0.107,3776000000.0,2727000000.0,994000000,0.69,1.612,21.268,20.363,43587000000,0.0,85.93,2.277,2.251,1797000000,,12535000000.0,12535000000.0,0.0,0.025,0.079,0.04,0.212,0.0,0.0,1.0,332144207,328300000,329200000.0,38.182,53557000000,30000000,373000000.0,6058000000,163.134,-2262000000
9,ED,ART,2019-03-31,2019-05-02,2019-03-31,2021-08-30,0,55066000000,51898500000.0,3781000000,51285000000,0.241,53.857,-3704000000.0,474000000,474000000,6118000000.0,1399000000.0,0.596,2.163,21272000000,3514000000,17758000000,21272000000,0,1503000000.0,351000000,0.034,2.885,2641000000.0,4144000000.0,0.332,4144000000.0,2641000000.0,1770000000.0,4.36,4.35,4.36,17369000000,16407500000.0,17369000000,48649901693,18.0,11.74,-688000000.0,-2.133,1.0,6369000000.0,0.51,2070000000,871000000.0,67446000000,63524500000.0,327000000,1832000000,0,1832000000,37565000000,6348000000,31217000000,27851901693,-209000000.0,-1507000000.0,1130000000.0,1901000000.0,-859000000.0,2225000000.0,-5450000000.0,0.0,3016000000.0,0.0,1378000000.0,1378000000.0,1378000000.0,0.0,21000000.0,0.11,3674000000.0,2695000000.0,1010000000,0.662,1.604,20.212,19.532,43004000000,0.0,85.16,2.23,2.199,2076000000,,12487000000.0,12487000000.0,0.0,0.027,0.084,0.042,0.211,0.0,0.0,1.0,327053801,322500000,323400000.0,38.719,52996000000,49000000,392000000.0,5994000000,164.329,-2567000000
10,ED,ART,2018-12-31,2019-02-21,2018-12-31,2021-08-30,0,53920000000,50357000000.0,3864000000,50056000000,0.245,53.661,-3740000000.0,1006000000,1006000000,6100000000.0,1382000000.0,0.623,2.217,20711000000,3216000000,17495000000,20711000000,0,1438000000.0,351000000,0.036,2.885,2602000000.0,4040000000.0,0.327,4040000000.0,2602000000.0,1783000000.0,4.43,4.42,4.43,16726000000,15978750000.0,16726000000,45391172160,17.0,11.235,-1045000000.0,-3.353,1.0,6237000000.0,0.506,2094000000,819000000.0,65324000000,61517750000.0,358000000,1766000000,0,1766000000,37081000000,6207000000,30874000000,25686172160,162000000.0,-1507000000.0,705000000.0,3020000000.0,-842000000.0,2938000000.0,-5471000000.0,0.0,2695000000.0,0.0,1382000000.0,1382000000.0,1382000000.0,0.0,0.0,0.112,3573000000.0,2664000000.0,1187000000,0.651,1.536,18.586,18.059,41749000000,0.0,80.0,2.082,2.021,2066000000,,12337000000.0,12337000000.0,0.0,0.027,0.086,0.042,0.211,0.0,0.0,1.0,321077152,311700000,312900000.0,39.58,51826000000,49000000,401000000.0,5881000000,166.269,-2343000000
11,ED,ART,2018-09-30,2018-11-01,2018-09-30,2021-08-30,0,49544000000,48904750000.0,3356000000,46188000000,0.253,51.067,-3796000000.0,245000000,245000000,6128000000.0,1556000000.0,0.621,2.118,17960000000,2480000000,15480000000,17960000000,0,1404000000.0,351000000,0.037,2.835,2540000000.0,3944000000.0,0.319,3944000000.0,2540000000.0,1759000000.0,5.02,4.99,5.02,15887000000,15651750000.0,15887000000,41267615037,16.0,10.463,-1056000000.0,-3.394,1.0,6221000000.0,0.504,571000000,781000000.0,61287000000,59789750000.0,338000000,2131000000,0,2131000000,33646000000,5401000000,28245000000,23552615037,129000000.0,-59000000.0,51000000.0,2249000000.0,-834000000.0,1467000000.0,-4078000000.0,0.0,2740000000.0,0.0,1556000000.0,1556000000.0,1556000000.0,0.0,0.0,0.126,3670000000.0,2551000000.0,1173000000,0.565,1.483,15.137,15.066,39383000000,0.0,75.63,1.907,1.905,1963000000,,12349000000.0,12349000000.0,0.0,0.032,0.099,0.042,0.206,0.0,0.0,1.0,311418948,311100000,312300000.0,39.695,48973000000,29000000,203000000.0,5882000000,157.419,-2045000000
12,ED,ART,2018-06-30,2018-08-02,2018-06-30,2021-08-30,0,49064000000,48830250000.0,3436000000,45628000000,0.251,50.347,-3584000000.0,921000000,921000000,6040000000.0,1578000000.0,0.63,2.135,17909000000,2684000000,15225000000,17909000000,0,1381000000.0,349000000,0.036,2.81,2637000000.0,4018000000.0,0.328,4018000000.0,2637000000.0,1876000000.0,5.1,5.08,5.1,15648000000,15455500000.0,15648000000,41313142710,16.0,10.282,-751000000.0,-2.416,1.0,6192000000.0,0.506,555000000,761000000.0,60041000000,59561250000.0,318000000,2057000000,0,2057000000,33409000000,5456000000,27953000000,24325142710,58000000.0,-44000000.0,394000000.0,1522000000.0,-825000000.0,1091000000.0,-3866000000.0,0.0,2833000000.0,0.0,1578000000.0,1578000000.0,1578000000.0,0.0,0.0,0.129,3594000000.0,2598000000.0,1130000000,0.551,1.555,15.415,15.331,38767000000,0.0,78.19,1.989,1.987,1743000000,,12232000000.0,12232000000.0,0.0,0.032,0.102,0.044,0.216,0.0,0.0,1.0,311102989,310800000,311900000.0,39.356,48509000000,27000000,298000000.0,5755000000,156.078,-2020000000
13,ED,ART,2018-03-31,2018-05-03,2018-03-31,2021-08-30,0,48900000000,48839000000.0,3773000000,45127000000,0.249,50.432,-3502000000.0,683000000,683000000,6032000000.0,1565000000.0,0.668,2.123,17410000000,2680000000,14730000000,17410000000,0,1360000000.0,347000000,0.035,2.785,2671000000.0,4031000000.0,0.331,4031000000.0,2671000000.0,1927000000.0,5.07,5.05,5.07,15654000000,15166000000.0,15654000000,41274706735,15.0,10.239,-440000000.0,-1.418,1.0,6137000000.0,0.504,557000000,744000000.0,59419000000,59491000000.0,301000000,2012000000,0,2012000000,33239000000,5651000000,27588000000,24547706735,569000000.0,-45000000.0,394000000.0,1701000000.0,-813000000.0,1282000000.0,-3775000000.0,0.0,3062000000.0,0.0,1565000000.0,1565000000.0,1565000000.0,0.0,0.0,0.129,3542000000.0,2595000000.0,1236000000,0.549,1.568,15.685,15.582,38075000000,0.0,79.0,2.017,2.015,1922000000,,12169000000.0,12169000000.0,0.0,0.032,0.103,0.045,0.219,0.0,0.0,1.0,310730465,310400000,311600000.0,39.204,48343000000,58000000,362000000.0,5685000000,155.744,-1878000000
14,ED,ART,2017-12-31,2018-02-15,2017-12-31,2021-08-30,0,48111000000,48705250000.0,3537000000,44574000000,0.247,50.205,-3454000000.0,844000000,844000000,5928000000.0,1525000000.0,0.722,2.12,16606000000,1875000000,14731000000,16606000000,0,1341000000.0,346000000,0.036,2.785,2726000000.0,4067000000.0,0.338,4067000000.0,2726000000.0,1997000000.0,4.97,4.94,4.97,15418000000,14877000000.0,15418000000,39696718068,15.0,9.761,-87000000.0,-0.283,1.0,6105000000.0,0.507,559000000,729000000.0,58412000000,59628750000.0,334000000,2001000000,0,2001000000,32686000000,4902000000,27784000000,23934718068,21000000.0,-45000000.0,394000000.0,767000000.0,-803000000.0,357000000.0,-3703000000.0,0.0,3367000000.0,0.0,1525000000.0,1525000000.0,1525000000.0,0.0,0.0,0.127,3496000000.0,2609000000.0,1286000000,0.56,1.552,15.695,15.515,37600000000,0.0,77.11,1.989,1.968,1861000000,,12033000000.0,12033000000.0,0.0,0.031,0.103,0.046,0.227,0.0,0.0,1.0,310397070,307100000,308800000.0,39.183,47552000000,64000000,472000000.0,5603000000,154.842,-1365000000
15,ED,ART,2017-09-30,2017-11-02,2017-09-30,2021-08-30,0,49246000000,48741250000.0,3096000000,46150000000,0.242,49.064,-4692000000.0,110000000,110000000,5821000000.0,1226000000.0,0.791,2.26,15694000000,1043000000,14651000000,15694000000,0,1309000000.0,344000000,0.032,2.74,2646000000.0,3955000000.0,0.336,3955000000.0,2646000000.0,1921000000.0,4.0,3.98,4.0,15102000000,14597000000.0,15102000000,42497971580,16.0,10.745,-1342000000.0,-4.36,1.0,5958000000.0,0.506,542000000,725000000.0,60373000000,59753750000.0,337000000,1977000000,0,1977000000,34136000000,3915000000,30221000000,26913971580,-81000000.0,878000000.0,356000000.0,800000000.0,-793000000.0,400000000.0,-3831000000.0,0.0,3350000000.0,0.0,1226000000.0,1226000000.0,1226000000.0,0.0,0.0,0.104,3413000000.0,2545000000.0,1057000000,0.685,1.782,21.953,21.7,36728000000,0.0,86.8,2.285,2.268,1703000000,,11779000000.0,11779000000.0,0.0,0.025,0.084,0.044,0.225,0.0,0.0,1.0,310068797,307800000,309300000.0,38.268,48704000000,46000000,695000000.0,10787000000,158.233,-819000000
16,ED,ART,2017-06-30,2017-08-03,2017-06-30,2021-08-30,0,49099000000,48258750000.0,3280000000,45819000000,0.248,47.446,-4461000000.0,842000000,842000000,6112000000.0,1266000000.0,0.758,2.388,16376000000,1673000000,14703000000,16376000000,0,1279000000.0,345000000,0.033,2.72,2723000000.0,4002000000.0,0.334,4002000000.0,2723000000.0,2005000000.0,4.15,4.12,4.15,14490000000,14388250000.0,14490000000,40941663443,15.0,10.23,-1059000000.0,-3.468,1.0,5873000000.0,0.49,544000000,718000000.0,59760000000,59120500000.0,357000000,1961000000,0,1961000000,34601000000,4329000000,30272000000,25407663443,-50000000.0,847000000.0,24000000.0,975000000.0,-783000000.0,241000000.0,-3693000000.0,0.0,3402000000.0,0.0,1266000000.0,1266000000.0,1266000000.0,0.0,0.0,0.106,3365000000.0,2508000000.0,973000000,0.655,1.753,20.069,20.029,36251000000,0.0,83.12,2.12,2.118,1585000000,,11985000000.0,11985000000.0,0.0,0.026,0.088,0.046,0.227,0.0,0.0,1.0,305674488,305400000,306800000.0,39.244,48555000000,50000000,739000000.0,10591000000,158.988,-1049000000
17,ED,ART,2017-03-31,2017-05-04,2017-03-31,2021-08-30,0,48365000000,47801500000.0,3017000000,45348000000,0.254,47.519,-4500000000.0,102000000,102000000,6236000000.0,1323000000.0,0.877,2.335,15698000000,869000000,14829000000,15698000000,0,1248000000.0,345000000,0.034,2.7,2792000000.0,4040000000.0,0.333,4040000000.0,2792000000.0,2084000000.0,4.36,4.32,4.36,14498000000,14253250000.0,14498000000,39684366591,14.0,9.823,-1117000000.0,-3.661,1.0,5910000000.0,0.487,550000000,708000000.0,59970000000,58499250000.0,313000000,1914000000,0,1914000000,33859000000,3441000000,30418000000,24088366591,0.0,-155000000.0,738000000.0,1339000000.0,-777000000.0,1312000000.0,-4695000000.0,0.0,3383000000.0,0.0,1323000000.0,1323000000.0,1323000000.0,0.0,0.0,0.109,3310000000.0,2600000000.0,963000000,0.619,1.661,18.207,18.092,35663000000,0.0,78.88,1.983,1.981,1779000000,,12146000000.0,12146000000.0,0.0,0.028,0.093,0.048,0.23,0.0,0.0,1.0,305379901,305100000,306300000.0,39.81,47815000000,53000000,761000000.0,10481000000,156.719,-424000000
18,ED,ART,2016-12-31,2017-02-16,2016-12-31,2021-08-30,0,48255000000,47105250000.0,3406000000,44849000000,0.256,47.597,-4504000000.0,776000000,776000000,6357000000.0,1245000000.0,0.886,2.374,15828000000,1093000000,14735000000,15828000000,0,1216000000.0,352000000,0.036,2.7,2639000000.0,3855000000.0,0.319,3855000000.0,2639000000.0,1943000000.0,4.15,4.12,4.15,14298000000,13927000000.0,14298000000,37714844105,14.0,9.783,-1045000000.0,-3.479,1.0,5718000000.0,0.474,552000000,696000000.0,58912000000,57209750000.0,339000000,1921000000,0,1921000000,33949000000,3843000000,30106000000,22662844105,-172000000.0,-402000000.0,753000000.0,1356000000.0,-763000000.0,1345000000.0,-4976000000.0,0.0,3459000000.0,0.0,1245000000.0,1245000000.0,1245000000.0,0.0,0.0,0.103,3247000000.0,2471000000.0,1147000000,0.651,1.585,18.203,17.901,35216000000,0.0,74.29,1.877,1.848,1748000000,,12075000000.0,12075000000.0,0.0,0.026,0.089,0.046,0.219,0.0,0.0,1.0,305059148,300400000,301900000.0,40.196,47703000000,79000000,698000000.0,10269000000,158.798,-437000000
19,ED,ART,2016-09-30,2016-11-03,2016-09-30,2021-08-30,0,47316000000,46452000000.0,3154000000,44162000000,0.26,46.854,-3093000000.0,150000000,150000000,6487000000.0,1215000000.0,0.878,2.316,14694000000,947000000,13747000000,14694000000,0,1195000000.0,356000000,0.036,2.66,2558000000.0,3753000000.0,0.311,3753000000.0,2558000000.0,1874000000.0,4.06,4.03,4.06,14267000000,13615500000.0,14267000000,37054222124,14.0,9.873,321000000.0,1.054,1.0,5587000000.0,0.463,429000000,684000000.0,57840000000,55937000000.0,335000000,1931000000,0,1931000000,33041000000,3591000000,29450000000,22510222124,57000000.0,-1294000000.0,750000000.0,1324000000.0,-743000000.0,1330000000.0,-4687000000.0,0.0,3414000000.0,0.0,1215000000.0,1215000000.0,1215000000.0,0.0,0.0,0.101,3195000000.0,2392000000.0,1113000000,0.655,1.578,18.527,18.195,33906000000,0.0,73.87,1.864,1.863,1695000000,,12074000000.0,12074000000.0,0.0,0.026,0.089,0.046,0.212,0.0,0.0,1.0,304727523,304500000,305900000.0,39.652,46887000000,66000000,659000000.0,10196000000,153.98,-437000000
20,ED,ART,2016-06-30,2016-08-04,2016-06-30,2021-08-30,0,47270000000,45865750000.0,3499000000,43771000000,0.264,46.64,-3377000000.0,862000000,862000000,6563000000.0,1146000000.0,0.896,2.388,15201000000,1454000000,13747000000,15201000000,0,1174000000.0,358000000,0.034,2.64,2408000000.0,3582000000.0,0.296,3582000000.0,2408000000.0,1740000000.0,3.89,3.86,3.89,13950000000,13308750000.0,13950000000,38323855801,16.0,10.699,45000000.0,0.15,1.0,5537000000.0,0.458,431000000,668000000.0,57275000000,54842250000.0,321000000,1913000000,0,1913000000,33312000000,3903000000,29409000000,23984855801,157000000.0,-1297000000.0,737000000.0,1648000000.0,-731000000.0,1653000000.0,-4918000000.0,0.0,3422000000.0,0.0,1146000000.0,1146000000.0,1146000000.0,0.0,0.0,0.095,3151000000.0,2386000000.0,969000000,0.679,1.719,20.929,20.254,33459000000,0.0,78.79,1.982,1.948,1563000000,,12100000000.0,12100000000.0,0.0,0.025,0.086,0.044,0.199,0.0,0.0,1.0,304414974,299100000,300400000.0,40.455,46839000000,15000000,594000000.0,9924000000,156.6,-404000000
21,ED,ART,2016-03-31,2016-05-06,2016-03-31,2021-08-30,0,45580000000,45236000000.0,3185000000,42395000000,0.267,44.92,-3240000000.0,61000000,61000000,6653000000.0,1133000000.0,0.718,2.454,14160000000,1938000000,12222000000,14160000000,0,1148000000.0,356000000,0.035,2.62,2364000000.0,3512000000.0,0.29,3512000000.0,2364000000.0,1704000000.0,3.86,3.83,3.86,13193000000,13018250000.0,13193000000,35901786966,15.0,10.223,2000000.0,0.007,1.0,5441000000.0,0.45,431000000,660000000.0,54812000000,53849750000.0,342000000,865000000,0,865000000,32379000000,4436000000,27943000000,21802786966,-50000000.0,-546000000.0,18000000.0,1527000000.0,-728000000.0,816000000.0,-4108000000.0,0.0,3242000000.0,0.0,1133000000.0,1133000000.0,1133000000.0,0.0,0.0,0.094,3098000000.0,2343000000.0,909000000,0.679,1.653,19.243,19.212,32971000000,0.0,74.16,1.803,1.801,1732000000,,12094000000.0,12094000000.0,0.0,0.025,0.087,0.044,0.195,0.0,0.0,1.0,293996588,293700000,294800000.0,41.178,45149000000,15000000,571000000.0,9821000000,153.725,-1251000000
22,ED,ART,2015-12-31,2016-02-18,2015-12-31,2021-08-30,0,45642000000,44835250000.0,3836000000,41806000000,0.28,44.546,-3054000000.0,944000000,944000000,7060000000.0,1193000000.0,0.813,2.496,14274000000,2268000000,12006000000,14274000000,0,1130000000.0,354000000,0.037,2.62,2451000000.0,3581000000.0,0.285,3581000000.0,2451000000.0,1798000000.0,4.07,4.05,4.07,13052000000,12910250000.0,13052000000,34265860185,14.0,9.569,223000000.0,0.761,1.0,5494000000.0,0.438,431000000,653000000.0,53821000000,53329250000.0,350000000,884000000,0,884000000,32581000000,4720000000,27861000000,20935860185,249000000.0,-299000000.0,1000000.0,1361000000.0,-733000000.0,629000000.0,-3657000000.0,0.0,3277000000.0,0.0,1193000000.0,1193000000.0,1193000000.0,0.0,0.0,0.095,3067000000.0,2427000000.0,1008000000,0.644,1.604,17.549,17.521,32209000000,0.0,71.31,1.668,1.664,1716000000,,12554000000.0,12554000000.0,0.0,0.027,0.092,0.046,0.195,0.0,0.0,1.0,293589401,293000000,294400000.0,42.846,45211000000,166000000,605000000.0,9599000000,154.304,-884000000
23,ED,ART,2015-09-30,2015-11-05,2015-09-30,2021-08-30,0,44971000000,44501750000.0,3505000000,41466000000,0.285,44.52,-2919000000.0,91000000,91000000,7365000000.0,1099000000.0,0.791,2.448,13442000000,1921000000,11521000000,13442000000,0,1115000000.0,351000000,0.039,2.58,2298000000.0,3413000000.0,0.269,3413000000.0,2298000000.0,1657000000.0,3.75,3.72,3.75,13040000000,12791250000.0,13040000000,32511114060,14.0,9.526,360000000.0,1.229,1.0,5310000000.0,0.419,432000000,641000000.0,53461000000,52970750000.0,338000000,874000000,0,874000000,31922000000,4429000000,27493000000,19160114060,-112000000.0,-286000000.0,-11000000.0,816000000.0,-746000000.0,59000000.0,-3450000000.0,0.0,3279000000.0,0.0,1099000000.0,1099000000.0,1099000000.0,0.0,0.0,0.087,3032000000.0,2278000000.0,1092000000,0.688,1.469,17.434,17.427,31473000000,0.0,65.35,1.512,1.51,1813000000,,12675000000.0,12675000000.0,0.0,0.025,0.086,0.043,0.181,0.0,0.0,1.0,293192258,292900000,294200000.0,43.274,44539000000,90000000,558000000.0,9651000000,152.062,-924000000
24,ED,ART,2015-06-30,2015-08-06,2015-06-30,2021-08-30,0,44751000000,43425750000.0,3679000000,41072000000,0.291,43.66,-2761000000.0,709000000,709000000,7390000000.0,1107000000.0,0.935,2.499,13630000000,1705000000,11925000000,13630000000,0,1100000000.0,348000000,0.04,2.56,2304000000.0,3404000000.0,0.27,3404000000.0,2304000000.0,1675000000.0,3.78,3.75,3.78,12788000000,12708000000.0,12788000000,31582797213,14.0,9.278,299000000.0,1.021,1.0,5232000000.0,0.415,432000000,629000000.0,53305000000,51800000000.0,321000000,848000000,0,848000000,31954000000,3935000000,28019000000,18661797213,-65000000.0,-252000000.0,-15000000.0,892000000.0,-751000000.0,126000000.0,-3251000000.0,0.0,3060000000.0,0.0,1107000000.0,1107000000.0,1107000000.0,0.0,0.0,0.088,2965000000.0,2267000000.0,845000000,0.677,1.459,16.858,16.857,30923000000,0.0,63.72,1.479,1.479,1700000000,,12622000000.0,12622000000.0,0.0,0.025,0.087,0.044,0.183,0.0,0.0,1.0,292871896,292900000,294000000.0,43.093,44319000000,173000000,568000000.0,9460000000,151.311,-256000000
25,ED,ART,2015-03-31,2015-05-07,2015-03-31,2021-08-30,0,43977000000,42315750000.0,3398000000,40579000000,0.301,43.568,-2582000000.0,117000000,117000000,7577000000.0,1100000000.0,0.997,2.445,12709000000,1015000000,11694000000,12709000000,0,1089000000.0,345000000,0.041,2.54,2286000000.0,3375000000.0,0.265,3375000000.0,2286000000.0,1669000000.0,3.76,3.73,3.76,12761000000,12624750000.0,12761000000,30527796605,13.0,9.045,584000000.0,1.994,1.0,5168000000.0,0.405,432000000,617000000.0,52730000000,50455500000.0,332000000,814000000,0,814000000,31207000000,3407000000,27800000000,17935796605,15000000.0,0.0,-11000000.0,397000000.0,-745000000.0,-359000000.0,-2792000000.0,0.0,3166000000.0,0.0,1100000000.0,1100000000.0,1100000000.0,0.0,0.0,0.086,2918000000.0,2250000000.0,937000000,0.676,1.406,16.305,16.287,30212000000,0.0,61.24,1.407,1.407,2049000000,,12745000000.0,12745000000.0,0.0,0.026,0.087,0.045,0.179,0.0,0.0,1.0,292877149,292900000,293900000.0,43.513,43545000000,95000000,569000000.0,9337000000,148.668,-9000000
26,ED,ART,2014-12-31,2015-02-19,2014-12-31,2021-08-30,0,44308000000,41441750000.0,3854000000,40454000000,0.312,42.936,-2594000000.0,699000000,699000000,7807000000.0,1092000000.0,1.019,2.523,12991000000,1360000000,11631000000,12991000000,0,1071000000.0,344000000,0.039,2.54,2251000000.0,3322000000.0,0.257,3322000000.0,2251000000.0,1660000000.0,3.73,3.71,3.73,12576000000,12541000000.0,12576000000,31271195018,14.0,9.413,237000000.0,0.809,1.0,5112000000.0,0.396,432000000,591000000.0,52387000000,49479000000.0,372000000,816000000,0,816000000,31723000000,3781000000,27942000000,18979195018,25000000.0,0.0,-10000000.0,702000000.0,-739000000.0,-47000000.0,-2759000000.0,0.0,2831000000.0,0.0,1092000000.0,1092000000.0,1092000000.0,0.0,0.0,0.085,2903000000.0,2209000000.0,1019000000,0.681,1.509,17.38,17.373,29827000000,0.0,64.8,1.469,1.469,1834000000,,12919000000.0,12919000000.0,0.0,0.026,0.087,0.045,0.174,0.0,0.0,1.0,292888812,292900000,294000000.0,44.107,43876000000,352000000,568000000.0,9148000000,149.799,73000000
27,ED,ART,2014-09-30,2014-11-06,2014-09-30,2021-08-30,0,40667000000,40526500000.0,3519000000,37148000000,0.32,43.383,-2568000000.0,205000000,205000000,7628000000.0,1243000000.0,0.909,2.2,12621000000,1635000000,10986000000,12621000000,0,1056000000.0,338000000,0.04,2.505,2485000000.0,3541000000.0,0.273,3541000000.0,2485000000.0,1905000000.0,4.24,4.23,4.24,12707000000,12458250000.0,12707000000,30941159422,12.0,8.738,497000000.0,1.697,1.0,5329000000.0,0.411,432000000,580000000.0,48778000000,48191250000.0,343000000,740000000,0,740000000,27951000000,3873000000,24078000000,18525159422,131000000.0,0.0,-12000000.0,572000000.0,-734000000.0,-174000000.0,-2760000000.0,0.0,3065000000.0,0.0,1243000000.0,1243000000.0,1243000000.0,0.0,0.0,0.096,2893000000.0,2436000000.0,972000000,0.591,1.458,14.904,14.917,29239000000,0.0,63.25,1.43,1.43,1934000000,,12957000000.0,12957000000.0,0.0,0.031,0.1,0.052,0.192,0.0,0.0,1.0,292887896,292900000,294000000.0,44.237,40235000000,33000000,662000000.0,8865000000,137.368,-354000000
28,ED,ART,2014-06-30,2014-08-07,2014-06-30,2021-08-30,0,40311000000,40850750000.0,3457000000,36854000000,0.319,42.523,-2655000000.0,774000000,774000000,7650000000.0,1271000000.0,0.9,2.237,12661000000,1576000000,11085000000,12661000000,0,1044000000.0,333000000,0.045,2.49,2500000000.0,3544000000.0,0.272,3544000000.0,2500000000.0,1924000000.0,4.33,4.33,4.33,12455000000,12323000000.0,12455000000,28095256121,11.0,7.928,181000000.0,0.618,1.0,5401000000.0,0.414,432000000,576000000.0,47927000000,48317250000.0,322000000,693000000,0,693000000,27856000000,3839000000,24017000000,16208256121,27000000.0,0.0,-8000000.0,608000000.0,-729000000.0,-129000000.0,-2680000000.0,0.0,2836000000.0,0.0,1271000000.0,1271000000.0,1271000000.0,0.0,0.0,0.097,2929000000.0,2472000000.0,967000000,0.575,1.301,12.752,12.781,28754000000,0.0,55.34,1.242,1.242,1916000000,,13051000000.0,13051000000.0,0.0,0.031,0.103,0.052,0.192,0.0,0.0,1.0,292885004,292900000,294000000.0,44.558,39879000000,43000000,653000000.0,8574000000,136.152,-382000000
29,ED,ART,2014-03-31,2014-05-08,2014-03-31,2021-08-30,0,40481000000,41253500000.0,3484000000,36997000000,0.314,42.424,-2723000000.0,102000000,102000000,7601000000.0,1231000000.0,0.974,2.258,12454000000,1115000000,11339000000,12454000000,0,1034000000.0,326000000,0.043,2.475,2424000000.0,3458000000.0,0.267,3458000000.0,2424000000.0,1847000000.0,4.19,4.2,4.19,12426000000,12180000000.0,12426000000,29167055563,12.0,8.435,137000000.0,0.468,1.0,5357000000.0,0.413,433000000,577000000.0,48824000000,48489750000.0,303000000,547000000,0,547000000,28055000000,3576000000,24479000000,16815055563,-30000000.0,0.0,-8000000.0,473000000.0,-725000000.0,-260000000.0,-2630000000.0,0.0,2860000000.0,0.0,1231000000.0,1231000000.0,1231000000.0,0.0,0.0,0.095,2954000000.0,2403000000.0,1079000000,0.591,1.353,13.66,13.702,28682000000,0.0,57.41,1.298,1.298,2232000000,,12958000000.0,12958000000.0,0.0,0.03,0.101,0.05,0.187,0.0,0.0,1.0,292894192,292900000,294100000.0,44.24,40048000000,82000000,616000000.0,8662000000,136.729,-92000000
30,ED,ART,2013-12-31,2014-02-21,2013-12-31,2021-08-30,0,40647000000,41567250000.0,3891000000,36756000000,0.297,41.806,-2713000000.0,674000000,674000000,7191000000.0,1062000000.0,0.823,2.319,12426000000,1936000000,10490000000,12426000000,0,1024000000.0,321000000,0.045,2.475,2257000000.0,3281000000.0,0.266,3281000000.0,2257000000.0,1538000000.0,3.62,3.61,3.62,12245000000,12045750000.0,12245000000,27946578949,12.0,8.518,-161000000.0,-0.55,1.0,5163000000.0,0.418,433000000,719000000.0,47236000000,48511750000.0,363000000,461000000,0,461000000,28402000000,4730000000,23672000000,16194578949,280000000.0,0.0,-8000000.0,1116000000.0,-721000000.0,387000000.0,-2659000000.0,0.0,2552000000.0,0.0,1062000000.0,1062000000.0,1062000000.0,0.0,0.0,0.086,2919000000.0,2244000000.0,1017000000,0.684,1.323,15.249,15.273,28436000000,0.0,55.29,1.311,1.311,2005000000,,12354000000.0,12354000000.0,0.0,0.026,0.088,0.047,0.183,0.0,0.0,1.0,292902495,292900000,294400000.0,42.178,40214000000,122000000,476000000.0,8942000000,137.296,-839000000
31,ED,ART,2013-09-30,2013-11-04,2013-09-30,2021-08-30,0,41964000000,41707750000.0,3704000000,38260000000,0.297,41.536,-2626000000.0,74000000,74000000,7262000000.0,1035000000.0,0.847,2.449,12198000000,1703000000,10495000000,12198000000,0,1010000000.0,316000000,0.042,2.45,2231000000.0,3241000000.0,0.262,3241000000.0,2231000000.0,1506000000.0,3.53,3.52,3.53,12166000000,11951750000.0,12166000000,29298963579,13.0,9.04,-427000000.0,-1.458,1.0,5125000000.0,0.414,433000000,725000000.0,49282000000,48639750000.0,368000000,444000000,0,444000000,29798000000,4373000000,25425000000,17174963579,5000000.0,0.0,3000000.0,1079000000.0,-725000000.0,357000000.0,-2551000000.0,0.0,2199000000.0,0.0,1035000000.0,1035000000.0,1035000000.0,0.0,0.0,0.084,2905000000.0,2220000000.0,925000000,0.694,1.412,16.594,16.612,27955000000,0.0,58.64,1.387,1.387,1955000000,,12387000000.0,12387000000.0,0.0,0.025,0.087,0.046,0.18,0.0,0.0,1.0,292888192,292900000,294300000.0,42.291,41531000000,186000000,471000000.0,8868000000,141.792,-669000000
32,ED,ART,2013-06-30,2013-08-01,2013-06-30,2021-08-30,0,41922000000,41125000000.0,4103000000,37819000000,0.3,40.57,-2576000000.0,747000000,747000000,7262000000.0,1011000000.0,0.911,2.528,12379000000,1883000000,10496000000,12379000000,0,992000000.0,310000000,0.04,2.44,2224000000.0,3216000000.0,0.261,3216000000.0,2224000000.0,1493000000.0,3.45,3.43,3.45,11883000000,11870750000.0,11883000000,29301021816,13.0,9.111,-251000000.0,-0.857,1.0,5079000000.0,0.412,433000000,731000000.0,48617000000,47949000000.0,321000000,313000000,0,313000000,30039000000,4504000000,25535000000,17669021816,-634000000.0,0.0,1000000.0,390000000.0,-720000000.0,-329000000.0,-2630000000.0,0.0,2325000000.0,0.0,1011000000.0,1011000000.0,1011000000.0,0.0,0.0,0.082,2863000000.0,2216000000.0,997000000,0.707,1.487,17.477,17.487,27542000000,0.0,60.33,1.432,1.432,2008000000,,12341000000.0,12341000000.0,0.0,0.025,0.085,0.046,0.18,0.0,0.0,1.0,292872896,292900000,294300000.0,42.134,41489000000,283000000,482000000.0,8618000000,141.649,-401000000
33,ED,ART,2013-03-31,2013-05-02,2013-03-31,2021-08-30,0,41736000000,40656750000.0,3934000000,37802000000,0.302,40.591,-2555000000.0,132000000,132000000,7169000000.0,1053000000.0,0.927,2.51,11982000000,1426000000,10556000000,11982000000,0,973000000.0,307000000,0.038,2.43,2309000000.0,3282000000.0,0.267,3282000000.0,2309000000.0,1576000000.0,3.59,3.57,3.59,11889000000,11794750000.0,11889000000,30486873408,13.0,9.289,-442000000.0,-1.509,1.0,5125000000.0,0.417,431000000,733000000.0,48912000000,47227000000.0,270000000,351000000,0,351000000,29847000000,4243000000,25604000000,18636873408,-637000000.0,1000000.0,-2000000.0,901000000.0,-714000000.0,-54000000.0,-2696000000.0,0.0,2113000000.0,0.0,1053000000.0,1053000000.0,1053000000.0,0.0,0.0,0.086,2820000000.0,2305000000.0,1065000000,0.677,1.568,17.699,17.724,27283000000,0.0,63.63,1.516,1.516,1969000000,,12294000000.0,12294000000.0,0.0,0.026,0.089,0.049,0.188,0.0,0.0,1.0,292894443,292900000,294200000.0,41.973,41305000000,440000000,523000000.0,8711000000,141.021,-309000000
34,ED,ART,2012-12-31,2013-02-21,2012-12-31,2021-08-30,0,41209000000,40148000000.0,3451000000,37758000000,0.304,40.522,-2406000000.0,394000000,394000000,7069000000.0,1141000000.0,0.875,2.472,11309000000,1245000000,10064000000,11309000000,0,955000000.0,304000000,0.042,2.43,2345000000.0,3300000000.0,0.271,3300000000.0,2345000000.0,1741000000.0,3.88,3.86,3.88,11869000000,11708750000.0,11869000000,27726162530,12.0,8.402,193000000.0,0.659,1.0,5119000000.0,0.42,431000000,604000000.0,47748000000,46432250000.0,330000000,467000000,0,467000000,29340000000,3945000000,25395000000,16811162530,-254000000.0,28000000.0,-9000000.0,630000000.0,-709000000.0,-330000000.0,-2523000000.0,0.0,2599000000.0,0.0,1141000000.0,1138000000.0,1138000000.0,0.0,0.0,0.093,2780000000.0,2339000000.0,1215000000,0.626,1.416,14.773,14.794,26939000000,3000000.0,57.4,1.379,1.379,1966000000,,12188000000.0,12188000000.0,0.0,0.028,0.097,0.051,0.192,0.0,0.0,1.0,292877396,292900000,294500000.0,41.611,40778000000,296000000,600000000.0,8534000000,139.222,-494000000
35,ED,ART,2012-09-30,2012-11-06,2012-09-30,2021-08-30,0,39633000000,39649250000.0,3240000000,36393000000,0.309,40.43,-2302000000.0,69000000,69000000,7157000000.0,1127000000.0,0.87,2.347,11111000000,1270000000,9841000000,11111000000,0,934000000.0,308000000,0.042,2.415,2352000000.0,3286000000.0,0.268,3286000000.0,2352000000.0,1751000000.0,3.83,3.81,3.83,11842000000,11653750000.0,11842000000,27958338473,12.0,8.508,312000000.0,1.065,1.0,5096000000.0,0.416,432000000,601000000.0,46519000000,45950750000.0,355000000,462000000,0,462000000,27791000000,3724000000,24067000000,16916338473,-329000000.0,39000000.0,-26000000.0,431000000.0,-698000000.0,-537000000.0,-2406000000.0,0.0,2614000000.0,0.0,1127000000.0,1122000000.0,1122000000.0,0.0,0.0,0.092,2751000000.0,2345000000.0,968000000,0.631,1.429,15.077,15.081,26324000000,5000000.0,57.76,1.381,1.381,1986000000,,12253000000.0,12253000000.0,0.0,0.028,0.096,0.051,0.192,0.0,0.0,1.0,292872896,292900000,294600000.0,41.833,39201000000,113000000,624000000.0,8134000000,133.837,-484000000
36,ED,ART,2012-06-30,2012-08-02,2012-06-30,2021-08-30,0,40049000000,38874750000.0,4102000000,35947000000,0.32,39.532,-2032000000.0,1381000000,1381000000,7454000000.0,1073000000.0,0.937,2.459,11873000000,2031000000,9842000000,11873000000,0,916000000.0,308000000,0.038,2.41,2254000000.0,3170000000.0,0.255,3170000000.0,2254000000.0,1661000000.0,3.64,3.62,3.64,11579000000,11610000000.0,11579000000,29310336443,13.0,9.246,763000000.0,2.605,1.0,4990000000.0,0.401,432000000,593000000.0,45729000000,45176500000.0,337000000,451000000,0,451000000,28470000000,4380000000,24090000000,18818336443,889000000.0,58000000.0,-30000000.0,1193000000.0,-696000000.0,220000000.0,-2126000000.0,0.0,2795000000.0,0.0,1073000000.0,1065000000.0,1065000000.0,0.0,0.0,0.086,2740000000.0,2250000000.0,813000000,0.662,1.625,17.67,17.651,25734000000,8000000.0,64.25,1.512,1.512,1755000000,,12444000000.0,12444000000.0,0.0,0.027,0.092,0.05,0.181,0.0,0.0,1.0,292892396,292900000,294400000.0,42.485,39617000000,136000000,588000000.0,7897000000,135.258,-278000000
37,ED,ART,2012-03-31,2012-05-03,2012-03-31,2021-08-30,0,39701000000,37867250000.0,3904000000,35797000000,0.334,39.416,-2026000000.0,769000000,769000000,7758000000.0,1027000000.0,1.017,2.439,11073000000,1030000000,10043000000,11073000000,0,899000000.0,306000000,0.041,2.405,2184000000.0,3083000000.0,0.243,3083000000.0,2184000000.0,1592000000.0,3.48,3.45,3.48,11545000000,11581250000.0,11545000000,27632216081,13.0,8.963,1151000000.0,3.93,1.0,4908000000.0,0.387,432000000,592000000.0,45733000000,44569250000.0,325000000,440000000,0,440000000,28156000000,3840000000,24316000000,17328216081,253000000.0,47000000.0,-2000000.0,-72000000.0,-695000000.0,-780000000.0,-2144000000.0,0.0,3177000000.0,0.0,1027000000.0,1016000000.0,1016000000.0,0.0,0.0,0.08,2735000000.0,2173000000.0,844000000,0.691,1.501,17.055,17.0,25353000000,11000000.0,59.16,1.368,1.368,1697000000,,12666000000.0,12666000000.0,0.0,0.027,0.088,0.049,0.172,0.0,0.0,1.0,292904261,292900000,294500000.0,43.243,39269000000,285000000,565000000.0,7941000000,134.07,64000000
38,ED,ART,2011-12-31,2012-02-21,2011-12-31,2021-08-30,0,39214000000,36988500000.0,3638000000,35576000000,0.35,39.812,-1967000000.0,648000000,648000000,7970000000.0,1062000000.0,1.218,2.366,10675000000,530000000,10145000000,10675000000,0,884000000.0,303000000,0.042,2.405,2256000000.0,3140000000.0,0.243,3140000000.0,2256000000.0,1662000000.0,3.59,3.57,3.59,11649000000,11556000000.0,11649000000,26973073310,12.0,8.59,1170000000.0,3.999,1.0,4968000000.0,0.384,432000000,594000000.0,45822000000,44062500000.0,356000000,455000000,0,455000000,27565000000,2987000000,24578000000,16946073310,310000000.0,-20000000.0,31000000.0,-4000000.0,-693000000.0,-677000000.0,-2150000000.0,0.0,3137000000.0,0.0,1062000000.0,1051000000.0,1051000000.0,0.0,0.0,0.081,2729000000.0,2239000000.0,961000000,0.67,1.455,16.124,16.117,25093000000,11000000.0,57.86,1.31,1.309,1900000000,,12938000000.0,12938000000.0,0.0,0.028,0.091,0.051,0.174,0.0,0.0,1.0,292880631,292600000,294400000.0,44.217,38782000000,266000000,600000000.0,7751000000,132.543,651000000
39,ED,ART,2011-09-30,2011-11-03,2011-09-30,2021-08-30,0,36535000000,36221500000.0,3458000000,33077000000,0.362,39.833,-2037000000.0,398000000,398000000,8139000000.0,1103000000.0,1.169,2.131,10676000000,305000000,10371000000,10676000000,0,873000000.0,302000000,0.041,2.395,2296000000.0,3169000000.0,0.242,3169000000.0,2296000000.0,1695000000.0,3.75,3.71,3.75,11667000000,11462250000.0,11667000000,27486147952,12.0,8.673,1534000000.0,5.237,1.0,4972000000.0,0.379,432000000,601000000.0,43422000000,43530250000.0,375000000,474000000,0,474000000,24868000000,2959000000,21909000000,17208147952,200000000.0,-31000000.0,402000000.0,-859000000.0,-680000000.0,-1148000000.0,-2223000000.0,0.0,3571000000.0,0.0,1103000000.0,1092000000.0,1092000000.0,0.0,0.0,0.083,2699000000.0,2273000000.0,1062000000,0.639,1.475,15.758,15.667,24698000000,11000000.0,58.75,1.312,1.312,1953000000,,13111000000.0,13111000000.0,0.0,0.03,0.095,0.053,0.175,0.0,0.0,1.0,292904646,292900000,294600000.0,44.763,36103000000,0,592000000.0,7276000000,123.26,499000000
40,ED,ART,2011-06-30,2011-08-05,2011-06-30,2021-08-30,0,36019000000,35950750000.0,3209000000,32810000000,0.367,39.166,-2087000000.0,492000000,492000000,8313000000.0,1070000000.0,1.298,2.142,10678000000,5000000,10673000000,10678000000,0,862000000.0,299000000,0.045,2.39,2256000000.0,3118000000.0,0.236,3118000000.0,2256000000.0,1642000000.0,3.68,3.64,3.68,11464000000,11256250000.0,11464000000,25787498980,11.0,8.271,1088000000.0,3.717,1.0,4876000000.0,0.37,432000000,614000000.0,43300000000,43475000000.0,310000000,510000000,84000000,426000000,24555000000,2473000000,22082000000,15601498980,314000000.0,-62000000.0,463000000.0,-352000000.0,-664000000.0,-564000000.0,-2297000000.0,0.0,3175000000.0,0.0,1070000000.0,1059000000.0,1059000000.0,0.0,0.0,0.08,2654000000.0,2222000000.0,1033000000,0.649,1.361,14.732,14.476,24414000000,11000000.0,53.27,1.183,1.182,1870000000,,13189000000.0,13189000000.0,0.0,0.029,0.094,0.052,0.171,0.0,0.0,1.0,292875896,292700000,294300000.0,45.06,35587000000,0,572000000.0,7009000000,121.582,736000000
41,ED,ART,2011-03-31,2011-05-05,2011-03-31,2021-08-30,0,36186000000,35543250000.0,3590000000,32596000000,0.372,39.192,-2019000000.0,516000000,516000000,8354000000.0,1088000000.0,1.342,2.162,11144000000,469000000,10675000000,11144000000,0,854000000.0,296000000,0.045,2.385,2294000000.0,3148000000.0,0.238,3148000000.0,2294000000.0,1683000000.0,3.76,3.72,3.76,11444000000,11038500000.0,11444000000,26061463969,11.0,8.279,723000000.0,2.476,1.0,4859000000.0,0.368,432000000,611000000.0,43706000000,43183250000.0,245000000,413000000,0,413000000,24742000000,2676000000,22066000000,15433463969,429000000.0,-52000000.0,450000000.0,106000000.0,-647000000.0,-102000000.0,-2211000000.0,0.0,2742000000.0,0.0,1088000000.0,1077000000.0,1077000000.0,0.0,0.0,0.082,2606000000.0,2253000000.0,967000000,0.634,1.349,14.33,14.029,24068000000,11000000.0,52.75,1.168,1.166,1922000000,,13213000000.0,13213000000.0,0.0,0.03,0.098,0.053,0.174,0.0,0.0,1.0,292577516,292000000,293600000.0,45.25,35754000000,0,595000000.0,6941000000,122.445,914000000
42,ED,ART,2010-12-31,2011-02-22,2010-12-31,2021-08-30,0,36146000000,35109000000.0,3507000000,32639000000,0.38,39.655,-2029000000.0,338000000,338000000,8642000000.0,1003000000.0,1.482,2.206,10683000000,5000000,10678000000,10683000000,0,840000000.0,289000000,0.049,2.385,2160000000.0,3000000000.0,0.225,3000000000.0,2160000000.0,1551000000.0,3.49,3.47,3.49,11274000000,10815500000.0,11274000000,24619360059,11.0,8.206,352000000.0,1.238,1.0,4683000000.0,0.351,432000000,609000000.0,43693000000,42618750000.0,348000000,403000000,0,403000000,24872000000,2366000000,22506000000,14274360059,78000000.0,-12000000.0,439000000.0,73000000.0,-629000000.0,-128000000.0,-2175000000.0,0.0,2381000000.0,0.0,1003000000.0,992000000.0,992000000.0,0.0,0.0,0.074,2563000000.0,2120000000.0,1151000000,0.683,1.266,14.389,14.009,23863000000,11000000.0,48.89,1.071,1.043,2106000000,,13325000000.0,13325000000.0,0.0,0.028,0.092,0.051,0.162,0.0,0.0,1.0,291968911,284300000,285900000.0,46.87,35714000000,0,548000000.0,6692000000,125.621,1141000000
43,ED,ART,2010-09-30,2010-11-01,2010-09-30,2021-08-30,0,35452000000,34540750000.0,3890000000,31562000000,0.39,38.314,-2125000000.0,198000000,198000000,8901000000.0,972000000.0,1.236,2.27,11526000000,851000000,10675000000,11526000000,0,828000000.0,283000000,0.048,2.375,2087000000.0,2915000000.0,0.217,2915000000.0,2087000000.0,1476000000.0,3.42,3.39,3.42,10843000000,10612500000.0,10843000000,25756022428,12.0,8.836,-148000000.0,-0.523,1.0,4559000000.0,0.339,432000000,611000000.0,43201000000,41905500000.0,364000000,391000000,0,391000000,24609000000,3147000000,21462000000,14428022428,123000000.0,-12000000.0,310000000.0,752000000.0,-619000000.0,423000000.0,-2277000000.0,0.0,1977000000.0,0.0,972000000.0,961000000.0,961000000.0,0.0,0.0,0.071,2510000000.0,2049000000.0,1068000000,0.694,1.331,15.014,14.52,23469000000,11000000.0,49.66,1.072,1.044,2211000000,,13460000000.0,13460000000.0,0.0,0.028,0.091,0.05,0.155,0.0,0.0,1.0,290536094,283000000,284600000.0,47.562,35020000000,0,504000000.0,6344000000,123.746,743000000
44,ED,ART,2010-06-30,2010-08-06,2010-06-30,2021-08-30,0,34389000000,34230750000.0,3158000000,31231000000,0.387,37.564,-2106000000.0,178000000,178000000,8745000000.0,958000000.0,1.181,2.246,11020000000,458000000,10562000000,11020000000,0,817000000.0,279000000,0.05,2.37,2061000000.0,2878000000.0,0.217,2878000000.0,2061000000.0,1452000000.0,3.4,3.38,3.4,10593000000,10387500000.0,10593000000,24286809235,12.0,8.439,-282000000.0,-1.0,1.0,4497000000.0,0.34,423000000,609000000.0,42133000000,41349750000.0,328000000,402000000,0,402000000,23796000000,2675000000,21121000000,13444809235,-133000000.0,0.0,267000000.0,653000000.0,-612000000.0,291000000.0,-2248000000.0,0.0,1824000000.0,0.0,958000000.0,947000000.0,947000000.0,0.0,0.0,0.072,2468000000.0,2029000000.0,1094000000,0.697,1.269,14.197,13.991,23097000000,11000000.0,47.57,1.015,1.013,2117000000,,13242000000.0,13242000000.0,0.0,0.028,0.091,0.05,0.156,0.0,0.0,1.0,282632105,282000000,283500000.0,46.957,33966000000,0,494000000.0,5815000000,120.447,483000000
45,ED,ART,2010-03-31,2010-05-06,2010-03-31,2021-08-30,0,34449000000,33244500000.0,3386000000,31063000000,0.393,37.498,-2141000000.0,87000000,87000000,8682000000.0,925000000.0,0.962,2.265,11027000000,1161000000,9866000000,11027000000,0,803000000.0,276000000,0.053,2.365,2008000000.0,2811000000.0,0.215,2811000000.0,2008000000.0,1393000000.0,3.3,3.29,3.3,10552000000,9989000000.0,10552000000,23405936053,12.0,8.327,-316000000.0,-1.123,1.0,4388000000.0,0.336,423000000,615000000.0,41448000000,40177250000.0,303000000,381000000,0,381000000,23897000000,3518000000,20379000000,12465936053,-564000000.0,0.0,263000000.0,262000000.0,-606000000.0,-95000000.0,-2294000000.0,0.0,1825000000.0,0.0,925000000.0,914000000.0,914000000.0,0.0,0.0,0.07,2416000000.0,1972000000.0,978000000,0.717,1.181,13.639,13.397,22739000000,11000000.0,44.21,0.954,0.952,1996000000,,13070000000.0,13070000000.0,0.0,0.027,0.092,0.05,0.154,0.0,0.0,1.0,281970958,281400000,282700000.0,46.446,34026000000,0,468000000.0,5961000000,120.917,-132000000
46,ED,ART,2009-12-31,2010-02-22,2009-12-31,2021-08-30,0,33873000000,33188250000.0,3243000000,30630000000,0.393,38.016,-2193000000.0,260000000,260000000,8797000000.0,879000000.0,1.099,2.238,10599000000,731000000,9868000000,10599000000,0,791000000.0,274000000,0.055,2.365,1930000000.0,2721000000.0,0.209,2721000000.0,1930000000.0,1319000000.0,3.16,3.14,3.16,10462000000,9785250000.0,10462000000,22414601015,12.0,8.238,273000000.0,0.992,1.0,4235000000.0,0.325,420000000,611000000.0,40840000000,40071250000.0,355000000,385000000,0,385000000,23411000000,2952000000,20459000000,12075601015,186000000.0,0.0,257000000.0,435000000.0,-601000000.0,80000000.0,-2360000000.0,0.0,2466000000.0,0.0,879000000.0,868000000.0,868000000.0,0.0,0.0,0.067,2336000000.0,1899000000.0,1078000000,0.748,1.154,13.912,13.582,22464000000,11000000.0,42.92,0.927,0.906,1898000000,,13032000000.0,13032000000.0,0.0,0.026,0.089,0.048,0.148,0.0,0.0,1.0,281351375,275200000,276300000.0,47.355,33453000000,0,440000000.0,5769000000,121.559,291000000
47,ED,ART,2009-09-30,2009-11-02,2009-09-30,2021-08-30,0,34212000000,33094500000.0,3227000000,30985000000,0.385,36.143,-2255000000.0,75000000,75000000,8648000000.0,835000000.0,0.919,2.441,10773000000,1397000000,9376000000,10773000000,0,775000000.0,271000000,0.057,2.355,1887000000.0,2662000000.0,0.209,2662000000.0,1887000000.0,1282000000.0,3.01,3.01,3.01,9943000000,9594250000.0,9943000000,22042755824,12.0,8.281,-216000000.0,-0.785,1.0,4108000000.0,0.322,420000000,605000000.0,40978000000,39835500000.0,398000000,371000000,0,371000000,24269000000,3512000000,20757000000,11344755824,7000000.0,0.0,39000000.0,968000000.0,-610000000.0,397000000.0,-2429000000.0,0.0,2039000000.0,0.0,835000000.0,826000000.0,826000000.0,0.0,0.0,0.065,2250000000.0,1858000000.0,928000000,0.782,1.141,13.735,13.681,21949000000,9000000.0,41.18,0.889,0.888,1753000000,,12756000000.0,12756000000.0,0.0,0.025,0.086,0.047,0.148,0.0,0.0,1.0,275491885,275100000,276000000.0,46.369,33792000000,0,447000000.0,5521000000,122.835,-285000000
48,ED,ART,2009-06-30,2009-08-04,2009-06-30,2021-08-30,0,30444000000,31872000000.0,2312000000,28132000000,0.412,32.783,-2298000000.0,290000000,290000000,9379000000.0,678000000.0,1.066,2.383,9458000000,525000000,8933000000,9458000000,0,759000000.0,253000000,0.059,2.35,1607000000.0,2366000000.0,0.18,2366000000.0,1607000000.0,1018000000.0,2.45,2.45,2.45,8999000000,9539250000.0,8999000000,20029916980,12.0,8.466,-1522000000.0,-5.545,1.0,3746000000.0,0.285,0,589000000.0,37443000000,38484500000.0,314000000,105000000,0,105000000,21445000000,2169000000,19276000000,10861916980,-1446000000.0,0.0,47000000.0,835000000.0,-620000000.0,262000000.0,-2484000000.0,0.0,776000000.0,0.0,678000000.0,672000000.0,672000000.0,0.0,0.0,0.051,2170000000.0,1576000000.0,736000000,0.959,1.207,16.164,16.122,20360000000,6000000.0,39.5,0.828,0.826,1301000000,,13125000000.0,13125000000.0,0.0,0.021,0.07,0.042,0.122,0.0,0.0,1.0,274985240,274500000,275300000.0,47.814,30444000000,0,340000000.0,4964000000,110.907,143000000
49,ED,ART,2009-03-31,2009-05-01,2009-03-31,2021-08-30,0,34224000000,31824500000.0,3748000000,30476000000,0.422,35.549,-828000000.0,651000000,651000000,9771000000.0,1077000000.0,1.324,2.515,10699000000,704000000,9995000000,10699000000,0,744000000.0,268000000,0.063,2.345,2107000000.0,2851000000.0,0.212,2851000000.0,2107000000.0,1545000000.0,3.92,3.92,3.92,9737000000,9709500000.0,9737000000,20302399900,10.0,7.121,-117000000.0,-0.427,1.0,3658000000.0,0.272,417000000,562000000.0,41024000000,37526250000.0,334000000,349000000,0,349000000,24487000000,2831000000,21656000000,10254399900,502000000.0,-12000000.0,47000000.0,1391000000.0,-619000000.0,819000000.0,-1028000000.0,0.0,711000000.0,0.0,1077000000.0,1074000000.0,1074000000.0,-250000000.0,0.0,0.08,1821000000.0,1837000000.0,911000000,0.598,1.053,9.548,9.533,21206000000,3000000.0,37.37,0.764,0.762,1720000000,,13429000000.0,13429000000.0,0.0,0.034,0.111,0.056,0.157,0.0,0.0,1.0,274401924,273900000,274500000.0,49.029,33807000000,0,468000000.0,5341000000,123.428,917000000
50,ED,ART,2008-12-31,2009-02-23,2008-12-31,2021-08-30,0,33498000000,30434750000.0,3319000000,30179000000,0.446,35.537,-849000000.0,74000000,74000000,9843000000.0,1196000000.0,1.036,2.454,10094000000,845000000,9249000000,10094000000,0,717000000.0,265000000,0.063,2.345,2264000000.0,2981000000.0,0.219,2981000000.0,2264000000.0,1720000000.0,4.38,4.37,4.38,9698000000,9591250000.0,9698000000,20157869434,9.0,6.762,-220000000.0,-0.806,1.0,3740000000.0,0.275,416000000,544000000.0,39897000000,35702500000.0,516000000,356000000,0,356000000,23800000000,3205000000,20595000000,10137869434,-136000000.0,-32000000.0,51000000.0,873000000.0,-618000000.0,306000000.0,-1071000000.0,0.0,629000000.0,0.0,1196000000.0,1196000000.0,1196000000.0,-274000000.0,0.0,0.088,1820000000.0,1920000000.0,1161000000,0.535,1.045,8.476,8.452,20874000000,0.0,37.02,0.746,0.744,1422000000,,13583000000.0,13583000000.0,0.0,0.039,0.125,0.063,0.167,0.0,0.0,1.0,273848445,272900000,273600000.0,49.773,33082000000,0,524000000.0,5244000000,121.224,114000000
51,ED,ART,2008-09-30,2008-11-07,2008-09-30,2021-08-30,0,29322000000,29146000000.0,3352000000,25970000000,0.467,35.589,-696000000.0,69000000,69000000,9901000000.0,1244000000.0,1.112,2.016,9751000000,884000000,8867000000,9751000000,0,697000000.0,262000000,0.069,2.92,2289000000.0,2986000000.0,0.219,2986000000.0,2289000000.0,1796000000.0,4.55,4.54,4.55,9723000000,9435750000.0,9723000000,21210016565,9.0,7.103,-18000000.0,-0.066,1.0,3712000000.0,0.273,416000000,493000000.0,35574000000,34005500000.0,578000000,374000000,0,374000000,19599000000,3014000000,16585000000,11528016565,-124000000.0,-32000000.0,62000000.0,665000000.0,-605000000.0,122000000.0,-924000000.0,0.0,678000000.0,0.0,1244000000.0,1244000000.0,1244000000.0,-257000000.0,0.0,0.091,1743000000.0,1969000000.0,1032000000,0.642,1.186,9.267,9.259,20286000000,0.0,42.13,0.847,0.846,1553000000,,13613000000.0,13613000000.0,0.0,0.043,0.132,0.067,0.168,0.0,0.0,1.0,273629636,273200000,273800000.0,49.828,28906000000,0,552000000.0,5264000000,105.805,338000000
52,ED,ART,2008-06-30,2008-08-07,2008-06-30,2021-08-30,0,30254000000,28792500000.0,4531000000,25723000000,0.465,35.497,-628000000.0,1758000000,1758000000,9555000000.0,1374000000.0,1.147,2.125,9480000000,659000000,8821000000,9480000000,0,683000000.0,260000000,0.059,2.33,2455000000.0,3138000000.0,0.234,3138000000.0,2455000000.0,1962000000.0,5.04,5.03,5.04,9680000000,9252500000.0,9680000000,18573141198,8.0,5.919,1396000000.0,5.119,1.0,3843000000.0,0.287,417000000,493000000.0,33610000000,33386250000.0,440000000,380000000,0,380000000,20574000000,3949000000,16625000000,10851141198,1571000000.0,-32000000.0,53000000.0,947000000.0,-594000000.0,406000000.0,-859000000.0,0.0,2024000000.0,0.0,1374000000.0,1374000000.0,1374000000.0,-257000000.0,0.0,0.103,1719000000.0,2124000000.0,1387000000,0.462,1.121,7.897,7.881,19929000000,0.0,39.72,0.81,0.808,1487000000,,13398000000.0,13398000000.0,0.0,0.048,0.149,0.074,0.183,0.0,0.0,1.0,273190866,272700000,273500000.0,49.131,29837000000,0,588000000.0,5230000000,109.413,582000000
53,ED,ART,2008-03-31,2008-05-02,2008-03-31,2021-08-30,0,28665000000,28016500000.0,2669000000,25996000000,0.474,34.034,-1994000000.0,145000000,145000000,9440000000.0,976000000.0,0.713,2.094,9363000000,1457000000,7906000000,9363000000,0,668000000.0,255000000,0.055,2.325,1932000000.0,2600000000.0,0.196,2600000000.0,1932000000.0,1429000000.0,3.6,3.59,3.6,9264000000,9034000000.0,9264000000,20802280738,11.0,8.001,-357000000.0,-1.312,1.0,3838000000.0,0.289,410000000,503000000.0,33729000000,33009500000.0,318000000,376000000,0,376000000,19401000000,3744000000,15657000000,11584280738,-8000000.0,-20000000.0,643000000.0,500000000.0,-591000000.0,552000000.0,-2197000000.0,0.0,1637000000.0,0.0,976000000.0,976000000.0,976000000.0,-7000000.0,0.0,0.074,1989000000.0,1849000000.0,1111000000,0.646,1.25,11.869,11.803,20285000000,0.0,42.49,0.872,0.871,1392000000,,13278000000.0,13278000000.0,0.0,0.035,0.108,0.059,0.146,0.0,0.0,1.0,272635461,272200000,273000000.0,48.78,28255000000,0,453000000.0,4964000000,103.802,-1075000000
54,ED,ART,2007-12-31,2008-02-22,2007-12-31,2021-08-30,0,28343000000,27526000000.0,2605000000,25738000000,0.477,34.082,-1904000000.0,211000000,211000000,9305000000.0,929000000.0,0.669,2.123,9282000000,1649000000,7633000000,9282000000,0,667000000.0,249000000,0.055,2.325,1883000000.0,2550000000.0,0.194,2550000000.0,1883000000.0,1366000000.0,3.49,3.47,3.49,9076000000,8769750000.0,9076000000,20538941885,11.0,8.054,-349000000.0,-1.311,1.0,3815000000.0,0.291,410000000,517000000.0,33109000000,32539500000.0,405000000,378000000,0,378000000,19267000000,3895000000,15372000000,11467941885,116000000.0,0.0,685000000.0,544000000.0,-582000000.0,647000000.0,-2086000000.0,0.0,1555000000.0,0.0,929000000.0,929000000.0,929000000.0,-4000000.0,0.0,0.071,1968000000.0,1847000000.0,1187000000,0.666,1.264,12.344,12.074,19914000000,0.0,42.14,0.874,0.855,1524000000,,13120000000.0,13120000000.0,0.0,0.034,0.106,0.058,0.144,0.0,0.0,1.0,272139105,266300000,267300000.0,49.268,27933000000,0,437000000.0,4732000000,104.893,-1290000000
55,ED,ART,2007-09-30,2007-11-01,2007-09-30,2021-08-30,0,27908000000,27115000000.0,2979000000,24929000000,0.476,33.173,-1873000000.0,209000000,209000000,9075000000.0,923000000.0,0.893,2.104,9213000000,1186000000,8027000000,9213000000,0,662000000.0,244000000,0.05,2.315,1906000000.0,2568000000.0,0.199,2568000000.0,1906000000.0,1355000000.0,3.51,3.51,3.51,8990000000,8501750000.0,8990000000,21567037084,11.0,8.398,-238000000.0,-0.878,1.0,3838000000.0,0.297,480000000,551000000.0,33097000000,32262000000.0,464000000,378000000,0,378000000,18918000000,3335000000,15583000000,12563037084,-42000000.0,0.0,685000000.0,240000000.0,-573000000.0,352000000.0,-2029000000.0,0.0,1635000000.0,0.0,923000000.0,923000000.0,923000000.0,0.0,0.0,0.071,1961000000.0,1877000000.0,1102000000,0.66,1.397,13.611,13.182,19455000000,0.0,46.27,0.973,0.971,1477000000,,12913000000.0,12913000000.0,0.0,0.034,0.109,0.059,0.148,0.0,0.0,1.0,271515822,271000000,272000000.0,47.649,27428000000,0,432000000.0,4668000000,101.21,-356000000
56,ED,ART,2007-06-30,2007-08-02,2007-06-30,2021-08-30,0,27150000000,26673250000.0,2651000000,24499000000,0.477,33.243,-1843000000.0,203000000,203000000,8947000000.0,842000000.0,0.88,2.083,8653000000,851000000,7802000000,8653000000,0,647000000.0,240000000,0.051,2.31,1852000000.0,2499000000.0,0.197,2499000000.0,1852000000.0,1279000000.0,3.29,3.28,3.29,8806000000,8236250000.0,8806000000,20768535456,11.0,8.311,-471000000.0,-1.778,1.0,3764000000.0,0.296,483000000,573000000.0,32103000000,31801250000.0,381000000,381000000,0,381000000,18344000000,3014000000,15330000000,12318535456,123000000.0,0.0,1141000000.0,158000000.0,-556000000.0,743000000.0,-1992000000.0,0.0,1372000000.0,0.0,842000000.0,842000000.0,842000000.0,0.0,0.0,0.066,1930000000.0,1834000000.0,1119000000,0.702,1.399,14.63,13.818,19097000000,0.0,45.46,0.969,0.947,1451000000,,12711000000.0,12711000000.0,0.0,0.032,0.102,0.058,0.146,0.0,0.0,1.0,270975263,264900000,266200000.0,47.984,26667000000,0,437000000.0,4386000000,100.668,-363000000
57,ED,ART,2007-03-31,2007-05-10,2007-03-31,2021-08-30,0,26703000000,26049250000.0,2730000000,23973000000,0.47,31.81,-1891000000.0,183000000,183000000,8551000000.0,812000000.0,0.872,2.254,8943000000,1125000000,7818000000,8943000000,0,634000000.0,235000000,0.045,2.305,1800000000.0,2434000000.0,0.199,2434000000.0,1800000000.0,1235000000.0,3.21,3.2,3.21,8207000000,7878500000.0,8207000000,21971579261,12.0,9.027,-641000000.0,-2.484,1.0,3686000000.0,0.301,483000000,565000000.0,31849000000,31308250000.0,301000000,372000000,0,372000000,18496000000,3131000000,15365000000,13211579261,-20000000.0,0.0,554000000.0,774000000.0,-542000000.0,786000000.0,-2056000000.0,0.0,1250000000.0,0.0,812000000.0,812000000.0,812000000.0,2000000.0,0.0,0.066,1897000000.0,1789000000.0,1014000000,0.718,1.61,16.27,15.863,18770000000,0.0,50.92,1.08,1.074,1508000000,,12237000000.0,12237000000.0,0.0,0.031,0.103,0.057,0.147,0.0,0.0,1.0,259457566,258000000,259100000.0,47.43,26220000000,0,423000000.0,4441000000,101.628,-401000000
58,ED,ART,2006-12-31,2007-02-21,2006-12-31,2021-08-30,0,26699000000,25492500000.0,2937000000,23762000000,0.476,32.106,-1793000000.0,112000000,112000000,8596000000.0,737000000.0,1.007,2.336,8815000000,491000000,8324000000,8815000000,0,621000000.0,228000000,0.047,2.305,1677000000.0,2298000000.0,0.189,2298000000.0,1677000000.0,1127000000.0,2.96,2.95,2.96,8004000000,7667250000.0,8004000000,21263295101,13.0,9.253,-439000000.0,-1.761,1.0,3541000000.0,0.292,486000000,550000000.0,31999000000,30717500000.0,466000000,366000000,0,366000000,18695000000,2917000000,15778000000,12560295101,13000000.0,39000000.0,510000000.0,600000000.0,-533000000.0,577000000.0,-1918000000.0,0.0,1354000000.0,0.0,737000000.0,737000000.0,737000000.0,1000000.0,0.0,0.061,1874000000.0,1667000000.0,1126000000,0.779,1.569,17.042,16.47,18445000000,0.0,48.75,1.035,1.001,1469000000,,12137000000.0,12137000000.0,0.0,0.029,0.096,0.055,0.138,0.0,0.0,1.0,257647079,249300000,250300000.0,48.684,26213000000,0,390000000.0,4227000000,105.146,20000000
59,ED,ART,2006-09-30,2006-11-02,2006-09-30,2021-08-30,0,26141000000,25030250000.0,3408000000,22733000000,0.496,31.839,-1819000000.0,253000000,253000000,9042000000.0,674000000.0,1.094,2.297,8968000000,875000000,8093000000,8968000000,0,610000000.0,225000000,0.047,2.295,1542000000.0,2152000000.0,0.173,2152000000.0,1542000000.0,1004000000.0,2.73,2.72,2.73,7928000000,7493750000.0,7928000000,21241415320,14.0,9.871,-990000000.0,-3.976,1.0,3379000000.0,0.272,488000000,538000000.0,31254000000,30002750000.0,458000000,272000000,0,272000000,18213000000,3114000000,15099000000,12526415320,115000000.0,45000000.0,493000000.0,1270000000.0,-526000000.0,1237000000.0,-1951000000.0,0.0,829000000.0,0.0,674000000.0,674000000.0,674000000.0,9000000.0,0.0,0.054,1865000000.0,1514000000.0,934000000,0.841,1.58,18.585,17.868,18021000000,0.0,48.78,1.008,0.978,1384000000,,12421000000.0,12421000000.0,0.0,0.027,0.09,0.051,0.124,0.0,0.0,1.0,256794082,249000000,250000000.0,49.884,25653000000,0,330000000.0,4129000000,103.024,294000000
60,ED,ART,2006-06-30,2006-08-03,2006-06-30,2021-08-30,0,24654000000,24687000000.0,2410000000,22244000000,0.5,29.992,-1726000000.0,81000000,81000000,8912000000.0,728000000.0,0.989,2.343,8487000000,396000000,8091000000,8487000000,0,602000000.0,224000000,0.05,2.29,1594000000.0,2196000000.0,0.178,2196000000.0,1594000000.0,1097000000.0,2.97,2.96,2.97,7375000000,7345750000.0,7375000000,19807546165,12.0,9.02,-163000000.0,-0.663,1.0,3443000000.0,0.279,491000000,497000000.0,30131000000,29256500000.0,403000000,269000000,0,269000000,17279000000,2438000000,14841000000,11401546165,-755000000.0,43000000.0,57000000.0,615000000.0,-524000000.0,-586000000.0,-1732000000.0,0.0,1563000000.0,0.0,728000000.0,728000000.0,728000000.0,11000000.0,0.0,0.059,1852000000.0,1591000000.0,963000000,0.771,1.546,15.661,15.576,17703000000,0.0,46.26,0.923,0.921,1177000000,,12355000000.0,12355000000.0,0.0,0.029,0.099,0.054,0.129,0.0,0.0,1.0,246466627,245900000,246700000.0,50.244,24163000000,0,369000000.0,3839000000,98.264,-28000000
61,ED,ART,2006-03-31,2006-05-03,2006-03-31,2021-08-30,0,24476000000,24616250000.0,2607000000,21869000000,0.496,29.988,-1354000000.0,200000000,200000000,8836000000.0,719000000.0,1.061,2.325,8162000000,358000000,7804000000,8162000000,0,594000000.0,224000000,0.054,2.285,1547000000.0,2141000000.0,0.175,2141000000.0,1547000000.0,1066000000.0,2.94,2.93,2.94,7362000000,7288500000.0,7362000000,18368143011,12.0,8.579,-366000000.0,-1.491,1.0,3370000000.0,0.276,494000000,481000000.0,29486000000,28649250000.0,334000000,267000000,0,267000000,17114000000,2458000000,14656000000,10406143011,-300000000.0,40000000.0,78000000.0,653000000.0,-521000000.0,210000000.0,-1498000000.0,0.0,988000000.0,0.0,719000000.0,719000000.0,719000000.0,12000000.0,0.0,0.059,1827000000.0,1543000000.0,987000000,0.777,1.413,14.473,14.401,17321000000,0.0,42.34,0.853,0.852,1357000000,,12206000000.0,12206000000.0,0.0,0.029,0.099,0.054,0.127,0.0,0.0,1.0,245775697,245500000,246500000.0,49.719,23982000000,0,347000000.0,3868000000,97.686,149000000
62,ED,ART,2005-12-31,2006-02-22,2005-12-31,2021-08-30,0,24850000000,24354750000.0,3153000000,21697000000,0.48,29.971,-1102000000.0,96000000,96000000,8399000000.0,719000000.0,0.949,2.399,8205000000,777000000,7428000000,8205000000,0,584000000.0,229000000,0.049,2.285,1524000000.0,2108000000.0,0.18,2108000000.0,1524000000.0,1060000000.0,2.95,2.94,2.95,7310000000,7232750000.0,7310000000,19457991436,13.0,9.231,-309000000.0,-1.267,1.0,3291000000.0,0.282,496000000,464000000.0,29140000000,28207250000.0,425000000,265000000,0,265000000,17540000000,3323000000,14217000000,11348991436,55000000.0,0.0,78000000.0,979000000.0,-518000000.0,539000000.0,-1277000000.0,0.0,793000000.0,0.0,719000000.0,719000000.0,719000000.0,13000000.0,0.0,0.062,1769000000.0,1522000000.0,1236000000,0.775,1.553,15.784,15.675,17112000000,0.0,46.24,0.971,0.965,1491000000,,11690000000.0,11690000000.0,0.0,0.03,0.099,0.054,0.13,0.0,0.0,1.0,245436666,243900000,244700000.0,47.929,24354000000,0,341000000.0,3828000000,99.852,-170000000
63,ED,ART,2005-09-30,2005-11-02,2005-09-30,2021-08-30,0,24768000000,23782250000.0,3451000000,21317000000,0.452,30.016,-927000000.0,139000000,139000000,7626000000.0,631000000.0,0.973,2.376,7687000000,595000000,7092000000,7687000000,0,569000000.0,228000000,0.05,2.275,1384000000.0,1953000000.0,0.182,1953000000.0,1384000000.0,927000000.0,2.59,2.57,2.59,7336000000,7168750000.0,7336000000,18767183984,14.0,9.609,206000000.0,0.843,1.0,3113000000.0,0.29,499000000,457000000.0,28269000000,27673500000.0,394000000,263000000,0,263000000,17432000000,3548000000,13884000000,11219183984,49000000.0,-8000000.0,87000000.0,439000000.0,-514000000.0,12000000.0,-1096000000.0,0.0,1133000000.0,0.0,631000000.0,631000000.0,631000000.0,17000000.0,0.0,0.059,1706000000.0,1407000000.0,1189000000,0.878,1.529,17.78,17.683,16663000000,0.0,45.8,1.045,1.042,1347000000,,10739000000.0,10739000000.0,0.0,0.027,0.088,0.05,0.129,0.0,0.0,1.0,244960349,244400000,245400000.0,43.94,24269000000,0,296000000.0,4077000000,99.3,-97000000
64,ED,ART,2005-06-30,2005-08-03,2005-06-30,2021-08-30,0,24371000000,23186500000.0,3456000000,20915000000,0.436,29.359,-906000000.0,836000000,836000000,7160000000.0,592000000.0,1.08,2.41,7868000000,647000000,7221000000,7868000000,0,563000000.0,228000000,0.047,2.27,1310000000.0,1873000000.0,0.185,1873000000.0,1310000000.0,864000000.0,2.44,2.42,2.44,7146000000,7113250000.0,7146000000,18922133625,14.0,10.103,-195000000.0,-0.801,1.0,2947000000.0,0.292,502000000,446000000.0,27702000000,27407500000.0,268000000,260000000,0,260000000,17225000000,3199000000,14026000000,11890133625,331000000.0,-8000000.0,69000000.0,523000000.0,-511000000.0,821000000.0,-1201000000.0,0.0,711000000.0,0.0,592000000.0,592000000.0,592000000.0,15000000.0,0.0,0.059,1656000000.0,1291000000.0,1685000000,0.93,1.664,20.085,19.943,16441000000,0.0,48.66,1.176,1.172,1016000000,,10107000000.0,10107000000.0,0.0,0.026,0.083,0.048,0.13,0.0,0.0,1.0,244351287,243400000,244200000.0,41.524,23869000000,0,272000000.0,3892000000,98.065,257000000
65,ED,ART,2005-03-31,2005-05-05,2005-03-31,2021-08-30,0,23430000000,22649750000.0,2384000000,21046000000,0.436,29.415,-1123000000.0,496000000,496000000,6995000000.0,566000000.0,1.079,2.282,7498000000,519000000,6979000000,7498000000,0,555000000.0,232000000,0.051,2.265,1280000000.0,1835000000.0,0.186,1835000000.0,1280000000.0,840000000.0,2.34,2.32,2.34,7139000000,7075250000.0,7139000000,17710802253,14.0,9.652,432000000.0,1.78,1.0,2875000000.0,0.291,504000000,440000000.0,27718000000,27135750000.0,190000000,258000000,0,258000000,16291000000,2210000000,14081000000,10708802253,422000000.0,-8000000.0,563000000.0,71000000.0,-500000000.0,137000000.0,-1270000000.0,0.0,1555000000.0,0.0,566000000.0,563000000.0,563000000.0,12000000.0,0.0,0.057,1623000000.0,1252000000.0,874000000,0.968,1.5,19.021,18.825,16336000000,3000000.0,44.05,1.085,1.083,1025000000,,9870000000.0,9870000000.0,0.0,0.025,0.08,0.047,0.13,0.0,0.0,1.0,243105613,242700000,243400000.0,40.667,22926000000,0,274000000.0,3890000000,94.462,174000000
66,ED,ART,2004-12-31,2005-02-25,2004-12-31,2021-08-30,0,22560000000,22170500000.0,1715000000,20845000000,0.44,29.915,-1397000000.0,44000000,44000000,6904000000.0,537000000.0,0.771,2.198,7219000000,625000000,6594000000,7219000000,0,551000000.0,234000000,0.053,2.265,1253000000.0,1804000000.0,0.185,1804000000.0,1253000000.0,809000000.0,2.28,2.27,2.28,7054000000,6913500000.0,7054000000,17629652225,14.0,9.773,-77000000.0,-0.327,1.0,2854000000.0,0.292,506000000,444000000.0,27005000000,26809750000.0,307000000,257000000,0,257000000,15506000000,2224000000,13282000000,10454652225,-23000000.0,-9000000.0,578000000.0,109000000.0,-490000000.0,197000000.0,-1540000000.0,0.0,1320000000.0,0.0,537000000.0,537000000.0,537000000.0,12000000.0,0.0,0.055,1631000000.0,1223000000.0,920000000,0.993,1.482,19.469,18.904,16106000000,0.0,43.1,1.071,1.042,1012000000,,9758000000.0,9758000000.0,0.0,0.024,0.078,0.047,0.128,0.0,0.0,1.0,242567337,235800000,236400000.0,41.383,22054000000,0,272000000.0,3762000000,93.528,-509000000
67,ED,ART,2004-09-30,2004-11-05,2004-09-30,2021-08-30,0,22385000000,21772000000.0,2080000000,20305000000,0.454,29.458,-1417000000.0,88000000,88000000,6856000000.0,543000000.0,1.138,2.147,7245000000,292000000,6953000000,7245000000,0,552000000.0,231000000,0.05,2.255,1286000000.0,1838000000.0,0.186,1838000000.0,1286000000.0,838000000.0,2.29,2.27,2.29,7114000000,6755750000.0,7114000000,18057372130,14.0,9.824,146000000.0,0.605,1.0,3020000000.0,0.306,509000000,448000000.0,27205000000,26449750000.0,337000000,254000000,0,254000000,15271000000,1828000000,13443000000,10900372130,21000000.0,-11000000.0,573000000.0,-76000000.0,-496000000.0,-5000000.0,-1537000000.0,0.0,1563000000.0,0.0,543000000.0,537000000.0,537000000.0,0.0,0.0,0.054,1795000000.0,1225000000.0,867000000,0.985,1.532,20.299,19.668,15839000000,6000000.0,45.04,1.104,1.101,1118000000,,9876000000.0,9876000000.0,0.0,0.025,0.079,0.049,0.13,0.0,0.0,1.0,242015367,241500000,242200000.0,40.894,21876000000,0,295000000.0,3659000000,90.584,252000000
68,ED,ART,2004-06-30,2004-08-06,2004-06-30,2021-08-30,0,22224000000,21195000000.0,2091000000,20133000000,0.469,29.889,-1422000000.0,505000000,505000000,6847000000.0,554000000.0,1.085,2.178,7336000000,331000000,7005000000,7336000000,0,545000000.0,234000000,0.054,2.25,1320000000.0,1865000000.0,0.188,1865000000.0,1320000000.0,873000000.0,2.44,2.42,2.44,6994000000,6595250000.0,6994000000,16880201982,13.0,9.051,161000000.0,0.688,1.0,3087000000.0,0.311,512000000,447000000.0,26615000000,25734250000.0,266000000,253000000,0,253000000,15230000000,1928000000,13302000000,10049201982,429000000.0,-13000000.0,569000000.0,313000000.0,-472000000.0,395000000.0,-1549000000.0,0.0,1583000000.0,0.0,554000000.0,548000000.0,548000000.0,0.0,0.0,0.055,1804000000.0,1283000000.0,944000000,0.922,1.437,18.338,17.057,15654000000,6000000.0,41.62,1.012,0.98,1055000000,,9934000000.0,9934000000.0,0.0,0.026,0.083,0.051,0.133,0.0,0.0,1.0,241451273,234000000,234900000.0,42.453,21712000000,0,319000000.0,3432000000,92.786,163000000
69,ED,ART,2004-03-31,2004-05-07,2004-03-31,2021-08-30,0,21513000000,20459250000.0,1804000000,19709000000,0.486,28.7,-1447000000.0,74000000,74000000,6869000000.0,531000000.0,0.928,2.314,7432000000,410000000,7022000000,7432000000,0,537000000.0,227000000,0.056,2.245,1293000000.0,1830000000.0,0.184,1830000000.0,1293000000.0,850000000.0,2.36,2.34,2.36,6492000000,6427750000.0,6492000000,16431228276,13.0,8.979,78000000.0,0.345,1.0,3072000000.0,0.309,514000000,443000000.0,26414000000,24917250000.0,204000000,250000000,0,250000000,15021000000,1943000000,13078000000,9073228276,-5000000.0,1000000.0,446000000.0,77000000.0,-452000000.0,33000000.0,-1563000000.0,0.0,1525000000.0,0.0,531000000.0,528000000.0,528000000.0,0.0,0.0,0.053,1810000000.0,1262000000.0,964000000,0.951,1.398,17.184,16.941,15439000000,3000000.0,39.98,0.913,0.91,1105000000,,9941000000.0,9941000000.0,0.0,0.026,0.082,0.052,0.13,0.0,0.0,1.0,226944179,226200000,227500000.0,43.948,20999000000,0,319000000.0,3338000000,92.834,-139000000
70,ED,ART,2003-12-31,2004-02-24,2003-12-31,2021-08-30,0,20966000000,19897750000.0,1592000000,19374000000,0.494,29.077,-1398000000.0,67000000,67000000,6764000000.0,528000000.0,0.833,2.264,7094000000,325000000,6769000000,7094000000,0,529000000.0,228000000,0.051,2.245,1277000000.0,1806000000.0,0.184,1806000000.0,1277000000.0,843000000.0,2.39,2.38,2.39,6423000000,6299000000.0,6423000000,16892521751,13.0,9.354,-79000000.0,-0.358,1.0,3063000000.0,0.312,517000000,434000000.0,25565000000,24079250000.0,283000000,248000000,0,248000000,14543000000,1911000000,12632000000,9865521751,-65000000.0,-12000000.0,431000000.0,194000000.0,-444000000.0,143000000.0,-1527000000.0,0.0,1319000000.0,0.0,528000000.0,528000000.0,528000000.0,0.0,0.0,0.054,1804000000.0,1259000000.0,905000000,0.939,1.536,18.685,18.264,15225000000,0.0,43.65,1.004,0.981,1035000000,,9827000000.0,9827000000.0,0.0,0.027,0.084,0.053,0.13,0.0,0.0,1.0,226014244,220900000,221800000.0,44.486,20449000000,0,315000000.0,3241000000,92.571,-319000000
71,ED,ART,2003-09-30,2003-11-07,2003-09-30,2021-08-30,-21000000,20077000000,19361327500.0,1993000000,18084000000,0.49,28.764,-1454727000.0,67000000,67000000,6487644000.0,565513000.0,0.928,2.102,6968000000,525000000,6443000000,6968000000,0,518822000.0,222000000,0.069,2.795,1362996000.0,1881818000.0,0.198,1881818000.0,1362996000.0,922747000.0,2.63,2.62,2.63,6472000000,6173519750.0,6472000000,16009447650,12.0,8.507,-166239000.0,-0.739,1.0,3002380000.0,0.316,487000000,440249000.0,24343000000,23371568250.0,295000000,244000000,0,244000000,13605000000,2148000000,11457000000,9108447650,-52879000.0,-10873000.0,394267000.0,388712000.0,-387509000.0,332092000.0,-1695861000.0,0.0,1288488000.0,0.0,565513000.0,575140000.0,575140000.0,0.0,0.0,0.061,1644380000.0,1358000000.0,870000000,1.063,1.407,15.837,15.361,13993000000,-9627000.0,40.4,0.96,0.958,1279000000,5527000000.0,9490024000.0,9490024000.0,0.0,0.03,0.093,0.058,0.144,0.0,0.0,1.0,225456625,225000000,226000000.0,42.178,19590000000,0,357234000.0,3294000000,87.067,-155000000
72,ED,ART,2003-06-30,2003-08-12,2003-06-30,2021-08-30,-17000000,19281000000,18892994500.0,1482000000,17799000000,0.488,28.837,-1467502000.0,76000000,76000000,6194512000.0,595055000.0,0.723,2.049,6682000000,433000000,6249000000,6682000000,0,510984000.0,219000000,0.056,2.235,1397119000.0,1908103000.0,0.207,1908103000.0,1397119000.0,955788000.0,2.8,2.79,2.8,6324000000,6030020000.0,6324000000,15608730996,11.0,8.18,66178000.0,0.302,1.0,3034002000.0,0.329,489000000,441331000.0,23347000000,22797025750.0,239000000,240000000,0,240000000,12957000000,2051000000,10906000000,9002730996,-14743000.0,-22729000.0,405022000.0,199838000.0,-402832000.0,65278000.0,-1672510000.0,0.0,1533680000.0,0.0,595055000.0,601851000.0,601851000.0,0.0,0.0,0.065,1642705000.0,1391297000.0,887000000,0.798,1.424,14.958,14.293,13783000000,-6796000.0,40.02,0.976,0.951,962000000,5396000000.0,9228514000.0,9228514000.0,0.0,0.032,0.1,0.061,0.151,0.0,0.0,1.0,224955797,219300000,220300000.0,42.082,18792000000,0,360733000.0,2890000000,85.691,-569000000
73,ED,ART,2003-03-31,2003-05-15,2003-03-31,2021-08-30,-10000000,19267000000,18459663250.0,1751000000,17516000000,0.485,27.904,-1423108000.0,78000000,78000000,5871427000.0,630033000.0,0.664,2.224,7000000000,945000000,6055000000,7000000000,0,503110000.0,219000000,0.056,2.23,1453611000.0,1956721000.0,0.219,1956721000.0,1453611000.0,1010718000.0,2.97,2.96,2.97,5977000000,5883778250.0,5977000000,15410666674,11.0,7.876,-74173000.0,-0.346,1.0,3081326000.0,0.344,489000000,442893000.0,23062000000,22285921000.0,178000000,235000000,0,235000000,13290000000,2638000000,10652000000,8488666674,-62643000.0,-29877000.0,3022000.0,644140000.0,-422887000.0,152644000.0,-1602348000.0,0.0,1348935000.0,0.0,630033000.0,633431000.0,633431000.0,0.0,0.0,0.071,1634084000.0,1447242000.0,1020000000,0.751,1.42,13.401,13.32,13520000000,-3398000.0,39.56,0.948,0.946,1121000000,5453000000.0,8952753000.0,8952753000.0,0.0,0.034,0.108,0.065,0.162,0.0,0.0,1.0,214577014,214200000,215100000.0,41.796,18778000000,0,380685000.0,2848000000,87.666,-887000000
74,ED,ART,2002-12-31,2003-02-27,2002-12-31,2021-08-30,0,18820310000,17939977500.0,1707100000,17113210000,0.473,27.8,-1492758000.0,132437000,132437000,5414893000.0,646036000.0,0.74,2.179,6841228000,634311000,6206917000,6841228000,43594000,494553000.0,221476000,0.057,2.225,1464010000.0,1958563000.0,0.231,1958563000.0,1464010000.0,1022428000.0,3.03,3.02,3.03,5921079000,5825200250.0,5921079000,15018269077,10.0,7.668,12563000.0,0.059,1.0,3066967000.0,0.362,487825000,441582000.0,22734273000,21659469000.0,195451000,235464000,0,235464000,12899231000,2307003000,10592228000,8309478077,-226896000.0,-19197000.0,25098000.0,367837000.0,-430700000.0,-104104000.0,-1628113000.0,0.0,1505321000.0,0.0,646036000.0,646036000.0,646036000.0,0.0,0.0,0.076,1608758000.0,1458209000.0,918586000,0.734,1.403,12.862,12.809,13329175000,0.0,38.81,0.98,0.975,906301000,,8481860000.0,8481860000.0,0.0,0.036,0.111,0.068,0.173,0.0,0.0,1.0,214106624,212989784,214049653.0,39.823,18332485000,745400000,376392000.0,2787842000,86.072,-599903000
75,ED,ART,2002-09-30,2002-11-13,2002-09-30,2021-08-30,-18232000,18203668000,17483927750.0,1652356000,16551312000,0.485,27.662,-1307474000.0,102162000,102162000,5374001000.0,692828000.0,0.768,2.086,6584247000,599476000,5984771000,6584247000,43594000,490201000.0,217440000,0.055,2.22,1519136000.0,2009337000.0,0.237,2009337000.0,1519136000.0,1091170000.0,3.17,3.16,3.17,5898001000,5761497500.0,5898001000,15093207088,10.0,7.512,-47456000.0,-0.223,1.0,3107448000.0,0.366,488765000,427966000.0,22044830000,21003904250.0,205636000,232717000,0,232717000,12305667000,2152158000,10153509000,8611122088,-329981000.0,-194926000.0,17755000.0,729597000.0,-471156000.0,-71396000.0,-1496201000.0,0.0,1260018000.0,0.0,692828000.0,673006000.0,673006000.0,0.0,0.0,0.079,1588929000.0,1518519000.0,781737000,0.7,1.46,12.795,12.716,12919756000,19822000.0,40.31,1.015,1.013,1021544000,5420676000.0,8481449000.0,8481449000.0,0.0,0.038,0.117,0.072,0.179,0.0,0.0,1.0,213622478,213219441,214220069.0,39.778,17714903000,685120000,398342000.0,2730898000,83.083,-499802000
76,ED,ART,2002-06-30,2002-08-12,2002-06-30,2021-08-30,-15083000,17547675000,17192335750.0,1283156000,16264519000,0.502,26.975,-728614000.0,73026000,73026000,5512895000.0,687026000.0,0.646,2.058,6337089000,362287000,5974802000,6337089000,0,497051000.0,221347000,0.064,2.765,1511214000.0,2008265000.0,0.233,2008265000.0,1511214000.0,1084447000.0,3.14,3.13,3.14,5739033000,5702533000.0,5739033000,15461230095,10.0,7.699,578495000.0,2.719,1.0,3121934000.0,0.362,523847000,426767000.0,21302581000,20499579750.0,175622000,217822000,0,217822000,11808642000,1985310000,9823332000,9197167095,31393000.0,-183697000.0,0.0,290905000.0,-469559000.0,-230682000.0,-986225000.0,0.0,1307109000.0,0.0,687026000.0,666637000.0,666637000.0,0.0,0.0,0.077,1608315000.0,1513619000.0,769339000,0.881,1.603,13.796,13.742,12753814000,20389000.0,43.15,1.065,1.063,940106000,5276276000.0,8634829000.0,8634829000.0,0.0,0.039,0.117,0.074,0.175,0.0,0.0,1.0,213144081,212756843,213931052.0,40.585,17023828000,665245000,397421000.0,2580189000,80.015,-702154000
77,ED,ART,2002-03-31,2002-05-14,2002-03-31,2021-08-30,-13523000,17188257000,17068747000.0,1353468000,15834789000,0.518,27.045,-690124000.0,122926000,122926000,5681304000.0,686724000.0,0.612,1.993,6227687000,685475000,5542212000,6227687000,0,511680000.0,214991000,0.05,2.21,1537771000.0,2049451000.0,0.232,2049451000.0,1537771000.0,1110359000.0,3.16,3.15,3.16,5742688000,5643188000.0,5742688000,15486560277,10.0,7.556,596508000.0,2.809,1.0,3165501000.0,0.358,524787000,427412000.0,20556192000,20280370500.0,154082000,214466000,0,214466000,11445569000,2212039000,9233530000,9381799277,63360000.0,-193182000.0,0.0,579407000.0,-468159000.0,-219269000.0,-965877000.0,0.0,1286632000.0,0.0,686724000.0,669733000.0,669733000.0,0.0,0.0,0.076,1610288000.0,1555213000.0,667570000,0.699,1.634,14.008,13.962,12500442000,16991000.0,44.12,1.06,1.059,897283000,5298415000.0,8846805000.0,8846805000.0,0.0,0.039,0.119,0.076,0.174,0.0,0.0,1.0,212642776,212341518,213309557.0,41.663,16663470000,700873000,423635000.0,2488076000,78.475,-858571000
78,ED,ART,2001-12-31,2002-03-27,2001-12-31,2021-08-30,0,16996111000,16942542750.0,1430095000,15566016000,0.569,26.709,-432350000.0,341179000,341179000,6376574000.0,695835000.0,0.647,2.0,6196977000,654672000,5542305000,6196977000,0,526235000.0,214121000,0.052,2.205,1569346000.0,2095581000.0,0.218,2095581000.0,1569346000.0,1138466000.0,3.22,3.21,3.22,5666268000,5587727250.0,5666268000,14777986965,9.0,7.052,917621000.0,4.325,1.0,3257388000.0,0.338,529330000,430880000.0,20112014000,20084561000.0,220699000,216979000,0,216979000,11329843000,2210565000,9119278000,8922188965,246351000.0,-195664000.0,0.0,452730000.0,-466962000.0,-379193000.0,-724427000.0,0.0,1349971000.0,0.0,695835000.0,682242000.0,682242000.0,0.0,0.0,0.071,1665362000.0,1592026000.0,665342000,0.685,1.575,13.078,13.053,12248375000,13593000.0,42.03,0.926,0.926,802325000,,9633962000.0,9633962000.0,0.0,0.04,0.122,0.078,0.163,0.0,0.0,1.0,212281441,212146750,212919524.0,45.412,16466781000,701147000,442631000.0,2500302000,77.62,-780470000
79,ED,ART,2001-09-30,2001-11-14,2001-09-30,2021-08-30,-26919000,17037300000,16885326250.0,2512095000,14525205000,0.589,26.682,-423654000.0,432143000,432143000,6787421000.0,603214000.0,1.111,2.009,6212548000,662380000,5550168000,6212548000,0,552047000.0,211276000,0.056,2.2,1439266000.0,1991313000.0,0.2,1991313000.0,1439266000.0,1010463000.0,2.85,2.83,2.85,5662143000,5539257500.0,5662143000,14184987982,10.0,7.123,649006000.0,3.058,1.0,3154055000.0,0.317,529622000,428803000.0,20027532000,20021077750.0,219276000,215144000,0,215144000,11375157000,2260551000,9114606000,8404582982,359333000.0,-134461000.0,0.0,257704000.0,-465746000.0,-228870000.0,-484457000.0,275464000.0,1072660000.0,0.0,603214000.0,603215000.0,603215000.0,0.0,0.0,0.061,1655464000.0,1498591000.0,736496000,0.772,1.484,13.933,13.895,11968879000,-1000.0,39.6,0.845,0.845,1059915000,5242821000.0,9941476000.0,9941476000.0,0.0,0.036,0.109,0.072,0.145,0.0,0.0,1.0,212236944,212206000,213171000.0,46.848,16507678000,619425000,407249000.0,2510925000,77.791,251544000
80,ED,ART,2001-06-30,2001-08-13,2001-06-30,2021-08-30,-24180000,17053320000,16752988750.0,2060173000,14993147000,0.601,25.937,-903730000.0,41633000,41633000,6928008000.0,605744000.0,0.835,2.1,6448513000,910686000,5537827000,6448513000,0,569820000.0,206536000,0.067,2.74,1404290000.0,1974110000.0,0.196,1974110000.0,1404290000.0,975220000.0,2.86,2.85,2.86,5501653000,5509402750.0,5501653000,15105202464,11.0,7.652,-43714000.0,-0.206,1.0,3141377000.0,0.312,565913000,429070000.0,20425744000,19927402000.0,231972000,554668000,0,554668000,11551667000,2468543000,9083124000,8698322464,3977000.0,-129834000.0,0.0,752259000.0,-464544000.0,294794000.0,-900608000.0,263773000.0,860016000.0,0.0,605744000.0,605744000.0,605744000.0,0.0,0.0,0.06,1689580000.0,1451797000.0,812662000,0.958,1.581,14.36,14.332,12043252000,0.0,40.99,0.864,0.863,949987000,5084902000.0,10069385000.0,10069385000.0,0.0,0.036,0.11,0.07,0.139,0.0,0.0,1.0,212205964,212115000,212555000.0,47.471,16487407000,714528000,369476000.0,2448290000,77.729,-408370000
81,ED,ART,2001-03-31,2001-05-15,2001-03-31,2021-08-30,-17546000,16683440000,16495022000.0,2046586000,14636854000,0.606,26.022,-829577000.0,59566000,59566000,6928297000.0,573814000.0,0.843,2.022,6063554000,897652000,5165902000,6063554000,0,578683000.0,204710000,0.059,2.19,1312108000.0,1890791000.0,0.189,1890791000.0,1312108000.0,890060000.0,2.71,2.7,2.71,5520845000,5478403000.0,5520845000,13868525515,11.0,7.335,97127000.0,0.458,1.0,3070767000.0,0.307,485388000,422048000.0,19772954000,19563855250.0,190337000,591491000,0,591491000,11162595000,2429086000,8733509000,7864537515,-14038000.0,-124201000.0,-7000.0,605022000.0,-463411000.0,530653000.0,-1076851000.0,9971000.0,926704000.0,0.0,573814000.0,573814000.0,573814000.0,0.0,0.0,0.057,1717195000.0,1353572000.0,756887000,0.808,1.425,13.706,13.683,11926739000,0.0,37.08,0.787,0.787,1110889000,5102746000.0,9999064000.0,9999064000.0,0.0,0.035,0.105,0.067,0.131,0.0,0.0,1.0,212096481,212160000,212160000.0,47.13,16198052000,701220000,316246000.0,2599486000,76.348,-382500000
82,ED,ART,2000-12-31,2001-04-02,2000-12-31,2021-08-30,0,16767245000,16187694750.0,2015987000,14751258000,0.583,25.79,-908927000.0,94828000,94828000,6389215000.0,582835000.0,0.863,2.064,6011545000,564632000,5446913000,6011545000,0,586407000.0,202888000,0.058,2.185,1297448000.0,1883855000.0,0.2,1883855000.0,1297448000.0,890003000.0,2.75,2.74,2.75,5472389000,5454224000.0,5472389000,13889102566,11.0,7.373,51234000.0,0.241,1.0,3042176000.0,0.323,488702000,407445000.0,19858081000,19149462750.0,242929000,567840000,0,567840000,11294856000,2337179000,3292655000,7972385566,-390222000.0,-117399000.0,-68531000.0,361739000.0,-462503000.0,-174763000.0,-1175620000.0,0.0,960161000.0,0.0,582835000.0,582835000.0,582835000.0,0.0,0.0,0.062,1708250000.0,1333926000.0,1020401000,0.795,1.457,13.679,13.673,11893419000,0.0,37.6,0.845,0.846,1151378000,,9431391000.0,9431391000.0,0.0,0.036,0.107,0.068,0.138,0.0,0.0,1.0,212031531,212186412,212186412.0,44.449,16278543000,720406000,307168000.0,2498538000,76.718,-321192000
83,ED,ART,2000-09-30,2000-11-14,2000-09-30,2021-08-30,0,16507950000,15878752500.0,1817516000,14690434000,0.571,26.148,-315028000.0,72810000,72810000,5981509000.0,661715000.0,0.9,1.978,5656506000,401914000,5254592000,5656506000,0,564482000.0,203158000,0.064,2.18,1344708000.0,1909190000.0,0.21,1909190000.0,1344708000.0,956174000.0,3.11,3.1,3.11,5542724000,5439128500.0,5542724000,12818943506,10.0,6.714,102526000.0,0.484,1.0,3089172000.0,0.341,419328000,388534000.0,19652829000,18676720000.0,258973000,550315000,0,550315000,10965226000,2019489000,8945737000,7235247506,-116130000.0,256194000.0,-213228000.0,739252000.0,-461934000.0,22340000.0,-290411000.0,-173132000.0,417554000.0,0.0,661715000.0,658316000.0,658316000.0,0.0,0.0,0.073,1737564000.0,1351608000.0,832264000,0.701,1.305,10.991,10.974,11914540000,3399000.0,34.13,0.798,0.798,982261000,5111002000.0,9070681000.0,9070681000.0,0.0,0.041,0.121,0.072,0.148,0.0,0.0,1.0,211990844,211974000,211974000.0,42.791,16088622000,867267000,294459000.0,2665716000,75.899,-201973000
84,ED,ART,2000-06-30,2000-08-14,2000-06-30,2021-08-30,0,16021453000,15104038750.0,1429366000,14592087000,0.569,25.37,340439000.0,37656000,37656000,5437204000.0,714451000.0,0.684,1.979,5499079000,532510000,4966569000,5499079000,0,548200000.0,203687000,0.081,2.705,1440806000.0,1989006000.0,0.231,1989006000.0,1440806000.0,1071020000.0,3.29,3.28,3.29,5377654000,5186888000.0,5377654000,12522154925,9.0,6.296,882126000.0,4.162,1.0,3158937000.0,0.367,422034000,369786000.0,18971557000,17823013500.0,219410000,507531000,0,507531000,10643799000,2089285000,8554514000,7060731925,-253479000.0,-611036000.0,-462430000.0,-214549000.0,-463791000.0,-919365000.0,-591606000.0,-263773000.0,541687000.0,0.0,714451000.0,714451000.0,714451000.0,0.0,0.0,0.083,1709065000.0,1449872000.0,875904000,0.822,1.313,9.883,10.125,11789812000,0.0,33.31,0.821,0.821,906129000,4946907000.0,8596141000.0,8596141000.0,0.0,0.047,0.138,0.081,0.168,0.0,0.0,1.0,211970337,211966000,211966000.0,40.554,15599419000,838265000,356569000.0,2501673000,73.594,-659919000
85,ED,ART,2000-03-31,2000-05-15,2000-03-31,2021-08-30,0,15454131000,14834795500.0,1475157000,13978974000,0.542,25.508,401263000.0,73604000,73604000,4883189000.0,712103000.0,0.709,1.849,5238964000,830129000,4408835000,5238964000,0,536196000.0,201000000,0.078,2.695,1436492000.0,1972688000.0,0.246,1972688000.0,1436492000.0,1085598000.0,3.26,3.25,3.26,5424129000,5233484500.0,5424129000,12478201559,9.0,6.325,1517877000.0,7.138,1.0,3150139000.0,0.392,424691000,350894000.0,18115384000,17474981500.0,210344000,490173000,0,490173000,10030002000,2079416000,7950586000,7312841559,16101000.0,-611036000.0,-681718000.0,-64524000.0,-469045000.0,-2165213000.0,-274029000.0,-9971000.0,1116614000.0,0.0,712103000.0,712103000.0,712103000.0,0.0,0.0,0.089,1706692000.0,1443447000.0,610989000,0.827,1.348,10.269,10.583,11442702000,0.0,34.5,0.91,0.913,851729000,4993778000.0,8033328000.0,8033328000.0,0.0,0.048,0.136,0.082,0.179,0.0,0.0,1.0,211966422,212641000,212641000.0,37.779,15029440000,841844000,373495000.0,2503549000,70.68,-604259000
86,ED,ART,1999-12-31,2000-03-30,1999-12-31,2021-08-30,0,15531476000,14582850000.0,1714565000,13816911000,0.514,24.221,460593000.0,485050000,485050000,4365830000.0,700615000.0,0.816,1.87,5449519000,890371000,4559148000,5449519000,0,526182000.0,204421000,0.074,2.15,1411003000.0,1937185000.0,0.259,1937185000.0,1411003000.0,1073440000.0,3.14,3.13,3.14,5412007000,5344595500.0,5412007000,11142473648,8.0,5.752,1665963000.0,7.456,1.0,3125493000.0,0.417,427496000,337563000.0,17967110000,17298945000.0,222563000,487918000,0,487918000,10119469000,2101339000,8018130000,6178004648,382755000.0,-611036000.0,-817399000.0,972885000.0,-477110000.0,-976128000.0,-184551000.0,0.0,1205370000.0,0.0,700615000.0,700615000.0,700615000.0,0.0,0.0,0.094,1705978000.0,1419515000.0,615983000,0.685,1.142,8.818,9.277,11353845000,0.0,29.13,0.825,0.869,770019000,4921089000.0,7491323000.0,7491323000.0,0.0,0.048,0.131,0.082,0.188,0.0,0.0,1.0,212083922,223442315,223442315.0,33.527,15103980000,0,372825000.0,2285937000,67.597,-386774000
87,ED,ART,1999-09-30,1999-11-15,1999-09-30,2021-08-30,0,13409095000,14295331750.0,1269148000,12139947000,0.505,20.581,-62154000.0,40892000,40892000,4022999000.0,706346000.0,0.855,1.958,4353388000,275000000,4078388000,4353388000,0,531611000.0,210291000,0.074,2.67,1466940000.0,1998551000.0,0.277,1998551000.0,1466940000.0,1138398000.0,3.12,3.12,3.12,4533762000,5497995000.0,4533762000,12174499650,8.0,6.092,1860740000.0,8.447,1.0,3196244000.0,0.443,0,328542000.0,16238003000,17169698500.0,213439000,301230000,0,301230000,8875333000,1483588000,7391745000,7862003650,35116000.0,-867230000.0,-685771000.0,344926000.0,-481774000.0,-1700920000.0,-1056618000.0,-102332000.0,1922894000.0,0.0,706346000.0,710882000.0,710882000.0,0.0,0.0,0.098,1724201000.0,1472043000.0,498073000,0.856,1.734,11.06,11.599,10489529000,-4536000.0,36.19,1.089,1.104,685132000,3876338000.0,7219243000.0,7219243000.0,0.0,0.05,0.129,0.085,0.203,0.0,0.0,1.0,217242433,220293000,220293000.0,32.771,13409095000,0,432052000.0,2478852000,60.869,-214440000
88,ED,ART,1999-06-30,1999-08-13,1999-06-30,2021-08-30,0,14944480000,14573861000.0,2365736000,12578744000,0.476,24.622,-625548000.0,291135000,291135000,3718018000.0,717358000.0,1.233,1.686,4844631000,608498000,4236133000,4844631000,0,527314000.0,196010000,0.049,2.13,1464697000.0,1992011000.0,0.287,1992011000.0,1464697000.0,1145155000.0,3.11,3.11,3.11,5564040000,5873457000.0,5564040000,14251864175,10.0,7.155,1335077000.0,5.908,1.0,3216609000.0,0.464,0,319542000.0,17579429000,17467978750.0,200547000,460735000,0,460735000,9380440000,1918547000,7461893000,9698368175,186127000.0,0.0,-479407000.0,1069714000.0,-488130000.0,-1474389000.0,-650481000.0,0.0,1960625000.0,0.0,717358000.0,721894000.0,721894000.0,0.0,0.0,0.104,1728142000.0,1488467000.0,384963000,0.685,1.743,13.435,14.109,10754552000,-4536000.0,43.88,1.399,1.43,579054000,4697439000.0,6934627000.0,6934627000.0,0.0,0.05,0.123,0.084,0.211,0.0,0.0,1.0,221020241,225982000,225982000.0,30.687,14944480000,0,427797000.0,2703530000,66.131,447189000
89,ED,ART,1999-03-31,1999-05-14,1999-03-31,2021-08-30,0,14446349000,14396789250.0,1183054000,13263295000,0.487,25.405,-619138000.0,57503000,57503000,3812715000.0,712936000.0,0.838,1.462,4434034000,471906000,3962128000,4434034000,0,522965000.0,188627000,0.034,1.595,1453367000.0,1976332000.0,0.282,1976332000.0,1453367000.0,1127361000.0,3.07,3.07,3.07,5868573000,5946221250.0,5868573000,14986146877,10.0,7.583,765806000.0,3.315,1.0,3203872000.0,0.457,0,326006000.0,17411238000,17426185250.0,235356000,390872000,0,390872000,8577776000,1411642000,7166134000,10609615877,-140754000.0,0.0,-260112000.0,702146000.0,-492163000.0,-988463000.0,-644644000.0,0.0,1384944000.0,0.0,712936000.0,717472000.0,717472000.0,0.0,0.0,0.102,1729228000.0,1474644000.0,351695000,0.52,1.808,14.787,15.208,11401237000,-4536000.0,46.69,1.512,1.537,613255000,4753375000.0,7016587000.0,7016587000.0,0.0,0.05,0.121,0.083,0.207,0.0,0.0,1.0,227235294,230997000,230997000.0,30.375,14446349000,0,414425000.0,2646263000,62.539,-228588000
90,ED,ART,1998-12-31,1999-03-30,1998-12-31,2021-08-30,0,14381403000,14385839250.0,1093543000,13287860000,0.493,25.717,-618844000.0,102295000,102295000,3905468000.0,712742000.0,0.958,1.387,4312403000,225000000,4087403000,4312403000,0,518514000.0,181236000,0.047,2.125,1443977000.0,1962491000.0,0.277,1962491000.0,1443977000.0,1118152000.0,3.04,3.04,3.04,6025605000,5973376750.0,6025605000,14664053276,10.0,7.472,746913000.0,3.188,1.0,3187580000.0,0.449,0,325825000.0,17450124000,17438434750.0,267861000,378445000,0,378445000,8355798000,1141387000,7214411000,10453945276,-81163000.0,0.0,-115247000.0,260000000.0,-493201000.0,-830521000.0,-644837000.0,0.0,1365757000.0,0.0,712742000.0,712742000.0,712742000.0,0.0,0.0,0.1,1726616000.0,1460964000.0,371274000,0.699,1.735,14.667,14.928,11406543000,0.0,45.38,1.474,1.499,571029000,4700500000.0,7093048000.0,7093048000.0,0.0,0.05,0.119,0.083,0.204,0.0,0.0,1.0,230364594,234307767,234307767.0,30.272,14381403000,0,405410000.0,2563452000,61.378,-47844000
91,ED,ART,1998-09-30,1998-11-05,1998-09-30,2021-08-30,0,14523212000,14471118000.0,1420219000,13102993000,,25.834,,153824000,153824000,,,1.053,1.406,4410608000,325000000,4085608000,4410608000,0,,177023000,0.042,2.115,,,,,,,,,,6035610000,5949495250.0,6035610000,15960429191,,,,,1.0,,,0,,17431124000,17513147000.0,270379000,345724000,0,345724000,8487602000,1348872000,7138730000,11703645191,,,,,,,,,,,,,,,,,,,364093000,,1.939,,,11341559000,,50.19,,,663955000,4692205000.0,,,,,,,,,,1.0,233186794,233628000,,,14523212000,0,,2613930000,62.164,71347000
92,ED,ART,1998-06-30,1998-08-14,1998-06-30,2021-08-30,0,14236193000,,1139813000,13096380000,,24.916,,105008000,105008000,,,0.951,1.431,4480076000,244024000,4236052000,4480076000,0,,170653000,0.035,1.585,,,,,,,,,,5855097000,,5855097000,14897390730,,,,,1.0,,,0,,17412255000,,266935000,341424000,0,341424000,8381096000,1199006000,7182090000,10522322730,,,,,,,,,,,,,,,,,,,366314000,,1.797,,,11295832000,,45.0,,,577915000,4409589000.0,,,,,,,,,,1.0,233829394,234992000,,,14236193000,0,,2454687000,60.582,-59193000
93,ED,ART,1998-03-31,1998-05-14,1998-03-31,2021-08-30,0,14402549000,,1277449000,13125100000,,25.382,,198257000,198257000,,,1.081,1.41,4437332000,200000000,4237332000,4437332000,0,,163983000,0.048,2.11,,,,,,,,,,5977195000,,5977195000,14555817993,,,,,1.0,,,0,,17460236000,,262820000,331970000,0,331970000,8425354000,1181388000,7243966000,10316742993,,,,,,,,,,,,,,,,,,,377799000,,1.726,,,11264989000,,43.81,,,606638000,4531810000.0,,,,,,,,,,1.0,235488313,235490000,,,14402549000,0,,2577571000,61.16,96061000
94,ED,ART,1997-12-31,1998-03-27,1997-12-31,2021-08-30,0,14722518000,,1527210000,13195308000,,25.182,-654221000.0,183458000,183458000,4009096000.0,712823000.0,0.986,1.483,4758170000,529385000,4228785000,4758170000,0,502779000.0,161731000,0.046,2.105,1425604000.0,1928383000.0,0.271,1928383000.0,1425604000.0,1092543000.0,2.95,2.95,2.95,5930079000,,5930079000,15320104730,11.0,7.945,584319000.0,2.481,1.0,3112158000.0,0.437,0,333061000.0,17748973000,,282665000,0,0,0,8792439000,1548257000,7244182000,10745392730,76576000.0,0.0,0.0,373744000.0,-493711000.0,-952368000.0,-685780000.0,0.0,1238540000.0,0.0,712823000.0,694479000.0,694479000.0,0.0,0.0,0.098,1683860000.0,1428298000.0,440114000,0.714,1.812,15.473,15.468,11559499000,18344000.0,45.63,1.509,1.509,640240000,,7121254000.0,7121254000.0,0.0,,,,0.2,0.0,0.0,1.0,235489650,235489650,,30.24,14722518000,0,379720000.0,2537251000,62.519,-21047000
