None,ticker,dimension,calendardate,datekey,reportperiod,lastupdated,accoci,assets,assetsavg,assetsc,assetsnc,assetturnover,bvps,capex,cashneq,cashnequsd,cor,consolinc,currentratio,de,debt,debtc,debtnc,debtusd,deferredrev,depamor,deposits,divyield,dps,ebit,ebitda,ebitdamargin,ebitdausd,ebitusd,ebt,eps,epsdil,epsusd,equity,equityavg,equityusd,ev,evebit,evebitda,fcf,fcfps,fxusd,gp,grossmargin,intangibles,intexp,invcap,invcapavg,inventory,investments,investmentsc,investmentsnc,liabilities,liabilitiesc,liabilitiesnc,marketcap,ncf,ncfbus,ncfcommon,ncfdebt,ncfdiv,ncff,ncfi,ncfinv,ncfo,ncfx,netinc,netinccmn,netinccmnusd,netincdis,netincnci,netmargin,opex,opinc,payables,payoutratio,pb,pe,pe1,ppnenet,prefdivis,price,ps,ps1,receivables,retearn,revenue,revenueusd,rnd,roa,roe,roic,ros,sbcomp,sgna,sharefactor,sharesbas,shareswa,shareswadil,sps,tangibles,taxassets,taxexp,taxliabilities,tbvps,workingcapital
0,ED,MRY,2020-12-31,2020-12-31,2020-12-31,2021-08-30,0.0,62895000000.0,60182500000.0,5301000000.0,57594000000.0,0.203,56.293,-3912000000.0,1436000000.0,1436000000.0,5097000000.0,1144000000.0,0.721,2.326,25079000000.0,3933000000.0,21146000000.0,25079000000.0,0.0,1920000000.0,311000000.0,0.042,3.06,2210000000.0,4130000000.0,0.337,4130000000.0,2210000000.0,1191000000.0,3.29,3.28,3.29,18847000000.0,18456750000.0,18847000000.0,47783247789.0,22.0,11.57,-1714000000.0,-5.119,1.0,7149000000.0,0.584,1906000000.0,1019000000.0,77278000000.0,74289250000.0,356000000.0,1816000000.0,0.0,1816000000.0,43830000000.0,7354000000.0,36476000000.0,24200247789.0,219000000.0,-24000000.0,640000000.0,2538000000.0,-975000000.0,2245000000.0,-4224000000.0,0.0,2198000000.0,0.0,1101000000.0,1101000000.0,1101000000.0,0.0,43000000.0,0.09,4495000000.0,2654000000.0,1475000000.0,0.93,1.284,21.98,21.967,47392000000.0,0.0,72.27,1.976,1.976,2578000000.0,,12246000000.0,12246000000.0,0.0,0.018,0.06,0.03,0.18,0.0,0.0,1.0,334858832.0,334800000.0,335700000.0,36.577,60989000000.0,26000000.0,90000000.0,6625000000.0,182.165,-2053000000.0
1,ED,MRY,2019-12-31,2019-12-31,2019-12-31,2021-08-30,0.0,58079000000.0,56171750000.0,4272000000.0,53807000000.0,0.224,54.861,-3499000000.0,1217000000.0,1217000000.0,5808000000.0,1440000000.0,0.679,2.212,22539000000.0,3203000000.0,19336000000.0,22539000000.0,0.0,1684000000.0,346000000.0,0.033,2.96,2630000000.0,4314000000.0,0.343,4314000000.0,2630000000.0,1639000000.0,4.09,4.08,4.09,18022000000.0,17764750000.0,18022000000.0,51450979012.0,20.0,11.927,-365000000.0,-1.111,1.0,6766000000.0,0.538,2003000000.0,991000000.0,71111000000.0,68937750000.0,352000000.0,2065000000.0,0.0,2065000000.0,39866000000.0,6287000000.0,33579000000.0,30074979012.0,211000000.0,-10000000.0,825000000.0,916000000.0,-924000000.0,859000000.0,-3782000000.0,0.0,3134000000.0,0.0,1343000000.0,1343000000.0,1343000000.0,0.0,97000000.0,0.107,4090000000.0,2676000000.0,1164000000.0,0.724,1.669,22.394,22.12,44746000000.0,0.0,90.47,2.392,2.364,2019000000.0,,12574000000.0,12574000000.0,0.0,0.024,0.076,0.038,0.209,0.0,0.0,1.0,332430408.0,328500000.0,329500000.0,38.277,56076000000.0,20000000.0,296000000.0,6303000000.0,170.703,-2015000000.0
2,ED,MRY,2018-12-31,2018-12-31,2018-12-31,2021-08-30,0.0,53920000000.0,50357000000.0,3864000000.0,50056000000.0,0.245,53.661,-3740000000.0,1006000000.0,1006000000.0,6100000000.0,1382000000.0,0.623,2.217,20711000000.0,3216000000.0,17495000000.0,20711000000.0,0.0,1438000000.0,351000000.0,0.037,2.86,2602000000.0,4040000000.0,0.327,4040000000.0,2602000000.0,1783000000.0,4.43,4.42,4.43,16726000000.0,15978750000.0,16726000000.0,41526092764.0,16.0,10.279,-1045000000.0,-3.353,1.0,6237000000.0,0.506,2094000000.0,819000000.0,65324000000.0,61517750000.0,358000000.0,1766000000.0,0.0,1766000000.0,37081000000.0,6207000000.0,30874000000.0,23811092764.0,162000000.0,-1507000000.0,705000000.0,3020000000.0,-842000000.0,2938000000.0,-5471000000.0,0.0,2695000000.0,0.0,1382000000.0,1382000000.0,1382000000.0,0.0,0.0,0.112,3573000000.0,2664000000.0,1187000000.0,0.646,1.424,17.229,17.26,41749000000.0,0.0,76.46,1.93,1.932,2066000000.0,,12337000000.0,12337000000.0,0.0,0.027,0.086,0.042,0.211,0.0,0.0,1.0,311418948.0,311700000.0,312900000.0,39.58,51826000000.0,49000000.0,401000000.0,5881000000.0,166.269,-2343000000.0
3,ED,MRY,2017-12-31,2017-12-31,2017-12-31,2021-08-30,0.0,48111000000.0,48705250000.0,3537000000.0,44574000000.0,0.247,50.205,-3454000000.0,844000000.0,844000000.0,5764000000.0,1525000000.0,0.722,2.12,16606000000.0,1875000000.0,14731000000.0,16606000000.0,0.0,1341000000.0,346000000.0,0.032,2.76,2726000000.0,4067000000.0,0.338,4067000000.0,2726000000.0,1997000000.0,4.97,4.94,4.97,15418000000.0,14877000000.0,15418000000.0,41924344305.0,15.0,10.308,-87000000.0,-0.283,1.0,6269000000.0,0.521,559000000.0,729000000.0,58412000000.0,59628750000.0,334000000.0,2001000000.0,0.0,2001000000.0,32686000000.0,4902000000.0,27784000000.0,26340344305.0,14000000.0,-45000000.0,343000000.0,767000000.0,-803000000.0,357000000.0,-3710000000.0,0.0,3367000000.0,0.0,1525000000.0,1525000000.0,1525000000.0,0.0,0.0,0.127,3496000000.0,2773000000.0,1286000000.0,0.555,1.708,17.272,17.093,37600000000.0,0.0,84.95,2.189,2.168,1861000000.0,,12033000000.0,12033000000.0,0.0,0.031,0.103,0.046,0.227,0.0,0.0,1.0,310068797.0,307100000.0,308800000.0,39.183,47552000000.0,76000000.0,472000000.0,5603000000.0,154.842,-1365000000.0
4,ED,MRY,2016-12-31,2016-12-31,2016-12-31,2021-08-30,0.0,48255000000.0,47105250000.0,3406000000.0,44849000000.0,0.256,47.597,-4504000000.0,830000000.0,830000000.0,6152000000.0,1245000000.0,0.886,2.374,15828000000.0,1093000000.0,14735000000.0,15828000000.0,0.0,1216000000.0,352000000.0,0.036,2.68,2639000000.0,3855000000.0,0.319,3855000000.0,2639000000.0,1943000000.0,4.15,4.12,4.15,14298000000.0,13927000000.0,14298000000.0,36996323895.0,14.0,9.597,-1045000000.0,-3.479,1.0,5923000000.0,0.491,552000000.0,696000000.0,58858000000.0,57196250000.0,339000000.0,1921000000.0,0.0,1921000000.0,33949000000.0,3843000000.0,30106000000.0,22452323895.0,-146000000.0,-393000000.0,702000000.0,1356000000.0,-763000000.0,1345000000.0,-4950000000.0,0.0,3459000000.0,0.0,1245000000.0,1245000000.0,1245000000.0,0.0,0.0,0.103,3143000000.0,2780000000.0,1147000000.0,0.646,1.57,18.034,17.754,35216000000.0,0.0,73.68,1.859,1.833,1748000000.0,,12075000000.0,12075000000.0,0.0,0.026,0.089,0.046,0.219,0.0,0.0,1.0,304727523.0,300400000.0,301900000.0,40.196,47703000000.0,79000000.0,698000000.0,10269000000.0,158.798,-437000000.0
5,ED,MRY,2015-12-31,2015-12-31,2015-12-31,2021-08-30,0.0,45642000000.0,44835250000.0,3836000000.0,41806000000.0,0.28,44.546,-3054000000.0,944000000.0,944000000.0,7060000000.0,1193000000.0,0.813,2.496,14274000000.0,2268000000.0,12006000000.0,14274000000.0,0.0,1130000000.0,354000000.0,0.04,2.6,2451000000.0,3581000000.0,0.285,3581000000.0,2451000000.0,1798000000.0,4.07,4.05,4.07,13052000000.0,12910250000.0,13052000000.0,32194466422.0,13.0,8.99,223000000.0,0.761,1.0,5494000000.0,0.438,431000000.0,653000000.0,53821000000.0,53329250000.0,350000000.0,884000000.0,0.0,884000000.0,32581000000.0,4720000000.0,27861000000.0,18843466422.0,249000000.0,-299000000.0,1000000.0,1361000000.0,-733000000.0,629000000.0,-3657000000.0,0.0,3277000000.0,0.0,1193000000.0,1193000000.0,1193000000.0,0.0,0.0,0.095,3067000000.0,2427000000.0,1008000000.0,0.639,1.444,15.795,15.791,32209000000.0,0.0,64.27,1.501,1.5,1716000000.0,,12554000000.0,12554000000.0,0.0,0.027,0.092,0.046,0.195,0.0,0.0,1.0,293192258.0,293000000.0,294400000.0,42.846,45211000000.0,166000000.0,605000000.0,9599000000.0,154.304,-884000000.0
6,ED,MRY,2014-12-31,2014-12-31,2014-12-31,2021-08-30,0.0,44071000000.0,41382500000.0,3716000000.0,40355000000.0,0.312,42.936,-2311000000.0,699000000.0,699000000.0,7807000000.0,1092000000.0,0.989,2.504,12906000000.0,1360000000.0,11546000000.0,12906000000.0,0.0,1071000000.0,344000000.0,0.038,2.52,2251000000.0,3322000000.0,0.257,3322000000.0,2251000000.0,1660000000.0,3.73,3.71,3.73,12576000000.0,12541000000.0,12576000000.0,31749530015.0,14.0,9.557,520000000.0,1.775,1.0,5112000000.0,0.396,432000000.0,591000000.0,52089000000.0,49404500000.0,372000000.0,816000000.0,0.0,816000000.0,31486000000.0,3757000000.0,27729000000.0,19333530015.0,25000000.0,-293000000.0,-10000000.0,702000000.0,-739000000.0,-47000000.0,-2759000000.0,0.0,2831000000.0,0.0,1092000000.0,1092000000.0,1092000000.0,0.0,0.0,0.085,2948000000.0,2164000000.0,1035000000.0,0.676,1.537,17.705,17.697,29827000000.0,0.0,66.01,1.497,1.497,1834000000.0,,12919000000.0,12919000000.0,0.0,0.026,0.087,0.046,0.174,0.0,0.0,1.0,292887896.0,292900000.0,294000000.0,44.107,43639000000.0,224000000.0,568000000.0,9020000000.0,148.989,-41000000.0
7,ED,MRY,2013-12-31,2013-12-31,2013-12-31,2021-08-30,0.0,40647000000.0,41567250000.0,3891000000.0,36756000000.0,0.297,41.806,-2538000000.0,674000000.0,674000000.0,7191000000.0,1062000000.0,0.823,2.319,12425000000.0,1936000000.0,10489000000.0,12425000000.0,0.0,1024000000.0,321000000.0,0.045,2.46,2257000000.0,3281000000.0,0.266,3281000000.0,2257000000.0,1538000000.0,3.62,3.61,3.62,12245000000.0,12045750000.0,12245000000.0,28314859254.0,13.0,8.63,14000000.0,0.048,1.0,5163000000.0,0.418,433000000.0,719000000.0,47235000000.0,48511500000.0,363000000.0,461000000.0,0.0,461000000.0,28402000000.0,4730000000.0,23672000000.0,16190859254.0,280000000.0,-175000000.0,-8000000.0,1116000000.0,-721000000.0,387000000.0,-2659000000.0,0.0,2552000000.0,0.0,1062000000.0,1062000000.0,1062000000.0,0.0,0.0,0.086,2919000000.0,2244000000.0,1017000000.0,0.68,1.322,15.246,15.271,28436000000.0,0.0,55.28,1.311,1.311,2005000000.0,,12354000000.0,12354000000.0,0.0,0.026,0.088,0.047,0.183,0.0,0.0,1.0,292888192.0,292900000.0,294400000.0,42.178,40214000000.0,122000000.0,476000000.0,8942000000.0,137.296,-839000000.0
8,ED,MRY,2012-12-31,2012-12-31,2012-12-31,2021-08-30,0.0,41209000000.0,40148000000.0,3451000000.0,37758000000.0,0.304,40.522,-2378000000.0,394000000.0,394000000.0,7069000000.0,1141000000.0,0.875,2.472,11309000000.0,1245000000.0,10064000000.0,11309000000.0,0.0,955000000.0,304000000.0,0.044,2.42,2345000000.0,3300000000.0,0.271,3300000000.0,2345000000.0,1741000000.0,3.88,3.86,3.88,11869000000.0,11708750000.0,11869000000.0,27308160644.0,12.0,8.275,221000000.0,0.755,1.0,5119000000.0,0.42,431000000.0,604000000.0,47748000000.0,46432250000.0,330000000.0,467000000.0,0.0,467000000.0,29340000000.0,3945000000.0,25395000000.0,16266160644.0,-254000000.0,0.0,-9000000.0,630000000.0,-709000000.0,-330000000.0,-2523000000.0,0.0,2599000000.0,0.0,1141000000.0,1138000000.0,1138000000.0,0.0,0.0,0.093,2780000000.0,2339000000.0,1215000000.0,0.624,1.37,14.294,14.314,26939000000.0,3000000.0,55.54,1.335,1.335,1966000000.0,,12188000000.0,12188000000.0,0.0,0.028,0.097,0.051,0.192,0.0,0.0,1.0,292872896.0,292900000.0,294500000.0,41.611,40778000000.0,296000000.0,600000000.0,8534000000.0,139.222,-494000000.0
9,ED,MRY,2011-12-31,2011-12-31,2011-12-31,2021-08-30,0.0,39214000000.0,36988500000.0,3638000000.0,35576000000.0,0.348,39.812,-1987000000.0,648000000.0,648000000.0,7970000000.0,1062000000.0,1.218,2.366,10675000000.0,530000000.0,10145000000.0,10675000000.0,0.0,884000000.0,303000000.0,0.039,2.4,2256000000.0,3140000000.0,0.244,3140000000.0,2256000000.0,1662000000.0,3.59,3.57,3.59,11649000000.0,11556000000.0,11649000000.0,28446875191.0,13.0,9.06,1150000000.0,3.93,1.0,4916000000.0,0.381,432000000.0,594000000.0,45822000000.0,44062500000.0,356000000.0,455000000.0,0.0,455000000.0,27565000000.0,2987000000.0,24578000000.0,18168875191.0,310000000.0,0.0,31000000.0,-4000000.0,-693000000.0,-677000000.0,-2150000000.0,0.0,3137000000.0,0.0,1062000000.0,1051000000.0,1051000000.0,0.0,0.0,0.082,2677000000.0,2239000000.0,955000000.0,0.669,1.56,17.287,17.279,25093000000.0,11000000.0,62.03,1.41,1.409,1900000000.0,,12886000000.0,12886000000.0,0.0,0.028,0.091,0.051,0.175,0.0,0.0,1.0,292904646.0,292600000.0,294400000.0,44.04,38782000000.0,266000000.0,600000000.0,7751000000.0,132.543,651000000.0
10,ED,MRY,2010-12-31,2010-12-31,2010-12-31,2021-08-30,0.0,36348000000.0,35159500000.0,3669000000.0,32679000000.0,0.379,39.655,-2014000000.0,338000000.0,338000000.0,8642000000.0,1003000000.0,1.45,2.224,10683000000.0,5000000.0,10678000000.0,10683000000.0,0.0,840000000.0,289000000.0,0.048,2.38,2160000000.0,3000000000.0,0.225,3000000000.0,2160000000.0,1551000000.0,3.49,3.47,3.49,11274000000.0,10815500000.0,11274000000.0,25729874180.0,12.0,8.577,367000000.0,1.291,1.0,4683000000.0,0.351,432000000.0,609000000.0,43731000000.0,42628250000.0,348000000.0,403000000.0,0.0,403000000.0,25074000000.0,2530000000.0,22544000000.0,14401874180.0,78000000.0,-12000000.0,439000000.0,73000000.0,-629000000.0,-128000000.0,-2175000000.0,0.0,2381000000.0,0.0,1003000000.0,992000000.0,992000000.0,0.0,0.0,0.074,2563000000.0,2120000000.0,1151000000.0,0.682,1.277,14.518,14.203,23863000000.0,11000000.0,49.57,1.081,1.058,2099000000.0,,13325000000.0,13325000000.0,0.0,0.028,0.092,0.051,0.162,0.0,0.0,1.0,290536094.0,284300000.0,285900000.0,46.87,35916000000.0,162000000.0,548000000.0,6859000000.0,126.331,1139000000.0
11,ED,MRY,2009-12-31,2009-12-31,2009-12-31,2021-08-30,0.0,33844000000.0,33181000000.0,3214000000.0,30630000000.0,0.393,38.016,-2179000000.0,260000000.0,260000000.0,8797000000.0,879000000.0,1.093,2.235,10599000000.0,731000000.0,9868000000.0,10599000000.0,0.0,791000000.0,274000000.0,0.052,2.36,1930000000.0,2721000000.0,0.209,2721000000.0,1930000000.0,1319000000.0,3.16,3.14,3.16,10462000000.0,9785250000.0,10462000000.0,23213596336.0,12.0,8.531,287000000.0,1.043,1.0,4235000000.0,0.325,420000000.0,611000000.0,40823000000.0,40067000000.0,355000000.0,385000000.0,0.0,385000000.0,23382000000.0,2940000000.0,20442000000.0,12515596336.0,186000000.0,0.0,257000000.0,435000000.0,-601000000.0,80000000.0,-2360000000.0,0.0,2466000000.0,0.0,879000000.0,868000000.0,868000000.0,0.0,0.0,0.067,2336000000.0,1899000000.0,1173000000.0,0.747,1.196,14.419,14.377,22464000000.0,11000000.0,45.43,0.96,0.959,2005000000.0,,13032000000.0,13032000000.0,0.0,0.026,0.089,0.048,0.148,0.0,0.0,1.0,275491885.0,275200000.0,276300000.0,47.355,33424000000.0,0.0,440000000.0,5660000000.0,121.453,274000000.0
12,ED,MRY,2008-12-31,2008-12-31,2008-12-31,2021-08-30,0.0,33498000000.0,30434750000.0,3369000000.0,30129000000.0,0.446,36.317,-849000000.0,74000000.0,74000000.0,9843000000.0,1207000000.0,1.051,2.38,10094000000.0,845000000.0,9249000000.0,10094000000.0,0.0,717000000.0,265000000.0,0.06,2.34,2275000000.0,2992000000.0,0.22,2992000000.0,2275000000.0,1731000000.0,4.38,4.37,4.38,9911000000.0,9644500000.0,9911000000.0,20334401729.0,9.0,6.796,-209000000.0,-0.766,1.0,3740000000.0,0.275,416000000.0,544000000.0,39897000000.0,35702500000.0,516000000.0,356000000.0,0.0,356000000.0,23587000000.0,3205000000.0,20382000000.0,10652401729.0,-136000000.0,-32000000.0,51000000.0,873000000.0,-618000000.0,295000000.0,-1071000000.0,0.0,640000000.0,0.0,1207000000.0,1196000000.0,1196000000.0,-274000000.0,0.0,0.088,1820000000.0,1920000000.0,1161000000.0,0.534,1.075,8.907,8.888,20874000000.0,11000000.0,38.93,0.784,0.782,1423000000.0,,13583000000.0,13583000000.0,0.0,0.039,0.124,0.064,0.167,0.0,0.0,1.0,273629636.0,272900000.0,273600000.0,49.773,33082000000.0,0.0,524000000.0,5244000000.0,121.224,164000000.0
13,ED,MRY,2007-12-31,2007-12-31,2007-12-31,2021-08-30,0.0,28262000000.0,27505750000.0,2550000000.0,25712000000.0,0.477,34.082,-1904000000.0,210000000.0,210000000.0,9305000000.0,940000000.0,0.662,2.114,9282000000.0,1649000000.0,7633000000.0,9282000000.0,0.0,667000000.0,249000000.0,0.047,2.32,1894000000.0,2561000000.0,0.195,2561000000.0,1894000000.0,1377000000.0,3.49,3.47,3.49,9076000000.0,8769750000.0,9076000000.0,22267547905.0,12.0,8.695,-338000000.0,-1.269,1.0,3815000000.0,0.291,410000000.0,517000000.0,33073000000.0,32530500000.0,405000000.0,378000000.0,0.0,378000000.0,19186000000.0,3851000000.0,15335000000.0,13263547905.0,116000000.0,0.0,685000000.0,544000000.0,-582000000.0,636000000.0,-2086000000.0,0.0,1566000000.0,0.0,940000000.0,929000000.0,929000000.0,-4000000.0,0.0,0.071,1968000000.0,1847000000.0,1187000000.0,0.665,1.461,14.277,13.997,19914000000.0,11000000.0,48.85,1.011,0.992,1407000000.0,,13120000000.0,13120000000.0,0.0,0.034,0.106,0.058,0.144,0.0,0.0,1.0,271515822.0,266300000.0,267300000.0,49.268,27852000000.0,0.0,437000000.0,4732000000.0,104.589,-1301000000.0
14,ED,MRY,2006-12-31,2006-12-31,2006-12-31,2021-08-30,0.0,26699000000.0,25492500000.0,2937000000.0,23762000000.0,0.469,32.106,-1793000000.0,112000000.0,112000000.0,8490000000.0,737000000.0,1.023,2.336,8815000000.0,491000000.0,8324000000.0,8815000000.0,0.0,620000000.0,228000000.0,0.048,2.3,1636000000.0,2256000000.0,0.189,2256000000.0,1636000000.0,1126000000.0,2.96,2.95,2.96,8004000000.0,7667250000.0,8004000000.0,21059091522.0,13.0,9.335,-439000000.0,-1.761,1.0,3472000000.0,0.29,486000000.0,510000000.0,32044000000.0,30728750000.0,466000000.0,366000000.0,0.0,366000000.0,18695000000.0,2872000000.0,15823000000.0,12344091522.0,13000000.0,39000000.0,510000000.0,600000000.0,-533000000.0,577000000.0,-1918000000.0,0.0,1354000000.0,0.0,737000000.0,737000000.0,737000000.0,3000000.0,0.0,0.062,1844000000.0,1628000000.0,1126000000.0,0.777,1.542,16.749,16.24,18445000000.0,0.0,48.07,1.032,1.002,1596000000.0,,11962000000.0,11962000000.0,0.0,0.029,0.096,0.053,0.137,0.0,0.0,1.0,256794082.0,249300000.0,250300000.0,47.982,26213000000.0,0.0,389000000.0,4227000000.0,105.146,65000000.0
15,ED,MRY,2005-12-31,2005-12-31,2005-12-31,2021-08-30,0.0,24848000000.0,24354250000.0,3072000000.0,21776000000.0,0.466,29.971,-1102000000.0,96000000.0,96000000.0,8112000000.0,719000000.0,0.925,2.399,8205000000.0,777000000.0,7428000000.0,8205000000.0,0.0,584000000.0,229000000.0,0.049,2.28,1489000000.0,2073000000.0,0.183,2073000000.0,1489000000.0,1067000000.0,2.95,2.94,2.95,7310000000.0,7232750000.0,7310000000.0,18897012969.0,13.0,9.116,-312000000.0,-1.279,1.0,3231000000.0,0.285,496000000.0,422000000.0,29140000000.0,28207250000.0,425000000.0,345000000.0,0.0,345000000.0,17538000000.0,3321000000.0,14217000000.0,11349012969.0,55000000.0,0.0,78000000.0,979000000.0,-518000000.0,539000000.0,-1274000000.0,0.0,790000000.0,0.0,719000000.0,719000000.0,719000000.0,26000000.0,0.0,0.063,1738000000.0,1493000000.0,1234000000.0,0.773,1.553,15.784,15.705,17112000000.0,0.0,46.33,1.001,0.996,1489000000.0,,11343000000.0,11343000000.0,0.0,0.03,0.099,0.053,0.131,0.0,0.0,1.0,244960349.0,243900000.0,244700000.0,46.507,24352000000.0,0.0,348000000.0,3828000000.0,99.844,-249000000.0
16,ED,MRY,2004-12-31,2004-12-31,2004-12-31,2021-08-30,0.0,22560000000.0,22170500000.0,1925000000.0,20635000000.0,0.439,29.915,-1418000000.0,44000000.0,44000000.0,6869000000.0,537000000.0,0.828,2.198,7219000000.0,625000000.0,6594000000.0,7219000000.0,0.0,551000000.0,232000000.0,0.052,2.26,1253000000.0,1804000000.0,0.185,1804000000.0,1253000000.0,809000000.0,2.28,2.27,2.28,7054000000.0,6913500000.0,7054000000.0,17745172306.0,14.0,9.837,-107000000.0,-0.454,1.0,2861000000.0,0.294,506000000.0,444000000.0,26905000000.0,26784750000.0,325000000.0,257000000.0,0.0,257000000.0,15506000000.0,2324000000.0,13182000000.0,10588172306.0,-23000000.0,0.0,578000000.0,109000000.0,-490000000.0,197000000.0,-1531000000.0,0.0,1311000000.0,0.0,537000000.0,537000000.0,537000000.0,12000000.0,0.0,0.055,1631000000.0,1230000000.0,920000000.0,0.991,1.501,19.717,19.189,16088000000.0,0.0,43.75,1.088,1.06,1012000000.0,,9730000000.0,9730000000.0,0.0,0.024,0.078,0.047,0.129,0.0,0.0,1.0,242015367.0,235800000.0,236400000.0,41.264,22054000000.0,0.0,272000000.0,3762000000.0,93.528,-399000000.0
17,ED,MRY,2003-12-31,2003-12-31,2003-12-31,2021-08-30,0.0,20966000000.0,19897750000.0,1592000000.0,19374000000.0,0.493,29.077,-1421000000.0,67000000.0,67000000.0,6715000000.0,528000000.0,0.833,2.264,7094000000.0,325000000.0,6769000000.0,7094000000.0,0.0,529000000.0,228000000.0,0.052,2.24,1352000000.0,1881000000.0,0.192,1881000000.0,1352000000.0,918000000.0,2.39,2.38,2.39,6423000000.0,6299000000.0,6423000000.0,16597889441.0,12.0,8.824,-112000000.0,-0.507,1.0,3093000000.0,0.315,517000000.0,434000000.0,25565000000.0,24079250000.0,283000000.0,248000000.0,0.0,248000000.0,14543000000.0,1911000000.0,12632000000.0,9696889441.0,-69000000.0,0.0,436000000.0,172000000.0,-452000000.0,156000000.0,-1534000000.0,0.0,1309000000.0,0.0,528000000.0,528000000.0,528000000.0,109000000.0,0.0,0.054,1650000000.0,1443000000.0,905000000.0,0.937,1.51,18.365,17.996,15225000000.0,0.0,43.01,0.989,0.969,1035000000.0,,9808000000.0,9808000000.0,0.0,0.027,0.084,0.056,0.138,0.0,0.0,1.0,225456625.0,220900000.0,221800000.0,44.4,20449000000.0,0.0,390000000.0,3241000000.0,92.571,-319000000.0
18,ED,MRY,2002-12-31,2002-12-31,2002-12-31,2021-08-30,0.0,19667000000.0,18151650000.0,1706000000.0,17961000000.0,0.468,27.798,-1499000000.0,132000000.0,132000000.0,5409000000.0,646000000.0,0.75,2.322,6839000000.0,635000000.0,6204000000.0,6839000000.0,0.0,495000000.0,221000000.0,0.052,2.22,1478000000.0,1973000000.0,0.232,1973000000.0,1478000000.0,1034000000.0,3.03,3.02,3.03,5921000000.0,5825180500.0,5921000000.0,15629399508.0,11.0,7.922,82000000.0,0.385,1.0,3089000000.0,0.363,488000000.0,444000000.0,23611000000.0,21878650750.0,196000000.0,235000000.0,0.0,235000000.0,13746000000.0,2275000000.0,11471000000.0,9147314508.0,-153000000.0,-19000000.0,30000000.0,340000000.0,-433000000.0,-100000000.0,-1634000000.0,0.0,1581000000.0,0.0,646000000.0,646000000.0,646000000.0,21000000.0,0.0,0.076,1601000000.0,1488000000.0,925000000.0,0.733,1.545,14.16,14.132,14152000000.0,0.0,42.82,1.076,1.073,906000000.0,5420000000.0,8498000000.0,8498000000.0,0.0,0.036,0.111,0.068,0.174,0.0,0.0,1.0,213622478.0,213000000.0,214000000.0,39.897,19179000000.0,0.0,388000000.0,2888000000.0,90.042,-569000000.0
19,ED,MRY,2001-12-31,2001-12-31,2001-12-31,2021-08-30,0.0,17034455000.0,16952128750.0,1497970000.0,15536485000.0,0.554,26.715,-587000000.0,359333000.0,359333000.0,6131000000.0,682000000.0,0.699,2.006,6196977000.0,654672000.0,5542305000.0,6196977000.0,43594000.0,526000000.0,214121000.0,0.055,2.2,1556000000.0,2082000000.0,0.222,2082000000.0,1556000000.0,1125000000.0,3.22,3.21,3.22,5666268000.0,5587727250.0,5666268000.0,14346288060.0,9.0,6.891,1000000000.0,4.715,1.0,3258000000.0,0.347,525727000.0,431000000.0,20202150000.0,20107095000.0,220699000.0,216845000.0,0.0,216845000.0,11368187000.0,2144222000.0,9223965000.0,8565883060.0,264000000.0,-157000000.0,0.0,125000000.0,-470000000.0,-382000000.0,-941000000.0,0.0,1587000000.0,0.0,682000000.0,682000000.0,682000000.0,0.0,0.0,0.073,1665000000.0,1593000000.0,678876000.0,0.683,1.512,12.56,12.534,12295263000.0,0.0,40.36,0.912,0.912,733382000.0,5251017000.0,9389000000.0,9389000000.0,0.0,0.04,0.122,0.077,0.166,0.0,0.0,1.0,212236944.0,212100000.0,212900000.0,44.267,16508728000.0,701146000.0,443000000.0,2500302000.0,77.835,-646252000.0
20,ED,MRY,2000-12-31,2000-12-31,2000-12-31,2021-08-30,0.0,16767245000.0,16187694750.0,1643346000.0,15123899000.0,0.576,25.79,-1135209000.0,94828000.0,94828000.0,6275048000.0,582835000.0,0.71,2.064,6011545000.0,564632000.0,5446913000.0,6011545000.0,0.0,586407000.0,202888000.0,0.057,2.18,1297448000.0,1883855000.0,0.202,1883855000.0,1297448000.0,890003000.0,2.75,2.74,2.75,5472389000.0,5454224000.0,5472389000.0,13745343494.0,11.0,7.296,207224000.0,0.977,1.0,3042176000.0,0.327,488702000.0,407445000.0,19879227000.0,19154749250.0,242929000.0,526089000.0,0.0,526089000.0,11294856000.0,2316033000.0,8978823000.0,8161647494.0,-390222000.0,-131453000.0,-68531000.0,361739000.0,-460177000.0,-185804000.0,-1546851000.0,0.0,1342433000.0,0.0,582835000.0,582835000.0,582835000.0,0.0,0.0,0.063,1708250000.0,1333926000.0,1020402000.0,0.793,1.491,14.003,14.0,11935170000.0,0.0,38.5,0.876,0.877,1151374000.0,5040931000.0,9317224000.0,9317224000.0,0.0,0.036,0.107,0.068,0.139,0.0,0.0,1.0,211990844.0,212186412.0,212417885.0,43.911,16278543000.0,720407000.0,307168000.0,2498536000.0,76.718,-672687000.0
21,ED,MRY,1999-12-31,1999-12-31,1999-12-31,2021-08-30,0.0,15531476000.0,14582850000.0,1712678000.0,13818798000.0,0.514,24.221,459264000.0,485050000.0,485050000.0,4365830000.0,714208000.0,0.815,1.87,5449519000.0,890371000.0,4559148000.0,5449519000.0,0.0,526182000.0,204421000.0,0.062,2.14,1424596000.0,1950778000.0,0.26,1950778000.0,1424596000.0,1087033000.0,3.14,3.13,3.14,5412007000.0,5344595500.0,5412007000.0,11807359938.0,8.0,6.053,1679476000.0,7.516,1.0,3125493000.0,0.417,427496000.0,337563000.0,17967110000.0,17298945000.0,222563000.0,487918000.0,0.0,487918000.0,10119469000.0,2101339000.0,3243913000.0,7494863938.0,382755000.0,-611036000.0,-817399000.0,972885000.0,-477110000.0,-651657000.0,-185800000.0,0.0,1220212000.0,0.0,714208000.0,700615000.0,700615000.0,0.0,0.0,0.094,1705978000.0,1419515000.0,615983000.0,0.682,1.385,10.698,10.987,11353845000.0,13593000.0,34.5,1.0,1.029,813774000.0,4921089000.0,7491323000.0,7491323000.0,0.0,0.048,0.131,0.082,0.19,0.0,0.0,1.0,217242433.0,223442315.0,223890546.0,33.527,15103980000.0,845726000.0,372825000.0,2425775000.0,67.597,-388661000.0
22,ED,MRY,1998-12-31,1998-12-31,1998-12-31,2021-08-30,0.0,14381403000.0,14336164500.0,1093543000.0,13287860000.0,0.495,25.717,-618844000.0,102295000.0,102295000.0,3905468000.0,712742000.0,0.958,1.387,4312403000.0,225000000.0,4087403000.0,4312403000.0,0.0,518514000.0,181236000.0,0.04,2.12,1443977000.0,1962491000.0,0.277,1962491000.0,1443977000.0,1118152000.0,3.04,3.04,3.04,6025605000.0,5926946000.0,6025605000.0,16587701667.0,11.0,8.452,770918000.0,3.29,1.0,3187580000.0,0.449,0.0,325825000.0,17450124000.0,17411152250.0,267861000.0,378445000.0,0.0,378445000.0,8355798000.0,1141387000.0,7214411000.0,12330917667.0,-81163000.0,-24072000.0,-115247000.0,260000000.0,-493201000.0,-802083000.0,-668842000.0,0.0,1389762000.0,0.0,712742000.0,712742000.0,712742000.0,0.0,0.0,0.1,1726616000.0,1460964000.0,371274000.0,0.697,2.046,17.301,17.395,11406543000.0,0.0,52.88,1.738,1.747,571029000.0,4700500000.0,7093048000.0,7093048000.0,0.0,0.05,0.12,0.083,0.204,0.0,0.0,1.0,233186794.0,234307767.0,234307767.0,30.272,14381403000.0,0.0,405410000.0,2408482000.0,61.378,-47844000.0
23,ED,MRY,1997-12-31,1997-12-31,1997-12-31,2021-08-30,0.0,14722518000.0,14292636750.0,1527210000.0,13195308000.0,0.503,25.226,-654221000.0,183458000.0,183458000.0,4098499000.0,694479000.0,0.986,1.483,4758170000.0,529385000.0,4228785000.0,4758170000.0,0.0,503455000.0,161731000.0,0.051,2.1,1407260000.0,1910715000.0,0.266,1910715000.0,1407260000.0,1074199000.0,2.95,2.95,2.95,5930079000.0,5823595000.0,5930079000.0,,,,631938000.0,2.688,1.0,3097653000.0,0.43,0.0,333061000.0,17748973000.0,17515005250.0,282665000.0,292397000.0,0.0,292397000.0,8792439000.0,1548257000.0,7244182000.0,9655075650.0,76576000.0,-66032000.0,0.0,373744000.0,-493711000.0,-915542000.0,-751812000.0,0.0,1286159000.0,0.0,694479000.0,694479000.0,694479000.0,0.0,0.0,0.097,1684611000.0,1413042000.0,440114000.0,0.712,1.628,13.903,13.898,11267102000.0,0.0,41.0,1.342,1.339,641922000.0,4484703000.0,7196152000.0,7196152000.0,0.0,0.049,0.119,0.08,0.196,0.0,0.0,1.0,235489650.0,235082063.0,235082063.0,30.611,14722518000.0,0.0,379720000.0,2537251000.0,62.627,-21047000.0
24,ED,MRY,1996-12-31,1996-12-31,1996-12-31,2021-08-30,0.0,14057185000.0,,1132487000.0,12924698000.0,,24.375,-675233000.0,106882000.0,106882000.0,4060848000.0,688169000.0,1.094,1.454,4387539000.0,106256000.0,4281283000.0,4387539000.0,0.0,496505000.0,159616000.0,0.071,2.08,1407881000.0,1904386000.0,0.267,1904386000.0,1407881000.0,1084359000.0,2.93,2.93,2.93,5727568000.0,,5727568000.0,,,,409393000.0,1.742,1.0,3072241000.0,0.431,0.0,323522000.0,17302230000.0,,314489000.0,0.0,0.0,0.0,8329617000.0,1035612000.0,7294005000.0,,-235410000.0,0.0,0.0,341476000.0,-488756000.0,-743831000.0,-741965000.0,0.0,1084626000.0,0.0,688169000.0,688169000.0,688169000.0,0.0,0.0,0.096,1662759000.0,1409482000.0,431115000.0,0.71,,,9.939,11244534000.0,0.0,29.12,,0.959,631457000.0,,7133089000.0,7133089000.0,0.0,,,,0.197,0.0,0.0,1.0,,234976697.0,234976697.0,30.357,14057185000.0,0.0,396190000.0,2488944000.0,59.824,96875000.0
25,ED,MRY,1995-12-31,1995-12-31,1995-12-31,2021-08-30,,,,,,,,-692803000.0,,,3522950000.0,723850000.0,,,,,,,,455776000.0,,0.064,2.04,1450519000.0,1906295000.0,0.292,1906295000.0,1450519000.0,1121470000.0,2.93,2.93,2.93,,,,,,,583661000.0,,1.0,3013947000.0,0.461,,329049000.0,,,,,,,,,,,97071000.0,0.0,0.0,217396000.0,-479262000.0,-761107000.0,-720990000.0,0.0,1276464000.0,0.0,723850000.0,688285000.0,688285000.0,0.0,0.0,0.105,1576008000.0,1437939000.0,,0.696,,,10.836,,35565000.0,31.75,,,,,6536897000.0,6536897000.0,0.0,,,,0.222,0.0,0.0,1.0,,,,,,,397620000.0,,,
0,ED,MRQ,2021-06-30,2021-06-30,2021-06-30,2021-08-30,0.0,62919000000.0,,5110000000.0,57809000000.0,,57.16,-1013000000.0,1178000000.0,1178000000.0,1379000000.0,118000000.0,0.92,2.171,24924000000.0,2508000000.0,22416000000.0,24924000000.0,0.0,503000000.0,287000000.0,0.043,0.775,415000000.0,918000000.0,0.309,918000000.0,415000000.0,154000000.0,0.48,0.48,0.48,19743000000.0,,19743000000.0,49261566864.0,23.0,12.098,91000000.0,0.263,1.0,1592000000.0,0.536,1786000000.0,261000000.0,79322000000.0,,360000000.0,1688000000.0,0.0,1688000000.0,42866000000.0,5557000000.0,37309000000.0,24586566864.0,1021000000.0,183000000.0,867000000.0,231000000.0,-254000000.0,821000000.0,-904000000.0,0.0,1104000000.0,0.0,165000000.0,165000000.0,165000000.0,0.0,-47000000.0,0.056,1174000000.0,418000000.0,1217000000.0,1.615,1.245,21.952,21.733,48157000000.0,0.0,71.72,1.9,1.914,2596000000.0,,2971000000.0,2971000000.0,0.0,,,,,0.0,0.0,1.0,342813258.0,345400000.0,346200000.0,8.602,61133000000.0,12000000.0,-11000000.0,6755000000.0,176.992,-447000000.0
1,ED,MRQ,2021-03-31,2021-03-31,2021-03-31,2021-08-30,0.0,62299000000.0,,4587000000.0,57712000000.0,,55.62,-1014000000.0,157000000.0,157000000.0,1616000000.0,420000000.0,0.699,2.26,24832000000.0,3455000000.0,21377000000.0,24832000000.0,0.0,497000000.0,296000000.0,0.041,0.775,673000000.0,1170000000.0,0.318,1170000000.0,673000000.0,497000000.0,1.23,1.22,1.23,19033000000.0,,19033000000.0,49255953318.0,23.0,12.084,-725000000.0,-2.119,1.0,2061000000.0,0.561,1880000000.0,176000000.0,78535000000.0,,339000000.0,1654000000.0,0.0,1654000000.0,43017000000.0,6559000000.0,36458000000.0,25612953318.0,-1279000000.0,0.0,0.0,-265000000.0,-253000000.0,-472000000.0,-1096000000.0,0.0,289000000.0,0.0,419000000.0,419000000.0,419000000.0,0.0,1000000.0,0.114,1201000000.0,860000000.0,1208000000.0,0.63,1.346,22.369,22.065,47906000000.0,0.0,74.8,2.019,2.017,2667000000.0,,3677000000.0,3677000000.0,0.0,,,,,0.0,0.0,1.0,342419162.0,342200000.0,343000000.0,10.745,60419000000.0,11000000.0,78000000.0,6734000000.0,176.56,-1972000000.0
2,ED,MRQ,2020-12-31,2020-12-31,2020-12-31,2021-08-30,0.0,62895000000.0,,5301000000.0,57594000000.0,,55.942,-1128000000.0,1436000000.0,1436000000.0,1301000000.0,49000000.0,0.721,2.326,25079000000.0,3933000000.0,21146000000.0,25079000000.0,0.0,492000000.0,311000000.0,0.042,0.765,172000000.0,664000000.0,0.224,664000000.0,172000000.0,-50000000.0,0.12,0.12,0.12,18847000000.0,,18847000000.0,47783247789.0,22.0,11.57,-298000000.0,-0.885,1.0,1659000000.0,0.56,1906000000.0,222000000.0,77278000000.0,,356000000.0,1816000000.0,0.0,1816000000.0,43830000000.0,7354000000.0,36476000000.0,24200247789.0,1122000000.0,-24000000.0,552000000.0,1214000000.0,-244000000.0,1532000000.0,-1240000000.0,0.0,830000000.0,0.0,43000000.0,43000000.0,43000000.0,0.0,6000000.0,0.015,1152000000.0,507000000.0,1475000000.0,6.375,1.284,21.98,21.967,47392000000.0,0.0,72.27,1.976,1.976,2578000000.0,,2960000000.0,2960000000.0,0.0,,,,,0.0,0.0,1.0,334858832.0,336900000.0,337800000.0,8.786,60989000000.0,26000000.0,-93000000.0,6625000000.0,181.03,-2053000000.0
3,ED,MRQ,2020-09-30,2020-09-30,2020-09-30,2021-08-30,0.0,59595000000.0,,4204000000.0,55391000000.0,,55.288,-983000000.0,314000000.0,314000000.0,1318000000.0,502000000.0,0.587,2.211,23897000000.0,3884000000.0,20013000000.0,23897000000.0,0.0,482000000.0,319000000.0,0.039,0.765,838000000.0,1320000000.0,0.396,1320000000.0,838000000.0,612000000.0,1.47,1.47,1.47,18494000000.0,,18494000000.0,48499835091.0,19.0,10.87,-795000000.0,-2.377,1.0,2015000000.0,0.605,1931000000.0,226000000.0,74087000000.0,,353000000.0,2124000000.0,0.0,2124000000.0,40884000000.0,7160000000.0,33724000000.0,26023835091.0,-1031000000.0,0.0,0.0,69000000.0,-244000000.0,-167000000.0,-1052000000.0,0.0,188000000.0,0.0,493000000.0,493000000.0,493000000.0,0.0,9000000.0,0.148,1155000000.0,860000000.0,1279000000.0,0.52,1.407,19.234,19.163,46408000000.0,0.0,77.8,2.127,2.127,2232000000.0,,3333000000.0,3333000000.0,0.0,,,,,0.0,0.0,1.0,334496595.0,334500000.0,335400000.0,9.964,57664000000.0,26000000.0,119000000.0,6596000000.0,172.389,-2956000000.0
4,ED,MRQ,2020-06-30,2020-06-30,2020-06-30,2021-08-30,0.0,59081000000.0,,4564000000.0,54517000000.0,,54.55,-896000000.0,1345000000.0,1345000000.0,1160000000.0,202000000.0,0.681,2.23,23821000000.0,3861000000.0,19960000000.0,23821000000.0,0.0,476000000.0,332000000.0,0.042,0.765,446000000.0,922000000.0,0.339,922000000.0,446000000.0,199000000.0,0.57,0.57,0.57,18225000000.0,,18225000000.0,46057959881.0,18.0,10.432,-128000000.0,-0.383,1.0,1559000000.0,0.573,1956000000.0,247000000.0,72896000000.0,,336000000.0,2080000000.0,0.0,2080000000.0,40640000000.0,6705000000.0,33935000000.0,24031959881.0,-229000000.0,0.0,0.0,199000000.0,-244000000.0,-33000000.0,-964000000.0,0.0,768000000.0,0.0,190000000.0,190000000.0,190000000.0,0.0,12000000.0,0.07,1080000000.0,479000000.0,1018000000.0,1.342,1.319,18.028,17.938,45750000000.0,0.0,71.93,1.959,1.959,2068000000.0,,2719000000.0,2719000000.0,0.0,,,,,0.0,0.0,1.0,334102042.0,334100000.0,335000000.0,8.138,57125000000.0,21000000.0,9000000.0,6390000000.0,170.982,-2141000000.0
5,ED,MRQ,2020-03-31,2020-03-31,2020-03-31,2021-08-30,0.0,59159000000.0,,5026000000.0,54133000000.0,,54.739,-905000000.0,1574000000.0,1574000000.0,1318000000.0,392000000.0,0.796,2.228,23600000000.0,3378000000.0,20222000000.0,23600000000.0,0.0,470000000.0,344000000.0,0.038,0.765,752000000.0,1222000000.0,0.378,1222000000.0,752000000.0,430000000.0,1.13,1.12,1.13,18261000000.0,,18261000000.0,47356486816.0,18.0,10.899,-493000000.0,-1.478,1.0,1916000000.0,0.592,1978000000.0,322000000.0,72896000000.0,,326000000.0,2011000000.0,0.0,2011000000.0,40692000000.0,6311000000.0,34381000000.0,26034486816.0,357000000.0,0.0,88000000.0,1056000000.0,-243000000.0,913000000.0,-968000000.0,0.0,412000000.0,0.0,375000000.0,375000000.0,375000000.0,0.0,17000000.0,0.116,1108000000.0,808000000.0,1015000000.0,0.677,1.426,20.104,20.0,45283000000.0,0.0,78.0,2.118,2.117,1949000000.0,,3234000000.0,3234000000.0,0.0,,,,,0.0,0.0,1.0,333775472.0,333600000.0,334600000.0,9.694,57181000000.0,21000000.0,55000000.0,6379000000.0,171.406,-1285000000.0
6,ED,MRQ,2019-12-31,2019-12-31,2019-12-31,2021-08-30,0.0,58079000000.0,,4272000000.0,53807000000.0,,54.267,-817000000.0,1217000000.0,1217000000.0,1349000000.0,313000000.0,0.679,2.212,22539000000.0,3203000000.0,19336000000.0,22539000000.0,0.0,431000000.0,346000000.0,0.033,0.74,567000000.0,998000000.0,0.338,998000000.0,567000000.0,348000000.0,0.89,0.89,0.89,18022000000.0,,18022000000.0,51450979012.0,20.0,11.927,357000000.0,1.075,1.0,1602000000.0,0.543,2003000000.0,219000000.0,71111000000.0,,352000000.0,2065000000.0,0.0,2065000000.0,39866000000.0,6287000000.0,33579000000.0,30074979012.0,964000000.0,-10000000.0,0.0,910000000.0,-234000000.0,688000000.0,-898000000.0,0.0,1174000000.0,0.0,295000000.0,295000000.0,295000000.0,0.0,18000000.0,0.1,1037000000.0,565000000.0,1164000000.0,0.831,1.669,22.394,22.12,44746000000.0,0.0,90.47,2.392,2.364,2019000000.0,,2951000000.0,2951000000.0,0.0,,,,,0.0,0.0,1.0,332430408.0,332100000.0,333100000.0,8.886,56076000000.0,20000000.0,53000000.0,6303000000.0,168.853,-2015000000.0
7,ED,MRQ,2019-09-30,2019-09-30,2019-09-30,2021-08-30,0.0,55940000000.0,,3581000000.0,52359000000.0,,54.061,-937000000.0,253000000.0,253000000.0,1459000000.0,503000000.0,0.576,2.105,21629000000.0,3273000000.0,18356000000.0,21629000000.0,0.0,422000000.0,348000000.0,0.031,0.74,851000000.0,1273000000.0,0.378,1273000000.0,851000000.0,589000000.0,1.42,1.42,1.42,17959000000.0,,17959000000.0,51912663235.0,19.0,12.022,-515000000.0,-1.55,1.0,1906000000.0,0.566,2026000000.0,262000000.0,69071000000.0,,358000000.0,1983000000.0,0.0,1983000000.0,37806000000.0,6219000000.0,31587000000.0,31377663235.0,-717000000.0,0.0,0.0,96000000.0,-235000000.0,-131000000.0,-1008000000.0,0.0,422000000.0,0.0,473000000.0,473000000.0,473000000.0,0.0,30000000.0,0.141,1039000000.0,867000000.0,1082000000.0,0.521,1.747,22.737,22.281,44068000000.0,0.0,94.47,2.496,2.496,1928000000.0,,3365000000.0,3365000000.0,0.0,,,,,0.0,0.0,1.0,332144207.0,332200000.0,333200000.0,10.129,53914000000.0,10000000.0,116000000.0,6171000000.0,162.294,-2638000000.0
8,ED,MRQ,2019-06-30,2019-06-30,2019-06-30,2021-08-30,0.0,55602000000.0,,3707000000.0,51895000000.0,,53.942,-924000000.0,970000000.0,970000000.0,1290000000.0,179000000.0,0.621,2.131,21505000000.0,3188000000.0,18317000000.0,21505000000.0,0.0,418000000.0,350000000.0,0.033,0.74,434000000.0,852000000.0,0.31,852000000.0,434000000.0,171000000.0,0.46,0.46,0.46,17709000000.0,,17709000000.0,49474077272.0,19.0,11.726,150000000.0,0.457,1.0,1454000000.0,0.53,2045000000.0,263000000.0,68123000000.0,,344000000.0,1899000000.0,0.0,1899000000.0,37737000000.0,5969000000.0,31768000000.0,28676077272.0,496000000.0,0.0,400000000.0,228000000.0,-229000000.0,410000000.0,-988000000.0,0.0,1074000000.0,0.0,152000000.0,152000000.0,152000000.0,0.0,27000000.0,0.055,996000000.0,458000000.0,994000000.0,1.609,1.619,21.368,20.777,43587000000.0,0.0,87.68,2.288,2.296,1797000000.0,,2744000000.0,2744000000.0,0.0,,,,,0.0,0.0,1.0,327053801.0,328300000.0,329200000.0,8.358,53557000000.0,30000000.0,19000000.0,6058000000.0,163.134,-2262000000.0
9,ED,MRQ,2019-03-31,2019-03-31,2019-03-31,2021-08-30,0.0,55066000000.0,,3781000000.0,51285000000.0,,53.857,-821000000.0,474000000.0,474000000.0,1710000000.0,445000000.0,0.596,2.163,21272000000.0,3514000000.0,17758000000.0,21272000000.0,0.0,413000000.0,351000000.0,0.034,0.74,779000000.0,1192000000.0,0.339,1192000000.0,779000000.0,532000000.0,1.31,1.31,1.31,17369000000.0,,17369000000.0,46935553261.0,18.0,11.326,-357000000.0,-1.107,1.0,1804000000.0,0.513,2070000000.0,247000000.0,67446000000.0,,327000000.0,1832000000.0,0.0,1832000000.0,37565000000.0,6348000000.0,31217000000.0,27230553261.0,-532000000.0,0.0,425000000.0,-318000000.0,-226000000.0,-108000000.0,-888000000.0,0.0,464000000.0,0.0,424000000.0,424000000.0,424000000.0,0.0,21000000.0,0.121,1018000000.0,786000000.0,1010000000.0,0.565,1.568,19.761,19.452,43004000000.0,0.0,84.81,2.181,2.19,2076000000.0,,3514000000.0,3514000000.0,0.0,,,,,0.0,0.0,1.0,321077152.0,322500000.0,323400000.0,10.896,52996000000.0,49000000.0,108000000.0,5994000000.0,164.329,-2567000000.0
10,ED,MRQ,2018-12-31,2018-12-31,2018-12-31,2021-08-30,0.0,53920000000.0,,3864000000.0,50056000000.0,,53.2,-967000000.0,1006000000.0,1006000000.0,1487000000.0,331000000.0,0.623,2.217,20711000000.0,3216000000.0,17495000000.0,20711000000.0,0.0,377000000.0,351000000.0,0.037,0.715,624000000.0,1001000000.0,0.339,1001000000.0,624000000.0,402000000.0,1.05,1.05,1.05,16726000000.0,,16726000000.0,41526092764.0,16.0,10.279,128000000.0,0.407,1.0,1462000000.0,0.496,2094000000.0,222000000.0,65324000000.0,,358000000.0,1766000000.0,0.0,1766000000.0,37081000000.0,6207000000.0,30874000000.0,23811092764.0,761000000.0,-1492000000.0,705000000.0,1680000000.0,-211000000.0,2190000000.0,-2524000000.0,0.0,1095000000.0,0.0,331000000.0,331000000.0,331000000.0,0.0,0.0,0.112,805000000.0,657000000.0,1187000000.0,0.681,1.424,17.229,17.26,41749000000.0,0.0,76.46,1.93,1.932,2066000000.0,,2949000000.0,2949000000.0,0.0,,,,,0.0,0.0,1.0,311418948.0,314400000.0,315900000.0,9.38,51826000000.0,49000000.0,71000000.0,5881000000.0,164.841,-2343000000.0
11,ED,MRQ,2018-09-30,2018-09-30,2018-09-30,2021-08-30,0.0,49544000000.0,,3356000000.0,46188000000.0,,51.067,-1011000000.0,245000000.0,245000000.0,1545000000.0,435000000.0,0.621,2.118,17960000000.0,2480000000.0,15480000000.0,17960000000.0,0.0,359000000.0,351000000.0,0.037,0.715,815000000.0,1174000000.0,0.353,1174000000.0,815000000.0,610000000.0,1.4,1.39,1.4,15887000000.0,,15887000000.0,40690936732.0,16.0,10.317,-451000000.0,-1.45,1.0,1783000000.0,0.536,571000000.0,205000000.0,61287000000.0,,338000000.0,2131000000.0,0.0,2131000000.0,33646000000.0,5401000000.0,28245000000.0,23702936732.0,-676000000.0,-15000000.0,0.0,43000000.0,-211000000.0,-155000000.0,-1081000000.0,0.0,560000000.0,0.0,435000000.0,435000000.0,435000000.0,0.0,0.0,0.131,957000000.0,826000000.0,1173000000.0,0.511,1.492,15.233,15.177,39383000000.0,0.0,76.19,1.919,1.919,1963000000.0,,3328000000.0,3328000000.0,0.0,,,,,0.0,0.0,1.0,311102989.0,311100000.0,312300000.0,10.698,48973000000.0,29000000.0,175000000.0,5882000000.0,157.419,-2045000000.0
12,ED,MRQ,2018-06-30,2018-06-30,2018-06-30,2021-08-30,0.0,49064000000.0,,3436000000.0,45628000000.0,,50.347,-905000000.0,921000000.0,921000000.0,1376000000.0,188000000.0,0.63,2.135,17909000000.0,2684000000.0,15225000000.0,17909000000.0,0.0,354000000.0,349000000.0,0.036,0.715,423000000.0,777000000.0,0.288,777000000.0,423000000.0,226000000.0,0.6,0.6,0.6,15648000000.0,,15648000000.0,40957761661.0,16.0,10.194,-8000000.0,-0.026,1.0,1320000000.0,0.49,555000000.0,197000000.0,60041000000.0,,318000000.0,2057000000.0,0.0,2057000000.0,33409000000.0,5456000000.0,27953000000.0,24230761661.0,238000000.0,0.0,0.0,496000000.0,-211000000.0,298000000.0,-957000000.0,0.0,897000000.0,0.0,188000000.0,188000000.0,188000000.0,0.0,0.0,0.07,894000000.0,426000000.0,1130000000.0,1.192,1.548,15.355,15.29,38767000000.0,0.0,77.98,1.981,1.981,1743000000.0,,2696000000.0,2696000000.0,0.0,,,,,0.0,0.0,1.0,310730465.0,310800000.0,311900000.0,8.674,48509000000.0,27000000.0,38000000.0,5755000000.0,156.078,-2020000000.0
13,ED,MRQ,2018-03-31,2018-03-31,2018-03-31,2021-08-30,0.0,48900000000.0,,3773000000.0,45127000000.0,,50.432,-857000000.0,683000000.0,683000000.0,1691000000.0,428000000.0,0.668,2.123,17410000000.0,2680000000.0,14730000000.0,17410000000.0,0.0,348000000.0,347000000.0,0.036,0.715,740000000.0,1088000000.0,0.323,1088000000.0,740000000.0,545000000.0,1.38,1.37,1.38,15654000000.0,,15654000000.0,39954347636.0,15.0,9.912,-714000000.0,-2.3,1.0,1673000000.0,0.497,557000000.0,195000000.0,59419000000.0,,301000000.0,2012000000.0,0.0,2012000000.0,33239000000.0,5651000000.0,27588000000.0,24192347636.0,-161000000.0,0.0,0.0,801000000.0,-209000000.0,605000000.0,-909000000.0,0.0,143000000.0,0.0,428000000.0,428000000.0,428000000.0,0.0,0.0,0.127,918000000.0,755000000.0,1236000000.0,0.518,1.545,15.458,15.373,38075000000.0,0.0,77.94,1.988,1.988,1922000000.0,,3364000000.0,3364000000.0,0.0,,,,,0.0,0.0,1.0,310397070.0,310400000.0,311600000.0,10.838,48343000000.0,58000000.0,117000000.0,5685000000.0,155.744,-1878000000.0
14,ED,MRQ,2017-12-31,2017-12-31,2017-12-31,2021-08-30,0.0,48111000000.0,,3537000000.0,44574000000.0,,49.768,-1023000000.0,844000000.0,844000000.0,1475000000.0,505000000.0,0.722,2.12,16606000000.0,1875000000.0,14731000000.0,16606000000.0,0.0,343000000.0,346000000.0,0.032,0.69,562000000.0,905000000.0,0.306,905000000.0,562000000.0,378000000.0,1.64,1.63,1.64,15418000000.0,,15418000000.0,41924344305.0,15.0,10.308,117000000.0,0.378,1.0,1486000000.0,0.502,559000000.0,184000000.0,58412000000.0,,334000000.0,2001000000.0,0.0,2001000000.0,32686000000.0,4902000000.0,27784000000.0,26340344305.0,734000000.0,-44000000.0,0.0,909000000.0,-203000000.0,719000000.0,-1125000000.0,0.0,1140000000.0,0.0,505000000.0,505000000.0,505000000.0,0.0,0.0,0.171,902000000.0,584000000.0,1286000000.0,0.421,1.708,17.272,17.093,37600000000.0,0.0,84.95,2.189,2.168,1861000000.0,,2961000000.0,2961000000.0,0.0,,,,,0.0,0.0,1.0,310068797.0,309800000.0,312100000.0,9.558,47552000000.0,76000000.0,-127000000.0,5603000000.0,153.493,-1365000000.0
15,ED,MRQ,2017-09-30,2017-09-30,2017-09-30,2021-08-30,0.0,49246000000.0,,3096000000.0,46150000000.0,,49.064,-799000000.0,110000000.0,110000000.0,1416000000.0,457000000.0,0.791,2.26,15694000000.0,1043000000.0,14651000000.0,15694000000.0,0.0,336000000.0,344000000.0,0.034,0.69,912000000.0,1248000000.0,0.389,1248000000.0,912000000.0,727000000.0,1.48,1.48,1.48,15102000000.0,,15102000000.0,40195817692.0,15.0,10.163,-146000000.0,-0.474,1.0,1795000000.0,0.559,542000000.0,185000000.0,60373000000.0,,337000000.0,1977000000.0,0.0,1977000000.0,34136000000.0,3915000000.0,30221000000.0,24661817692.0,-732000000.0,0.0,343000000.0,-684000000.0,-202000000.0,-531000000.0,-854000000.0,0.0,653000000.0,0.0,457000000.0,457000000.0,457000000.0,0.0,0.0,0.142,881000000.0,914000000.0,1057000000.0,0.466,1.633,20.116,20.17,36728000000.0,0.0,80.68,2.094,2.108,1703000000.0,,3211000000.0,3211000000.0,0.0,,,,,0.0,0.0,1.0,305674488.0,307800000.0,309300000.0,10.432,48704000000.0,46000000.0,270000000.0,10787000000.0,158.233,-819000000.0
16,ED,MRQ,2017-06-30,2017-06-30,2017-06-30,2021-08-30,0.0,49099000000.0,,3280000000.0,45819000000.0,,47.446,-823000000.0,842000000.0,842000000.0,1327000000.0,175000000.0,0.758,2.388,16376000000.0,1673000000.0,14703000000.0,16376000000.0,0.0,333000000.0,345000000.0,0.034,0.69,457000000.0,790000000.0,0.3,790000000.0,457000000.0,277000000.0,0.57,0.57,0.57,14490000000.0,,14490000000.0,40276803599.0,15.0,10.064,303000000.0,0.992,1.0,1306000000.0,0.496,544000000.0,180000000.0,59760000000.0,,357000000.0,1961000000.0,0.0,1961000000.0,34601000000.0,4329000000.0,30272000000.0,24680803599.0,740000000.0,-1000000.0,0.0,675000000.0,-199000000.0,489000000.0,-875000000.0,0.0,1126000000.0,0.0,175000000.0,175000000.0,175000000.0,0.0,0.0,0.066,843000000.0,463000000.0,973000000.0,1.211,1.703,19.495,19.475,36251000000.0,0.0,80.82,2.059,2.059,1585000000.0,,2633000000.0,2633000000.0,0.0,,,,,0.0,0.0,1.0,305379901.0,305400000.0,306800000.0,8.621,48555000000.0,50000000.0,102000000.0,10591000000.0,158.988,-1049000000.0
17,ED,MRQ,2017-03-31,2017-03-31,2017-03-31,2021-08-30,0.0,48365000000.0,,3017000000.0,45348000000.0,,47.519,-809000000.0,102000000.0,102000000.0,1545000000.0,388000000.0,0.877,2.335,15698000000.0,869000000.0,14829000000.0,15698000000.0,0.0,329000000.0,345000000.0,0.035,0.69,796000000.0,1125000000.0,0.349,1125000000.0,796000000.0,615000000.0,1.27,1.27,1.27,14498000000.0,,14498000000.0,38742893434.0,14.0,9.59,-361000000.0,-1.183,1.0,1683000000.0,0.521,550000000.0,181000000.0,59970000000.0,,313000000.0,1914000000.0,0.0,1914000000.0,33859000000.0,3441000000.0,30418000000.0,23690893434.0,-728000000.0,0.0,0.0,-133000000.0,-199000000.0,-320000000.0,-856000000.0,0.0,448000000.0,0.0,388000000.0,388000000.0,388000000.0,0.0,0.0,0.12,871000000.0,812000000.0,963000000.0,0.543,1.634,17.907,17.812,35663000000.0,0.0,77.66,1.951,1.951,1779000000.0,,3228000000.0,3228000000.0,0.0,,,,,0.0,0.0,1.0,305059148.0,305100000.0,306300000.0,10.58,47815000000.0,53000000.0,227000000.0,10481000000.0,156.719,-424000000.0
18,ED,MRQ,2016-12-31,2016-12-31,2016-12-31,2021-08-30,0.0,48255000000.0,,3406000000.0,44849000000.0,,46.987,-1221000000.0,830000000.0,830000000.0,1205000000.0,206000000.0,0.886,2.374,15828000000.0,1093000000.0,14735000000.0,15828000000.0,0.0,311000000.0,352000000.0,0.036,0.67,481000000.0,792000000.0,0.293,792000000.0,481000000.0,302000000.0,0.68,0.66,0.68,14298000000.0,,14298000000.0,36996323895.0,14.0,9.597,-98000000.0,-0.322,1.0,1502000000.0,0.555,552000000.0,179000000.0,58858000000.0,,339000000.0,1921000000.0,0.0,1921000000.0,33949000000.0,3843000000.0,30106000000.0,22452323895.0,652000000.0,-152000000.0,0.0,942000000.0,-193000000.0,762000000.0,-1233000000.0,0.0,1123000000.0,0.0,206000000.0,206000000.0,206000000.0,0.0,0.0,0.076,715000000.0,787000000.0,1147000000.0,0.985,1.57,18.034,17.754,35216000000.0,0.0,73.68,1.859,1.833,1748000000.0,,2707000000.0,2707000000.0,0.0,,,,,0.0,0.0,1.0,304727523.0,304300000.0,306100000.0,8.896,47703000000.0,79000000.0,96000000.0,10269000000.0,156.763,-437000000.0
19,ED,MRQ,2016-09-30,2016-09-30,2016-09-30,2021-08-30,0.0,47316000000.0,,3154000000.0,44162000000.0,,46.854,-1529000000.0,150000000.0,150000000.0,1748000000.0,497000000.0,0.878,2.316,14694000000.0,947000000.0,13747000000.0,14694000000.0,0.0,306000000.0,356000000.0,0.035,0.67,989000000.0,1295000000.0,0.379,1295000000.0,989000000.0,811000000.0,1.63,1.62,1.63,14267000000.0,,14267000000.0,37261447542.0,15.0,9.928,-824000000.0,-2.706,1.0,1669000000.0,0.488,429000000.0,178000000.0,57840000000.0,,335000000.0,1931000000.0,0.0,1931000000.0,33041000000.0,3591000000.0,29450000000.0,22922447542.0,-716000000.0,930000000.0,0.0,-509000000.0,-192000000.0,-690000000.0,-731000000.0,0.0,705000000.0,0.0,497000000.0,497000000.0,497000000.0,0.0,0.0,0.145,833000000.0,836000000.0,1113000000.0,0.411,1.607,18.866,18.547,33906000000.0,0.0,75.3,1.898,1.899,1695000000.0,,3417000000.0,3417000000.0,0.0,,,,,0.0,0.0,1.0,304414974.0,304500000.0,305900000.0,11.222,46887000000.0,66000000.0,314000000.0,10196000000.0,153.98,-437000000.0
20,ED,MRQ,2016-06-30,2016-06-30,2016-06-30,2021-08-30,0.0,47270000000.0,,3499000000.0,43771000000.0,,46.64,-919000000.0,862000000.0,862000000.0,1492000000.0,232000000.0,0.896,2.388,15201000000.0,1454000000.0,13747000000.0,15201000000.0,0.0,302000000.0,358000000.0,0.033,0.67,526000000.0,828000000.0,0.296,828000000.0,526000000.0,356000000.0,0.78,0.77,0.78,13950000000.0,,13950000000.0,37748085539.0,16.0,10.538,188000000.0,0.629,1.0,1302000000.0,0.466,431000000.0,170000000.0,57275000000.0,,321000000.0,1913000000.0,0.0,1913000000.0,33312000000.0,3903000000.0,29409000000.0,23649085539.0,799000000.0,-946000000.0,702000000.0,1039000000.0,-193000000.0,1560000000.0,-1868000000.0,0.0,1107000000.0,0.0,232000000.0,232000000.0,232000000.0,0.0,0.0,0.083,787000000.0,515000000.0,969000000.0,0.859,1.695,20.636,20.679,33459000000.0,0.0,80.44,1.954,1.988,1563000000.0,,2794000000.0,2794000000.0,0.0,,,,,0.0,0.0,1.0,293996588.0,299100000.0,300400000.0,9.341,46839000000.0,15000000.0,124000000.0,9924000000.0,156.6,-404000000.0
21,ED,MRQ,2016-03-31,2016-03-31,2016-03-31,2021-08-30,0.0,45580000000.0,,3185000000.0,42395000000.0,,44.92,-835000000.0,61000000.0,61000000.0,1707000000.0,310000000.0,0.718,2.454,14160000000.0,1938000000.0,12222000000.0,14160000000.0,0.0,297000000.0,356000000.0,0.034,0.67,643000000.0,940000000.0,0.298,940000000.0,643000000.0,474000000.0,1.05,1.05,1.05,13193000000.0,,13193000000.0,35824819905.0,15.0,10.201,-311000000.0,-1.059,1.0,1449000000.0,0.459,431000000.0,169000000.0,54812000000.0,,342000000.0,865000000.0,0.0,865000000.0,32379000000.0,4436000000.0,27943000000.0,22494819905.0,-881000000.0,-225000000.0,0.0,-116000000.0,-185000000.0,-287000000.0,-1118000000.0,0.0,524000000.0,0.0,310000000.0,310000000.0,310000000.0,0.0,0.0,0.098,807000000.0,642000000.0,909000000.0,0.638,1.705,19.854,19.85,32971000000.0,0.0,76.62,1.86,1.861,1732000000.0,,3156000000.0,3156000000.0,0.0,,,,,0.0,0.0,1.0,293589401.0,293700000.0,294800000.0,10.746,45149000000.0,15000000.0,164000000.0,9821000000.0,153.725,-1251000000.0
22,ED,MRQ,2015-12-31,2015-12-31,2015-12-31,2021-08-30,0.0,45642000000.0,,3836000000.0,41806000000.0,,44.501,-850000000.0,944000000.0,944000000.0,1540000000.0,176000000.0,0.813,2.496,14274000000.0,2268000000.0,12006000000.0,14274000000.0,0.0,290000000.0,354000000.0,0.04,0.65,400000000.0,690000000.0,0.255,690000000.0,400000000.0,233000000.0,0.6,0.59,0.6,13052000000.0,,13052000000.0,32194466422.0,13.0,8.99,228000000.0,0.777,1.0,1167000000.0,0.431,431000000.0,167000000.0,53821000000.0,,350000000.0,884000000.0,0.0,884000000.0,32581000000.0,4720000000.0,27861000000.0,18843466422.0,855000000.0,-13000000.0,10000000.0,910000000.0,-173000000.0,747000000.0,-970000000.0,0.0,1078000000.0,0.0,176000000.0,176000000.0,176000000.0,0.0,0.0,0.065,768000000.0,399000000.0,1008000000.0,1.083,1.444,15.795,15.791,32209000000.0,0.0,64.27,1.501,1.5,1716000000.0,,2707000000.0,2707000000.0,0.0,,,,,0.0,0.0,1.0,293192258.0,293300000.0,295000000.0,9.229,45211000000.0,166000000.0,57000000.0,9599000000.0,154.146,-884000000.0
23,ED,MRQ,2015-09-30,2015-09-30,2015-09-30,2021-08-30,0.0,44971000000.0,,3505000000.0,41466000000.0,,44.52,-852000000.0,91000000.0,91000000.0,1824000000.0,428000000.0,0.791,2.448,13442000000.0,1921000000.0,11521000000.0,13442000000.0,0.0,285000000.0,351000000.0,0.039,0.65,839000000.0,1124000000.0,0.326,1124000000.0,839000000.0,677000000.0,1.46,1.45,1.46,13040000000.0,,13040000000.0,32499486248.0,14.0,9.522,-139000000.0,-0.475,1.0,1619000000.0,0.47,432000000.0,162000000.0,53461000000.0,,338000000.0,874000000.0,0.0,874000000.0,31922000000.0,4429000000.0,27493000000.0,19578486248.0,-616000000.0,-34000000.0,-2000000.0,-185000000.0,-180000000.0,-367000000.0,-962000000.0,0.0,713000000.0,0.0,428000000.0,428000000.0,428000000.0,0.0,0.0,0.124,789000000.0,830000000.0,1092000000.0,0.445,1.501,17.815,17.827,31473000000.0,0.0,66.85,1.545,1.545,1813000000.0,,3443000000.0,3443000000.0,0.0,,,,,0.0,0.0,1.0,292871896.0,292900000.0,294200000.0,11.755,44539000000.0,90000000.0,249000000.0,9651000000.0,152.062,-924000000.0
24,ED,MRQ,2015-06-30,2015-06-30,2015-06-30,2021-08-30,0.0,44751000000.0,,3679000000.0,41072000000.0,,43.66,-760000000.0,709000000.0,709000000.0,1582000000.0,219000000.0,0.935,2.499,13630000000.0,1705000000.0,11925000000.0,13630000000.0,0.0,276000000.0,348000000.0,0.044,0.65,482000000.0,758000000.0,0.272,758000000.0,482000000.0,320000000.0,0.75,0.74,0.75,12788000000.0,,12788000000.0,29543729384.0,13.0,8.679,167000000.0,0.57,1.0,1206000000.0,0.433,432000000.0,162000000.0,53305000000.0,,321000000.0,848000000.0,0.0,848000000.0,31954000000.0,3935000000.0,28019000000.0,16951729384.0,592000000.0,-217000000.0,-5000000.0,918000000.0,-190000000.0,723000000.0,-1058000000.0,0.0,927000000.0,0.0,219000000.0,219000000.0,219000000.0,0.0,0.0,0.079,734000000.0,472000000.0,845000000.0,0.867,1.326,15.313,15.312,30923000000.0,0.0,57.88,1.343,1.343,1700000000.0,,2788000000.0,2788000000.0,0.0,,,,,0.0,0.0,1.0,292877149.0,292900000.0,294000000.0,9.519,44319000000.0,173000000.0,101000000.0,9460000000.0,151.311,-256000000.0
25,ED,MRQ,2015-03-31,2015-03-31,2015-03-31,2021-08-30,0.0,43977000000.0,,3398000000.0,40579000000.0,,43.568,-592000000.0,117000000.0,117000000.0,2114000000.0,370000000.0,0.997,2.445,12709000000.0,1015000000.0,11694000000.0,12709000000.0,0.0,279000000.0,345000000.0,0.042,0.65,730000000.0,1009000000.0,0.279,1009000000.0,730000000.0,569000000.0,1.26,1.26,1.26,12761000000.0,,12761000000.0,30158217532.0,13.0,8.936,-33000000.0,-0.113,1.0,1502000000.0,0.415,432000000.0,161000000.0,52730000000.0,,332000000.0,814000000.0,0.0,814000000.0,31207000000.0,3407000000.0,27800000000.0,17866217532.0,-582000000.0,-35000000.0,-2000000.0,-282000000.0,-190000000.0,-474000000.0,-667000000.0,0.0,559000000.0,0.0,370000000.0,370000000.0,370000000.0,0.0,0.0,0.102,776000000.0,726000000.0,937000000.0,0.516,1.4,16.242,16.223,30212000000.0,0.0,61.0,1.402,1.402,2049000000.0,,3616000000.0,3616000000.0,0.0,,,,,0.0,0.0,1.0,292888812.0,292900000.0,293900000.0,12.346,43545000000.0,95000000.0,199000000.0,9337000000.0,148.668,-9000000.0
26,ED,MRQ,2014-12-31,2014-12-31,2014-12-31,2021-08-30,0.0,44071000000.0,,3716000000.0,40355000000.0,,42.936,-604000000.0,699000000.0,699000000.0,1845000000.0,82000000.0,0.989,2.504,12906000000.0,1360000000.0,11546000000.0,12906000000.0,0.0,275000000.0,344000000.0,0.038,0.63,247000000.0,522000000.0,0.185,522000000.0,247000000.0,91000000.0,0.28,0.27,0.28,12576000000.0,,12576000000.0,31749530015.0,14.0,9.557,476000000.0,1.625,1.0,983000000.0,0.348,432000000.0,156000000.0,52089000000.0,,372000000.0,816000000.0,0.0,816000000.0,31486000000.0,3757000000.0,27729000000.0,19333530015.0,494000000.0,-112000000.0,-2000000.0,365000000.0,-186000000.0,177000000.0,-763000000.0,0.0,1080000000.0,0.0,82000000.0,82000000.0,82000000.0,0.0,0.0,0.029,778000000.0,205000000.0,1035000000.0,2.25,1.537,17.705,17.697,29827000000.0,0.0,66.01,1.497,1.497,1834000000.0,,2828000000.0,2828000000.0,0.0,,,,,0.0,0.0,1.0,292887896.0,292900000.0,294000000.0,9.655,43639000000.0,224000000.0,9000000.0,9020000000.0,148.989,-41000000.0
27,ED,MRQ,2014-09-30,2014-09-30,2014-09-30,2021-08-30,0.0,40667000000.0,,3519000000.0,37148000000.0,,43.383,-629000000.0,205000000.0,205000000.0,1849000000.0,436000000.0,0.909,2.2,12621000000.0,1635000000.0,10986000000.0,12621000000.0,0.0,270000000.0,338000000.0,0.044,0.63,845000000.0,1115000000.0,0.329,1115000000.0,845000000.0,695000000.0,1.49,1.48,1.49,12707000000.0,,12707000000.0,28481864327.0,11.0,8.043,-135000000.0,-0.461,1.0,1541000000.0,0.455,432000000.0,150000000.0,48778000000.0,,343000000.0,740000000.0,0.0,740000000.0,27951000000.0,3873000000.0,24078000000.0,16594864327.0,-569000000.0,-74000000.0,-6000000.0,-109000000.0,-185000000.0,-300000000.0,-763000000.0,0.0,494000000.0,0.0,436000000.0,436000000.0,436000000.0,0.0,0.0,0.129,722000000.0,819000000.0,972000000.0,0.423,1.306,13.351,13.363,29239000000.0,0.0,56.66,1.281,1.281,1934000000.0,,3390000000.0,3390000000.0,0.0,,,,,0.0,0.0,1.0,292885004.0,292900000.0,294000000.0,11.574,40235000000.0,33000000.0,259000000.0,8865000000.0,137.368,-354000000.0
28,ED,MRQ,2014-06-30,2014-06-30,2014-06-30,2021-08-30,0.0,40311000000.0,,3457000000.0,36854000000.0,,42.523,-439000000.0,774000000.0,774000000.0,1769000000.0,212000000.0,0.9,2.237,12661000000.0,1576000000.0,11085000000.0,12661000000.0,0.0,265000000.0,333000000.0,0.043,0.63,464000000.0,729000000.0,0.25,729000000.0,464000000.0,314000000.0,0.73,0.72,0.73,12455000000.0,,12455000000.0,29263710646.0,12.0,8.257,594000000.0,2.028,1.0,1142000000.0,0.392,432000000.0,150000000.0,47927000000.0,,322000000.0,693000000.0,0.0,693000000.0,27856000000.0,3839000000.0,24017000000.0,16911710646.0,672000000.0,-107000000.0,-1000000.0,423000000.0,-184000000.0,238000000.0,-599000000.0,0.0,1033000000.0,0.0,212000000.0,212000000.0,212000000.0,0.0,0.0,0.073,687000000.0,455000000.0,967000000.0,0.863,1.358,13.306,13.335,28754000000.0,0.0,57.74,1.296,1.296,1916000000.0,,2911000000.0,2911000000.0,0.0,,,,,0.0,0.0,1.0,292894192.0,292900000.0,294000000.0,9.939,39879000000.0,43000000.0,102000000.0,8574000000.0,136.152,-382000000.0
29,ED,MRQ,2014-03-31,2014-03-31,2014-03-31,2021-08-30,0.0,40481000000.0,,3484000000.0,36997000000.0,,42.424,-639000000.0,102000000.0,102000000.0,2344000000.0,361000000.0,0.974,2.258,12454000000.0,1115000000.0,11339000000.0,12454000000.0,0.0,261000000.0,326000000.0,0.046,0.63,695000000.0,956000000.0,0.252,956000000.0,695000000.0,559000000.0,1.23,1.23,1.23,12426000000.0,,12426000000.0,27466218857.0,11.0,7.943,-415000000.0,-1.417,1.0,1445000000.0,0.381,433000000.0,136000000.0,48824000000.0,,303000000.0,547000000.0,0.0,547000000.0,28055000000.0,3576000000.0,24479000000.0,15714218857.0,-572000000.0,0.0,-1000000.0,23000000.0,-184000000.0,-162000000.0,-634000000.0,0.0,224000000.0,0.0,361000000.0,361000000.0,361000000.0,0.0,0.0,0.095,760000000.0,685000000.0,1079000000.0,0.512,1.265,12.765,12.804,28682000000.0,0.0,53.65,1.213,1.213,2232000000.0,,3789000000.0,3789000000.0,0.0,,,,,0.0,0.0,1.0,292902495.0,292900000.0,294100000.0,12.936,40048000000.0,82000000.0,198000000.0,8662000000.0,136.729,-92000000.0
30,ED,MRQ,2013-12-31,2013-12-31,2013-12-31,2021-08-30,0.0,40647000000.0,,3891000000.0,36756000000.0,,41.806,-514000000.0,674000000.0,674000000.0,1666000000.0,234000000.0,0.823,2.319,12425000000.0,1936000000.0,10489000000.0,12425000000.0,0.0,260000000.0,321000000.0,0.045,0.615,481000000.0,741000000.0,0.258,741000000.0,481000000.0,337000000.0,0.79,0.8,0.79,12245000000.0,,12245000000.0,28314859254.0,13.0,8.63,800000000.0,2.731,1.0,1201000000.0,0.419,433000000.0,144000000.0,47235000000.0,,363000000.0,461000000.0,0.0,461000000.0,28402000000.0,4730000000.0,23672000000.0,16190859254.0,600000000.0,-175000000.0,-4000000.0,235000000.0,-181000000.0,50000000.0,-764000000.0,0.0,1314000000.0,0.0,234000000.0,234000000.0,234000000.0,0.0,0.0,0.082,724000000.0,477000000.0,1017000000.0,0.778,1.322,15.246,15.271,28436000000.0,0.0,55.28,1.311,1.311,2005000000.0,,2867000000.0,2867000000.0,0.0,,,,,0.0,0.0,1.0,292888192.0,292900000.0,294700000.0,9.788,40214000000.0,122000000.0,103000000.0,8942000000.0,137.296,-839000000.0
31,ED,MRQ,2013-09-30,2013-09-30,2013-09-30,2021-08-30,0.0,41964000000.0,,3704000000.0,38260000000.0,,41.536,-779000000.0,74000000.0,74000000.0,1871000000.0,464000000.0,0.847,2.449,12198000000.0,1703000000.0,10495000000.0,12198000000.0,0.0,258000000.0,316000000.0,0.044,0.615,860000000.0,1118000000.0,0.321,1118000000.0,860000000.0,714000000.0,1.58,1.58,1.58,12166000000.0,,12166000000.0,27781011485.0,12.0,8.572,-406000000.0,-1.386,1.0,1613000000.0,0.463,433000000.0,146000000.0,49282000000.0,,368000000.0,444000000.0,0.0,444000000.0,29798000000.0,4373000000.0,25425000000.0,16149011485.0,-673000000.0,0.0,-2000000.0,-181000000.0,-180000000.0,-363000000.0,-683000000.0,0.0,373000000.0,0.0,464000000.0,464000000.0,464000000.0,0.0,0.0,0.133,758000000.0,855000000.0,925000000.0,0.389,1.327,15.603,15.62,27955000000.0,0.0,55.14,1.304,1.304,1955000000.0,,3484000000.0,3484000000.0,0.0,,,,,0.0,0.0,1.0,292872896.0,292900000.0,294300000.0,11.895,41531000000.0,186000000.0,250000000.0,8868000000.0,141.792,-669000000.0
32,ED,MRQ,2013-06-30,2013-06-30,2013-06-30,2021-08-30,0.0,41922000000.0,,4103000000.0,37819000000.0,,40.57,-616000000.0,747000000.0,747000000.0,1720000000.0,172000000.0,0.911,2.528,12379000000.0,1883000000.0,10496000000.0,12379000000.0,0.0,255000000.0,310000000.0,0.042,0.615,388000000.0,643000000.0,0.228,643000000.0,388000000.0,237000000.0,0.59,0.59,0.59,11883000000.0,,11883000000.0,28928674971.0,13.0,8.995,333000000.0,1.137,1.0,1098000000.0,0.39,433000000.0,151000000.0,48617000000.0,,321000000.0,313000000.0,0.0,313000000.0,30039000000.0,4504000000.0,25535000000.0,17078674971.0,615000000.0,0.0,-1000000.0,396000000.0,-180000000.0,215000000.0,-549000000.0,0.0,949000000.0,0.0,172000000.0,172000000.0,172000000.0,0.0,0.0,0.061,712000000.0,386000000.0,997000000.0,1.042,1.437,16.893,16.901,27542000000.0,0.0,58.31,1.384,1.384,2008000000.0,,2818000000.0,2818000000.0,0.0,,,,,0.0,0.0,1.0,292894443.0,292900000.0,294300000.0,9.621,41489000000.0,283000000.0,65000000.0,8618000000.0,141.649,-401000000.0
33,ED,MRQ,2013-03-31,2013-03-31,2013-03-31,2021-08-30,0.0,41736000000.0,,3934000000.0,37802000000.0,,40.591,-629000000.0,132000000.0,132000000.0,1934000000.0,192000000.0,0.927,2.51,11982000000.0,1426000000.0,10556000000.0,11982000000.0,0.0,251000000.0,307000000.0,0.04,0.615,528000000.0,779000000.0,0.245,779000000.0,528000000.0,249000000.0,0.66,0.65,0.66,11889000000.0,,11889000000.0,28789307478.0,12.0,8.772,-713000000.0,-2.434,1.0,1250000000.0,0.393,431000000.0,279000000.0,48912000000.0,,270000000.0,351000000.0,0.0,351000000.0,29847000000.0,4243000000.0,25604000000.0,17874307478.0,-262000000.0,0.0,-1000000.0,666000000.0,-180000000.0,485000000.0,-663000000.0,0.0,-84000000.0,0.0,192000000.0,192000000.0,192000000.0,0.0,0.0,0.06,724000000.0,526000000.0,1065000000.0,0.932,1.503,16.975,17.0,27283000000.0,0.0,61.03,1.454,1.454,1969000000.0,,3184000000.0,3184000000.0,0.0,,,,,0.0,0.0,1.0,292877396.0,292900000.0,294200000.0,10.871,41305000000.0,440000000.0,57000000.0,8711000000.0,141.021,-309000000.0
34,ED,MRQ,2012-12-31,2012-12-31,2012-12-31,2021-08-30,0.0,41209000000.0,,3451000000.0,37758000000.0,,40.522,-602000000.0,394000000.0,394000000.0,1737000000.0,207000000.0,0.875,2.472,11309000000.0,1245000000.0,10064000000.0,11309000000.0,0.0,246000000.0,304000000.0,0.044,0.605,455000000.0,701000000.0,0.242,701000000.0,455000000.0,306000000.0,0.7,0.7,0.7,11869000000.0,,11869000000.0,27308160644.0,12.0,8.275,359000000.0,1.226,1.0,1164000000.0,0.401,431000000.0,149000000.0,47748000000.0,,330000000.0,467000000.0,0.0,467000000.0,29340000000.0,3945000000.0,25395000000.0,16266160644.0,325000000.0,0.0,7000000.0,198000000.0,-185000000.0,20000000.0,-656000000.0,0.0,961000000.0,0.0,207000000.0,207000000.0,207000000.0,0.0,0.0,0.071,711000000.0,453000000.0,1215000000.0,0.864,1.37,14.294,14.314,26939000000.0,0.0,55.54,1.335,1.335,1966000000.0,,2901000000.0,2901000000.0,0.0,,,,,0.0,0.0,1.0,292872896.0,292900000.0,294200000.0,9.904,40778000000.0,296000000.0,99000000.0,8534000000.0,139.222,-494000000.0
35,ED,MRQ,2012-09-30,2012-09-30,2012-09-30,2021-08-30,0.0,39633000000.0,,3240000000.0,36393000000.0,,40.43,-703000000.0,69000000.0,69000000.0,1871000000.0,440000000.0,0.87,2.347,11111000000.0,1270000000.0,9841000000.0,11111000000.0,0.0,240000000.0,308000000.0,0.04,0.605,853000000.0,1093000000.0,0.318,1093000000.0,853000000.0,701000000.0,1.5,1.49,1.5,11842000000.0,,11842000000.0,28033325596.0,12.0,8.531,-312000000.0,-1.065,1.0,1567000000.0,0.456,432000000.0,152000000.0,46519000000.0,,355000000.0,462000000.0,0.0,462000000.0,27791000000.0,3724000000.0,24067000000.0,17541325596.0,-1312000000.0,-28000000.0,-4000000.0,-762000000.0,-175000000.0,-941000000.0,-762000000.0,0.0,391000000.0,0.0,440000000.0,440000000.0,440000000.0,0.0,0.0,0.128,716000000.0,851000000.0,968000000.0,0.403,1.481,15.634,15.637,26324000000.0,0.0,59.89,1.438,1.438,1986000000.0,,3438000000.0,3438000000.0,0.0,,,,,0.0,0.0,1.0,292892396.0,292900000.0,294600000.0,11.738,39201000000.0,113000000.0,261000000.0,8134000000.0,133.837,-484000000.0
36,ED,MRQ,2012-06-30,2012-06-30,2012-06-30,2021-08-30,0.0,40049000000.0,,4102000000.0,35947000000.0,,39.532,-593000000.0,1381000000.0,1381000000.0,1627000000.0,214000000.0,0.937,2.459,11873000000.0,2031000000.0,9842000000.0,11873000000.0,0.0,236000000.0,308000000.0,0.039,0.605,473000000.0,709000000.0,0.256,709000000.0,473000000.0,320000000.0,0.73,0.73,0.73,11579000000.0,,11579000000.0,28519715992.0,13.0,8.997,252000000.0,0.86,1.0,1144000000.0,0.413,432000000.0,153000000.0,45729000000.0,,337000000.0,451000000.0,0.0,451000000.0,28470000000.0,4380000000.0,24090000000.0,18215715992.0,612000000.0,1000000.0,-4000000.0,799000000.0,-174000000.0,382000000.0,-615000000.0,0.0,845000000.0,0.0,214000000.0,214000000.0,214000000.0,0.0,0.0,0.077,669000000.0,475000000.0,813000000.0,0.829,1.573,17.104,17.085,25734000000.0,0.0,62.19,1.47,1.47,1755000000.0,,2771000000.0,2771000000.0,0.0,,,,,0.0,0.0,1.0,292904261.0,292900000.0,294400000.0,9.461,39617000000.0,136000000.0,106000000.0,7897000000.0,135.258,-278000000.0
37,ED,MRQ,2012-03-31,2012-03-31,2012-03-31,2021-08-30,0.0,39701000000.0,,3904000000.0,35797000000.0,,39.416,-480000000.0,769000000.0,769000000.0,1834000000.0,280000000.0,1.017,2.439,11073000000.0,1030000000.0,10043000000.0,11073000000.0,0.0,233000000.0,306000000.0,0.041,0.605,564000000.0,797000000.0,0.259,797000000.0,564000000.0,414000000.0,0.95,0.94,0.95,11545000000.0,,11545000000.0,27137086463.0,12.0,8.802,-78000000.0,-0.266,1.0,1244000000.0,0.404,432000000.0,150000000.0,45733000000.0,,325000000.0,440000000.0,0.0,440000000.0,28156000000.0,3840000000.0,24316000000.0,17110086463.0,121000000.0,27000000.0,-8000000.0,395000000.0,-175000000.0,209000000.0,-490000000.0,0.0,402000000.0,0.0,280000000.0,277000000.0,277000000.0,0.0,0.0,0.09,683000000.0,561000000.0,844000000.0,0.637,1.482,16.841,16.787,25353000000.0,3000000.0,58.42,1.356,1.357,1697000000.0,,3078000000.0,3078000000.0,0.0,,,,,0.0,0.0,1.0,292880631.0,292900000.0,294500000.0,10.509,39269000000.0,285000000.0,134000000.0,7941000000.0,134.07,64000000.0
38,ED,MRQ,2011-12-31,2011-12-31,2011-12-31,2021-08-30,0.0,39214000000.0,,3638000000.0,35576000000.0,,39.771,-526000000.0,648000000.0,648000000.0,1825000000.0,193000000.0,1.218,2.366,10675000000.0,530000000.0,10145000000.0,10675000000.0,0.0,225000000.0,303000000.0,0.039,0.6,462000000.0,687000000.0,0.236,687000000.0,462000000.0,316000000.0,0.65,0.65,0.65,11649000000.0,,11649000000.0,28446875191.0,13.0,9.06,450000000.0,1.536,1.0,1089000000.0,0.374,432000000.0,146000000.0,45822000000.0,,356000000.0,455000000.0,0.0,455000000.0,27565000000.0,2987000000.0,24578000000.0,18168875191.0,250000000.0,31000000.0,-10000000.0,-1000000.0,-174000000.0,-187000000.0,-539000000.0,0.0,976000000.0,0.0,193000000.0,191000000.0,191000000.0,0.0,0.0,0.066,631000000.0,458000000.0,955000000.0,0.923,1.56,17.287,17.279,25093000000.0,2000000.0,62.03,1.41,1.409,1900000000.0,,2914000000.0,2914000000.0,0.0,,,,,0.0,0.0,1.0,292904646.0,292900000.0,295000000.0,9.949,38782000000.0,266000000.0,123000000.0,7751000000.0,132.407,651000000.0
39,ED,MRQ,2011-09-30,2011-09-30,2011-09-30,2021-08-30,0.0,36535000000.0,,3458000000.0,33077000000.0,,39.833,-459000000.0,398000000.0,398000000.0,2168000000.0,386000000.0,1.169,2.131,10676000000.0,305000000.0,10371000000.0,10676000000.0,0.0,222000000.0,302000000.0,0.042,0.6,755000000.0,977000000.0,0.269,977000000.0,755000000.0,611000000.0,1.31,1.3,1.31,11667000000.0,,11667000000.0,26885783590.0,12.0,8.484,113000000.0,0.386,1.0,1461000000.0,0.403,432000000.0,144000000.0,43422000000.0,,375000000.0,474000000.0,0.0,474000000.0,24868000000.0,2959000000.0,21909000000.0,16699783590.0,-94000000.0,19000000.0,-8000000.0,0.0,-173000000.0,-184000000.0,-482000000.0,0.0,572000000.0,0.0,386000000.0,383000000.0,383000000.0,0.0,0.0,0.106,705000000.0,756000000.0,1062000000.0,0.458,1.431,15.293,15.205,24698000000.0,3000000.0,57.02,1.274,1.274,1953000000.0,,3629000000.0,3629000000.0,0.0,,,,,0.0,0.0,1.0,292875896.0,292900000.0,294600000.0,12.39,36103000000.0,0.0,225000000.0,7276000000.0,123.26,499000000.0
40,ED,MRQ,2011-06-30,2011-06-30,2011-06-30,2021-08-30,0.0,36019000000.0,,3209000000.0,32810000000.0,,39.166,-585000000.0,492000000.0,492000000.0,1931000000.0,168000000.0,1.298,2.142,10678000000.0,5000000.0,10673000000.0,10678000000.0,0.0,219000000.0,299000000.0,0.045,0.6,403000000.0,622000000.0,0.208,622000000.0,403000000.0,251000000.0,0.57,0.56,0.57,11464000000.0,,11464000000.0,26204826952.0,12.0,8.404,642000000.0,2.193,1.0,1062000000.0,0.355,432000000.0,152000000.0,43300000000.0,,310000000.0,510000000.0,84000000.0,426000000.0,24555000000.0,2473000000.0,22082000000.0,15576826952.0,-24000000.0,-10000000.0,24000000.0,-466000000.0,-173000000.0,-618000000.0,-633000000.0,0.0,1227000000.0,0.0,168000000.0,165000000.0,165000000.0,0.0,0.0,0.055,664000000.0,398000000.0,1033000000.0,1.053,1.359,14.709,14.467,24414000000.0,3000000.0,53.24,1.181,1.182,1870000000.0,,2993000000.0,2993000000.0,0.0,,,,,0.0,0.0,1.0,292577516.0,292700000.0,294300000.0,10.225,35587000000.0,0.0,83000000.0,7009000000.0,121.582,736000000.0
41,ED,MRQ,2011-03-31,2011-03-31,2011-03-31,2021-08-30,0.0,36186000000.0,,3590000000.0,32596000000.0,,39.192,-417000000.0,516000000.0,516000000.0,2047000000.0,314000000.0,1.342,2.162,11144000000.0,469000000.0,10675000000.0,11144000000.0,0.0,218000000.0,296000000.0,0.047,0.6,635000000.0,853000000.0,0.255,853000000.0,635000000.0,483000000.0,1.07,1.06,1.07,11444000000.0,,11444000000.0,25153663166.0,11.0,7.99,-55000000.0,-0.188,1.0,1302000000.0,0.389,432000000.0,152000000.0,43706000000.0,,245000000.0,413000000.0,0.0,413000000.0,24742000000.0,2676000000.0,22066000000.0,14808663166.0,178000000.0,-40000000.0,25000000.0,463000000.0,-173000000.0,312000000.0,-496000000.0,0.0,362000000.0,0.0,314000000.0,311000000.0,311000000.0,0.0,0.0,0.093,676000000.0,626000000.0,967000000.0,0.561,1.294,13.75,13.489,24068000000.0,3000000.0,50.72,1.121,1.121,1922000000.0,,3349000000.0,3349000000.0,0.0,,,,,0.0,0.0,1.0,291968911.0,292000000.0,293600000.0,11.469,35754000000.0,0.0,169000000.0,6941000000.0,122.445,914000000.0
42,ED,MRQ,2010-12-31,2010-12-31,2010-12-31,2021-08-30,0.0,36348000000.0,,3669000000.0,32679000000.0,,38.796,-553000000.0,338000000.0,338000000.0,1993000000.0,235000000.0,1.45,2.224,10683000000.0,5000000.0,10678000000.0,10683000000.0,0.0,214000000.0,289000000.0,0.048,0.595,503000000.0,717000000.0,0.228,717000000.0,503000000.0,350000000.0,0.8,0.79,0.8,11274000000.0,,11274000000.0,25729874180.0,12.0,8.577,854000000.0,2.939,1.0,1147000000.0,0.365,432000000.0,153000000.0,43731000000.0,,348000000.0,403000000.0,0.0,403000000.0,25074000000.0,2530000000.0,22544000000.0,14401874180.0,140000000.0,3000000.0,361000000.0,-856000000.0,-161000000.0,-658000000.0,-609000000.0,0.0,1407000000.0,0.0,235000000.0,233000000.0,233000000.0,0.0,0.0,0.074,654000000.0,493000000.0,1151000000.0,0.744,1.277,14.518,14.203,23863000000.0,2000000.0,49.57,1.081,1.058,2099000000.0,,3140000000.0,3140000000.0,0.0,,,,,0.0,0.0,1.0,290536094.0,290600000.0,292500000.0,10.805,35916000000.0,162000000.0,115000000.0,6859000000.0,123.593,1139000000.0
43,ED,MRQ,2010-09-30,2010-09-30,2010-09-30,2021-08-30,0.0,35452000000.0,,3890000000.0,31562000000.0,,38.314,-511000000.0,198000000.0,198000000.0,2342000000.0,353000000.0,1.236,2.27,11526000000.0,851000000.0,10675000000.0,11526000000.0,0.0,211000000.0,283000000.0,0.049,0.595,715000000.0,926000000.0,0.25,926000000.0,715000000.0,558000000.0,1.24,1.23,1.24,10843000000.0,,10843000000.0,24470520103.0,12.0,8.395,-332000000.0,-1.173,1.0,1365000000.0,0.368,432000000.0,157000000.0,43201000000.0,,364000000.0,391000000.0,0.0,391000000.0,24609000000.0,3147000000.0,21462000000.0,13628520103.0,20000000.0,-15000000.0,53000000.0,507000000.0,-157000000.0,400000000.0,-559000000.0,0.0,179000000.0,0.0,353000000.0,350000000.0,350000000.0,0.0,0.0,0.094,660000000.0,705000000.0,1068000000.0,0.48,1.257,14.182,14.099,23469000000.0,3000000.0,48.22,1.013,1.014,2211000000.0,,3707000000.0,3707000000.0,0.0,,,,,0.0,0.0,1.0,282632105.0,283000000.0,284600000.0,13.099,35020000000.0,0.0,205000000.0,6344000000.0,123.746,743000000.0
44,ED,MRQ,2010-06-30,2010-06-30,2010-06-30,2021-08-30,0.0,34389000000.0,,3158000000.0,31231000000.0,,37.564,-519000000.0,178000000.0,178000000.0,1972000000.0,186000000.0,1.181,2.246,11020000000.0,458000000.0,10562000000.0,11020000000.0,0.0,211000000.0,279000000.0,0.055,0.595,441000000.0,652000000.0,0.216,652000000.0,441000000.0,292000000.0,0.65,0.64,0.65,10593000000.0,,10593000000.0,23092948290.0,11.0,8.024,275000000.0,0.975,1.0,1045000000.0,0.346,423000000.0,149000000.0,42133000000.0,,328000000.0,402000000.0,0.0,402000000.0,23796000000.0,2675000000.0,21121000000.0,12152948290.0,91000000.0,0.0,11000000.0,-8000000.0,-156000000.0,-156000000.0,-547000000.0,0.0,794000000.0,0.0,186000000.0,183000000.0,183000000.0,0.0,0.0,0.061,616000000.0,429000000.0,1094000000.0,0.915,1.147,12.833,12.676,23097000000.0,3000000.0,43.1,0.918,0.918,2117000000.0,,3017000000.0,3017000000.0,0.0,,,,,0.0,0.0,1.0,281970958.0,282000000.0,283500000.0,10.699,33966000000.0,0.0,106000000.0,5815000000.0,120.447,483000000.0
45,ED,MRQ,2010-03-31,2010-03-31,2010-03-31,2021-08-30,0.0,34449000000.0,,3386000000.0,31063000000.0,,37.498,-431000000.0,87000000.0,87000000.0,2338000000.0,229000000.0,0.962,2.265,11027000000.0,1161000000.0,9866000000.0,11027000000.0,0.0,204000000.0,276000000.0,0.053,0.595,500000000.0,704000000.0,0.203,704000000.0,500000000.0,351000000.0,0.8,0.8,0.8,10552000000.0,,10552000000.0,22870390242.0,11.0,8.136,-430000000.0,-1.528,1.0,1124000000.0,0.325,423000000.0,149000000.0,41448000000.0,,303000000.0,381000000.0,0.0,381000000.0,23897000000.0,3518000000.0,20379000000.0,12531390242.0,-173000000.0,0.0,14000000.0,430000000.0,-155000000.0,286000000.0,-460000000.0,0.0,1000000.0,0.0,229000000.0,226000000.0,226000000.0,0.0,0.0,0.065,632000000.0,492000000.0,978000000.0,0.744,1.188,13.71,13.497,22739000000.0,3000000.0,44.54,0.959,0.959,1996000000.0,,3462000000.0,3462000000.0,0.0,,,,,0.0,0.0,1.0,281351375.0,281400000.0,282700000.0,12.303,34026000000.0,0.0,122000000.0,5961000000.0,120.917,-132000000.0
46,ED,MRQ,2009-12-31,2009-12-31,2009-12-31,2021-08-30,0.0,33844000000.0,,3214000000.0,30630000000.0,,37.728,-650000000.0,260000000.0,260000000.0,2249000000.0,204000000.0,1.093,2.235,10599000000.0,731000000.0,9868000000.0,10599000000.0,0.0,202000000.0,274000000.0,0.052,0.59,431000000.0,633000000.0,0.193,633000000.0,431000000.0,275000000.0,0.73,0.72,0.73,10462000000.0,,10462000000.0,23213596336.0,12.0,8.531,347000000.0,1.251,1.0,1025000000.0,0.313,420000000.0,156000000.0,40823000000.0,,355000000.0,385000000.0,0.0,385000000.0,23382000000.0,2940000000.0,20442000000.0,12515596336.0,185000000.0,0.0,232000000.0,-177000000.0,-151000000.0,-98000000.0,-714000000.0,0.0,997000000.0,0.0,204000000.0,202000000.0,202000000.0,0.0,0.0,0.062,602000000.0,423000000.0,1173000000.0,0.808,1.196,14.419,14.377,22464000000.0,2000000.0,45.43,0.96,0.959,2005000000.0,,3274000000.0,3274000000.0,0.0,,,,,0.0,0.0,1.0,275491885.0,277300000.0,279000000.0,11.807,33424000000.0,0.0,71000000.0,5660000000.0,120.534,274000000.0
47,ED,MRQ,2009-09-30,2009-09-30,2009-09-30,2021-08-30,0.0,34212000000.0,,3227000000.0,30985000000.0,,36.143,-492000000.0,75000000.0,75000000.0,2186000000.0,339000000.0,0.919,2.441,10773000000.0,1397000000.0,9376000000.0,10773000000.0,0.0,200000000.0,271000000.0,0.058,0.59,689000000.0,889000000.0,0.255,889000000.0,689000000.0,534000000.0,1.22,1.22,1.22,9943000000.0,,9943000000.0,20425895726.0,11.0,7.667,-466000000.0,-1.694,1.0,1303000000.0,0.373,420000000.0,155000000.0,40978000000.0,,398000000.0,371000000.0,0.0,371000000.0,24269000000.0,3512000000.0,20757000000.0,11257895726.0,-236000000.0,0.0,10000000.0,408000000.0,-150000000.0,265000000.0,-527000000.0,0.0,26000000.0,0.0,339000000.0,336000000.0,336000000.0,0.0,0.0,0.096,618000000.0,685000000.0,928000000.0,0.484,1.132,13.629,13.601,21949000000.0,3000000.0,40.94,0.883,0.883,1753000000.0,,3489000000.0,3489000000.0,0.0,,,,,0.0,0.0,1.0,274985240.0,275100000.0,276000000.0,12.683,33792000000.0,0.0,195000000.0,5521000000.0,122.835,-285000000.0
48,ED,MRQ,2009-06-30,2009-06-30,2009-06-30,2021-08-30,0.0,30444000000.0,,2312000000.0,28132000000.0,,32.783,-554000000.0,290000000.0,290000000.0,1909000000.0,153000000.0,1.066,2.383,9458000000.0,525000000.0,8933000000.0,9458000000.0,0.0,197000000.0,253000000.0,0.063,0.59,388000000.0,585000000.0,0.206,585000000.0,388000000.0,233000000.0,0.55,0.55,0.55,8999000000.0,,8999000000.0,20316119996.0,13.0,8.569,244000000.0,0.889,1.0,936000000.0,0.329,0.0,155000000.0,37443000000.0,,314000000.0,105000000.0,0.0,105000000.0,21445000000.0,2169000000.0,19276000000.0,10268119996.0,-340000000.0,0.0,7000000.0,-399000000.0,-150000000.0,-545000000.0,-593000000.0,0.0,798000000.0,0.0,153000000.0,150000000.0,150000000.0,0.0,0.0,0.053,564000000.0,372000000.0,736000000.0,1.073,1.141,15.28,15.273,20360000000.0,3000000.0,37.42,0.782,0.783,1301000000.0,,2845000000.0,2845000000.0,0.0,,,,,0.0,0.0,1.0,274401924.0,274500000.0,275300000.0,10.364,30444000000.0,0.0,80000000.0,4964000000.0,110.907,143000000.0
49,ED,MRQ,2009-03-31,2009-03-31,2009-03-31,2021-08-30,0.0,34224000000.0,,3748000000.0,30476000000.0,,35.549,-483000000.0,651000000.0,651000000.0,2453000000.0,183000000.0,1.324,2.515,10699000000.0,704000000.0,9995000000.0,10699000000.0,0.0,192000000.0,268000000.0,0.059,0.59,421000000.0,613000000.0,0.179,613000000.0,421000000.0,277000000.0,0.66,0.66,0.66,9737000000.0,,9737000000.0,20867136906.0,10.0,7.332,162000000.0,0.591,1.0,970000000.0,0.283,417000000.0,144000000.0,41024000000.0,,334000000.0,349000000.0,0.0,349000000.0,24487000000.0,2831000000.0,21656000000.0,10847136906.0,577000000.0,0.0,8000000.0,603000000.0,-150000000.0,458000000.0,-526000000.0,0.0,645000000.0,0.0,183000000.0,180000000.0,180000000.0,0.0,0.0,0.053,551000000.0,419000000.0,911000000.0,0.894,1.114,10.1,10.105,21206000000.0,3000000.0,39.61,0.808,0.808,1720000000.0,,3423000000.0,3423000000.0,0.0,,,,,0.0,0.0,1.0,273848445.0,273900000.0,274500000.0,12.497,33807000000.0,0.0,94000000.0,5341000000.0,123.428,917000000.0
50,ED,MRQ,2008-12-31,2008-12-31,2008-12-31,2021-08-30,0.0,33498000000.0,,3369000000.0,30129000000.0,,36.238,-726000000.0,74000000.0,74000000.0,2100000000.0,162000000.0,1.051,2.38,10094000000.0,845000000.0,9249000000.0,10094000000.0,0.0,186000000.0,265000000.0,0.06,0.585,391000000.0,577000000.0,0.192,577000000.0,391000000.0,240000000.0,0.58,0.58,0.58,9911000000.0,,9911000000.0,20334401729.0,9.0,6.796,-136000000.0,-0.497,1.0,899000000.0,0.3,416000000.0,151000000.0,39897000000.0,,516000000.0,356000000.0,0.0,356000000.0,23587000000.0,3205000000.0,20382000000.0,10652401729.0,6000000.0,0.0,14000000.0,356000000.0,-160000000.0,199000000.0,-783000000.0,0.0,590000000.0,0.0,162000000.0,160000000.0,160000000.0,266000000.0,0.0,0.053,517000000.0,382000000.0,1161000000.0,1.009,1.075,8.907,8.888,20874000000.0,2000000.0,38.93,0.784,0.782,1423000000.0,,2999000000.0,2999000000.0,0.0,,,,,0.0,0.0,1.0,273629636.0,273500000.0,274500000.0,10.965,33082000000.0,0.0,78000000.0,5244000000.0,120.958,164000000.0
51,ED,MRQ,2008-09-30,2008-09-30,2008-09-30,2021-08-30,0.0,29322000000.0,,3352000000.0,25970000000.0,,35.589,-535000000.0,69000000.0,69000000.0,2917000000.0,185000000.0,1.112,2.016,9751000000.0,884000000.0,8867000000.0,9751000000.0,0.0,184000000.0,262000000.0,0.054,0.585,412000000.0,596000000.0,0.154,596000000.0,412000000.0,273000000.0,0.66,0.66,0.66,9723000000.0,,9723000000.0,19458279603.0,8.0,6.435,-1775000000.0,-6.497,1.0,941000000.0,0.244,416000000.0,139000000.0,35574000000.0,,578000000.0,374000000.0,0.0,374000000.0,19599000000.0,3014000000.0,16585000000.0,11736279603.0,-1689000000.0,0.0,18000000.0,275000000.0,-160000000.0,133000000.0,-582000000.0,0.0,-1240000000.0,0.0,185000000.0,182000000.0,182000000.0,0.0,0.0,0.047,538000000.0,403000000.0,1032000000.0,0.886,1.207,9.434,9.442,20286000000.0,3000000.0,42.96,0.85,0.85,1553000000.0,,3858000000.0,3858000000.0,0.0,,,,,0.0,0.0,1.0,273190866.0,273200000.0,273800000.0,14.122,28906000000.0,0.0,88000000.0,5264000000.0,105.805,338000000.0
52,ED,MRQ,2008-06-30,2008-06-30,2008-06-30,2021-08-30,0.0,30254000000.0,,4531000000.0,25723000000.0,,35.497,916000000.0,1758000000.0,1758000000.0,2301000000.0,555000000.0,1.147,2.125,9480000000.0,659000000.0,8821000000.0,9480000000.0,0.0,182000000.0,260000000.0,0.06,0.585,878000000.0,1060000000.0,0.337,1060000000.0,878000000.0,750000000.0,2.02,2.02,2.02,9680000000.0,,9680000000.0,19875320170.0,8.0,6.284,1646000000.0,6.036,1.0,848000000.0,0.269,417000000.0,128000000.0,33610000000.0,,440000000.0,380000000.0,0.0,380000000.0,20574000000.0,3949000000.0,16625000000.0,10657320170.0,1608000000.0,-12000000.0,7000000.0,157000000.0,-149000000.0,15000000.0,863000000.0,0.0,730000000.0,0.0,555000000.0,552000000.0,552000000.0,-272000000.0,0.0,0.175,250000000.0,598000000.0,1387000000.0,0.29,1.101,7.756,7.756,19929000000.0,3000000.0,39.09,0.788,0.788,1487000000.0,,3149000000.0,3149000000.0,0.0,,,,,0.0,0.0,1.0,272635461.0,272700000.0,273500000.0,11.547,29837000000.0,0.0,195000000.0,5230000000.0,109.413,582000000.0
53,ED,MRQ,2008-03-31,2008-03-31,2008-03-31,2021-08-30,0.0,28665000000.0,,2669000000.0,25996000000.0,,34.034,-504000000.0,145000000.0,145000000.0,2526000000.0,306000000.0,0.713,2.094,9363000000.0,1457000000.0,7906000000.0,9363000000.0,0.0,165000000.0,255000000.0,0.059,0.585,595000000.0,760000000.0,0.212,760000000.0,595000000.0,469000000.0,1.11,1.11,1.11,9264000000.0,,9264000000.0,19874922468.0,10.0,7.577,56000000.0,0.206,1.0,1051000000.0,0.294,410000000.0,126000000.0,33729000000.0,,318000000.0,376000000.0,0.0,376000000.0,19401000000.0,3744000000.0,15657000000.0,10803922468.0,-61000000.0,-20000000.0,12000000.0,85000000.0,-149000000.0,-52000000.0,-569000000.0,0.0,560000000.0,0.0,306000000.0,303000000.0,303000000.0,-3000000.0,0.0,0.085,514000000.0,537000000.0,1111000000.0,0.527,1.166,11.07,11.028,20285000000.0,3000000.0,39.7,0.81,0.81,1392000000.0,,3577000000.0,3577000000.0,0.0,,,,,0.0,0.0,1.0,272139105.0,272200000.0,273000000.0,13.141,28255000000.0,0.0,163000000.0,4964000000.0,103.802,-1075000000.0
54,ED,MRQ,2007-12-31,2007-12-31,2007-12-31,2021-08-30,0.0,28262000000.0,,2550000000.0,25712000000.0,,33.441,-573000000.0,210000000.0,210000000.0,2298000000.0,218000000.0,0.662,2.114,9282000000.0,1649000000.0,7633000000.0,9282000000.0,0.0,166000000.0,249000000.0,0.047,0.58,442000000.0,608000000.0,0.188,608000000.0,442000000.0,313000000.0,0.76,0.75,0.76,9076000000.0,,9076000000.0,22267547905.0,12.0,8.695,66000000.0,0.243,1.0,929000000.0,0.288,410000000.0,129000000.0,33073000000.0,,405000000.0,378000000.0,0.0,378000000.0,19186000000.0,3851000000.0,15335000000.0,13263547905.0,18000000.0,0.0,25000000.0,148000000.0,-147000000.0,15000000.0,-636000000.0,0.0,639000000.0,0.0,218000000.0,207000000.0,207000000.0,-1000000.0,0.0,0.064,499000000.0,430000000.0,1187000000.0,0.763,1.461,14.277,13.997,19914000000.0,11000000.0,48.85,1.011,0.992,1407000000.0,,3227000000.0,3227000000.0,0.0,,,,,0.0,0.0,1.0,271515822.0,271400000.0,271800000.0,11.89,27852000000.0,0.0,95000000.0,4732000000.0,102.623,-1301000000.0
55,ED,MRQ,2007-09-30,2007-09-30,2007-09-30,2021-08-30,0.0,27908000000.0,,2979000000.0,24929000000.0,,33.173,-467000000.0,209000000.0,209000000.0,2528000000.0,312000000.0,0.893,2.104,9213000000.0,1186000000.0,8027000000.0,9213000000.0,0.0,170000000.0,244000000.0,0.05,0.58,565000000.0,735000000.0,0.205,735000000.0,565000000.0,436000000.0,1.15,1.15,1.15,8990000000.0,,8990000000.0,20996154677.0,11.0,8.409,-361000000.0,-1.332,1.0,1051000000.0,0.294,480000000.0,129000000.0,33097000000.0,,464000000.0,378000000.0,0.0,378000000.0,18918000000.0,3335000000.0,15583000000.0,12546154677.0,6000000.0,0.0,9000000.0,557000000.0,-149000000.0,417000000.0,-517000000.0,0.0,106000000.0,0.0,312000000.0,312000000.0,312000000.0,-2000000.0,0.0,0.087,506000000.0,545000000.0,1102000000.0,0.504,1.396,13.593,13.191,19455000000.0,0.0,46.3,1.0,1.001,1477000000.0,,3579000000.0,3579000000.0,0.0,,,,,0.0,0.0,1.0,270975263.0,271000000.0,272000000.0,13.207,27428000000.0,0.0,124000000.0,4668000000.0,101.21,-356000000.0
56,ED,MRQ,2007-06-30,2007-06-30,2007-06-30,2021-08-30,0.0,27150000000.0,,2651000000.0,24499000000.0,,33.243,-450000000.0,203000000.0,203000000.0,2137000000.0,154000000.0,0.88,2.083,8653000000.0,851000000.0,7802000000.0,8653000000.0,0.0,167000000.0,240000000.0,0.051,0.58,353000000.0,520000000.0,0.176,520000000.0,353000000.0,225000000.0,0.58,0.58,0.58,8806000000.0,,8806000000.0,20466725378.0,11.0,8.395,-107000000.0,-0.404,1.0,820000000.0,0.277,483000000.0,128000000.0,32103000000.0,,381000000.0,381000000.0,0.0,381000000.0,18344000000.0,3014000000.0,15330000000.0,11706725378.0,29000000.0,0.0,597000000.0,-290000000.0,-146000000.0,161000000.0,-475000000.0,0.0,343000000.0,0.0,154000000.0,154000000.0,154000000.0,-3000000.0,0.0,0.052,477000000.0,343000000.0,1119000000.0,1.0,1.329,13.903,13.714,19097000000.0,0.0,45.12,0.944,0.964,1451000000.0,,2957000000.0,2957000000.0,0.0,,,,,0.0,0.0,1.0,259457566.0,264900000.0,266200000.0,11.163,26667000000.0,0.0,71000000.0,4386000000.0,100.668,-363000000.0
57,ED,MRQ,2007-03-31,2007-03-31,2007-03-31,2021-08-30,0.0,26703000000.0,,2730000000.0,23973000000.0,,31.81,-414000000.0,183000000.0,183000000.0,2341000000.0,256000000.0,0.872,2.254,8943000000.0,1125000000.0,7818000000.0,8943000000.0,0.0,164000000.0,235000000.0,0.045,0.58,535000000.0,699000000.0,0.208,699000000.0,535000000.0,404000000.0,0.99,0.99,0.99,8207000000.0,,8207000000.0,21858459854.0,12.0,9.165,64000000.0,0.248,1.0,1016000000.0,0.303,483000000.0,131000000.0,31849000000.0,,301000000.0,372000000.0,0.0,372000000.0,18496000000.0,3131000000.0,15365000000.0,13155459854.0,63000000.0,0.0,54000000.0,129000000.0,-140000000.0,43000000.0,-458000000.0,0.0,478000000.0,0.0,256000000.0,256000000.0,256000000.0,2000000.0,0.0,0.076,486000000.0,530000000.0,1014000000.0,0.586,1.603,16.201,15.907,18770000000.0,0.0,51.06,1.096,1.098,1508000000.0,,3357000000.0,3357000000.0,0.0,,,,,0.0,0.0,1.0,257647079.0,258000000.0,259100000.0,13.012,26220000000.0,0.0,148000000.0,4441000000.0,101.628,-401000000.0
58,ED,MRQ,2006-12-31,2006-12-31,2006-12-31,2021-08-30,0.0,26699000000.0,,2937000000.0,23762000000.0,,31.241,-542000000.0,112000000.0,112000000.0,1822000000.0,201000000.0,1.023,2.336,8815000000.0,491000000.0,8324000000.0,8815000000.0,0.0,160000000.0,228000000.0,0.048,0.575,383000000.0,543000000.0,0.205,543000000.0,383000000.0,290000000.0,0.79,0.79,0.79,8004000000.0,,8004000000.0,21059091522.0,13.0,9.335,166000000.0,0.648,1.0,826000000.0,0.312,486000000.0,93000000.0,32044000000.0,,466000000.0,366000000.0,0.0,366000000.0,18695000000.0,2872000000.0,15823000000.0,12344091522.0,-140000000.0,0.0,25000000.0,-156000000.0,-138000000.0,-269000000.0,-579000000.0,0.0,708000000.0,0.0,201000000.0,201000000.0,201000000.0,2000000.0,0.0,0.076,439000000.0,387000000.0,1126000000.0,0.728,1.542,16.749,16.24,18445000000.0,0.0,48.07,1.032,1.002,1596000000.0,,2648000000.0,2648000000.0,0.0,,,,,0.0,0.0,1.0,256794082.0,256200000.0,257200000.0,10.336,26213000000.0,0.0,89000000.0,4227000000.0,102.315,65000000.0
59,ED,MRQ,2006-09-30,2006-09-30,2006-09-30,2021-08-30,0.0,26141000000.0,,3408000000.0,22733000000.0,,31.839,-437000000.0,253000000.0,253000000.0,2443000000.0,231000000.0,1.094,2.297,8968000000.0,875000000.0,8093000000.0,8968000000.0,0.0,155000000.0,225000000.0,0.05,0.575,521000000.0,676000000.0,0.196,676000000.0,521000000.0,360000000.0,0.93,0.92,0.93,7928000000.0,,7928000000.0,19792758167.0,13.0,9.349,-594000000.0,-2.386,1.0,998000000.0,0.29,488000000.0,161000000.0,31254000000.0,,458000000.0,272000000.0,0.0,272000000.0,18213000000.0,3114000000.0,15099000000.0,11386758167.0,171000000.0,0.0,465000000.0,475000000.0,-132000000.0,808000000.0,-480000000.0,0.0,-157000000.0,0.0,231000000.0,231000000.0,231000000.0,0.0,0.0,0.067,483000000.0,515000000.0,934000000.0,0.618,1.436,16.894,16.923,18021000000.0,0.0,46.2,0.938,0.948,1384000000.0,,3441000000.0,3441000000.0,0.0,,,,,0.0,0.0,1.0,246466627.0,249000000.0,250000000.0,13.819,25653000000.0,0.0,129000000.0,4129000000.0,103.024,294000000.0
60,ED,MRQ,2006-06-30,2006-06-30,2006-06-30,2021-08-30,0.0,24654000000.0,,2410000000.0,22244000000.0,,29.992,-498000000.0,81000000.0,81000000.0,1790000000.0,124000000.0,0.989,2.343,8487000000.0,396000000.0,8091000000.0,8487000000.0,0.0,154000000.0,224000000.0,0.052,0.575,313000000.0,467000000.0,0.183,467000000.0,313000000.0,183000000.0,0.5,0.5,0.5,7375000000.0,,7375000000.0,18884271975.0,12.0,8.739,-285000000.0,-1.159,1.0,765000000.0,0.299,491000000.0,130000000.0,30131000000.0,,403000000.0,269000000.0,0.0,269000000.0,17279000000.0,2438000000.0,14841000000.0,10922271975.0,-114000000.0,0.0,10000000.0,326000000.0,-132000000.0,204000000.0,-531000000.0,0.0,213000000.0,0.0,124000000.0,124000000.0,124000000.0,2000000.0,0.0,0.049,452000000.0,313000000.0,963000000.0,1.15,1.481,15.003,14.963,17703000000.0,0.0,44.44,0.908,0.908,1177000000.0,,2555000000.0,2555000000.0,0.0,,,,,0.0,0.0,1.0,245775697.0,245900000.0,246700000.0,10.39,24163000000.0,0.0,59000000.0,3839000000.0,98.264,-28000000.0
61,ED,MRQ,2006-03-31,2006-03-31,2006-03-31,2021-08-30,0.0,24476000000.0,,2607000000.0,21869000000.0,,29.988,-316000000.0,200000000.0,200000000.0,2435000000.0,181000000.0,1.061,2.325,8162000000.0,358000000.0,7804000000.0,8162000000.0,0.0,151000000.0,224000000.0,0.053,0.575,420000000.0,571000000.0,0.172,571000000.0,420000000.0,294000000.0,0.74,0.74,0.74,7362000000.0,,7362000000.0,18785494971.0,12.0,8.92,274000000.0,1.116,1.0,882000000.0,0.266,494000000.0,126000000.0,29486000000.0,,334000000.0,267000000.0,0.0,267000000.0,17114000000.0,2458000000.0,14656000000.0,10676494971.0,96000000.0,39000000.0,10000000.0,-45000000.0,-131000000.0,-166000000.0,-328000000.0,0.0,590000000.0,0.0,181000000.0,181000000.0,181000000.0,-1000000.0,0.0,0.055,469000000.0,413000000.0,987000000.0,0.777,1.45,14.849,14.796,17321000000.0,0.0,43.5,0.9,0.9,1357000000.0,,3317000000.0,3317000000.0,0.0,,,,,0.0,0.0,1.0,245436666.0,245500000.0,246500000.0,13.511,23982000000.0,0.0,113000000.0,3868000000.0,97.686,149000000.0
62,ED,MRQ,2005-12-31,2005-12-31,2005-12-31,2021-08-30,0.0,24848000000.0,,3072000000.0,21776000000.0,,29.825,-568000000.0,96000000.0,96000000.0,2123000000.0,138000000.0,0.925,2.399,8205000000.0,777000000.0,7428000000.0,8205000000.0,0.0,150000000.0,229000000.0,0.049,0.57,253000000.0,403000000.0,0.143,403000000.0,253000000.0,174000000.0,0.56,0.56,0.56,7310000000.0,,7310000000.0,18897012969.0,13.0,9.116,-393000000.0,-1.603,1.0,697000000.0,0.247,496000000.0,79000000.0,29140000000.0,,425000000.0,345000000.0,0.0,345000000.0,17538000000.0,3321000000.0,14217000000.0,11349012969.0,-38000000.0,0.0,8000000.0,523000000.0,-131000000.0,400000000.0,-613000000.0,0.0,175000000.0,0.0,138000000.0,138000000.0,138000000.0,21000000.0,0.0,0.049,430000000.0,267000000.0,1234000000.0,1.018,1.553,15.784,15.705,17112000000.0,0.0,46.33,1.001,0.996,1489000000.0,,2820000000.0,2820000000.0,0.0,,,,,0.0,0.0,1.0,244960349.0,245100000.0,246200000.0,11.506,24352000000.0,0.0,36000000.0,3828000000.0,99.355,-249000000.0
63,ED,MRQ,2005-09-30,2005-09-30,2005-09-30,2021-08-30,0.0,24768000000.0,,3451000000.0,21317000000.0,,30.016,-344000000.0,139000000.0,139000000.0,2297000000.0,285000000.0,0.973,2.376,7687000000.0,595000000.0,7092000000.0,7687000000.0,0.0,147000000.0,228000000.0,0.047,0.57,573000000.0,720000000.0,0.216,720000000.0,573000000.0,453000000.0,1.17,1.16,1.17,7336000000.0,,7336000000.0,18895254984.0,14.0,9.71,233000000.0,0.953,1.0,1040000000.0,0.312,499000000.0,120000000.0,28269000000.0,,394000000.0,263000000.0,0.0,263000000.0,17432000000.0,3548000000.0,13884000000.0,11863254984.0,-699000000.0,0.0,29000000.0,-180000000.0,-130000000.0,-1015000000.0,-261000000.0,0.0,577000000.0,0.0,285000000.0,285000000.0,285000000.0,2000000.0,0.0,0.085,470000000.0,570000000.0,1189000000.0,0.487,1.617,18.801,18.745,16663000000.0,0.0,48.55,1.11,1.11,1347000000.0,,3337000000.0,3337000000.0,0.0,,,,,0.0,0.0,1.0,244351287.0,244400000.0,245400000.0,13.654,24269000000.0,0.0,168000000.0,4077000000.0,99.3,-97000000.0
64,ED,MRQ,2005-06-30,2005-06-30,2005-06-30,2021-08-30,0.0,24371000000.0,,3456000000.0,20915000000.0,,29.359,-126000000.0,836000000.0,836000000.0,1703000000.0,115000000.0,1.08,2.41,7868000000.0,647000000.0,7221000000.0,7868000000.0,0.0,146000000.0,228000000.0,0.048,0.57,266000000.0,412000000.0,0.172,412000000.0,266000000.0,152000000.0,0.47,0.47,0.47,7146000000.0,,7146000000.0,18389066913.0,14.0,9.839,-474000000.0,-1.947,1.0,692000000.0,0.289,502000000.0,114000000.0,27702000000.0,,268000000.0,260000000.0,0.0,260000000.0,17225000000.0,3199000000.0,14026000000.0,11387066913.0,341000000.0,0.0,31000000.0,355000000.0,-129000000.0,991000000.0,-302000000.0,0.0,-348000000.0,0.0,115000000.0,115000000.0,115000000.0,3000000.0,0.0,0.048,427000000.0,265000000.0,1685000000.0,1.213,1.593,19.235,19.197,16441000000.0,0.0,46.84,1.129,1.131,1016000000.0,,2395000000.0,2395000000.0,0.0,,,,,0.0,0.0,1.0,243105613.0,243400000.0,244200000.0,9.84,23869000000.0,0.0,37000000.0,3892000000.0,98.065,257000000.0
65,ED,MRQ,2005-03-31,2005-03-31,2005-03-31,2021-08-30,0.0,23430000000.0,,2384000000.0,21046000000.0,,29.415,-64000000.0,496000000.0,496000000.0,1997000000.0,181000000.0,1.079,2.282,7498000000.0,519000000.0,6979000000.0,7498000000.0,0.0,141000000.0,232000000.0,0.054,0.57,397000000.0,538000000.0,0.192,538000000.0,397000000.0,287000000.0,0.75,0.75,0.75,7139000000.0,,7139000000.0,17406490275.0,14.0,9.512,322000000.0,1.327,1.0,803000000.0,0.287,504000000.0,110000000.0,27718000000.0,,190000000.0,258000000.0,0.0,258000000.0,16291000000.0,2210000000.0,14081000000.0,10231490275.0,451000000.0,0.0,10000000.0,281000000.0,-128000000.0,163000000.0,-98000000.0,0.0,386000000.0,0.0,181000000.0,181000000.0,181000000.0,0.0,0.0,0.065,411000000.0,392000000.0,874000000.0,0.76,1.433,18.173,18.026,16336000000.0,0.0,42.18,1.039,1.039,1025000000.0,,2800000000.0,2800000000.0,0.0,,,,,0.0,0.0,1.0,242567337.0,242700000.0,243400000.0,11.537,22926000000.0,0.0,106000000.0,3890000000.0,94.462,174000000.0
66,ED,MRQ,2004-12-31,2004-12-31,2004-12-31,2021-08-30,0.0,22560000000.0,,1925000000.0,20635000000.0,,29.209,-398000000.0,44000000.0,44000000.0,1603000000.0,50000000.0,0.828,2.198,7219000000.0,625000000.0,6594000000.0,7219000000.0,0.0,135000000.0,232000000.0,0.052,0.565,141000000.0,276000000.0,0.128,276000000.0,141000000.0,28000000.0,0.2,0.19,0.2,7054000000.0,,7054000000.0,17745172306.0,14.0,9.837,116000000.0,0.48,1.0,550000000.0,0.255,506000000.0,113000000.0,26905000000.0,,325000000.0,257000000.0,0.0,257000000.0,15506000000.0,2324000000.0,13182000000.0,10588172306.0,-44000000.0,7000000.0,17000000.0,-26000000.0,-127000000.0,-136000000.0,-422000000.0,0.0,514000000.0,0.0,50000000.0,50000000.0,50000000.0,2000000.0,0.0,0.023,403000000.0,147000000.0,920000000.0,2.825,1.501,19.717,19.189,16088000000.0,0.0,43.75,1.088,1.06,1012000000.0,,2153000000.0,2153000000.0,0.0,,,,,0.0,0.0,1.0,242015367.0,241500000.0,241800000.0,8.915,22054000000.0,0.0,-22000000.0,3762000000.0,91.321,-399000000.0
67,ED,MRQ,2004-09-30,2004-09-30,2004-09-30,2021-08-30,0.0,22385000000.0,,2080000000.0,20305000000.0,,29.458,-339000000.0,88000000.0,88000000.0,1833000000.0,246000000.0,1.138,2.147,7245000000.0,292000000.0,6953000000.0,7245000000.0,0.0,141000000.0,231000000.0,0.054,0.565,502000000.0,643000000.0,0.235,643000000.0,502000000.0,393000000.0,1.02,1.01,1.02,7114000000.0,,7114000000.0,16981611517.0,12.0,8.868,-178000000.0,-0.737,1.0,901000000.0,0.33,509000000.0,109000000.0,27205000000.0,,337000000.0,254000000.0,0.0,254000000.0,15271000000.0,1828000000.0,13443000000.0,10150611517.0,-417000000.0,-2000000.0,11000000.0,-96000000.0,-127000000.0,-212000000.0,-366000000.0,0.0,161000000.0,0.0,246000000.0,246000000.0,246000000.0,4000000.0,0.0,0.09,418000000.0,483000000.0,867000000.0,0.554,1.427,18.902,18.358,15839000000.0,0.0,42.04,1.032,1.032,1118000000.0,,2734000000.0,2734000000.0,0.0,,,,,0.0,0.0,1.0,241451273.0,241500000.0,242200000.0,11.321,21876000000.0,0.0,147000000.0,3659000000.0,90.584,252000000.0
68,ED,MRQ,2004-06-30,2004-06-30,2004-06-30,2021-08-30,0.0,22224000000.0,,2091000000.0,20133000000.0,,29.889,-343000000.0,505000000.0,505000000.0,1538000000.0,86000000.0,1.085,2.178,7336000000.0,331000000.0,7005000000.0,7336000000.0,0.0,138000000.0,234000000.0,0.057,0.565,235000000.0,373000000.0,0.172,373000000.0,235000000.0,127000000.0,0.37,0.37,0.37,6994000000.0,,6994000000.0,16381300557.0,12.0,8.444,144000000.0,0.615,1.0,626000000.0,0.289,512000000.0,108000000.0,26615000000.0,,266000000.0,253000000.0,0.0,253000000.0,15230000000.0,1928000000.0,13302000000.0,9023300557.0,432000000.0,-3000000.0,525000000.0,-88000000.0,-118000000.0,319000000.0,-374000000.0,0.0,487000000.0,0.0,86000000.0,86000000.0,86000000.0,3000000.0,0.0,0.04,392000000.0,234000000.0,944000000.0,1.527,1.29,16.466,16.295,15654000000.0,0.0,39.76,0.911,0.939,1055000000.0,,2164000000.0,2164000000.0,0.0,,,,,0.0,0.0,1.0,226944179.0,234000000.0,234900000.0,9.248,21712000000.0,0.0,41000000.0,3432000000.0,92.786,163000000.0
69,ED,MRQ,2004-03-31,2004-03-31,2004-03-31,2021-08-30,0.0,21513000000.0,,1804000000.0,19709000000.0,,28.7,-338000000.0,74000000.0,74000000.0,1894000000.0,155000000.0,0.928,2.314,7432000000.0,410000000.0,7022000000.0,7432000000.0,0.0,137000000.0,227000000.0,0.051,0.565,375000000.0,512000000.0,0.191,512000000.0,375000000.0,261000000.0,0.69,0.68,0.69,6492000000.0,,6492000000.0,16994228160.0,12.0,8.907,-189000000.0,-0.836,1.0,785000000.0,0.293,514000000.0,114000000.0,26414000000.0,,204000000.0,250000000.0,0.0,250000000.0,15021000000.0,1943000000.0,13078000000.0,9967228160.0,6000000.0,-2000000.0,25000000.0,319000000.0,-118000000.0,226000000.0,-369000000.0,0.0,149000000.0,0.0,155000000.0,155000000.0,155000000.0,3000000.0,0.0,0.058,418000000.0,367000000.0,964000000.0,0.819,1.535,18.877,18.686,15439000000.0,0.0,44.1,1.005,1.006,1105000000.0,,2679000000.0,2679000000.0,0.0,,,,,0.0,0.0,1.0,226014244.0,226200000.0,227200000.0,11.844,20999000000.0,0.0,106000000.0,3338000000.0,92.834,-139000000.0
70,ED,MRQ,2003-12-31,2003-12-31,2003-12-31,2021-08-30,0.0,20966000000.0,,1592000000.0,19374000000.0,,28.534,-436000000.0,67000000.0,67000000.0,1505000000.0,50000000.0,0.833,2.264,7094000000.0,325000000.0,6769000000.0,7094000000.0,0.0,136000000.0,228000000.0,0.052,0.56,251000000.0,387000000.0,0.171,387000000.0,251000000.0,134000000.0,0.21,0.21,0.21,6423000000.0,,6423000000.0,16597889441.0,12.0,8.824,320000000.0,1.422,1.0,755000000.0,0.334,517000000.0,117000000.0,25565000000.0,,283000000.0,248000000.0,0.0,248000000.0,14543000000.0,1911000000.0,12632000000.0,9696889441.0,0.0,8000000.0,11000000.0,-212000000.0,-116000000.0,-317000000.0,-439000000.0,0.0,756000000.0,0.0,50000000.0,50000000.0,50000000.0,109000000.0,0.0,0.022,408000000.0,347000000.0,905000000.0,2.667,1.51,18.365,17.996,15225000000.0,0.0,43.01,0.989,0.969,1035000000.0,,2260000000.0,2260000000.0,0.0,,,,,0.0,0.0,1.0,225456625.0,225100000.0,226000000.0,10.04,20449000000.0,0.0,84000000.0,3241000000.0,90.844,-319000000.0
71,ED,MRQ,2003-09-30,2003-09-30,2003-09-30,2021-08-30,-21000000.0,20077000000.0,,1993000000.0,18084000000.0,,28.764,-327000000.0,67000000.0,67000000.0,1838000000.0,257000000.0,0.928,2.102,6968000000.0,525000000.0,6443000000.0,6968000000.0,0.0,135000000.0,222000000.0,0.055,0.56,533000000.0,668000000.0,0.238,668000000.0,533000000.0,425000000.0,1.17,1.16,1.17,6472000000.0,,6472000000.0,15775198286.0,11.0,8.186,-164000000.0,-0.729,1.0,963000000.0,0.344,487000000.0,108000000.0,24343000000.0,,295000000.0,244000000.0,0.0,244000000.0,13605000000.0,2148000000.0,11457000000.0,9169198286.0,-11000000.0,-4000000.0,19000000.0,290000000.0,-116000000.0,199000000.0,-373000000.0,0.0,163000000.0,0.0,257000000.0,257000000.0,257000000.0,0.0,0.0,0.092,429000000.0,534000000.0,870000000.0,0.479,1.417,15.41,14.93,13993000000.0,0.0,40.76,0.955,0.955,1279000000.0,5527000000.0,2801000000.0,2801000000.0,0.0,,,,,0.0,0.0,1.0,224955797.0,225000000.0,226000000.0,12.449,19590000000.0,0.0,168000000.0,3294000000.0,87.067,-155000000.0
72,ED,MRQ,2003-06-30,2003-06-30,2003-06-30,2021-08-30,-17000000.0,19281000000.0,,1482000000.0,17799000000.0,,28.837,-369000000.0,76000000.0,76000000.0,1571000000.0,69000000.0,0.723,2.049,6682000000.0,433000000.0,6249000000.0,6682000000.0,0.0,129000000.0,219000000.0,0.052,0.56,212000000.0,341000000.0,0.157,341000000.0,212000000.0,109000000.0,0.29,0.29,0.29,6324000000.0,,6324000000.0,16208893166.0,11.0,8.317,79000000.0,0.36,1.0,605000000.0,0.278,489000000.0,103000000.0,23347000000.0,,239000000.0,240000000.0,0.0,240000000.0,12957000000.0,2051000000.0,10906000000.0,9286893166.0,-2000000.0,10000000.0,393000000.0,-340000000.0,-110000000.0,-60000000.0,-390000000.0,0.0,448000000.0,0.0,69000000.0,66000000.0,66000000.0,0.0,0.0,0.03,400000000.0,205000000.0,887000000.0,1.931,1.469,14.931,14.924,13783000000.0,3000000.0,43.28,0.995,1.016,962000000.0,5396000000.0,2176000000.0,2176000000.0,0.0,,,,,0.0,0.0,1.0,214577014.0,219300000.0,220300000.0,9.922,18792000000.0,0.0,40000000.0,2890000000.0,85.691,-569000000.0
73,ED,MRQ,2003-03-31,2003-03-31,2003-03-31,2021-08-30,-10000000.0,19267000000.0,,1751000000.0,17516000000.0,,27.904,-289000000.0,78000000.0,78000000.0,1802000000.0,157000000.0,0.664,2.224,7000000000.0,945000000.0,6055000000.0,7000000000.0,0.0,129000000.0,219000000.0,0.058,0.56,359000000.0,488000000.0,0.19,488000000.0,359000000.0,253000000.0,0.72,0.72,0.72,5977000000.0,,5977000000.0,14945472825.0,10.0,7.499,-347000000.0,-1.62,1.0,768000000.0,0.299,489000000.0,106000000.0,23062000000.0,,178000000.0,235000000.0,0.0,235000000.0,13290000000.0,2638000000.0,10652000000.0,8236681825.0,-56000000.0,-14000000.0,13000000.0,434000000.0,-110000000.0,334000000.0,-332000000.0,0.0,-58000000.0,0.0,157000000.0,154000000.0,154000000.0,0.0,0.0,0.06,413000000.0,355000000.0,1020000000.0,0.778,1.378,12.594,12.531,13520000000.0,3000000.0,38.47,0.914,0.915,1121000000.0,5453000000.0,2570000000.0,2570000000.0,0.0,,,,,0.0,0.0,1.0,214106624.0,214200000.0,215100000.0,11.998,18778000000.0,0.0,96000000.0,2848000000.0,87.666,-887000000.0
74,ED,MRQ,2002-12-31,2002-12-31,2002-12-31,2021-08-30,0.0,19667000000.0,,1706000000.0,17961000000.0,,27.72,-517000000.0,132000000.0,132000000.0,1366000000.0,118000000.0,0.75,2.322,6839000000.0,635000000.0,6204000000.0,6839000000.0,0.0,126000000.0,221000000.0,0.052,0.555,304000000.0,430000000.0,0.209,430000000.0,304000000.0,180000000.0,0.55,0.55,0.55,5921000000.0,,5921000000.0,15629399508.0,11.0,7.922,249000000.0,1.166,1.0,687000000.0,0.335,488000000.0,124000000.0,23611000000.0,,196000000.0,235000000.0,0.0,235000000.0,13746000000.0,2275000000.0,11471000000.0,9147314508.0,104000000.0,-3000000.0,12000000.0,-44000000.0,-110000000.0,-124000000.0,-538000000.0,0.0,766000000.0,0.0,118000000.0,118000000.0,118000000.0,21000000.0,0.0,0.057,395000000.0,292000000.0,925000000.0,1.009,1.545,14.16,14.132,14152000000.0,0.0,42.82,1.076,1.073,906000000.0,5420000000.0,2053000000.0,2053000000.0,0.0,,,,,0.0,0.0,1.0,213622478.0,213600000.0,214300000.0,9.611,19179000000.0,0.0,62000000.0,2888000000.0,89.789,-569000000.0
75,ED,MRQ,2002-09-30,2002-09-30,2002-09-30,2021-08-30,-18232000.0,18203668000.0,,1652356000.0,16551312000.0,,27.664,-314000000.0,102162000.0,102162000.0,1545000000.0,284000000.0,0.768,2.086,6584247000.0,599476000.0,5984771000.0,6584247000.0,43594000.0,126000000.0,217440000.0,0.055,0.555,564000000.0,690000000.0,0.272,690000000.0,564000000.0,455000000.0,1.34,1.33,1.34,5898001000.0,,5898001000.0,14836717938.0,10.0,7.556,-14000000.0,-0.066,1.0,994000000.0,0.391,488765000.0,109000000.0,22044830000.0,,205636000.0,232717000.0,0.0,232717000.0,12305667000.0,2152158000.0,10153509000.0,8572654938.0,29000000.0,-15000000.0,8000000.0,237000000.0,-109000000.0,96000000.0,-367000000.0,0.0,300000000.0,0.0,284000000.0,284000000.0,284000000.0,0.0,0.0,0.112,427000000.0,567000000.0,781737000.0,0.414,1.453,13.131,13.101,12919756000.0,0.0,40.22,1.045,1.045,1021544000.0,5420676000.0,2539000000.0,2539000000.0,0.0,,,,,0.0,0.0,1.0,213144081.0,213200000.0,214200000.0,11.909,17714903000.0,685120000.0,171000000.0,2730898000.0,83.091,-499802000.0
76,ED,MRQ,2002-06-30,2002-06-30,2002-06-30,2021-08-30,-15083000.0,17547675000.0,,1283156000.0,16264519000.0,,26.969,-356000000.0,73026000.0,73026000.0,1196000000.0,98000000.0,0.646,2.058,6337089000.0,362287000.0,5974802000.0,6337089000.0,0.0,123000000.0,221347000.0,0.053,0.555,262000000.0,385000000.0,0.208,385000000.0,262000000.0,157000000.0,0.46,0.46,0.46,5739033000.0,,5739033000.0,14982596898.0,10.0,7.623,13000000.0,0.061,1.0,652000000.0,0.353,523847000.0,105000000.0,21302581000.0,,175622000.0,217822000.0,0.0,217822000.0,11808642000.0,1985310000.0,9823332000.0,8877835898.0,-21000000.0,-4000000.0,10000000.0,116000000.0,-108000000.0,6000000.0,-396000000.0,0.0,369000000.0,0.0,98000000.0,98000000.0,98000000.0,0.0,0.0,0.053,391000000.0,261000000.0,769339000.0,1.207,1.547,13.738,13.734,12753814000.0,0.0,41.75,1.07,1.071,940106000.0,5276276000.0,1848000000.0,1848000000.0,0.0,,,,,0.0,0.0,1.0,212642776.0,212800000.0,213900000.0,8.684,17023828000.0,665245000.0,59000000.0,2580189000.0,79.999,-702154000.0
77,ED,MRQ,2002-03-31,2002-03-31,2002-03-31,2021-08-30,-13523000.0,17188257000.0,,1353468000.0,15834789000.0,,27.05,-312000000.0,122926000.0,122926000.0,1302000000.0,146000000.0,0.612,1.993,6227687000.0,685475000.0,5542212000.0,6227687000.0,0.0,120000000.0,214991000.0,0.053,0.555,348000000.0,468000000.0,0.228,468000000.0,348000000.0,243000000.0,0.68,0.68,0.68,5742688000.0,,5742688000.0,14752513192.0,10.0,7.33,-166000000.0,-0.782,1.0,754000000.0,0.367,524787000.0,105000000.0,20556192000.0,,154082000.0,214466000.0,0.0,214466000.0,11445569000.0,2212039000.0,9233530000.0,8896715192.0,-265000000.0,3000000.0,0.0,31000000.0,-106000000.0,-78000000.0,-333000000.0,0.0,146000000.0,0.0,146000000.0,146000000.0,146000000.0,0.0,0.0,0.071,387000000.0,367000000.0,667570000.0,0.816,1.549,13.711,13.696,12500442000.0,0.0,41.91,1.039,1.04,897283000.0,5298415000.0,2056000000.0,2056000000.0,0.0,,,,,0.0,0.0,1.0,212281441.0,212300000.0,213300000.0,9.684,16663470000.0,700873000.0,97000000.0,2488076000.0,78.49,-858571000.0
78,ED,MRQ,2001-12-31,2001-12-31,2001-12-31,2021-08-30,0.0,17034455000.0,,1497970000.0,15536485000.0,,26.715,-439093000.0,359333000.0,359333000.0,1056462000.0,114674000.0,0.699,2.006,6196977000.0,654672000.0,5542305000.0,6196977000.0,43594000.0,121347000.0,214121000.0,0.055,0.55,299212000.0,420559000.0,0.239,420559000.0,299212000.0,190459000.0,0.59,0.59,0.59,5666268000.0,,5666268000.0,14346288060.0,9.0,6.891,364187000.0,1.717,1.0,706503000.0,0.401,525727000.0,108753000.0,20202150000.0,,220699000.0,216845000.0,0.0,216845000.0,11368187000.0,2144222000.0,9223965000.0,8565883060.0,-73315000.0,-139938000.0,0.0,-68518000.0,-120003000.0,-8146000.0,-681522000.0,0.0,803280000.0,0.0,114674000.0,124868000.0,124868000.0,0.0,0.0,0.071,382071000.0,324432000.0,678876000.0,0.932,1.512,12.56,12.534,12295263000.0,-10194000.0,40.36,0.912,0.912,733382000.0,5251017000.0,1762965000.0,1762965000.0,0.0,,,,,0.0,0.0,1.0,212236944.0,212100000.0,212900000.0,8.312,16508728000.0,701146000.0,75785000.0,2500302000.0,77.835,-646252000.0
79,ED,MRQ,2001-09-30,2001-09-30,2001-09-30,2021-08-30,-26919000.0,17037300000.0,,2512095000.0,14525205000.0,,26.682,238085000.0,432143000.0,432143000.0,1618482000.0,280740000.0,1.111,2.009,6212548000.0,662380000.0,5550168000.0,6212548000.0,0.0,132787000.0,211276000.0,0.054,0.55,559202000.0,691989000.0,0.263,691989000.0,559202000.0,451319000.0,1.31,1.3,1.31,5662143000.0,,5662143000.0,15047906854.0,10.0,7.539,622506000.0,2.933,1.0,1009074000.0,0.384,529622000.0,107883000.0,20027532000.0,,219276000.0,215144000.0,0.0,215144000.0,11375157000.0,2260551000.0,9114606000.0,8641026854.0,390510000.0,-4627000.0,0.0,-248306000.0,-116726000.0,-298476000.0,155327000.0,0.0,384421000.0,0.0,280740000.0,277342000.0,277342000.0,0.0,0.0,0.106,446594000.0,562480000.0,736496000.0,0.42,1.526,14.325,14.288,11968879000.0,3398000.0,40.72,0.885,0.885,1059915000.0,5242821000.0,2627556000.0,2627556000.0,0.0,,,,,0.0,0.0,1.0,212205964.0,212206033.0,213170793.0,12.382,16507678000.0,619425000.0,170579000.0,2510925000.0,77.791,251544000.0
80,ED,MRQ,2001-06-30,2001-06-30,2001-06-30,2021-08-30,-24180000.0,17053320000.0,,2060173000.0,14993147000.0,,25.937,-267404000.0,41633000.0,41633000.0,1416350000.0,104074000.0,0.835,2.1,6448513000.0,910686000.0,5537827000.0,6448513000.0,0.0,136782000.0,206536000.0,0.055,0.55,295329000.0,432111000.0,0.205,432111000.0,295329000.0,189122000.0,0.48,0.48,0.48,5501653000.0,,5501653000.0,14445427944.0,10.0,7.295,-54454000.0,-0.257,1.0,695865000.0,0.329,565913000.0,106207000.0,20425744000.0,,231972000.0,554668000.0,0.0,554668000.0,11551667000.0,2468543000.0,9083124000.0,8441439944.0,-17933000.0,-5633000.0,0.0,408804000.0,-116660000.0,98762000.0,-280264000.0,0.0,212950000.0,0.0,104074000.0,100676000.0,100676000.0,0.0,0.0,0.048,393443000.0,302422000.0,812662000.0,1.146,1.534,13.936,13.916,12043252000.0,3398000.0,39.8,0.848,0.848,949987000.0,5084902000.0,2112215000.0,2112215000.0,0.0,,,,,0.0,0.0,1.0,212096481.0,212115094.0,212554995.0,9.958,16487407000.0,714528000.0,85048000.0,2448290000.0,77.729,-408370000.0
81,ED,MRQ,2001-03-31,2001-03-31,2001-03-31,2021-08-30,-17546000.0,16683440000.0,,2046586000.0,14636854000.0,,26.037,-118588000.0,59566000.0,59566000.0,2039706000.0,182512000.0,0.843,2.022,6063554000.0,897652000.0,5165902000.0,6063554000.0,0.0,135084000.0,204710000.0,0.059,0.55,402257000.0,537341000.0,0.186,537341000.0,402257000.0,294100000.0,0.84,0.84,0.84,5520845000.0,,5520845000.0,13448556312.0,10.0,7.101,67761000.0,0.32,1.0,846558000.0,0.293,485388000.0,108157000.0,19772954000.0,,190337000.0,591491000.0,0.0,591491000.0,11162595000.0,2429086000.0,8733509000.0,7864860312.0,-35262000.0,-6802000.0,0.0,33020000.0,-116611000.0,-174140000.0,-134541000.0,0.0,186349000.0,0.0,182512000.0,179114000.0,179114000.0,0.0,0.0,0.062,442892000.0,403666000.0,756887000.0,0.655,1.425,13.706,13.69,11926739000.0,3398000.0,37.1,0.796,0.796,1110889000.0,5102746000.0,2886264000.0,2886264000.0,0.0,,,,,0.0,0.0,1.0,211990844.0,212039556.0,212697492.0,13.612,16198052000.0,701220000.0,111588000.0,2599486000.0,76.392,-382500000.0
82,ED,MRQ,2000-12-31,2000-12-31,2000-12-31,2021-08-30,0.0,16767245000.0,,1643346000.0,15123899000.0,,25.79,-216440000.0,94828000.0,94828000.0,1533432000.0,42685000.0,0.71,2.064,6011545000.0,564632000.0,5446913000.0,6011545000.0,0.0,147282000.0,202888000.0,0.057,0.545,187221000.0,334503000.0,0.157,334503000.0,187221000.0,80769000.0,0.22,0.21,0.22,5472389000.0,,5472389000.0,13745343494.0,11.0,7.296,349509000.0,1.647,1.0,602528000.0,0.282,488702000.0,106452000.0,19879227000.0,,242929000.0,526089000.0,0.0,526089000.0,11294856000.0,2316033000.0,8978823000.0,8161647494.0,22018000.0,-112381000.0,0.0,150446000.0,-113423000.0,23082000.0,-567013000.0,0.0,565949000.0,0.0,42685000.0,46083000.0,46083000.0,0.0,0.0,0.022,374282000.0,228246000.0,1020402000.0,2.477,1.491,14.003,14.0,11935170000.0,-3398000.0,38.5,0.876,0.877,1151374000.0,5040931000.0,2135960000.0,2135960000.0,0.0,,,,,0.0,0.0,1.0,211990844.0,212186412.0,212417885.0,10.066,16278543000.0,720407000.0,38084000.0,2498536000.0,76.718,-672687000.0
83,ED,MRQ,2000-09-30,2000-09-30,2000-09-30,2021-08-30,0.0,16507950000.0,,1817516000.0,14690434000.0,,26.148,-268593000.0,72810000.0,72810000.0,1824349000.0,283269000.0,0.9,1.978,5656506000.0,401914000.0,5254592000.0,5656506000.0,0.0,150785000.0,203158000.0,0.064,0.545,525441000.0,676226000.0,0.24,676226000.0,525441000.0,417169000.0,1.32,1.32,1.32,5542724000.0,,5542724000.0,12698090305.0,9.0,6.607,15243000.0,0.072,1.0,996430000.0,0.353,419328000.0,108272000.0,19652829000.0,,258973000.0,550315000.0,0.0,550315000.0,10965226000.0,2019489000.0,8945737000.0,7236667305.0,35154000.0,-14286000.0,0.0,159989000.0,-115524000.0,41339000.0,-290021000.0,0.0,283836000.0,0.0,283269000.0,279871000.0,279871000.0,0.0,0.0,0.099,479733000.0,516697000.0,832264000.0,0.413,1.306,10.993,10.977,11914540000.0,3398000.0,34.14,0.798,0.798,982261000.0,5111002000.0,2820779000.0,2820779000.0,0.0,,,,,0.0,0.0,1.0,211970337.0,211974000.0,212069000.0,13.307,16088622000.0,867267000.0,133900000.0,2665716000.0,75.899,-201973000.0
84,ED,MRQ,2000-06-30,2000-06-30,2000-06-30,2021-08-30,0.0,16021453000.0,,1429366000.0,14592087000.0,,25.37,-469216000.0,37656000.0,37656000.0,1416613000.0,68746000.0,0.684,1.979,5499079000.0,532510000.0,4966569000.0,5499079000.0,0.0,145618000.0,203687000.0,0.073,0.545,200144000.0,345762000.0,0.169,345762000.0,200144000.0,100959000.0,0.33,0.33,0.33,5377654000.0,,5377654000.0,11445925084.0,8.0,5.712,-175735000.0,-0.829,1.0,625281000.0,0.306,422034000.0,99185000.0,18971557000.0,,219410000.0,507531000.0,0.0,507531000.0,10643799000.0,2089285000.0,8554514000.0,6280565084.0,-35948000.0,4451000.0,-7000.0,261567000.0,-115522000.0,144319000.0,-473748000.0,0.0,293481000.0,0.0,68746000.0,68746000.0,68746000.0,0.0,0.0,0.034,420778000.0,204503000.0,875904000.0,1.652,1.168,8.791,9.006,11789812000.0,0.0,29.63,0.731,0.731,906129000.0,4946907000.0,2041894000.0,2041894000.0,0.0,,,,,0.0,0.0,1.0,211966422.0,211966000.0,212074000.0,9.633,15599419000.0,838265000.0,32213000.0,2501673000.0,73.594,-659919000.0
85,ED,MRQ,2000-03-31,2000-03-31,2000-03-31,2021-08-30,0.0,15454131000.0,,1475157000.0,13978974000.0,,25.508,-180960000.0,73604000.0,73604000.0,1500654000.0,188135000.0,0.709,1.849,5238964000.0,830129000.0,4408835000.0,5238964000.0,0.0,142722000.0,201000000.0,0.074,0.545,384642000.0,527364000.0,0.227,527364000.0,384642000.0,291106000.0,0.88,0.88,0.88,5424129000.0,,5424129000.0,11142473648.0,8.0,5.609,18207000.0,0.086,1.0,817937000.0,0.353,424691000.0,93536000.0,18115384000.0,,210344000.0,490173000.0,0.0,490173000.0,10030002000.0,2079416000.0,7950586000.0,6178004648.0,-411446000.0,-9237000.0,-68524000.0,-210263000.0,-115708000.0,-394544000.0,-216069000.0,0.0,199167000.0,0.0,188135000.0,188135000.0,188135000.0,0.0,0.0,0.081,433457000.0,384480000.0,610989000.0,0.619,1.139,8.676,8.936,11442702000.0,0.0,29.13,0.769,0.771,851729000.0,4993778000.0,2318591000.0,2318591000.0,0.0,,,,,0.0,0.0,1.0,212083922.0,212641000.0,212641000.0,10.904,15029440000.0,841844000.0,102971000.0,2503549000.0,70.68,-604259000.0
86,ED,MRQ,1999-12-31,1999-12-31,1999-12-31,2021-08-30,0.0,15531476000.0,,1712678000.0,13818798000.0,,24.221,-243959000.0,485050000.0,485050000.0,1239860000.0,131758000.0,0.815,1.87,5449519000.0,890371000.0,4559148000.0,5449519000.0,0.0,125389000.0,204421000.0,0.062,0.535,247281000.0,372670000.0,0.197,372670000.0,247281000.0,158852000.0,0.58,0.57,0.58,5412007000.0,,5412007000.0,11807359938.0,8.0,6.053,-42088000.0,-0.188,1.0,649555000.0,0.344,427496000.0,88429000.0,17967110000.0,,222563000.0,487918000.0,0.0,487918000.0,10119469000.0,2101339000.0,3243913000.0,7494863938.0,296110000.0,-101953000.0,-144697000.0,930185000.0,-115180000.0,354246000.0,-260007000.0,102332000.0,201871000.0,0.0,131758000.0,121564000.0,121564000.0,0.0,0.0,0.064,402000000.0,247555000.0,615983000.0,0.922,1.385,10.698,10.987,11353845000.0,10194000.0,34.5,1.0,1.029,813774000.0,4921089000.0,1889415000.0,1889415000.0,0.0,,,,,0.0,0.0,1.0,217242433.0,223442315.0,223890546.0,8.456,15103980000.0,845726000.0,27094000.0,2425775000.0,67.597,-388661000.0
87,ED,MRQ,1999-09-30,1999-09-30,1999-09-30,2021-08-30,0.0,13409095000.0,,1269148000.0,12139947000.0,,20.581,-192758000.0,40892000.0,40892000.0,1280076000.0,339405000.0,0.855,1.958,4353388000.0,275000000.0,4078388000.0,4353388000.0,0.0,134469000.0,210291000.0,0.051,0.535,623531000.0,758000000.0,0.323,758000000.0,623531000.0,534319000.0,1.5,1.5,1.5,4533762000.0,,4533762000.0,13725836002.0,9.0,6.845,221396000.0,1.005,1.0,1066165000.0,0.454,0.0,89212000.0,16238003000.0,,213439000.0,301230000.0,0.0,301230000.0,8875333000.0,1483588000.0,7391745000.0,9172340002.0,-102195000.0,-509083000.0,-249202000.0,-490798000.0,-117382000.0,-719371000.0,346288000.0,-47772000.0,414154000.0,0.0,339405000.0,336006000.0,336006000.0,0.0,0.0,0.143,452296000.0,613869000.0,498073000.0,0.357,2.023,12.903,13.301,10489529000.0,3399000.0,41.5,1.271,1.266,685132000.0,3876338000.0,2346241000.0,2346241000.0,0.0,,,,,0.0,0.0,1.0,221020241.0,220293000.0,220293000.0,10.651,13409095000.0,0.0,194914000.0,2478852000.0,60.869,-214440000.0
88,ED,MRQ,1999-06-30,1999-06-30,1999-06-30,2021-08-30,0.0,14944480000.0,,2365736000.0,12578744000.0,,24.622,1016877000.0,291135000.0,291135000.0,862598000.0,66398000.0,1.233,1.686,4844631000.0,608498000.0,4236133000.0,4844631000.0,0.0,133616000.0,196010000.0,0.047,0.535,194959000.0,328575000.0,0.222,328575000.0,194959000.0,115260000.0,0.3,0.3,0.3,5564040000.0,,5564040000.0,14658928054.0,10.0,7.345,1331909000.0,5.894,1.0,616483000.0,0.417,0.0,79699000.0,17579429000.0,,200547000.0,460735000.0,0.0,460735000.0,9380440000.0,1918547000.0,7461893000.0,10282397054.0,233632000.0,0.0,-219295000.0,411592000.0,-120776000.0,125716000.0,-144258000.0,-53343000.0,315032000.0,0.0,66398000.0,66398000.0,66398000.0,0.0,0.0,0.045,418594000.0,197889000.0,384963000.0,1.783,1.848,14.244,14.55,10754552000.0,0.0,45.25,1.483,1.475,579054000.0,4697439000.0,1479081000.0,1479081000.0,0.0,,,,,0.0,0.0,1.0,227235294.0,225982000.0,225982000.0,6.545,14944480000.0,0.0,48862000.0,2703530000.0,66.131,447189000.0
89,ED,MRQ,1999-03-31,1999-03-31,1999-03-31,2021-08-30,0.0,14446349000.0,,1183054000.0,13263295000.0,,25.405,-120896000.0,57503000.0,57503000.0,983296000.0,176647000.0,0.838,1.462,4434034000.0,471906000.0,3962128000.0,4434034000.0,0.0,132708000.0,188627000.0,0.047,0.535,358825000.0,491533000.0,0.277,491533000.0,358825000.0,278602000.0,0.76,0.76,0.76,5868573000.0,,5868573000.0,14647927754.0,10.0,7.395,168259000.0,0.728,1.0,793290000.0,0.447,0.0,80223000.0,17411238000.0,,235356000.0,390872000.0,0.0,390872000.0,8577776000.0,1411642000.0,7166134000.0,10437819754.0,-44792000.0,0.0,-204205000.0,121906000.0,-123772000.0,-412248000.0,-127823000.0,-1217000.0,289155000.0,0.0,176647000.0,176647000.0,176647000.0,0.0,0.0,0.099,433088000.0,360202000.0,351695000.0,0.704,1.779,14.548,14.759,11401237000.0,0.0,45.31,1.488,1.492,613255000.0,4753375000.0,1776586000.0,1776586000.0,0.0,,,,,0.0,0.0,1.0,230364594.0,230997000.0,230997000.0,7.691,14446349000.0,0.0,101955000.0,2646263000.0,62.539,-228588000.0
90,ED,MRQ,1998-12-31,1998-12-31,1998-12-31,2021-08-30,0.0,14381403000.0,,1093543000.0,13287860000.0,,25.717,-204595000.0,102295000.0,102295000.0,897063000.0,131831000.0,0.958,1.387,4312403000.0,225000000.0,4087403000.0,4312403000.0,0.0,130785000.0,181236000.0,0.04,0.53,296484000.0,427269000.0,0.264,427269000.0,296484000.0,218151000.0,0.56,0.56,0.56,6025605000.0,,6025605000.0,16587701667.0,11.0,8.452,187807000.0,0.802,1.0,720275000.0,0.445,0.0,78333000.0,17450124000.0,,267861000.0,378445000.0,0.0,378445000.0,8355798000.0,1141387000.0,7214411000.0,12330917667.0,-51529000.0,-24072000.0,-13069000.0,605240000.0,-119845000.0,347117000.0,-216448000.0,19395000.0,392402000.0,0.0,131831000.0,131831000.0,131831000.0,0.0,0.0,0.082,420190000.0,300085000.0,371274000.0,0.946,2.046,17.301,17.395,11406543000.0,0.0,52.88,1.738,1.747,571029000.0,4700500000.0,1617338000.0,1617338000.0,0.0,,,,,0.0,0.0,1.0,233186794.0,234307767.0,234307767.0,6.903,14381403000.0,0.0,86320000.0,2408482000.0,61.378,-47844000.0
91,ED,MRQ,1998-09-30,1998-09-30,1998-09-30,2021-08-30,0.0,14324513000.0,,1313486000.0,13011027000.0,,25.039,-149918000.0,69170000.0,69170000.0,975062000.0,347018000.0,0.977,1.449,4410608000.0,325000000.0,4085608000.0,4410608000.0,0.0,130205000.0,177023000.0,0.041,0.53,618077000.0,748282000.0,0.363,748282000.0,618077000.0,537678000.0,1.49,1.49,1.49,5849886000.0,,5849886000.0,16534196488.0,11.0,8.434,285979000.0,1.224,1.0,1086560000.0,0.527,0.0,80399000.0,17321995000.0,,267267000.0,253758000.0,0.0,253758000.0,8474627000.0,1343956000.0,7130671000.0,12159128488.0,48816000.0,0.0,-42838000.0,-69024000.0,-123738000.0,-496259000.0,-175276000.0,-19395000.0,435897000.0,0.0,347018000.0,347018000.0,347018000.0,0.0,0.0,0.168,456269000.0,630291000.0,356947000.0,0.356,2.079,16.888,16.938,11341559000.0,0.0,52.0,1.684,1.682,645923000.0,4506481000.0,2061622000.0,2061622000.0,0.0,,,,,0.0,0.0,1.0,233829394.0,233628000.0,233628000.0,8.824,14324513000.0,0.0,190660000.0,2610655000.0,61.313,-30470000.0
92,ED,MRQ,1998-06-30,1998-06-30,1998-06-30,2021-08-30,0.0,14236193000.0,,1139813000.0,13096380000.0,,24.916,-143729000.0,105008000.0,105008000.0,957295000.0,61976000.0,0.951,1.431,4480075000.0,244024000.0,4236051000.0,4480075000.0,0.0,129265000.0,170653000.0,0.046,0.53,184517000.0,313782000.0,0.201,313782000.0,184517000.0,97466000.0,0.26,0.26,0.26,5855098000.0,,5855098000.0,15085666697.0,10.0,7.706,153519000.0,0.653,1.0,603746000.0,0.387,0.0,87051000.0,17412254000.0,,266935000.0,341424000.0,0.0,341424000.0,8381095000.0,1199006000.0,7182089000.0,10846591697.0,-93249000.0,0.0,0.0,44024000.0,-124809000.0,-480356000.0,-150319000.0,0.0,297248000.0,0.0,61976000.0,61976000.0,61976000.0,0.0,0.0,0.04,419680000.0,184066000.0,366314000.0,2.038,1.853,14.994,15.003,11295832000.0,0.0,46.06,1.509,1.506,577915000.0,4468930000.0,1561041000.0,1561041000.0,0.0,,,,,0.0,0.0,1.0,235488313.0,234992000.0,234992000.0,6.643,14236193000.0,0.0,35490000.0,2454687000.0,60.582,-59193000.0
93,ED,MRQ,1998-03-31,1998-03-31,1998-03-31,2021-08-30,0.0,14402549000.0,,1277449000.0,13125100000.0,,25.382,-120602000.0,198257000.0,198257000.0,1076048000.0,171917000.0,1.081,1.41,4437332000.0,200000000.0,4237332000.0,4437332000.0,0.0,128258000.0,163983000.0,0.045,0.53,344899000.0,473157000.0,0.255,473157000.0,344899000.0,264857000.0,0.73,0.73,0.73,5977195000.0,,5977195000.0,15583853138.0,11.0,8.121,143613000.0,0.61,1.0,776999000.0,0.419,0.0,80042000.0,17460236000.0,,262820000.0,331970000.0,0.0,331970000.0,8425354000.0,1181388000.0,7243966000.0,11009141138.0,14799000.0,0.0,0.0,-320240000.0,-124810000.0,-245234000.0,-126799000.0,0.0,264215000.0,0.0,171917000.0,171917000.0,171917000.0,0.0,0.0,0.093,430477000.0,346522000.0,377799000.0,0.726,1.842,15.629,15.635,11264989000.0,0.0,46.75,1.543,1.543,606638000.0,4531810000.0,1853047000.0,1853047000.0,0.0,,,,,0.0,0.0,1.0,235489650.0,235490000.0,235490000.0,7.869,14402549000.0,0.0,92940000.0,2577571000.0,61.16,96061000.0
94,ED,MRQ,1997-12-31,1997-12-31,1997-12-31,2021-08-30,0.0,14722518000.0,,1527210000.0,13195308000.0,,25.226,-220560000.0,183458000.0,183458000.0,1021268000.0,134471000.0,0.986,1.483,4758170000.0,529385000.0,4228785000.0,4758170000.0,0.0,128207000.0,161731000.0,0.051,0.525,297083000.0,425290000.0,0.244,425290000.0,297083000.0,211261000.0,0.59,0.59,0.59,5930079000.0,,5930079000.0,,,,117543000.0,0.5,1.0,723903000.0,0.415,0.0,85822000.0,17748973000.0,,282665000.0,292397000.0,0.0,292397000.0,8792439000.0,1548257000.0,7244182000.0,9655075650.0,-86408000.0,-66032000.0,0.0,327370000.0,-123556000.0,-263954000.0,-292534000.0,0.0,338103000.0,0.0,134471000.0,139075000.0,139075000.0,0.0,0.0,0.08,420830000.0,303073000.0,440114000.0,0.89,1.628,13.903,13.898,11267102000.0,-4604000.0,41.0,1.342,1.339,641922000.0,4484703000.0,1745171000.0,1745171000.0,0.0,,,,,0.0,0.0,1.0,235489650.0,235082063.0,235082063.0,7.424,14722518000.0,0.0,76790000.0,2537251000.0,62.627,-21047000.0
95,ED,MRQ,1997-09-30,1997-09-30,1997-09-30,2021-08-30,0.0,14321204000.0,,1394031000.0,12927173000.0,,25.153,-141353000.0,269866000.0,269866000.0,967339000.0,350444000.0,1.259,1.422,4432042000.0,102630000.0,4329412000.0,4432042000.0,0.0,126451000.0,161548000.0,0.062,0.525,619065000.0,745516000.0,0.368,745516000.0,619065000.0,535844000.0,1.49,1.49,1.49,5911776000.0,,5911776000.0,,,,502195000.0,2.137,1.0,1059999000.0,0.523,0.0,83221000.0,17376210000.0,,289660000.0,230789000.0,0.0,230789000.0,8409428000.0,1107170000.0,7302258000.0,,257635000.0,0.0,0.0,-115000000.0,-123392000.0,-479990000.0,-145918000.0,0.0,643548000.0,0.0,350444000.0,350444000.0,350444000.0,0.0,0.0,0.173,439173000.0,620826000.0,416872000.0,0.352,,,,11149758000.0,0.0,34.0,,,606742000.0,4469185000.0,2027338000.0,2027338000.0,0.0,,,,,0.0,0.0,1.0,,235030000.0,235030000.0,8.626,14321204000.0,0.0,185400000.0,2611124000.0,60.934,286861000.0
96,ED,MRQ,1997-06-30,1997-06-30,1997-06-30,2021-08-30,0.0,14015457000.0,,1117706000.0,12897751000.0,,24.195,-164585000.0,12231000.0,12231000.0,961881000.0,42956000.0,1.117,1.465,4547278000.0,217630000.0,4329648000.0,4547278000.0,0.0,125003000.0,159749000.0,0.071,0.525,150030000.0,275033000.0,0.182,275033000.0,150030000.0,68296000.0,0.18,0.18,0.18,5686147000.0,,5686147000.0,,,,-119861000.0,-0.51,1.0,546207000.0,0.362,0.0,81734000.0,17549831000.0,,272481000.0,217745000.0,0.0,217745000.0,8329310000.0,1000673000.0,7328637000.0,,-82672000.0,0.0,0.0,163868000.0,-123386000.0,89428000.0,-172110000.0,0.0,44724000.0,0.0,42956000.0,42956000.0,42956000.0,0.0,0.0,0.028,395831000.0,150376000.0,375438000.0,2.917,,,,11126081000.0,0.0,29.44,,,524536000.0,4242133000.0,1508088000.0,1508088000.0,0.0,,,,,0.0,0.0,1.0,,235016000.0,235016000.0,6.417,14015457000.0,0.0,25340000.0,2444491000.0,59.636,117033000.0
97,ED,MRQ,1997-03-31,1997-03-31,1997-03-31,2021-08-30,0.0,14111368000.0,,1221535000.0,12889833000.0,,24.538,-127723000.0,94903000.0,94903000.0,1148011000.0,166608000.0,1.202,1.447,4384786000.0,103762000.0,4281024000.0,4384786000.0,0.0,123794000.0,159176000.0,0.07,0.525,341082000.0,464876000.0,0.243,464876000.0,341082000.0,258798000.0,0.69,0.69,0.69,5766378000.0,,5766378000.0,,,,132061000.0,0.562,1.0,767544000.0,0.401,0.0,82284000.0,17385007000.0,,272281000.0,193894000.0,0.0,193894000.0,8344990000.0,1016244000.0,7328746000.0,,-11979000.0,0.0,0.0,-2494000.0,-123377000.0,-261026000.0,-141250000.0,0.0,259784000.0,0.0,166608000.0,162004000.0,162004000.0,0.0,0.0,0.085,428777000.0,338767000.0,352461000.0,0.761,,,,11082492000.0,4604000.0,30.0,,,607092000.0,4322562000.0,1915555000.0,1915555000.0,0.0,,,,,0.0,0.0,1.0,,235001000.0,235001000.0,8.151,14111368000.0,0.0,92190000.0,2579089000.0,60.048,205291000.0
98,ED,MRQ,1996-12-31,1996-12-31,1996-12-31,2021-08-30,0.0,14057185000.0,,1132487000.0,12924698000.0,,24.375,,106882000.0,106882000.0,,,1.094,1.454,4387539000.0,106256000.0,4281283000.0,4387539000.0,0.0,,159616000.0,0.071,0.52,,,,,,,,,,5727568000.0,,5727568000.0,,,,,,1.0,,,0.0,,17302230000.0,,314489000.0,0.0,0.0,0.0,8329617000.0,1035612000.0,7294005000.0,,,,,,,,,,,,,,,,,,,,431115000.0,,,,9.939,11244534000.0,,29.12,,0.959,631457000.0,,,,,,,,,,,1.0,,234976697.0,,,14057185000.0,0.0,,2488944000.0,59.824,96875000.0
0,ED,MRT,2021-06-30,2021-06-30,2021-06-30,2021-08-30,0.0,62919000000.0,61927000000.0,5110000000.0,57809000000.0,0.209,57.16,-4138000000.0,1178000000.0,1178000000.0,5614000000.0,1089000000.0,0.92,2.171,24924000000.0,2508000000.0,22416000000.0,24924000000.0,0.0,1974000000.0,287000000.0,0.043,3.08,2098000000.0,4072000000.0,0.315,4072000000.0,2098000000.0,1213000000.0,3.3,3.29,3.3,19743000000.0,19029250000.0,19743000000.0,49261566864.0,23.0,12.098,-1727000000.0,-5.0,1.0,7327000000.0,0.566,1786000000.0,885000000.0,79322000000.0,77305500000.0,360000000.0,1688000000.0,0.0,1688000000.0,42866000000.0,5557000000.0,37309000000.0,24586566864.0,-167000000.0,159000000.0,1419000000.0,1249000000.0,-995000000.0,1714000000.0,-4292000000.0,0.0,2411000000.0,0.0,1120000000.0,1120000000.0,1120000000.0,0.0,-31000000.0,0.087,4682000000.0,2645000000.0,1217000000.0,0.933,1.245,21.952,21.733,48157000000.0,0.0,71.72,1.9,1.914,2596000000.0,,12941000000.0,12941000000.0,0.0,0.018,0.059,0.027,0.162,0.0,0.0,1.0,342813258.0,345400000.0,346200000.0,37.467,61133000000.0,12000000.0,93000000.0,6755000000.0,176.992,-447000000.0
1,ED,MRT,2021-03-31,2021-03-31,2021-03-31,2021-08-30,0.0,62299000000.0,60967500000.0,4587000000.0,57712000000.0,0.208,55.62,-4021000000.0,157000000.0,157000000.0,5395000000.0,1173000000.0,0.699,2.26,24832000000.0,3455000000.0,21377000000.0,24832000000.0,0.0,1947000000.0,296000000.0,0.041,3.07,2129000000.0,4076000000.0,0.321,4076000000.0,2129000000.0,1258000000.0,3.39,3.38,3.39,19033000000.0,18649750000.0,19033000000.0,49255953318.0,23.0,12.084,-1946000000.0,-5.687,1.0,7294000000.0,0.575,1880000000.0,871000000.0,78535000000.0,75699000000.0,339000000.0,1654000000.0,0.0,1654000000.0,43017000000.0,6559000000.0,36458000000.0,25612953318.0,-1417000000.0,-24000000.0,552000000.0,1217000000.0,-985000000.0,860000000.0,-4352000000.0,0.0,2075000000.0,0.0,1145000000.0,1145000000.0,1145000000.0,0.0,28000000.0,0.09,4588000000.0,2706000000.0,1208000000.0,0.906,1.346,22.369,22.065,47906000000.0,0.0,74.8,2.019,2.017,2667000000.0,,12689000000.0,12689000000.0,0.0,0.019,0.061,0.028,0.168,0.0,0.0,1.0,342419162.0,342200000.0,343000000.0,37.081,60419000000.0,11000000.0,113000000.0,6734000000.0,176.56,-1972000000.0
2,ED,MRT,2020-12-31,2020-12-31,2020-12-31,2021-08-30,0.0,62895000000.0,60182500000.0,5301000000.0,57594000000.0,0.203,56.293,-3912000000.0,1436000000.0,1436000000.0,5097000000.0,1144000000.0,0.721,2.326,25079000000.0,3933000000.0,21146000000.0,25079000000.0,0.0,1920000000.0,311000000.0,0.042,3.06,2210000000.0,4130000000.0,0.337,4130000000.0,2210000000.0,1191000000.0,3.29,3.28,3.29,18847000000.0,18456750000.0,18847000000.0,47783247789.0,22.0,11.57,-1714000000.0,-5.119,1.0,7149000000.0,0.584,1906000000.0,1019000000.0,77278000000.0,74289250000.0,356000000.0,1816000000.0,0.0,1816000000.0,43830000000.0,7354000000.0,36476000000.0,24200247789.0,219000000.0,-24000000.0,640000000.0,2538000000.0,-975000000.0,2245000000.0,-4224000000.0,0.0,2198000000.0,0.0,1101000000.0,1101000000.0,1101000000.0,0.0,43000000.0,0.09,4495000000.0,2654000000.0,1475000000.0,0.93,1.284,21.98,21.967,47392000000.0,0.0,72.27,1.976,1.976,2578000000.0,,12246000000.0,12246000000.0,0.0,0.018,0.06,0.03,0.18,0.0,0.0,1.0,334858832.0,334800000.0,335700000.0,36.577,60989000000.0,26000000.0,90000000.0,6625000000.0,182.165,-2053000000.0
3,ED,MRT,2020-09-30,2020-09-30,2020-09-30,2021-08-30,0.0,59595000000.0,58978500000.0,4204000000.0,55391000000.0,0.207,55.288,-3601000000.0,314000000.0,314000000.0,5145000000.0,1409000000.0,0.587,2.211,23897000000.0,3884000000.0,20013000000.0,23897000000.0,0.0,1859000000.0,319000000.0,0.039,3.035,2603000000.0,4462000000.0,0.365,4462000000.0,2603000000.0,1589000000.0,4.06,4.05,4.06,18494000000.0,18250500000.0,18494000000.0,48499835091.0,19.0,10.87,-1059000000.0,-3.166,1.0,7092000000.0,0.58,1931000000.0,1014000000.0,74087000000.0,72747500000.0,353000000.0,2124000000.0,0.0,2124000000.0,40884000000.0,7160000000.0,33724000000.0,26023835091.0,61000000.0,-10000000.0,88000000.0,2234000000.0,-965000000.0,1401000000.0,-3882000000.0,0.0,2542000000.0,0.0,1353000000.0,1353000000.0,1353000000.0,0.0,56000000.0,0.111,4380000000.0,2712000000.0,1279000000.0,0.748,1.407,19.234,19.163,46408000000.0,0.0,77.8,2.127,2.127,2232000000.0,,12237000000.0,12237000000.0,0.0,0.023,0.074,0.036,0.213,0.0,0.0,1.0,334496595.0,334500000.0,335400000.0,36.583,57664000000.0,26000000.0,236000000.0,6596000000.0,172.389,-2956000000.0
4,ED,MRT,2020-06-30,2020-06-30,2020-06-30,2021-08-30,0.0,59081000000.0,58064750000.0,4564000000.0,54517000000.0,0.211,54.55,-3555000000.0,1345000000.0,1345000000.0,5286000000.0,1410000000.0,0.681,2.23,23821000000.0,3861000000.0,19960000000.0,23821000000.0,0.0,1799000000.0,332000000.0,0.042,3.01,2616000000.0,4415000000.0,0.36,4415000000.0,2616000000.0,1566000000.0,4.01,4.0,4.01,18225000000.0,18116750000.0,18225000000.0,46057959881.0,18.0,10.432,-779000000.0,-2.332,1.0,6983000000.0,0.569,1956000000.0,1050000000.0,72896000000.0,71493500000.0,336000000.0,2080000000.0,0.0,2080000000.0,40640000000.0,6705000000.0,33935000000.0,24031959881.0,375000000.0,-10000000.0,88000000.0,2261000000.0,-956000000.0,1437000000.0,-3838000000.0,0.0,2776000000.0,0.0,1333000000.0,1333000000.0,1333000000.0,0.0,77000000.0,0.109,4264000000.0,2719000000.0,1018000000.0,0.751,1.319,18.028,17.938,45750000000.0,0.0,71.93,1.959,1.959,2068000000.0,,12269000000.0,12269000000.0,0.0,0.023,0.074,0.037,0.213,0.0,0.0,1.0,334102042.0,334100000.0,335000000.0,36.723,57125000000.0,21000000.0,233000000.0,6390000000.0,170.982,-2141000000.0
5,ED,MRT,2020-03-31,2020-03-31,2020-03-31,2021-08-30,0.0,59159000000.0,57195000000.0,5026000000.0,54133000000.0,0.215,54.739,-3583000000.0,1574000000.0,1574000000.0,5416000000.0,1387000000.0,0.796,2.228,23600000000.0,3378000000.0,20222000000.0,23600000000.0,0.0,1741000000.0,344000000.0,0.038,2.985,2604000000.0,4345000000.0,0.353,4345000000.0,2604000000.0,1538000000.0,3.9,3.89,3.9,18261000000.0,17987750000.0,18261000000.0,47356486816.0,18.0,10.899,-501000000.0,-1.502,1.0,6878000000.0,0.559,1978000000.0,1066000000.0,72896000000.0,70300250000.0,326000000.0,2011000000.0,0.0,2011000000.0,40692000000.0,6311000000.0,34381000000.0,26034486816.0,1100000000.0,-10000000.0,488000000.0,2290000000.0,-941000000.0,1880000000.0,-3862000000.0,0.0,3082000000.0,0.0,1295000000.0,1295000000.0,1295000000.0,0.0,92000000.0,0.105,4180000000.0,2698000000.0,1015000000.0,0.765,1.426,20.104,20.0,45283000000.0,0.0,78.0,2.118,2.117,1949000000.0,,12294000000.0,12294000000.0,0.0,0.023,0.072,0.037,0.212,0.0,0.0,1.0,333775472.0,333600000.0,334600000.0,36.853,57181000000.0,21000000.0,243000000.0,6379000000.0,171.406,-1285000000.0
6,ED,MRT,2019-12-31,2019-12-31,2019-12-31,2021-08-30,0.0,58079000000.0,56171750000.0,4272000000.0,53807000000.0,0.224,54.861,-3499000000.0,1217000000.0,1217000000.0,5808000000.0,1440000000.0,0.679,2.212,22539000000.0,3203000000.0,19336000000.0,22539000000.0,0.0,1684000000.0,346000000.0,0.033,2.96,2630000000.0,4314000000.0,0.343,4314000000.0,2630000000.0,1639000000.0,4.09,4.08,4.09,18022000000.0,17764750000.0,18022000000.0,51450979012.0,20.0,11.927,-365000000.0,-1.111,1.0,6766000000.0,0.538,2003000000.0,991000000.0,71111000000.0,68937750000.0,352000000.0,2065000000.0,0.0,2065000000.0,39866000000.0,6287000000.0,33579000000.0,30074979012.0,211000000.0,-10000000.0,825000000.0,916000000.0,-924000000.0,859000000.0,-3782000000.0,0.0,3134000000.0,0.0,1343000000.0,1343000000.0,1343000000.0,0.0,97000000.0,0.107,4090000000.0,2676000000.0,1164000000.0,0.724,1.669,22.394,22.12,44746000000.0,0.0,90.47,2.392,2.364,2019000000.0,,12574000000.0,12574000000.0,0.0,0.024,0.076,0.038,0.209,0.0,0.0,1.0,332430408.0,328500000.0,329500000.0,38.277,56076000000.0,20000000.0,296000000.0,6303000000.0,170.703,-2015000000.0
7,ED,MRT,2019-09-30,2019-09-30,2019-09-30,2021-08-30,0.0,55940000000.0,55132000000.0,3581000000.0,52359000000.0,0.228,54.061,-3649000000.0,253000000.0,253000000.0,5946000000.0,1458000000.0,0.576,2.105,21629000000.0,3273000000.0,18356000000.0,21629000000.0,0.0,1630000000.0,348000000.0,0.031,2.935,2688000000.0,4318000000.0,0.343,4318000000.0,2688000000.0,1694000000.0,4.24,4.24,4.24,17959000000.0,17440750000.0,17959000000.0,51912663235.0,19.0,12.022,-594000000.0,-1.788,1.0,6626000000.0,0.527,2026000000.0,994000000.0,69071000000.0,67491000000.0,358000000.0,1983000000.0,0.0,1983000000.0,37806000000.0,6219000000.0,31587000000.0,31377663235.0,8000000.0,-1492000000.0,1530000000.0,1686000000.0,-901000000.0,2361000000.0,-5408000000.0,0.0,3055000000.0,0.0,1380000000.0,1380000000.0,1380000000.0,0.0,78000000.0,0.11,3858000000.0,2768000000.0,1082000000.0,0.692,1.747,22.737,22.281,44068000000.0,0.0,94.47,2.496,2.496,1928000000.0,,12572000000.0,12572000000.0,0.0,0.025,0.079,0.04,0.214,0.0,0.0,1.0,332144207.0,332200000.0,333200000.0,37.845,53914000000.0,10000000.0,314000000.0,6171000000.0,162.294,-2638000000.0
8,ED,MRT,2019-06-30,2019-06-30,2019-06-30,2021-08-30,0.0,55602000000.0,53533000000.0,3707000000.0,51895000000.0,0.234,53.942,-3723000000.0,970000000.0,970000000.0,6032000000.0,1390000000.0,0.621,2.131,21505000000.0,3188000000.0,18317000000.0,21505000000.0,0.0,1567000000.0,350000000.0,0.033,2.91,2652000000.0,4219000000.0,0.337,4219000000.0,2652000000.0,1715000000.0,4.22,4.21,4.22,17709000000.0,16922750000.0,17709000000.0,49474077272.0,19.0,11.726,-530000000.0,-1.614,1.0,6503000000.0,0.519,2045000000.0,937000000.0,68123000000.0,65545000000.0,344000000.0,1899000000.0,0.0,1899000000.0,37737000000.0,5969000000.0,31768000000.0,28676077272.0,49000000.0,-1507000000.0,1530000000.0,1633000000.0,-877000000.0,2337000000.0,-5481000000.0,0.0,3193000000.0,0.0,1342000000.0,1342000000.0,1342000000.0,0.0,48000000.0,0.107,3776000000.0,2727000000.0,994000000.0,0.69,1.619,21.368,20.777,43587000000.0,0.0,87.68,2.288,2.296,1797000000.0,,12535000000.0,12535000000.0,0.0,0.025,0.079,0.04,0.212,0.0,0.0,1.0,327053801.0,328300000.0,329200000.0,38.182,53557000000.0,30000000.0,373000000.0,6058000000.0,163.134,-2262000000.0
9,ED,MRT,2019-03-31,2019-03-31,2019-03-31,2021-08-30,0.0,55066000000.0,51898500000.0,3781000000.0,51285000000.0,0.241,53.857,-3704000000.0,474000000.0,474000000.0,6118000000.0,1399000000.0,0.596,2.163,21272000000.0,3514000000.0,17758000000.0,21272000000.0,0.0,1503000000.0,351000000.0,0.034,2.885,2641000000.0,4144000000.0,0.332,4144000000.0,2641000000.0,1770000000.0,4.36,4.35,4.36,17369000000.0,16407500000.0,17369000000.0,46935553261.0,18.0,11.326,-688000000.0,-2.133,1.0,6369000000.0,0.51,2070000000.0,871000000.0,67446000000.0,63524500000.0,327000000.0,1832000000.0,0.0,1832000000.0,37565000000.0,6348000000.0,31217000000.0,27230553261.0,-209000000.0,-1507000000.0,1130000000.0,1901000000.0,-859000000.0,2225000000.0,-5450000000.0,0.0,3016000000.0,0.0,1378000000.0,1378000000.0,1378000000.0,0.0,21000000.0,0.11,3674000000.0,2695000000.0,1010000000.0,0.662,1.568,19.761,19.452,43004000000.0,0.0,84.81,2.181,2.19,2076000000.0,,12487000000.0,12487000000.0,0.0,0.027,0.084,0.042,0.211,0.0,0.0,1.0,321077152.0,322500000.0,323400000.0,38.719,52996000000.0,49000000.0,392000000.0,5994000000.0,164.329,-2567000000.0
10,ED,MRT,2018-12-31,2018-12-31,2018-12-31,2021-08-30,0.0,53920000000.0,50357000000.0,3864000000.0,50056000000.0,0.245,53.661,-3740000000.0,1006000000.0,1006000000.0,6100000000.0,1382000000.0,0.623,2.217,20711000000.0,3216000000.0,17495000000.0,20711000000.0,0.0,1438000000.0,351000000.0,0.037,2.86,2602000000.0,4040000000.0,0.327,4040000000.0,2602000000.0,1783000000.0,4.43,4.42,4.43,16726000000.0,15978750000.0,16726000000.0,41526092764.0,16.0,10.279,-1045000000.0,-3.353,1.0,6237000000.0,0.506,2094000000.0,819000000.0,65324000000.0,61517750000.0,358000000.0,1766000000.0,0.0,1766000000.0,37081000000.0,6207000000.0,30874000000.0,23811092764.0,162000000.0,-1507000000.0,705000000.0,3020000000.0,-842000000.0,2938000000.0,-5471000000.0,0.0,2695000000.0,0.0,1382000000.0,1382000000.0,1382000000.0,0.0,0.0,0.112,3573000000.0,2664000000.0,1187000000.0,0.646,1.424,17.229,17.26,41749000000.0,0.0,76.46,1.93,1.932,2066000000.0,,12337000000.0,12337000000.0,0.0,0.027,0.086,0.042,0.211,0.0,0.0,1.0,311418948.0,311700000.0,312900000.0,39.58,51826000000.0,49000000.0,401000000.0,5881000000.0,166.269,-2343000000.0
11,ED,MRT,2018-09-30,2018-09-30,2018-09-30,2021-08-30,0.0,49544000000.0,48904750000.0,3356000000.0,46188000000.0,0.253,51.067,-3796000000.0,245000000.0,245000000.0,6087000000.0,1556000000.0,0.621,2.118,17960000000.0,2480000000.0,15480000000.0,17960000000.0,0.0,1404000000.0,351000000.0,0.037,2.835,2540000000.0,3944000000.0,0.319,3944000000.0,2540000000.0,1759000000.0,5.02,4.99,5.02,15887000000.0,15651750000.0,15887000000.0,40690936732.0,16.0,10.317,-1056000000.0,-3.394,1.0,6262000000.0,0.507,571000000.0,781000000.0,61287000000.0,59789750000.0,338000000.0,2131000000.0,0.0,2131000000.0,33646000000.0,5401000000.0,28245000000.0,23702936732.0,135000000.0,-59000000.0,0.0,2249000000.0,-834000000.0,1467000000.0,-4072000000.0,0.0,2740000000.0,0.0,1556000000.0,1556000000.0,1556000000.0,0.0,0.0,0.126,3671000000.0,2591000000.0,1173000000.0,0.565,1.492,15.233,15.177,39383000000.0,0.0,76.19,1.919,1.919,1963000000.0,,12349000000.0,12349000000.0,0.0,0.032,0.099,0.042,0.206,0.0,0.0,1.0,311102989.0,311100000.0,312300000.0,39.695,48973000000.0,29000000.0,203000000.0,5882000000.0,157.419,-2045000000.0
12,ED,MRT,2018-06-30,2018-06-30,2018-06-30,2021-08-30,0.0,49064000000.0,48830250000.0,3436000000.0,45628000000.0,0.251,50.347,-3584000000.0,921000000.0,921000000.0,5958000000.0,1578000000.0,0.63,2.135,17909000000.0,2684000000.0,15225000000.0,17909000000.0,0.0,1381000000.0,349000000.0,0.036,2.81,2637000000.0,4018000000.0,0.328,4018000000.0,2637000000.0,1876000000.0,5.1,5.08,5.1,15648000000.0,15455500000.0,15648000000.0,40957761661.0,16.0,10.194,-751000000.0,-2.416,1.0,6274000000.0,0.513,555000000.0,761000000.0,60041000000.0,59561250000.0,318000000.0,2057000000.0,0.0,2057000000.0,33409000000.0,5456000000.0,27953000000.0,24230761661.0,79000000.0,-44000000.0,343000000.0,1522000000.0,-825000000.0,1091000000.0,-3845000000.0,0.0,2833000000.0,0.0,1578000000.0,1578000000.0,1578000000.0,0.0,0.0,0.129,3595000000.0,2679000000.0,1130000000.0,0.551,1.548,15.355,15.29,38767000000.0,0.0,77.98,1.981,1.981,1743000000.0,,12232000000.0,12232000000.0,0.0,0.032,0.102,0.044,0.216,0.0,0.0,1.0,310730465.0,310800000.0,311900000.0,39.356,48509000000.0,27000000.0,298000000.0,5755000000.0,156.078,-2020000000.0
13,ED,MRT,2018-03-31,2018-03-31,2018-03-31,2021-08-30,0.0,48900000000.0,48839000000.0,3773000000.0,45127000000.0,0.249,50.432,-3502000000.0,683000000.0,683000000.0,5909000000.0,1565000000.0,0.668,2.123,17410000000.0,2680000000.0,14730000000.0,17410000000.0,0.0,1360000000.0,347000000.0,0.036,2.785,2671000000.0,4031000000.0,0.331,4031000000.0,2671000000.0,1927000000.0,5.07,5.05,5.07,15654000000.0,15166000000.0,15654000000.0,39954347636.0,15.0,9.912,-440000000.0,-1.418,1.0,6260000000.0,0.514,557000000.0,744000000.0,59419000000.0,59491000000.0,301000000.0,2012000000.0,0.0,2012000000.0,33239000000.0,5651000000.0,27588000000.0,24192347636.0,581000000.0,-45000000.0,343000000.0,1701000000.0,-813000000.0,1282000000.0,-3763000000.0,0.0,3062000000.0,0.0,1565000000.0,1565000000.0,1565000000.0,0.0,0.0,0.129,3544000000.0,2716000000.0,1236000000.0,0.549,1.545,15.458,15.373,38075000000.0,0.0,77.94,1.988,1.988,1922000000.0,,12169000000.0,12169000000.0,0.0,0.032,0.103,0.045,0.219,0.0,0.0,1.0,310397070.0,310400000.0,311600000.0,39.204,48343000000.0,58000000.0,362000000.0,5685000000.0,155.744,-1878000000.0
14,ED,MRT,2017-12-31,2017-12-31,2017-12-31,2021-08-30,0.0,48111000000.0,48705250000.0,3537000000.0,44574000000.0,0.247,50.205,-3454000000.0,844000000.0,844000000.0,5764000000.0,1525000000.0,0.722,2.12,16606000000.0,1875000000.0,14731000000.0,16606000000.0,0.0,1341000000.0,346000000.0,0.032,2.76,2726000000.0,4067000000.0,0.338,4067000000.0,2726000000.0,1997000000.0,4.97,4.94,4.97,15418000000.0,14877000000.0,15418000000.0,41924344305.0,15.0,10.308,-87000000.0,-0.283,1.0,6269000000.0,0.521,559000000.0,729000000.0,58412000000.0,59628750000.0,334000000.0,2001000000.0,0.0,2001000000.0,32686000000.0,4902000000.0,27784000000.0,26340344305.0,14000000.0,-45000000.0,343000000.0,767000000.0,-803000000.0,357000000.0,-3710000000.0,0.0,3367000000.0,0.0,1525000000.0,1525000000.0,1525000000.0,0.0,0.0,0.127,3496000000.0,2773000000.0,1286000000.0,0.555,1.708,17.272,17.093,37600000000.0,0.0,84.95,2.189,2.168,1861000000.0,,12033000000.0,12033000000.0,0.0,0.031,0.103,0.046,0.227,0.0,0.0,1.0,310068797.0,307100000.0,308800000.0,39.183,47552000000.0,76000000.0,472000000.0,5603000000.0,154.842,-1365000000.0
15,ED,MRT,2017-09-30,2017-09-30,2017-09-30,2021-08-30,0.0,49246000000.0,48741250000.0,3096000000.0,46150000000.0,0.242,49.064,-3652000000.0,110000000.0,110000000.0,5493000000.0,1226000000.0,0.791,2.26,15694000000.0,1043000000.0,14651000000.0,15694000000.0,0.0,1309000000.0,344000000.0,0.034,2.74,2646000000.0,3955000000.0,0.336,3955000000.0,2646000000.0,1921000000.0,4.0,3.98,4.0,15102000000.0,14597000000.0,15102000000.0,40195817692.0,15.0,10.163,-302000000.0,-0.981,1.0,6286000000.0,0.534,542000000.0,725000000.0,60373000000.0,59740250000.0,337000000.0,1977000000.0,0.0,1977000000.0,34136000000.0,3915000000.0,30221000000.0,24661817692.0,-68000000.0,-153000000.0,343000000.0,800000000.0,-793000000.0,400000000.0,-3818000000.0,0.0,3350000000.0,0.0,1226000000.0,1226000000.0,1226000000.0,0.0,0.0,0.104,3310000000.0,2976000000.0,1057000000.0,0.685,1.633,20.116,20.17,36728000000.0,0.0,80.68,2.094,2.108,1703000000.0,,11779000000.0,11779000000.0,0.0,0.025,0.084,0.044,0.225,0.0,0.0,1.0,305674488.0,307800000.0,309300000.0,38.268,48704000000.0,46000000.0,695000000.0,10787000000.0,158.233,-819000000.0
16,ED,MRT,2017-06-30,2017-06-30,2017-06-30,2021-08-30,0.0,49099000000.0,48258750000.0,3280000000.0,45819000000.0,0.248,47.446,-4382000000.0,842000000.0,842000000.0,5825000000.0,1266000000.0,0.758,2.388,16376000000.0,1673000000.0,14703000000.0,16376000000.0,0.0,1279000000.0,345000000.0,0.034,2.72,2723000000.0,4002000000.0,0.334,4002000000.0,2723000000.0,2005000000.0,4.15,4.12,4.15,14490000000.0,14388250000.0,14490000000.0,40276803599.0,15.0,10.064,-980000000.0,-3.209,1.0,6160000000.0,0.514,544000000.0,718000000.0,59760000000.0,59107000000.0,357000000.0,1961000000.0,0.0,1961000000.0,34601000000.0,4329000000.0,30272000000.0,24680803599.0,-52000000.0,777000000.0,0.0,975000000.0,-783000000.0,241000000.0,-3695000000.0,0.0,3402000000.0,0.0,1266000000.0,1266000000.0,1266000000.0,0.0,0.0,0.106,3262000000.0,2898000000.0,973000000.0,0.655,1.703,19.495,19.475,36251000000.0,0.0,80.82,2.059,2.059,1585000000.0,,11985000000.0,11985000000.0,0.0,0.026,0.088,0.046,0.227,0.0,0.0,1.0,305379901.0,305400000.0,306800000.0,39.244,48555000000.0,50000000.0,739000000.0,10591000000.0,158.988,-1049000000.0
17,ED,MRT,2017-03-31,2017-03-31,2017-03-31,2021-08-30,0.0,48365000000.0,47801500000.0,3017000000.0,45348000000.0,0.254,47.519,-4478000000.0,102000000.0,102000000.0,5990000000.0,1323000000.0,0.877,2.335,15698000000.0,869000000.0,14829000000.0,15698000000.0,0.0,1248000000.0,345000000.0,0.035,2.7,2792000000.0,4040000000.0,0.333,4040000000.0,2792000000.0,2084000000.0,4.36,4.32,4.36,14498000000.0,14253250000.0,14498000000.0,38742893434.0,14.0,9.59,-1095000000.0,-3.589,1.0,6156000000.0,0.507,550000000.0,708000000.0,59970000000.0,58485750000.0,313000000.0,1914000000.0,0.0,1914000000.0,33859000000.0,3441000000.0,30418000000.0,23690893434.0,7000000.0,-168000000.0,702000000.0,1339000000.0,-777000000.0,1312000000.0,-4688000000.0,0.0,3383000000.0,0.0,1323000000.0,1323000000.0,1323000000.0,0.0,0.0,0.109,3206000000.0,2950000000.0,963000000.0,0.619,1.634,17.907,17.812,35663000000.0,0.0,77.66,1.951,1.951,1779000000.0,,12146000000.0,12146000000.0,0.0,0.028,0.093,0.048,0.23,0.0,0.0,1.0,305059148.0,305100000.0,306300000.0,39.81,47815000000.0,53000000.0,761000000.0,10481000000.0,156.719,-424000000.0
18,ED,MRT,2016-12-31,2016-12-31,2016-12-31,2021-08-30,0.0,48255000000.0,47105250000.0,3406000000.0,44849000000.0,0.256,47.597,-4504000000.0,830000000.0,830000000.0,6152000000.0,1245000000.0,0.886,2.374,15828000000.0,1093000000.0,14735000000.0,15828000000.0,0.0,1216000000.0,352000000.0,0.036,2.68,2639000000.0,3855000000.0,0.319,3855000000.0,2639000000.0,1943000000.0,4.15,4.12,4.15,14298000000.0,13927000000.0,14298000000.0,36996323895.0,14.0,9.597,-1045000000.0,-3.479,1.0,5923000000.0,0.491,552000000.0,696000000.0,58858000000.0,57196250000.0,339000000.0,1921000000.0,0.0,1921000000.0,33949000000.0,3843000000.0,30106000000.0,22452323895.0,-146000000.0,-393000000.0,702000000.0,1356000000.0,-763000000.0,1345000000.0,-4950000000.0,0.0,3459000000.0,0.0,1245000000.0,1245000000.0,1245000000.0,0.0,0.0,0.103,3143000000.0,2780000000.0,1147000000.0,0.646,1.57,18.034,17.754,35216000000.0,0.0,73.68,1.859,1.833,1748000000.0,,12075000000.0,12075000000.0,0.0,0.026,0.089,0.046,0.219,0.0,0.0,1.0,304727523.0,300400000.0,301900000.0,40.196,47703000000.0,79000000.0,698000000.0,10269000000.0,158.798,-437000000.0
19,ED,MRT,2016-09-30,2016-09-30,2016-09-30,2021-08-30,0.0,47316000000.0,46452000000.0,3154000000.0,44162000000.0,0.26,46.854,-4133000000.0,150000000.0,150000000.0,6487000000.0,1215000000.0,0.878,2.316,14694000000.0,947000000.0,13747000000.0,14694000000.0,0.0,1195000000.0,356000000.0,0.035,2.66,2558000000.0,3753000000.0,0.311,3753000000.0,2558000000.0,1874000000.0,4.06,4.03,4.06,14267000000.0,13615500000.0,14267000000.0,37261447542.0,15.0,9.928,-719000000.0,-2.361,1.0,5587000000.0,0.463,429000000.0,684000000.0,57840000000.0,55937000000.0,335000000.0,1931000000.0,0.0,1931000000.0,33041000000.0,3591000000.0,29450000000.0,22922447542.0,57000000.0,-254000000.0,712000000.0,1324000000.0,-743000000.0,1330000000.0,-4687000000.0,0.0,3414000000.0,0.0,1215000000.0,1215000000.0,1215000000.0,0.0,0.0,0.101,3195000000.0,2392000000.0,1113000000.0,0.655,1.607,18.866,18.547,33906000000.0,0.0,75.3,1.898,1.899,1695000000.0,,12074000000.0,12074000000.0,0.0,0.026,0.089,0.046,0.212,0.0,0.0,1.0,304414974.0,304500000.0,305900000.0,39.652,46887000000.0,66000000.0,659000000.0,10196000000.0,153.98,-437000000.0
20,ED,MRT,2016-06-30,2016-06-30,2016-06-30,2021-08-30,0.0,47270000000.0,45865750000.0,3499000000.0,43771000000.0,0.264,46.64,-3456000000.0,862000000.0,862000000.0,6563000000.0,1146000000.0,0.896,2.388,15201000000.0,1454000000.0,13747000000.0,15201000000.0,0.0,1174000000.0,358000000.0,0.033,2.64,2408000000.0,3582000000.0,0.296,3582000000.0,2408000000.0,1740000000.0,3.89,3.86,3.89,13950000000.0,13308750000.0,13950000000.0,37748085539.0,16.0,10.538,-34000000.0,-0.114,1.0,5537000000.0,0.458,431000000.0,668000000.0,57275000000.0,54842250000.0,321000000.0,1913000000.0,0.0,1913000000.0,33312000000.0,3903000000.0,29409000000.0,23649085539.0,157000000.0,-1218000000.0,710000000.0,1648000000.0,-731000000.0,1653000000.0,-4918000000.0,0.0,3422000000.0,0.0,1146000000.0,1146000000.0,1146000000.0,0.0,0.0,0.095,3151000000.0,2386000000.0,969000000.0,0.679,1.695,20.636,20.679,33459000000.0,0.0,80.44,1.954,1.988,1563000000.0,,12100000000.0,12100000000.0,0.0,0.025,0.086,0.044,0.199,0.0,0.0,1.0,293996588.0,299100000.0,300400000.0,40.455,46839000000.0,15000000.0,594000000.0,9924000000.0,156.6,-404000000.0
21,ED,MRT,2016-03-31,2016-03-31,2016-03-31,2021-08-30,0.0,45580000000.0,45236000000.0,3185000000.0,42395000000.0,0.267,44.92,-3297000000.0,61000000.0,61000000.0,6653000000.0,1133000000.0,0.718,2.454,14160000000.0,1938000000.0,12222000000.0,14160000000.0,0.0,1148000000.0,356000000.0,0.034,2.62,2364000000.0,3512000000.0,0.29,3512000000.0,2364000000.0,1704000000.0,3.86,3.83,3.86,13193000000.0,13018250000.0,13193000000.0,35824819905.0,15.0,10.201,-55000000.0,-0.187,1.0,5441000000.0,0.45,431000000.0,660000000.0,54812000000.0,53849750000.0,342000000.0,865000000.0,0.0,865000000.0,32379000000.0,4436000000.0,27943000000.0,22494819905.0,-50000000.0,-489000000.0,3000000.0,1527000000.0,-728000000.0,816000000.0,-4108000000.0,0.0,3242000000.0,0.0,1133000000.0,1133000000.0,1133000000.0,0.0,0.0,0.094,3098000000.0,2343000000.0,909000000.0,0.679,1.705,19.854,19.85,32971000000.0,0.0,76.62,1.86,1.861,1732000000.0,,12094000000.0,12094000000.0,0.0,0.025,0.087,0.044,0.195,0.0,0.0,1.0,293589401.0,293700000.0,294800000.0,41.178,45149000000.0,15000000.0,571000000.0,9821000000.0,153.725,-1251000000.0
22,ED,MRT,2015-12-31,2015-12-31,2015-12-31,2021-08-30,0.0,45642000000.0,44835250000.0,3836000000.0,41806000000.0,0.28,44.546,-3054000000.0,944000000.0,944000000.0,7060000000.0,1193000000.0,0.813,2.496,14274000000.0,2268000000.0,12006000000.0,14274000000.0,0.0,1130000000.0,354000000.0,0.04,2.6,2451000000.0,3581000000.0,0.285,3581000000.0,2451000000.0,1798000000.0,4.07,4.05,4.07,13052000000.0,12910250000.0,13052000000.0,32194466422.0,13.0,8.99,223000000.0,0.761,1.0,5494000000.0,0.438,431000000.0,653000000.0,53821000000.0,53329250000.0,350000000.0,884000000.0,0.0,884000000.0,32581000000.0,4720000000.0,27861000000.0,18843466422.0,249000000.0,-299000000.0,1000000.0,1361000000.0,-733000000.0,629000000.0,-3657000000.0,0.0,3277000000.0,0.0,1193000000.0,1193000000.0,1193000000.0,0.0,0.0,0.095,3067000000.0,2427000000.0,1008000000.0,0.639,1.444,15.795,15.791,32209000000.0,0.0,64.27,1.501,1.5,1716000000.0,,12554000000.0,12554000000.0,0.0,0.027,0.092,0.046,0.195,0.0,0.0,1.0,293192258.0,293000000.0,294400000.0,42.846,45211000000.0,166000000.0,605000000.0,9599000000.0,154.304,-884000000.0
23,ED,MRT,2015-09-30,2015-09-30,2015-09-30,2021-08-30,0.0,44971000000.0,44442500000.0,3505000000.0,41466000000.0,0.285,44.52,-2808000000.0,91000000.0,91000000.0,7365000000.0,1099000000.0,0.791,2.448,13442000000.0,1921000000.0,11521000000.0,13442000000.0,0.0,1115000000.0,351000000.0,0.039,2.58,2298000000.0,3413000000.0,0.269,3413000000.0,2298000000.0,1657000000.0,3.75,3.72,3.75,13040000000.0,12791250000.0,13040000000.0,32499486248.0,14.0,9.522,471000000.0,1.608,1.0,5310000000.0,0.419,432000000.0,641000000.0,53461000000.0,52896250000.0,338000000.0,874000000.0,0.0,874000000.0,31922000000.0,4429000000.0,27493000000.0,19578486248.0,-112000000.0,-398000000.0,-11000000.0,816000000.0,-746000000.0,59000000.0,-3450000000.0,0.0,3279000000.0,0.0,1099000000.0,1099000000.0,1099000000.0,0.0,0.0,0.087,3077000000.0,2233000000.0,1092000000.0,0.688,1.501,17.815,17.827,31473000000.0,0.0,66.85,1.545,1.545,1813000000.0,,12675000000.0,12675000000.0,0.0,0.025,0.086,0.043,0.181,0.0,0.0,1.0,292871896.0,292900000.0,294200000.0,43.274,44539000000.0,90000000.0,558000000.0,9651000000.0,152.062,-924000000.0
24,ED,MRT,2015-06-30,2015-06-30,2015-06-30,2021-08-30,0.0,44751000000.0,43366500000.0,3679000000.0,41072000000.0,0.291,43.66,-2585000000.0,709000000.0,709000000.0,7390000000.0,1107000000.0,0.935,2.499,13630000000.0,1705000000.0,11925000000.0,13630000000.0,0.0,1100000000.0,348000000.0,0.044,2.56,2304000000.0,3404000000.0,0.27,3404000000.0,2304000000.0,1675000000.0,3.78,3.75,3.78,12788000000.0,12708000000.0,12788000000.0,29543729384.0,13.0,8.679,475000000.0,1.622,1.0,5232000000.0,0.415,432000000.0,629000000.0,53305000000.0,51725500000.0,321000000.0,848000000.0,0.0,848000000.0,31954000000.0,3935000000.0,28019000000.0,16951729384.0,-65000000.0,-438000000.0,-15000000.0,892000000.0,-751000000.0,126000000.0,-3251000000.0,0.0,3060000000.0,0.0,1107000000.0,1107000000.0,1107000000.0,0.0,0.0,0.088,3010000000.0,2222000000.0,845000000.0,0.677,1.326,15.313,15.312,30923000000.0,0.0,57.88,1.343,1.343,1700000000.0,,12622000000.0,12622000000.0,0.0,0.026,0.087,0.045,0.183,0.0,0.0,1.0,292877149.0,292900000.0,294000000.0,43.093,44319000000.0,173000000.0,568000000.0,9460000000.0,151.311,-256000000.0
25,ED,MRT,2015-03-31,2015-03-31,2015-03-31,2021-08-30,0.0,43977000000.0,42256500000.0,3398000000.0,40579000000.0,0.302,43.568,-2264000000.0,117000000.0,117000000.0,7577000000.0,1100000000.0,0.997,2.445,12709000000.0,1015000000.0,11694000000.0,12709000000.0,0.0,1089000000.0,345000000.0,0.042,2.54,2286000000.0,3375000000.0,0.265,3375000000.0,2286000000.0,1669000000.0,3.76,3.73,3.76,12761000000.0,12624750000.0,12761000000.0,30158217532.0,13.0,8.936,902000000.0,3.08,1.0,5168000000.0,0.405,432000000.0,617000000.0,52730000000.0,50381000000.0,332000000.0,814000000.0,0.0,814000000.0,31207000000.0,3407000000.0,27800000000.0,17866217532.0,15000000.0,-328000000.0,-11000000.0,397000000.0,-745000000.0,-359000000.0,-2792000000.0,0.0,3166000000.0,0.0,1100000000.0,1100000000.0,1100000000.0,0.0,0.0,0.086,2963000000.0,2205000000.0,937000000.0,0.676,1.4,16.242,16.223,30212000000.0,0.0,61.0,1.402,1.402,2049000000.0,,12745000000.0,12745000000.0,0.0,0.026,0.087,0.045,0.179,0.0,0.0,1.0,292888812.0,292900000.0,293900000.0,43.513,43545000000.0,95000000.0,569000000.0,9337000000.0,148.668,-9000000.0
26,ED,MRT,2014-12-31,2014-12-31,2014-12-31,2021-08-30,0.0,44071000000.0,41382500000.0,3716000000.0,40355000000.0,0.312,42.936,-2311000000.0,699000000.0,699000000.0,7807000000.0,1092000000.0,0.989,2.504,12906000000.0,1360000000.0,11546000000.0,12906000000.0,0.0,1071000000.0,344000000.0,0.038,2.52,2251000000.0,3322000000.0,0.257,3322000000.0,2251000000.0,1660000000.0,3.73,3.71,3.73,12576000000.0,12541000000.0,12576000000.0,31749530015.0,14.0,9.557,520000000.0,1.775,1.0,5112000000.0,0.396,432000000.0,591000000.0,52089000000.0,49404500000.0,372000000.0,816000000.0,0.0,816000000.0,31486000000.0,3757000000.0,27729000000.0,19333530015.0,25000000.0,-293000000.0,-10000000.0,702000000.0,-739000000.0,-47000000.0,-2759000000.0,0.0,2831000000.0,0.0,1092000000.0,1092000000.0,1092000000.0,0.0,0.0,0.085,2948000000.0,2164000000.0,1035000000.0,0.676,1.537,17.705,17.697,29827000000.0,0.0,66.01,1.497,1.497,1834000000.0,,12919000000.0,12919000000.0,0.0,0.026,0.087,0.046,0.174,0.0,0.0,1.0,292887896.0,292900000.0,294000000.0,44.107,43639000000.0,224000000.0,568000000.0,9020000000.0,148.989,-41000000.0
27,ED,MRT,2014-09-30,2014-09-30,2014-09-30,2021-08-30,0.0,40667000000.0,40526500000.0,3519000000.0,37148000000.0,0.32,43.383,-2221000000.0,205000000.0,205000000.0,7628000000.0,1243000000.0,0.909,2.2,12621000000.0,1635000000.0,10986000000.0,12621000000.0,0.0,1056000000.0,338000000.0,0.044,2.505,2485000000.0,3541000000.0,0.273,3541000000.0,2485000000.0,1905000000.0,4.24,4.23,4.24,12707000000.0,12458250000.0,12707000000.0,28481864327.0,11.0,8.043,844000000.0,2.882,1.0,5329000000.0,0.411,432000000.0,580000000.0,48778000000.0,48191000000.0,343000000.0,740000000.0,0.0,740000000.0,27951000000.0,3873000000.0,24078000000.0,16594864327.0,131000000.0,-356000000.0,-12000000.0,572000000.0,-734000000.0,-174000000.0,-2760000000.0,0.0,3065000000.0,0.0,1243000000.0,1243000000.0,1243000000.0,0.0,0.0,0.096,2893000000.0,2436000000.0,972000000.0,0.591,1.306,13.351,13.363,29239000000.0,0.0,56.66,1.281,1.281,1934000000.0,,12957000000.0,12957000000.0,0.0,0.031,0.1,0.052,0.192,0.0,0.0,1.0,292885004.0,292900000.0,294000000.0,44.237,40235000000.0,33000000.0,662000000.0,8865000000.0,137.368,-354000000.0
28,ED,MRT,2014-06-30,2014-06-30,2014-06-30,2021-08-30,0.0,40311000000.0,40850750000.0,3457000000.0,36854000000.0,0.319,42.523,-2371000000.0,774000000.0,774000000.0,7650000000.0,1271000000.0,0.9,2.237,12661000000.0,1576000000.0,11085000000.0,12661000000.0,0.0,1044000000.0,333000000.0,0.043,2.49,2500000000.0,3544000000.0,0.272,3544000000.0,2500000000.0,1924000000.0,4.33,4.33,4.33,12455000000.0,12323000000.0,12455000000.0,29263710646.0,12.0,8.257,573000000.0,1.956,1.0,5401000000.0,0.414,432000000.0,576000000.0,47927000000.0,48317000000.0,322000000.0,693000000.0,0.0,693000000.0,27856000000.0,3839000000.0,24017000000.0,16911710646.0,27000000.0,-282000000.0,-8000000.0,500000000.0,-729000000.0,-237000000.0,-2680000000.0,0.0,2944000000.0,0.0,1271000000.0,1271000000.0,1271000000.0,0.0,0.0,0.097,2929000000.0,2472000000.0,967000000.0,0.575,1.358,13.306,13.335,28754000000.0,0.0,57.74,1.296,1.296,1916000000.0,,13051000000.0,13051000000.0,0.0,0.031,0.103,0.052,0.192,0.0,0.0,1.0,292894192.0,292900000.0,294000000.0,44.558,39879000000.0,43000000.0,653000000.0,8574000000.0,136.152,-382000000.0
29,ED,MRT,2014-03-31,2014-03-31,2014-03-31,2021-08-30,0.0,40481000000.0,41253500000.0,3484000000.0,36997000000.0,0.314,42.424,-2548000000.0,102000000.0,102000000.0,7601000000.0,1231000000.0,0.974,2.258,12454000000.0,1115000000.0,11339000000.0,12454000000.0,0.0,1034000000.0,326000000.0,0.046,2.475,2424000000.0,3458000000.0,0.267,3458000000.0,2424000000.0,1847000000.0,4.19,4.2,4.19,12426000000.0,12180000000.0,12426000000.0,27466218857.0,11.0,7.943,312000000.0,1.065,1.0,5357000000.0,0.413,433000000.0,577000000.0,48824000000.0,48489500000.0,303000000.0,547000000.0,0.0,547000000.0,28055000000.0,3576000000.0,24479000000.0,15714218857.0,-30000000.0,-175000000.0,-8000000.0,473000000.0,-725000000.0,-260000000.0,-2630000000.0,0.0,2860000000.0,0.0,1231000000.0,1231000000.0,1231000000.0,0.0,0.0,0.095,2954000000.0,2403000000.0,1079000000.0,0.591,1.265,12.765,12.804,28682000000.0,0.0,53.65,1.213,1.213,2232000000.0,,12958000000.0,12958000000.0,0.0,0.03,0.101,0.05,0.187,0.0,0.0,1.0,292902495.0,292900000.0,294100000.0,44.24,40048000000.0,82000000.0,616000000.0,8662000000.0,136.729,-92000000.0
30,ED,MRT,2013-12-31,2013-12-31,2013-12-31,2021-08-30,0.0,40647000000.0,41567250000.0,3891000000.0,36756000000.0,0.297,41.806,-2538000000.0,674000000.0,674000000.0,7191000000.0,1062000000.0,0.823,2.319,12425000000.0,1936000000.0,10489000000.0,12425000000.0,0.0,1024000000.0,321000000.0,0.045,2.46,2257000000.0,3281000000.0,0.266,3281000000.0,2257000000.0,1538000000.0,3.62,3.61,3.62,12245000000.0,12045750000.0,12245000000.0,28314859254.0,13.0,8.63,14000000.0,0.048,1.0,5163000000.0,0.418,433000000.0,719000000.0,47235000000.0,48511500000.0,363000000.0,461000000.0,0.0,461000000.0,28402000000.0,4730000000.0,23672000000.0,16190859254.0,280000000.0,-175000000.0,-8000000.0,1116000000.0,-721000000.0,387000000.0,-2659000000.0,0.0,2552000000.0,0.0,1062000000.0,1062000000.0,1062000000.0,0.0,0.0,0.086,2919000000.0,2244000000.0,1017000000.0,0.68,1.322,15.246,15.271,28436000000.0,0.0,55.28,1.311,1.311,2005000000.0,,12354000000.0,12354000000.0,0.0,0.026,0.088,0.047,0.183,0.0,0.0,1.0,292888192.0,292900000.0,294400000.0,42.178,40214000000.0,122000000.0,476000000.0,8942000000.0,137.296,-839000000.0
31,ED,MRT,2013-09-30,2013-09-30,2013-09-30,2021-08-30,0.0,41964000000.0,41707750000.0,3704000000.0,38260000000.0,0.297,41.536,-2626000000.0,74000000.0,74000000.0,7262000000.0,1035000000.0,0.847,2.449,12198000000.0,1703000000.0,10495000000.0,12198000000.0,0.0,1010000000.0,316000000.0,0.044,2.45,2231000000.0,3241000000.0,0.262,3241000000.0,2231000000.0,1506000000.0,3.53,3.52,3.53,12166000000.0,11951750000.0,12166000000.0,27781011485.0,12.0,8.572,-427000000.0,-1.458,1.0,5125000000.0,0.414,433000000.0,725000000.0,49282000000.0,48639750000.0,368000000.0,444000000.0,0.0,444000000.0,29798000000.0,4373000000.0,25425000000.0,16149011485.0,5000000.0,0.0,3000000.0,1079000000.0,-725000000.0,357000000.0,-2551000000.0,0.0,2199000000.0,0.0,1035000000.0,1035000000.0,1035000000.0,0.0,0.0,0.084,2905000000.0,2220000000.0,925000000.0,0.694,1.327,15.603,15.62,27955000000.0,0.0,55.14,1.304,1.304,1955000000.0,,12387000000.0,12387000000.0,0.0,0.025,0.087,0.046,0.18,0.0,0.0,1.0,292872896.0,292900000.0,294300000.0,42.291,41531000000.0,186000000.0,471000000.0,8868000000.0,141.792,-669000000.0
32,ED,MRT,2013-06-30,2013-06-30,2013-06-30,2021-08-30,0.0,41922000000.0,41125000000.0,4103000000.0,37819000000.0,0.3,40.57,-2550000000.0,747000000.0,747000000.0,7262000000.0,1011000000.0,0.911,2.528,12379000000.0,1883000000.0,10496000000.0,12379000000.0,0.0,992000000.0,310000000.0,0.042,2.44,2224000000.0,3216000000.0,0.261,3216000000.0,2224000000.0,1493000000.0,3.45,3.43,3.45,11883000000.0,11870750000.0,11883000000.0,28928674971.0,13.0,8.995,-333000000.0,-1.137,1.0,5079000000.0,0.412,433000000.0,731000000.0,48617000000.0,47949000000.0,321000000.0,313000000.0,0.0,313000000.0,30039000000.0,4504000000.0,25535000000.0,17078674971.0,-634000000.0,-28000000.0,1000000.0,498000000.0,-720000000.0,-221000000.0,-2630000000.0,0.0,2217000000.0,0.0,1011000000.0,1011000000.0,1011000000.0,0.0,0.0,0.082,2863000000.0,2216000000.0,997000000.0,0.707,1.437,16.893,16.901,27542000000.0,0.0,58.31,1.384,1.384,2008000000.0,,12341000000.0,12341000000.0,0.0,0.025,0.085,0.046,0.18,0.0,0.0,1.0,292894443.0,292900000.0,294300000.0,42.134,41489000000.0,283000000.0,482000000.0,8618000000.0,141.649,-401000000.0
33,ED,MRT,2013-03-31,2013-03-31,2013-03-31,2021-08-30,0.0,41736000000.0,40656750000.0,3934000000.0,37802000000.0,0.302,40.591,-2527000000.0,132000000.0,132000000.0,7169000000.0,1053000000.0,0.927,2.51,11982000000.0,1426000000.0,10556000000.0,11982000000.0,0.0,973000000.0,307000000.0,0.04,2.43,2309000000.0,3282000000.0,0.267,3282000000.0,2309000000.0,1576000000.0,3.59,3.57,3.59,11889000000.0,11794750000.0,11889000000.0,28789307478.0,12.0,8.772,-414000000.0,-1.413,1.0,5125000000.0,0.417,431000000.0,733000000.0,48912000000.0,47227000000.0,270000000.0,351000000.0,0.0,351000000.0,29847000000.0,4243000000.0,25604000000.0,17874307478.0,-637000000.0,-27000000.0,-2000000.0,901000000.0,-714000000.0,-54000000.0,-2696000000.0,0.0,2113000000.0,0.0,1053000000.0,1053000000.0,1053000000.0,0.0,0.0,0.086,2820000000.0,2305000000.0,1065000000.0,0.677,1.503,16.975,17.0,27283000000.0,0.0,61.03,1.454,1.454,1969000000.0,,12294000000.0,12294000000.0,0.0,0.026,0.089,0.049,0.188,0.0,0.0,1.0,292877396.0,292900000.0,294200000.0,41.973,41305000000.0,440000000.0,523000000.0,8711000000.0,141.021,-309000000.0
34,ED,MRT,2012-12-31,2012-12-31,2012-12-31,2021-08-30,0.0,41209000000.0,40148000000.0,3451000000.0,37758000000.0,0.304,40.522,-2378000000.0,394000000.0,394000000.0,7069000000.0,1141000000.0,0.875,2.472,11309000000.0,1245000000.0,10064000000.0,11309000000.0,0.0,955000000.0,304000000.0,0.044,2.42,2345000000.0,3300000000.0,0.271,3300000000.0,2345000000.0,1741000000.0,3.88,3.86,3.88,11869000000.0,11708750000.0,11869000000.0,27308160644.0,12.0,8.275,221000000.0,0.755,1.0,5119000000.0,0.42,431000000.0,604000000.0,47748000000.0,46432250000.0,330000000.0,467000000.0,0.0,467000000.0,29340000000.0,3945000000.0,25395000000.0,16266160644.0,-254000000.0,0.0,-9000000.0,630000000.0,-709000000.0,-330000000.0,-2523000000.0,0.0,2599000000.0,0.0,1141000000.0,1138000000.0,1138000000.0,0.0,0.0,0.093,2780000000.0,2339000000.0,1215000000.0,0.624,1.37,14.294,14.314,26939000000.0,3000000.0,55.54,1.335,1.335,1966000000.0,,12188000000.0,12188000000.0,0.0,0.028,0.097,0.051,0.192,0.0,0.0,1.0,292872896.0,292900000.0,294500000.0,41.611,40778000000.0,296000000.0,600000000.0,8534000000.0,139.222,-494000000.0
35,ED,MRT,2012-09-30,2012-09-30,2012-09-30,2021-08-30,0.0,39633000000.0,39649250000.0,3240000000.0,36393000000.0,0.308,40.43,-2302000000.0,69000000.0,69000000.0,7157000000.0,1127000000.0,0.87,2.347,11111000000.0,1270000000.0,9841000000.0,11111000000.0,0.0,934000000.0,308000000.0,0.04,2.415,2352000000.0,3286000000.0,0.269,3286000000.0,2352000000.0,1751000000.0,3.83,3.81,3.83,11842000000.0,11653750000.0,11842000000.0,28033325596.0,12.0,8.531,312000000.0,1.065,1.0,5044000000.0,0.413,432000000.0,601000000.0,46519000000.0,45950750000.0,355000000.0,462000000.0,0.0,462000000.0,27791000000.0,3724000000.0,24067000000.0,17541325596.0,-329000000.0,31000000.0,-26000000.0,431000000.0,-698000000.0,-537000000.0,-2406000000.0,0.0,2614000000.0,0.0,1127000000.0,1122000000.0,1122000000.0,0.0,0.0,0.092,2699000000.0,2345000000.0,968000000.0,0.631,1.481,15.634,15.637,26324000000.0,5000000.0,59.89,1.438,1.438,1986000000.0,,12201000000.0,12201000000.0,0.0,0.028,0.096,0.051,0.193,0.0,0.0,1.0,292892396.0,292900000.0,294600000.0,41.656,39201000000.0,113000000.0,624000000.0,8134000000.0,133.837,-484000000.0
36,ED,MRT,2012-06-30,2012-06-30,2012-06-30,2021-08-30,0.0,40049000000.0,38874750000.0,4102000000.0,35947000000.0,0.319,39.532,-2058000000.0,1381000000.0,1381000000.0,7454000000.0,1073000000.0,0.937,2.459,11873000000.0,2031000000.0,9842000000.0,11873000000.0,0.0,916000000.0,308000000.0,0.039,2.41,2254000000.0,3170000000.0,0.256,3170000000.0,2254000000.0,1661000000.0,3.64,3.62,3.64,11579000000.0,11610000000.0,11579000000.0,28519715992.0,13.0,8.997,737000000.0,2.516,1.0,4938000000.0,0.398,432000000.0,593000000.0,45729000000.0,45176500000.0,337000000.0,451000000.0,0.0,451000000.0,28470000000.0,4380000000.0,24090000000.0,18215715992.0,889000000.0,78000000.0,-30000000.0,1193000000.0,-696000000.0,220000000.0,-2126000000.0,0.0,2795000000.0,0.0,1073000000.0,1065000000.0,1065000000.0,0.0,0.0,0.086,2688000000.0,2250000000.0,813000000.0,0.662,1.573,17.104,17.085,25734000000.0,8000000.0,62.19,1.47,1.47,1755000000.0,,12392000000.0,12392000000.0,0.0,0.027,0.092,0.05,0.182,0.0,0.0,1.0,292904261.0,292900000.0,294400000.0,42.308,39617000000.0,136000000.0,588000000.0,7897000000.0,135.258,-278000000.0
37,ED,MRT,2012-03-31,2012-03-31,2012-03-31,2021-08-30,0.0,39701000000.0,37867250000.0,3904000000.0,35797000000.0,0.333,39.416,-2050000000.0,769000000.0,769000000.0,7758000000.0,1027000000.0,1.017,2.439,11073000000.0,1030000000.0,10043000000.0,11073000000.0,0.0,899000000.0,306000000.0,0.041,2.405,2184000000.0,3083000000.0,0.244,3083000000.0,2184000000.0,1592000000.0,3.48,3.45,3.48,11545000000.0,11581250000.0,11545000000.0,27137086463.0,12.0,8.802,1127000000.0,3.848,1.0,4856000000.0,0.385,432000000.0,592000000.0,45733000000.0,44569250000.0,325000000.0,440000000.0,0.0,440000000.0,28156000000.0,3840000000.0,24316000000.0,17110086463.0,253000000.0,67000000.0,-2000000.0,-72000000.0,-695000000.0,-780000000.0,-2144000000.0,0.0,3177000000.0,0.0,1027000000.0,1016000000.0,1016000000.0,0.0,0.0,0.081,2683000000.0,2173000000.0,844000000.0,0.691,1.482,16.841,16.787,25353000000.0,11000000.0,58.42,1.356,1.357,1697000000.0,,12614000000.0,12614000000.0,0.0,0.027,0.088,0.049,0.173,0.0,0.0,1.0,292880631.0,292900000.0,294500000.0,43.066,39269000000.0,285000000.0,565000000.0,7941000000.0,134.07,64000000.0
38,ED,MRT,2011-12-31,2011-12-31,2011-12-31,2021-08-30,0.0,39214000000.0,36988500000.0,3638000000.0,35576000000.0,0.348,39.812,-1987000000.0,648000000.0,648000000.0,7970000000.0,1062000000.0,1.218,2.366,10675000000.0,530000000.0,10145000000.0,10675000000.0,0.0,884000000.0,303000000.0,0.039,2.4,2256000000.0,3140000000.0,0.244,3140000000.0,2256000000.0,1662000000.0,3.59,3.57,3.59,11649000000.0,11556000000.0,11649000000.0,28446875191.0,13.0,9.06,1150000000.0,3.93,1.0,4916000000.0,0.381,432000000.0,594000000.0,45822000000.0,44062500000.0,356000000.0,455000000.0,0.0,455000000.0,27565000000.0,2987000000.0,24578000000.0,18168875191.0,310000000.0,0.0,31000000.0,-4000000.0,-693000000.0,-677000000.0,-2150000000.0,0.0,3137000000.0,0.0,1062000000.0,1051000000.0,1051000000.0,0.0,0.0,0.082,2677000000.0,2239000000.0,955000000.0,0.669,1.56,17.287,17.279,25093000000.0,11000000.0,62.03,1.41,1.409,1900000000.0,,12886000000.0,12886000000.0,0.0,0.028,0.091,0.051,0.175,0.0,0.0,1.0,292904646.0,292600000.0,294400000.0,44.04,38782000000.0,266000000.0,600000000.0,7751000000.0,132.543,651000000.0
39,ED,MRT,2011-09-30,2011-09-30,2011-09-30,2021-08-30,0.0,36535000000.0,36272000000.0,3458000000.0,33077000000.0,0.361,39.833,-2014000000.0,398000000.0,398000000.0,8139000000.0,1103000000.0,1.169,2.131,10676000000.0,305000000.0,10371000000.0,10676000000.0,0.0,873000000.0,302000000.0,0.042,2.395,2296000000.0,3169000000.0,0.242,3169000000.0,2296000000.0,1695000000.0,3.75,3.71,3.75,11667000000.0,11462250000.0,11667000000.0,26885783590.0,12.0,8.484,1554000000.0,5.306,1.0,4972000000.0,0.379,432000000.0,601000000.0,43422000000.0,43539750000.0,375000000.0,474000000.0,0.0,474000000.0,24868000000.0,2959000000.0,21909000000.0,16699783590.0,200000000.0,-28000000.0,402000000.0,-859000000.0,-680000000.0,-1148000000.0,-2220000000.0,0.0,3568000000.0,0.0,1103000000.0,1092000000.0,1092000000.0,0.0,0.0,0.083,2699000000.0,2273000000.0,1062000000.0,0.639,1.431,15.293,15.205,24698000000.0,11000000.0,57.02,1.274,1.274,1953000000.0,,13111000000.0,13111000000.0,0.0,0.03,0.095,0.053,0.175,0.0,0.0,1.0,292875896.0,292900000.0,294600000.0,44.763,36103000000.0,0.0,592000000.0,7276000000.0,123.26,499000000.0
40,ED,MRT,2011-06-30,2011-06-30,2011-06-30,2021-08-30,0.0,36019000000.0,36001250000.0,3209000000.0,32810000000.0,0.366,39.166,-2066000000.0,492000000.0,492000000.0,8313000000.0,1070000000.0,1.298,2.142,10678000000.0,5000000.0,10673000000.0,10678000000.0,0.0,862000000.0,299000000.0,0.045,2.39,2256000000.0,3118000000.0,0.236,3118000000.0,2256000000.0,1642000000.0,3.68,3.64,3.68,11464000000.0,11256250000.0,11464000000.0,26204826952.0,12.0,8.404,1109000000.0,3.789,1.0,4876000000.0,0.37,432000000.0,614000000.0,43300000000.0,43484500000.0,310000000.0,510000000.0,84000000.0,426000000.0,24555000000.0,2473000000.0,22082000000.0,15576826952.0,314000000.0,-62000000.0,463000000.0,-352000000.0,-664000000.0,-564000000.0,-2297000000.0,0.0,3175000000.0,0.0,1070000000.0,1059000000.0,1059000000.0,0.0,0.0,0.08,2654000000.0,2222000000.0,1033000000.0,0.649,1.359,14.709,14.467,24414000000.0,11000000.0,53.24,1.181,1.182,1870000000.0,,13189000000.0,13189000000.0,0.0,0.029,0.094,0.052,0.171,0.0,0.0,1.0,292577516.0,292700000.0,294300000.0,45.06,35587000000.0,0.0,572000000.0,7009000000.0,121.582,736000000.0
41,ED,MRT,2011-03-31,2011-03-31,2011-03-31,2021-08-30,0.0,36186000000.0,35593750000.0,3590000000.0,32596000000.0,0.371,39.192,-2000000000.0,516000000.0,516000000.0,8354000000.0,1088000000.0,1.342,2.162,11144000000.0,469000000.0,10675000000.0,11144000000.0,0.0,854000000.0,296000000.0,0.047,2.385,2294000000.0,3148000000.0,0.238,3148000000.0,2294000000.0,1683000000.0,3.76,3.72,3.76,11444000000.0,11038500000.0,11444000000.0,25153663166.0,11.0,7.99,742000000.0,2.541,1.0,4859000000.0,0.368,432000000.0,611000000.0,43706000000.0,43192750000.0,245000000.0,413000000.0,0.0,413000000.0,24742000000.0,2676000000.0,22066000000.0,14808663166.0,429000000.0,-52000000.0,450000000.0,106000000.0,-647000000.0,-102000000.0,-2211000000.0,0.0,2742000000.0,0.0,1088000000.0,1077000000.0,1077000000.0,0.0,0.0,0.082,2606000000.0,2253000000.0,967000000.0,0.634,1.294,13.75,13.489,24068000000.0,11000000.0,50.72,1.121,1.121,1922000000.0,,13213000000.0,13213000000.0,0.0,0.03,0.098,0.053,0.174,0.0,0.0,1.0,291968911.0,292000000.0,293600000.0,45.25,35754000000.0,0.0,595000000.0,6941000000.0,122.445,914000000.0
42,ED,MRT,2010-12-31,2010-12-31,2010-12-31,2021-08-30,0.0,36348000000.0,35159500000.0,3669000000.0,32679000000.0,0.379,39.655,-2014000000.0,338000000.0,338000000.0,8642000000.0,1003000000.0,1.45,2.224,10683000000.0,5000000.0,10678000000.0,10683000000.0,0.0,840000000.0,289000000.0,0.048,2.38,2160000000.0,3000000000.0,0.225,3000000000.0,2160000000.0,1551000000.0,3.49,3.47,3.49,11274000000.0,10815500000.0,11274000000.0,25729874180.0,12.0,8.577,367000000.0,1.291,1.0,4683000000.0,0.351,432000000.0,609000000.0,43731000000.0,42628250000.0,348000000.0,403000000.0,0.0,403000000.0,25074000000.0,2530000000.0,22544000000.0,14401874180.0,78000000.0,-12000000.0,439000000.0,73000000.0,-629000000.0,-128000000.0,-2175000000.0,0.0,2381000000.0,0.0,1003000000.0,992000000.0,992000000.0,0.0,0.0,0.074,2563000000.0,2120000000.0,1151000000.0,0.682,1.277,14.518,14.203,23863000000.0,11000000.0,49.57,1.081,1.058,2099000000.0,,13325000000.0,13325000000.0,0.0,0.028,0.092,0.051,0.162,0.0,0.0,1.0,290536094.0,284300000.0,285900000.0,46.87,35916000000.0,162000000.0,548000000.0,6859000000.0,126.331,1139000000.0
43,ED,MRT,2010-09-30,2010-09-30,2010-09-30,2021-08-30,0.0,35452000000.0,34533500000.0,3890000000.0,31562000000.0,0.39,38.314,-2111000000.0,198000000.0,198000000.0,8901000000.0,972000000.0,1.236,2.27,11526000000.0,851000000.0,10675000000.0,11526000000.0,0.0,828000000.0,283000000.0,0.049,2.375,2087000000.0,2915000000.0,0.217,2915000000.0,2087000000.0,1476000000.0,3.42,3.39,3.42,10843000000.0,10612500000.0,10843000000.0,24470520103.0,12.0,8.395,-140000000.0,-0.495,1.0,4559000000.0,0.339,432000000.0,611000000.0,43201000000.0,41901250000.0,364000000.0,391000000.0,0.0,391000000.0,24609000000.0,3147000000.0,21462000000.0,13628520103.0,123000000.0,-15000000.0,310000000.0,752000000.0,-619000000.0,432000000.0,-2280000000.0,0.0,1971000000.0,0.0,972000000.0,961000000.0,961000000.0,0.0,0.0,0.071,2510000000.0,2049000000.0,1068000000.0,0.694,1.257,14.182,14.099,23469000000.0,11000000.0,48.22,1.013,1.014,2211000000.0,,13460000000.0,13460000000.0,0.0,0.028,0.091,0.05,0.155,0.0,0.0,1.0,282632105.0,283000000.0,284600000.0,47.562,35020000000.0,0.0,504000000.0,6344000000.0,123.746,743000000.0
44,ED,MRT,2010-06-30,2010-06-30,2010-06-30,2021-08-30,0.0,34389000000.0,34223500000.0,3158000000.0,31231000000.0,0.387,37.564,-2092000000.0,178000000.0,178000000.0,8745000000.0,958000000.0,1.181,2.246,11020000000.0,458000000.0,10562000000.0,11020000000.0,0.0,817000000.0,279000000.0,0.055,2.37,2061000000.0,2878000000.0,0.217,2878000000.0,2061000000.0,1452000000.0,3.4,3.38,3.4,10593000000.0,10387500000.0,10593000000.0,23092948290.0,11.0,8.024,-274000000.0,-0.972,1.0,4497000000.0,0.34,423000000.0,609000000.0,42133000000.0,41345500000.0,328000000.0,402000000.0,0.0,402000000.0,23796000000.0,2675000000.0,21121000000.0,12152948290.0,-133000000.0,0.0,267000000.0,653000000.0,-612000000.0,297000000.0,-2248000000.0,0.0,1818000000.0,0.0,958000000.0,947000000.0,947000000.0,0.0,0.0,0.072,2468000000.0,2029000000.0,1094000000.0,0.697,1.147,12.833,12.676,23097000000.0,11000000.0,43.1,0.918,0.918,2117000000.0,,13242000000.0,13242000000.0,0.0,0.028,0.091,0.05,0.156,0.0,0.0,1.0,281970958.0,282000000.0,283500000.0,46.957,33966000000.0,0.0,494000000.0,5815000000.0,120.447,483000000.0
45,ED,MRT,2010-03-31,2010-03-31,2010-03-31,2021-08-30,0.0,34449000000.0,33237250000.0,3386000000.0,31063000000.0,0.393,37.498,-2127000000.0,87000000.0,87000000.0,8682000000.0,925000000.0,0.962,2.265,11027000000.0,1161000000.0,9866000000.0,11027000000.0,0.0,803000000.0,276000000.0,0.053,2.365,2008000000.0,2811000000.0,0.215,2811000000.0,2008000000.0,1393000000.0,3.3,3.29,3.3,10552000000.0,9989000000.0,10552000000.0,22870390242.0,11.0,8.136,-305000000.0,-1.084,1.0,4388000000.0,0.336,423000000.0,615000000.0,41448000000.0,40173000000.0,303000000.0,381000000.0,0.0,381000000.0,23897000000.0,3518000000.0,20379000000.0,12531390242.0,-564000000.0,0.0,263000000.0,262000000.0,-606000000.0,-92000000.0,-2294000000.0,0.0,1822000000.0,0.0,925000000.0,914000000.0,914000000.0,0.0,0.0,0.07,2416000000.0,1972000000.0,978000000.0,0.717,1.188,13.71,13.497,22739000000.0,11000000.0,44.54,0.959,0.959,1996000000.0,,13070000000.0,13070000000.0,0.0,0.027,0.092,0.05,0.154,0.0,0.0,1.0,281351375.0,281400000.0,282700000.0,46.446,34026000000.0,0.0,468000000.0,5961000000.0,120.917,-132000000.0
46,ED,MRT,2009-12-31,2009-12-31,2009-12-31,2021-08-30,0.0,33844000000.0,33181000000.0,3214000000.0,30630000000.0,0.393,38.016,-2179000000.0,260000000.0,260000000.0,8797000000.0,879000000.0,1.093,2.235,10599000000.0,731000000.0,9868000000.0,10599000000.0,0.0,791000000.0,274000000.0,0.052,2.36,1930000000.0,2721000000.0,0.209,2721000000.0,1930000000.0,1319000000.0,3.16,3.14,3.16,10462000000.0,9785250000.0,10462000000.0,23213596336.0,12.0,8.531,287000000.0,1.043,1.0,4235000000.0,0.325,420000000.0,611000000.0,40823000000.0,40067000000.0,355000000.0,385000000.0,0.0,385000000.0,23382000000.0,2940000000.0,20442000000.0,12515596336.0,186000000.0,0.0,257000000.0,435000000.0,-601000000.0,80000000.0,-2360000000.0,0.0,2466000000.0,0.0,879000000.0,868000000.0,868000000.0,0.0,0.0,0.067,2336000000.0,1899000000.0,1173000000.0,0.747,1.196,14.419,14.377,22464000000.0,11000000.0,45.43,0.96,0.959,2005000000.0,,13032000000.0,13032000000.0,0.0,0.026,0.089,0.048,0.148,0.0,0.0,1.0,275491885.0,275200000.0,276300000.0,47.355,33424000000.0,0.0,440000000.0,5660000000.0,121.453,274000000.0
47,ED,MRT,2009-09-30,2009-09-30,2009-09-30,2021-08-30,0.0,34212000000.0,33094500000.0,3227000000.0,30985000000.0,0.385,36.143,-2255000000.0,75000000.0,75000000.0,8648000000.0,837000000.0,0.919,2.441,10773000000.0,1397000000.0,9376000000.0,10773000000.0,0.0,775000000.0,271000000.0,0.058,2.355,1889000000.0,2664000000.0,0.209,2664000000.0,1889000000.0,1284000000.0,3.01,3.01,3.01,9943000000.0,9647500000.0,9943000000.0,20425895726.0,11.0,7.667,-196000000.0,-0.712,1.0,4108000000.0,0.322,420000000.0,605000000.0,40978000000.0,39835500000.0,398000000.0,371000000.0,0.0,371000000.0,24269000000.0,3512000000.0,20757000000.0,11257895726.0,7000000.0,0.0,39000000.0,968000000.0,-610000000.0,377000000.0,-2429000000.0,0.0,2059000000.0,0.0,837000000.0,826000000.0,826000000.0,266000000.0,0.0,0.065,2250000000.0,1858000000.0,928000000.0,0.782,1.132,13.629,13.601,21949000000.0,11000000.0,40.94,0.883,0.883,1753000000.0,,12756000000.0,12756000000.0,0.0,0.025,0.086,0.047,0.148,0.0,0.0,1.0,274985240.0,275100000.0,276000000.0,46.369,33792000000.0,0.0,447000000.0,5521000000.0,122.835,-285000000.0
48,ED,MRT,2009-06-30,2009-06-30,2009-06-30,2021-08-30,0.0,30444000000.0,31872000000.0,2312000000.0,28132000000.0,0.412,32.783,-2298000000.0,290000000.0,290000000.0,9379000000.0,683000000.0,1.066,2.383,9458000000.0,525000000.0,8933000000.0,9458000000.0,0.0,759000000.0,253000000.0,0.063,2.35,1612000000.0,2371000000.0,0.181,2371000000.0,1612000000.0,1023000000.0,2.45,2.45,2.45,8999000000.0,9592500000.0,8999000000.0,20316119996.0,13.0,8.569,-1505000000.0,-5.483,1.0,3746000000.0,0.285,0.0,589000000.0,37443000000.0,38484500000.0,314000000.0,105000000.0,0.0,105000000.0,21445000000.0,2169000000.0,19276000000.0,10268119996.0,-1446000000.0,0.0,47000000.0,835000000.0,-620000000.0,245000000.0,-2484000000.0,0.0,793000000.0,0.0,683000000.0,672000000.0,672000000.0,266000000.0,0.0,0.051,2170000000.0,1576000000.0,736000000.0,0.959,1.141,15.28,15.273,20360000000.0,11000000.0,37.42,0.782,0.783,1301000000.0,,13125000000.0,13125000000.0,0.0,0.021,0.07,0.042,0.123,0.0,0.0,1.0,274401924.0,274500000.0,275300000.0,47.814,30444000000.0,0.0,340000000.0,4964000000.0,110.907,143000000.0
49,ED,MRT,2009-03-31,2009-03-31,2009-03-31,2021-08-30,0.0,34224000000.0,31824500000.0,3748000000.0,30476000000.0,0.422,35.549,-828000000.0,651000000.0,651000000.0,9771000000.0,1085000000.0,1.324,2.515,10699000000.0,704000000.0,9995000000.0,10699000000.0,0.0,744000000.0,268000000.0,0.059,2.345,2102000000.0,2846000000.0,0.212,2846000000.0,2102000000.0,1540000000.0,3.92,3.92,3.92,9737000000.0,9762750000.0,9737000000.0,20867136906.0,10.0,7.332,-103000000.0,-0.376,1.0,3658000000.0,0.272,417000000.0,562000000.0,41024000000.0,37526250000.0,334000000.0,349000000.0,0.0,349000000.0,24487000000.0,2831000000.0,21656000000.0,10847136906.0,502000000.0,-12000000.0,47000000.0,1391000000.0,-619000000.0,805000000.0,-1028000000.0,0.0,725000000.0,0.0,1085000000.0,1074000000.0,1074000000.0,-6000000.0,0.0,0.08,1856000000.0,1802000000.0,911000000.0,0.598,1.114,10.1,10.105,21206000000.0,11000000.0,39.61,0.808,0.808,1720000000.0,,13429000000.0,13429000000.0,0.0,0.034,0.11,0.056,0.157,0.0,0.0,1.0,273848445.0,273900000.0,274500000.0,49.029,33807000000.0,0.0,455000000.0,5341000000.0,123.428,917000000.0
50,ED,MRT,2008-12-31,2008-12-31,2008-12-31,2021-08-30,0.0,33498000000.0,30434750000.0,3369000000.0,30129000000.0,0.446,36.317,-849000000.0,74000000.0,74000000.0,9843000000.0,1207000000.0,1.051,2.38,10094000000.0,845000000.0,9249000000.0,10094000000.0,0.0,717000000.0,265000000.0,0.06,2.34,2275000000.0,2992000000.0,0.22,2992000000.0,2275000000.0,1731000000.0,4.38,4.37,4.38,9911000000.0,9644500000.0,9911000000.0,20334401729.0,9.0,6.796,-209000000.0,-0.766,1.0,3740000000.0,0.275,416000000.0,544000000.0,39897000000.0,35702500000.0,516000000.0,356000000.0,0.0,356000000.0,23587000000.0,3205000000.0,20382000000.0,10652401729.0,-136000000.0,-32000000.0,51000000.0,873000000.0,-618000000.0,295000000.0,-1071000000.0,0.0,640000000.0,0.0,1207000000.0,1196000000.0,1196000000.0,-274000000.0,0.0,0.088,1820000000.0,1920000000.0,1161000000.0,0.534,1.075,8.907,8.888,20874000000.0,11000000.0,38.93,0.784,0.782,1423000000.0,,13583000000.0,13583000000.0,0.0,0.039,0.124,0.064,0.167,0.0,0.0,1.0,273629636.0,272900000.0,273600000.0,49.773,33082000000.0,0.0,524000000.0,5244000000.0,121.224,164000000.0
51,ED,MRT,2008-09-30,2008-09-30,2008-09-30,2021-08-30,0.0,29322000000.0,29125750000.0,3352000000.0,25970000000.0,0.474,35.589,-696000000.0,69000000.0,69000000.0,10042000000.0,1264000000.0,1.112,2.016,9751000000.0,884000000.0,8867000000.0,9751000000.0,0.0,697000000.0,262000000.0,0.054,2.335,2327000000.0,3024000000.0,0.219,3024000000.0,2327000000.0,1805000000.0,4.55,4.54,4.55,9723000000.0,9435750000.0,9723000000.0,19458279603.0,8.0,6.435,-7000000.0,-0.026,1.0,3769000000.0,0.273,416000000.0,522000000.0,35574000000.0,33996500000.0,578000000.0,374000000.0,0.0,374000000.0,19599000000.0,3014000000.0,16585000000.0,11736279603.0,-124000000.0,-32000000.0,62000000.0,665000000.0,-605000000.0,111000000.0,-924000000.0,0.0,689000000.0,0.0,1264000000.0,1244000000.0,1244000000.0,-276000000.0,0.0,0.09,1801000000.0,1968000000.0,1032000000.0,0.513,1.207,9.434,9.442,20286000000.0,20000000.0,42.96,0.85,0.85,1553000000.0,,13811000000.0,13811000000.0,0.0,0.043,0.132,0.068,0.168,0.0,0.0,1.0,273190866.0,273200000.0,273800000.0,50.553,28906000000.0,0.0,541000000.0,5264000000.0,105.805,338000000.0
52,ED,MRT,2008-06-30,2008-06-30,2008-06-30,2021-08-30,0.0,30254000000.0,28772250000.0,4531000000.0,25723000000.0,0.47,35.497,-628000000.0,1758000000.0,1758000000.0,9653000000.0,1391000000.0,1.147,2.125,9480000000.0,659000000.0,8821000000.0,9480000000.0,0.0,683000000.0,260000000.0,0.06,2.33,2480000000.0,3163000000.0,0.234,3163000000.0,2480000000.0,1968000000.0,5.04,5.03,5.04,9680000000.0,9252500000.0,9680000000.0,19875320170.0,8.0,6.284,1407000000.0,5.16,1.0,3879000000.0,0.287,417000000.0,512000000.0,33610000000.0,33377250000.0,440000000.0,380000000.0,0.0,380000000.0,20574000000.0,3949000000.0,16625000000.0,10657320170.0,1571000000.0,-32000000.0,53000000.0,947000000.0,-594000000.0,395000000.0,-859000000.0,0.0,2035000000.0,0.0,1391000000.0,1374000000.0,1374000000.0,-278000000.0,0.0,0.102,1769000000.0,2110000000.0,1387000000.0,0.462,1.101,7.756,7.756,19929000000.0,17000000.0,39.09,0.788,0.788,1487000000.0,,13532000000.0,13532000000.0,0.0,0.048,0.149,0.074,0.183,0.0,0.0,1.0,272635461.0,272700000.0,273500000.0,49.622,29837000000.0,0.0,577000000.0,5230000000.0,109.413,582000000.0
53,ED,MRT,2008-03-31,2008-03-31,2008-03-31,2021-08-30,0.0,28665000000.0,27996250000.0,2669000000.0,25996000000.0,0.476,34.034,-1994000000.0,145000000.0,145000000.0,9489000000.0,990000000.0,0.713,2.094,9363000000.0,1457000000.0,7906000000.0,9363000000.0,0.0,668000000.0,255000000.0,0.059,2.325,1955000000.0,2623000000.0,0.197,2623000000.0,1955000000.0,1443000000.0,3.6,3.59,3.6,9264000000.0,9034000000.0,9264000000.0,19874922468.0,10.0,7.577,-346000000.0,-1.271,1.0,3851000000.0,0.289,410000000.0,512000000.0,33729000000.0,33000500000.0,318000000.0,376000000.0,0.0,376000000.0,19401000000.0,3744000000.0,15657000000.0,10803922468.0,-8000000.0,-20000000.0,643000000.0,500000000.0,-591000000.0,541000000.0,-2197000000.0,0.0,1648000000.0,0.0,990000000.0,976000000.0,976000000.0,-9000000.0,0.0,0.073,1996000000.0,1855000000.0,1111000000.0,0.646,1.166,11.07,11.028,20285000000.0,14000000.0,39.7,0.81,0.81,1392000000.0,,13340000000.0,13340000000.0,0.0,0.035,0.108,0.059,0.147,0.0,0.0,1.0,272139105.0,272200000.0,273000000.0,49.008,28255000000.0,0.0,453000000.0,4964000000.0,103.802,-1075000000.0
54,ED,MRT,2007-12-31,2007-12-31,2007-12-31,2021-08-30,0.0,28262000000.0,27505750000.0,2550000000.0,25712000000.0,0.477,34.082,-1904000000.0,210000000.0,210000000.0,9305000000.0,940000000.0,0.662,2.114,9282000000.0,1649000000.0,7633000000.0,9282000000.0,0.0,667000000.0,249000000.0,0.047,2.32,1894000000.0,2561000000.0,0.195,2561000000.0,1894000000.0,1377000000.0,3.49,3.47,3.49,9076000000.0,8769750000.0,9076000000.0,22267547905.0,12.0,8.695,-338000000.0,-1.269,1.0,3815000000.0,0.291,410000000.0,517000000.0,33073000000.0,32530500000.0,405000000.0,378000000.0,0.0,378000000.0,19186000000.0,3851000000.0,15335000000.0,13263547905.0,116000000.0,0.0,685000000.0,544000000.0,-582000000.0,636000000.0,-2086000000.0,0.0,1566000000.0,0.0,940000000.0,929000000.0,929000000.0,-4000000.0,0.0,0.071,1968000000.0,1847000000.0,1187000000.0,0.665,1.461,14.277,13.997,19914000000.0,11000000.0,48.85,1.011,0.992,1407000000.0,,13120000000.0,13120000000.0,0.0,0.034,0.106,0.058,0.144,0.0,0.0,1.0,271515822.0,266300000.0,267300000.0,49.268,27852000000.0,0.0,437000000.0,4732000000.0,104.589,-1301000000.0
55,ED,MRT,2007-09-30,2007-09-30,2007-09-30,2021-08-30,0.0,27908000000.0,27115000000.0,2979000000.0,24929000000.0,0.463,33.173,-1873000000.0,209000000.0,209000000.0,8828000000.0,923000000.0,0.893,2.104,9213000000.0,1186000000.0,8027000000.0,9213000000.0,0.0,661000000.0,244000000.0,0.05,2.315,1836000000.0,2497000000.0,0.199,2497000000.0,1836000000.0,1355000000.0,3.51,3.51,3.51,8990000000.0,8501750000.0,8990000000.0,20996154677.0,11.0,8.409,-238000000.0,-0.878,1.0,3713000000.0,0.296,480000000.0,481000000.0,33097000000.0,32273250000.0,464000000.0,378000000.0,0.0,378000000.0,18918000000.0,3335000000.0,15583000000.0,12546154677.0,-42000000.0,0.0,685000000.0,240000000.0,-573000000.0,352000000.0,-2029000000.0,0.0,1635000000.0,0.0,923000000.0,923000000.0,923000000.0,-1000000.0,0.0,0.074,1908000000.0,1805000000.0,1102000000.0,0.66,1.396,13.593,13.191,19455000000.0,0.0,46.3,1.0,1.001,1477000000.0,,12541000000.0,12541000000.0,0.0,0.034,0.109,0.057,0.146,0.0,0.0,1.0,270975263.0,271000000.0,272000000.0,46.277,27428000000.0,0.0,432000000.0,4668000000.0,101.21,-356000000.0
56,ED,MRT,2007-06-30,2007-06-30,2007-06-30,2021-08-30,0.0,27150000000.0,26673250000.0,2651000000.0,24499000000.0,0.465,33.243,-1843000000.0,203000000.0,203000000.0,8743000000.0,842000000.0,0.88,2.083,8653000000.0,851000000.0,7802000000.0,8653000000.0,0.0,646000000.0,240000000.0,0.051,2.31,1792000000.0,2438000000.0,0.197,2438000000.0,1792000000.0,1279000000.0,3.29,3.28,3.29,8806000000.0,8236250000.0,8806000000.0,20466725378.0,11.0,8.395,-471000000.0,-1.778,1.0,3660000000.0,0.295,483000000.0,513000000.0,32103000000.0,31812500000.0,381000000.0,381000000.0,0.0,381000000.0,18344000000.0,3014000000.0,15330000000.0,11706725378.0,123000000.0,0.0,1141000000.0,158000000.0,-556000000.0,743000000.0,-1992000000.0,0.0,1372000000.0,0.0,842000000.0,842000000.0,842000000.0,1000000.0,0.0,0.068,1885000000.0,1775000000.0,1119000000.0,0.702,1.329,13.903,13.714,19097000000.0,0.0,45.12,0.944,0.964,1451000000.0,,12403000000.0,12403000000.0,0.0,0.032,0.102,0.056,0.144,0.0,0.0,1.0,259457566.0,264900000.0,266200000.0,46.821,26667000000.0,0.0,437000000.0,4386000000.0,100.668,-363000000.0
57,ED,MRT,2007-03-31,2007-03-31,2007-03-31,2021-08-30,0.0,26703000000.0,26049250000.0,2730000000.0,23973000000.0,0.461,31.81,-1891000000.0,183000000.0,183000000.0,8396000000.0,812000000.0,0.872,2.254,8943000000.0,1125000000.0,7818000000.0,8943000000.0,0.0,633000000.0,235000000.0,0.045,2.305,1752000000.0,2385000000.0,0.199,2385000000.0,1752000000.0,1237000000.0,3.21,3.2,3.21,8207000000.0,7878500000.0,8207000000.0,21858459854.0,12.0,9.165,-649000000.0,-2.516,1.0,3605000000.0,0.3,483000000.0,515000000.0,31849000000.0,31319500000.0,301000000.0,372000000.0,0.0,372000000.0,18496000000.0,3131000000.0,15365000000.0,13155459854.0,-20000000.0,0.0,554000000.0,774000000.0,-542000000.0,786000000.0,-2048000000.0,0.0,1242000000.0,0.0,812000000.0,812000000.0,812000000.0,6000000.0,0.0,0.068,1860000000.0,1745000000.0,1014000000.0,0.718,1.603,16.201,15.907,18770000000.0,0.0,51.06,1.096,1.098,1508000000.0,,12001000000.0,12001000000.0,0.0,0.031,0.103,0.056,0.146,0.0,0.0,1.0,257647079.0,258000000.0,259100000.0,46.516,26220000000.0,0.0,425000000.0,4441000000.0,101.628,-401000000.0
58,ED,MRT,2006-12-31,2006-12-31,2006-12-31,2021-08-30,0.0,26699000000.0,25492500000.0,2937000000.0,23762000000.0,0.469,32.106,-1793000000.0,112000000.0,112000000.0,8490000000.0,737000000.0,1.023,2.336,8815000000.0,491000000.0,8324000000.0,8815000000.0,0.0,620000000.0,228000000.0,0.048,2.3,1636000000.0,2256000000.0,0.189,2256000000.0,1636000000.0,1126000000.0,2.96,2.95,2.96,8004000000.0,7667250000.0,8004000000.0,21059091522.0,13.0,9.335,-439000000.0,-1.761,1.0,3472000000.0,0.29,486000000.0,510000000.0,32044000000.0,30728750000.0,466000000.0,366000000.0,0.0,366000000.0,18695000000.0,2872000000.0,15823000000.0,12344091522.0,13000000.0,39000000.0,510000000.0,600000000.0,-533000000.0,577000000.0,-1918000000.0,0.0,1354000000.0,0.0,737000000.0,737000000.0,737000000.0,3000000.0,0.0,0.062,1844000000.0,1628000000.0,1126000000.0,0.777,1.542,16.749,16.24,18445000000.0,0.0,48.07,1.032,1.002,1596000000.0,,11962000000.0,11962000000.0,0.0,0.029,0.096,0.053,0.137,0.0,0.0,1.0,256794082.0,249300000.0,250300000.0,47.982,26213000000.0,0.0,389000000.0,4227000000.0,105.146,65000000.0
59,ED,MRT,2006-09-30,2006-09-30,2006-09-30,2021-08-30,0.0,26141000000.0,25029750000.0,3408000000.0,22733000000.0,0.485,31.839,-1819000000.0,253000000.0,253000000.0,8791000000.0,674000000.0,1.094,2.297,8968000000.0,875000000.0,8093000000.0,8968000000.0,0.0,610000000.0,225000000.0,0.05,2.295,1507000000.0,2117000000.0,0.174,2117000000.0,1507000000.0,1011000000.0,2.73,2.72,2.73,7928000000.0,7493750000.0,7928000000.0,19792758167.0,13.0,9.349,-998000000.0,-4.008,1.0,3342000000.0,0.275,488000000.0,496000000.0,31254000000.0,30002750000.0,458000000.0,272000000.0,0.0,272000000.0,18213000000.0,3114000000.0,15099000000.0,11386758167.0,115000000.0,39000000.0,493000000.0,1279000000.0,-526000000.0,1246000000.0,-1952000000.0,0.0,821000000.0,0.0,674000000.0,674000000.0,674000000.0,22000000.0,0.0,0.056,1834000000.0,1508000000.0,934000000.0,0.841,1.436,16.894,16.923,18021000000.0,0.0,46.2,0.938,0.948,1384000000.0,,12133000000.0,12133000000.0,0.0,0.027,0.09,0.05,0.124,0.0,0.0,1.0,246466627.0,249000000.0,250000000.0,48.727,25653000000.0,0.0,337000000.0,4129000000.0,103.024,294000000.0
60,ED,MRT,2006-06-30,2006-06-30,2006-06-30,2021-08-30,0.0,24654000000.0,24686500000.0,2410000000.0,22244000000.0,0.487,29.992,-1726000000.0,81000000.0,81000000.0,8645000000.0,728000000.0,0.989,2.343,8487000000.0,396000000.0,8091000000.0,8487000000.0,0.0,602000000.0,224000000.0,0.052,2.29,1559000000.0,2161000000.0,0.18,2161000000.0,1559000000.0,1104000000.0,2.97,2.96,2.97,7375000000.0,7345750000.0,7375000000.0,18884271975.0,12.0,8.739,-171000000.0,-0.695,1.0,3384000000.0,0.281,491000000.0,455000000.0,30131000000.0,29256500000.0,403000000.0,269000000.0,0.0,269000000.0,17279000000.0,2438000000.0,14841000000.0,10922271975.0,-755000000.0,39000000.0,57000000.0,624000000.0,-524000000.0,-577000000.0,-1733000000.0,0.0,1555000000.0,0.0,728000000.0,728000000.0,728000000.0,24000000.0,0.0,0.061,1821000000.0,1563000000.0,963000000.0,0.771,1.481,15.003,14.963,17703000000.0,0.0,44.44,0.908,0.908,1177000000.0,,12029000000.0,12029000000.0,0.0,0.029,0.099,0.053,0.13,0.0,0.0,1.0,245775697.0,245900000.0,246700000.0,48.918,24163000000.0,0.0,376000000.0,3839000000.0,98.264,-28000000.0
61,ED,MRT,2006-03-31,2006-03-31,2006-03-31,2021-08-30,0.0,24476000000.0,24615750000.0,2607000000.0,21869000000.0,0.482,29.988,-1354000000.0,200000000.0,200000000.0,8558000000.0,719000000.0,1.061,2.325,8162000000.0,358000000.0,7804000000.0,8162000000.0,0.0,594000000.0,224000000.0,0.053,2.285,1512000000.0,2106000000.0,0.177,2106000000.0,1512000000.0,1073000000.0,2.94,2.93,2.94,7362000000.0,7288500000.0,7362000000.0,18785494971.0,12.0,8.92,-360000000.0,-1.466,1.0,3311000000.0,0.279,494000000.0,439000000.0,29486000000.0,28649250000.0,334000000.0,267000000.0,0.0,267000000.0,17114000000.0,2458000000.0,14656000000.0,10676494971.0,-300000000.0,39000000.0,78000000.0,653000000.0,-521000000.0,210000000.0,-1504000000.0,0.0,994000000.0,0.0,719000000.0,719000000.0,719000000.0,25000000.0,0.0,0.061,1796000000.0,1515000000.0,987000000.0,0.777,1.45,14.849,14.796,17321000000.0,0.0,43.5,0.9,0.9,1357000000.0,,11869000000.0,11869000000.0,0.0,0.029,0.099,0.053,0.127,0.0,0.0,1.0,245436666.0,245500000.0,246500000.0,48.346,23982000000.0,0.0,354000000.0,3868000000.0,97.686,149000000.0
62,ED,MRT,2005-12-31,2005-12-31,2005-12-31,2021-08-30,0.0,24848000000.0,24354250000.0,3072000000.0,21776000000.0,0.466,29.971,-1102000000.0,96000000.0,96000000.0,8112000000.0,719000000.0,0.925,2.399,8205000000.0,777000000.0,7428000000.0,8205000000.0,0.0,584000000.0,229000000.0,0.049,2.28,1489000000.0,2073000000.0,0.183,2073000000.0,1489000000.0,1067000000.0,2.95,2.94,2.95,7310000000.0,7232750000.0,7310000000.0,18897012969.0,13.0,9.116,-312000000.0,-1.279,1.0,3231000000.0,0.285,496000000.0,422000000.0,29140000000.0,28207250000.0,425000000.0,345000000.0,0.0,345000000.0,17538000000.0,3321000000.0,14217000000.0,11349012969.0,55000000.0,0.0,78000000.0,979000000.0,-518000000.0,539000000.0,-1274000000.0,0.0,790000000.0,0.0,719000000.0,719000000.0,719000000.0,26000000.0,0.0,0.063,1738000000.0,1493000000.0,1234000000.0,0.773,1.553,15.784,15.705,17112000000.0,0.0,46.33,1.001,0.996,1489000000.0,,11343000000.0,11343000000.0,0.0,0.03,0.099,0.053,0.131,0.0,0.0,1.0,244960349.0,243900000.0,244700000.0,46.507,24352000000.0,0.0,348000000.0,3828000000.0,99.844,-249000000.0
63,ED,MRT,2005-09-30,2005-09-30,2005-09-30,2021-08-30,0.0,24768000000.0,23782250000.0,3451000000.0,21317000000.0,0.449,30.016,-932000000.0,139000000.0,139000000.0,7600000000.0,631000000.0,0.973,2.376,7687000000.0,595000000.0,7092000000.0,7687000000.0,0.0,569000000.0,228000000.0,0.047,2.275,1377000000.0,1946000000.0,0.182,1946000000.0,1377000000.0,920000000.0,2.59,2.57,2.59,7336000000.0,7168750000.0,7336000000.0,18895254984.0,14.0,9.71,197000000.0,0.806,1.0,3085000000.0,0.289,499000000.0,457000000.0,28269000000.0,27648500000.0,394000000.0,263000000.0,0.0,263000000.0,17432000000.0,3548000000.0,13884000000.0,11863254984.0,49000000.0,7000000.0,87000000.0,430000000.0,-514000000.0,3000000.0,-1083000000.0,0.0,1129000000.0,0.0,631000000.0,631000000.0,631000000.0,7000000.0,0.0,0.059,1711000000.0,1374000000.0,1189000000.0,0.878,1.617,18.801,18.745,16663000000.0,0.0,48.55,1.11,1.11,1347000000.0,,10685000000.0,10685000000.0,0.0,0.027,0.088,0.05,0.129,0.0,0.0,1.0,244351287.0,244400000.0,245400000.0,43.719,24269000000.0,0.0,289000000.0,4077000000.0,99.3,-97000000.0
64,ED,MRT,2005-06-30,2005-06-30,2005-06-30,2021-08-30,0.0,24371000000.0,23186500000.0,3456000000.0,20915000000.0,0.435,29.359,-927000000.0,836000000.0,836000000.0,7136000000.0,592000000.0,1.08,2.41,7868000000.0,647000000.0,7221000000.0,7868000000.0,0.0,563000000.0,228000000.0,0.048,2.27,1306000000.0,1869000000.0,0.185,1869000000.0,1306000000.0,860000000.0,2.44,2.42,2.44,7146000000.0,7113250000.0,7146000000.0,18389066913.0,14.0,9.839,-214000000.0,-0.879,1.0,2946000000.0,0.292,502000000.0,446000000.0,27702000000.0,27382500000.0,268000000.0,260000000.0,0.0,260000000.0,17225000000.0,3199000000.0,14026000000.0,11387066913.0,331000000.0,5000000.0,69000000.0,514000000.0,-511000000.0,806000000.0,-1188000000.0,0.0,713000000.0,0.0,592000000.0,592000000.0,592000000.0,9000000.0,0.0,0.059,1659000000.0,1287000000.0,1685000000.0,0.93,1.593,19.235,19.197,16441000000.0,0.0,46.84,1.129,1.131,1016000000.0,,10082000000.0,10082000000.0,0.0,0.026,0.083,0.048,0.13,0.0,0.0,1.0,243105613.0,243400000.0,244200000.0,41.422,23869000000.0,0.0,268000000.0,3892000000.0,98.065,257000000.0
65,ED,MRT,2005-03-31,2005-03-31,2005-03-31,2021-08-30,0.0,23430000000.0,22649750000.0,2384000000.0,21046000000.0,0.435,29.415,-1144000000.0,496000000.0,496000000.0,6971000000.0,563000000.0,1.079,2.282,7498000000.0,519000000.0,6979000000.0,7498000000.0,0.0,555000000.0,232000000.0,0.054,2.265,1275000000.0,1830000000.0,0.186,1830000000.0,1275000000.0,835000000.0,2.34,2.32,2.34,7139000000.0,7075250000.0,7139000000.0,17406490275.0,14.0,9.512,404000000.0,1.665,1.0,2880000000.0,0.292,504000000.0,440000000.0,27718000000.0,27110750000.0,190000000.0,258000000.0,0.0,258000000.0,16291000000.0,2210000000.0,14081000000.0,10231490275.0,422000000.0,2000000.0,563000000.0,71000000.0,-500000000.0,134000000.0,-1260000000.0,0.0,1548000000.0,0.0,563000000.0,563000000.0,563000000.0,9000000.0,0.0,0.057,1624000000.0,1256000000.0,874000000.0,0.968,1.433,18.173,18.026,16336000000.0,0.0,42.18,1.039,1.039,1025000000.0,,9851000000.0,9851000000.0,0.0,0.025,0.08,0.047,0.129,0.0,0.0,1.0,242567337.0,242700000.0,243400000.0,40.589,22926000000.0,0.0,272000000.0,3890000000.0,94.462,174000000.0
66,ED,MRT,2004-12-31,2004-12-31,2004-12-31,2021-08-30,0.0,22560000000.0,22170500000.0,1925000000.0,20635000000.0,0.439,29.915,-1418000000.0,44000000.0,44000000.0,6869000000.0,537000000.0,0.828,2.198,7219000000.0,625000000.0,6594000000.0,7219000000.0,0.0,551000000.0,232000000.0,0.052,2.26,1253000000.0,1804000000.0,0.185,1804000000.0,1253000000.0,809000000.0,2.28,2.27,2.28,7054000000.0,6913500000.0,7054000000.0,17745172306.0,14.0,9.837,-107000000.0,-0.454,1.0,2861000000.0,0.294,506000000.0,444000000.0,26905000000.0,26784750000.0,325000000.0,257000000.0,0.0,257000000.0,15506000000.0,2324000000.0,13182000000.0,10588172306.0,-23000000.0,0.0,578000000.0,109000000.0,-490000000.0,197000000.0,-1531000000.0,0.0,1311000000.0,0.0,537000000.0,537000000.0,537000000.0,12000000.0,0.0,0.055,1631000000.0,1230000000.0,920000000.0,0.991,1.501,19.717,19.189,16088000000.0,0.0,43.75,1.088,1.06,1012000000.0,,9730000000.0,9730000000.0,0.0,0.024,0.078,0.047,0.129,0.0,0.0,1.0,242015367.0,235800000.0,236400000.0,41.264,22054000000.0,0.0,272000000.0,3762000000.0,93.528,-399000000.0
67,ED,MRT,2004-09-30,2004-09-30,2004-09-30,2021-08-30,0.0,22385000000.0,21772000000.0,2080000000.0,20305000000.0,0.452,29.458,-1456000000.0,88000000.0,88000000.0,6770000000.0,537000000.0,1.138,2.147,7245000000.0,292000000.0,6953000000.0,7245000000.0,0.0,552000000.0,231000000.0,0.054,2.255,1363000000.0,1915000000.0,0.195,1915000000.0,1363000000.0,915000000.0,2.29,2.27,2.29,7114000000.0,6755750000.0,7114000000.0,16981611517.0,12.0,8.868,97000000.0,0.402,1.0,3067000000.0,0.312,509000000.0,448000000.0,27205000000.0,26449750000.0,337000000.0,254000000.0,0.0,254000000.0,15271000000.0,1828000000.0,13443000000.0,10150611517.0,21000000.0,1000000.0,572000000.0,-77000000.0,-479000000.0,16000000.0,-1548000000.0,0.0,1553000000.0,0.0,537000000.0,537000000.0,537000000.0,119000000.0,0.0,0.055,1636000000.0,1431000000.0,867000000.0,0.985,1.427,18.902,18.358,15839000000.0,0.0,42.04,1.032,1.032,1118000000.0,,9837000000.0,9837000000.0,0.0,0.025,0.079,0.052,0.139,0.0,0.0,1.0,241451273.0,241500000.0,242200000.0,40.733,21876000000.0,0.0,378000000.0,3659000000.0,90.584,252000000.0
68,ED,MRT,2004-06-30,2004-06-30,2004-06-30,2021-08-30,0.0,22224000000.0,21195000000.0,2091000000.0,20133000000.0,0.467,29.889,-1444000000.0,505000000.0,505000000.0,6775000000.0,548000000.0,1.085,2.178,7336000000.0,331000000.0,7005000000.0,7336000000.0,0.0,546000000.0,234000000.0,0.057,2.25,1394000000.0,1940000000.0,0.196,1940000000.0,1394000000.0,947000000.0,2.44,2.42,2.44,6994000000.0,6595250000.0,6994000000.0,16381300557.0,12.0,8.444,111000000.0,0.474,1.0,3129000000.0,0.316,512000000.0,447000000.0,26615000000.0,25734250000.0,266000000.0,253000000.0,0.0,253000000.0,15230000000.0,1928000000.0,13302000000.0,9023300557.0,427000000.0,-1000000.0,580000000.0,309000000.0,-468000000.0,427000000.0,-1555000000.0,0.0,1555000000.0,0.0,548000000.0,548000000.0,548000000.0,115000000.0,0.0,0.055,1647000000.0,1482000000.0,944000000.0,0.922,1.29,16.466,16.295,15654000000.0,0.0,39.76,0.911,0.939,1055000000.0,,9904000000.0,9904000000.0,0.0,0.026,0.083,0.054,0.141,0.0,0.0,1.0,226944179.0,234000000.0,234900000.0,42.325,21712000000.0,0.0,399000000.0,3432000000.0,92.786,163000000.0
69,ED,MRT,2004-03-31,2004-03-31,2004-03-31,2021-08-30,0.0,21513000000.0,20459250000.0,1804000000.0,19709000000.0,0.485,28.7,-1470000000.0,74000000.0,74000000.0,6808000000.0,531000000.0,0.928,2.314,7432000000.0,410000000.0,7022000000.0,7432000000.0,0.0,537000000.0,227000000.0,0.051,2.245,1371000000.0,1908000000.0,0.192,1908000000.0,1371000000.0,929000000.0,2.36,2.34,2.36,6492000000.0,6427750000.0,6492000000.0,16994228160.0,12.0,8.907,46000000.0,0.203,1.0,3108000000.0,0.313,514000000.0,442000000.0,26414000000.0,24917250000.0,204000000.0,250000000.0,0.0,250000000.0,15021000000.0,1943000000.0,13078000000.0,9967228160.0,-7000000.0,12000000.0,448000000.0,57000000.0,-460000000.0,48000000.0,-1571000000.0,0.0,1516000000.0,0.0,531000000.0,528000000.0,528000000.0,112000000.0,0.0,0.053,1655000000.0,1453000000.0,964000000.0,0.951,1.535,18.877,18.686,15439000000.0,3000000.0,44.1,1.005,1.006,1105000000.0,,9916000000.0,9916000000.0,0.0,0.026,0.082,0.055,0.138,0.0,0.0,1.0,226014244.0,226200000.0,227200000.0,43.837,20999000000.0,0.0,398000000.0,3338000000.0,92.834,-139000000.0
70,ED,MRT,2003-12-31,2003-12-31,2003-12-31,2021-08-30,0.0,20966000000.0,19897750000.0,1592000000.0,19374000000.0,0.493,29.077,-1421000000.0,67000000.0,67000000.0,6715000000.0,528000000.0,0.833,2.264,7094000000.0,325000000.0,6769000000.0,7094000000.0,0.0,529000000.0,228000000.0,0.052,2.24,1352000000.0,1881000000.0,0.192,1881000000.0,1352000000.0,918000000.0,2.39,2.38,2.39,6423000000.0,6299000000.0,6423000000.0,16597889441.0,12.0,8.824,-112000000.0,-0.507,1.0,3093000000.0,0.315,517000000.0,434000000.0,25565000000.0,24079250000.0,283000000.0,248000000.0,0.0,248000000.0,14543000000.0,1911000000.0,12632000000.0,9696889441.0,-69000000.0,0.0,436000000.0,172000000.0,-452000000.0,156000000.0,-1534000000.0,0.0,1309000000.0,0.0,528000000.0,528000000.0,528000000.0,109000000.0,0.0,0.054,1650000000.0,1443000000.0,905000000.0,0.937,1.51,18.365,17.996,15225000000.0,0.0,43.01,0.989,0.969,1035000000.0,,9808000000.0,9808000000.0,0.0,0.027,0.084,0.056,0.138,0.0,0.0,1.0,225456625.0,220900000.0,221800000.0,44.4,20449000000.0,0.0,390000000.0,3241000000.0,92.571,-319000000.0
71,ED,MRT,2003-09-30,2003-09-30,2003-09-30,2021-08-30,-21000000.0,20077000000.0,19573000000.0,1993000000.0,18084000000.0,0.49,28.764,-1502000000.0,67000000.0,67000000.0,6577000000.0,601000000.0,0.928,2.102,6968000000.0,525000000.0,6443000000.0,6968000000.0,0.0,519000000.0,222000000.0,0.055,2.235,1408000000.0,1927000000.0,0.201,1927000000.0,1408000000.0,967000000.0,2.73,2.72,2.73,6472000000.0,6173500000.0,6472000000.0,15775198286.0,11.0,8.186,-183000000.0,-0.813,1.0,3023000000.0,0.315,487000000.0,441000000.0,24343000000.0,23590750000.0,295000000.0,244000000.0,0.0,244000000.0,13605000000.0,2148000000.0,11457000000.0,9169198286.0,35000000.0,-11000000.0,437000000.0,340000000.0,-446000000.0,349000000.0,-1633000000.0,0.0,1319000000.0,0.0,601000000.0,595000000.0,595000000.0,21000000.0,0.0,0.062,1637000000.0,1386000000.0,870000000.0,0.819,1.417,15.41,14.93,13993000000.0,6000000.0,40.76,0.955,0.955,1279000000.0,5527000000.0,9600000000.0,9600000000.0,0.0,0.03,0.096,0.06,0.147,0.0,0.0,1.0,224955797.0,225000000.0,226000000.0,42.667,19590000000.0,0.0,366000000.0,3294000000.0,87.067,-155000000.0
72,ED,MRT,2003-06-30,2003-06-30,2003-06-30,2021-08-30,-17000000.0,19281000000.0,19104667000.0,1482000000.0,17799000000.0,0.489,28.837,-1489000000.0,76000000.0,76000000.0,6284000000.0,628000000.0,0.723,2.049,6682000000.0,433000000.0,6249000000.0,6682000000.0,0.0,510000000.0,219000000.0,0.052,2.23,1439000000.0,1949000000.0,0.209,1949000000.0,1439000000.0,997000000.0,2.9,2.89,2.9,6324000000.0,6030000250.0,6324000000.0,16208893166.0,11.0,8.317,-33000000.0,-0.15,1.0,3054000000.0,0.327,489000000.0,442000000.0,23347000000.0,23016207500.0,239000000.0,240000000.0,0.0,240000000.0,12957000000.0,2051000000.0,10906000000.0,9286893166.0,75000000.0,-22000000.0,426000000.0,287000000.0,-439000000.0,246000000.0,-1627000000.0,0.0,1456000000.0,0.0,628000000.0,622000000.0,622000000.0,21000000.0,0.0,0.067,1635000000.0,1419000000.0,887000000.0,0.769,1.469,14.931,14.924,13783000000.0,6000000.0,43.28,0.995,1.016,962000000.0,5396000000.0,9338000000.0,9338000000.0,0.0,0.033,0.103,0.063,0.154,0.0,0.0,1.0,214577014.0,219300000.0,220300000.0,42.581,18792000000.0,0.0,369000000.0,2890000000.0,85.691,-569000000.0
73,ED,MRT,2003-03-31,2003-03-31,2003-03-31,2021-08-30,-10000000.0,19267000000.0,18671335750.0,1751000000.0,17516000000.0,0.483,27.904,-1476000000.0,78000000.0,78000000.0,5909000000.0,657000000.0,0.664,2.224,7000000000.0,945000000.0,6055000000.0,7000000000.0,0.0,504000000.0,219000000.0,0.058,2.225,1489000000.0,1993000000.0,0.221,1993000000.0,1489000000.0,1045000000.0,3.07,3.06,3.07,5977000000.0,5883758500.0,5977000000.0,14945472825.0,10.0,7.499,-99000000.0,-0.462,1.0,3101000000.0,0.344,489000000.0,444000000.0,23062000000.0,22505102750.0,178000000.0,235000000.0,0.0,235000000.0,13290000000.0,2638000000.0,10652000000.0,8236681825.0,56000000.0,-36000000.0,43000000.0,743000000.0,-437000000.0,312000000.0,-1633000000.0,0.0,1377000000.0,0.0,657000000.0,654000000.0,654000000.0,21000000.0,0.0,0.073,1626000000.0,1475000000.0,1020000000.0,0.725,1.378,12.594,12.531,13520000000.0,3000000.0,38.47,0.914,0.915,1121000000.0,5453000000.0,9010000000.0,9010000000.0,0.0,0.035,0.111,0.066,0.165,0.0,0.0,1.0,214106624.0,214200000.0,215100000.0,42.063,18778000000.0,0.0,388000000.0,2848000000.0,87.666,-887000000.0
74,ED,MRT,2002-12-31,2002-12-31,2002-12-31,2021-08-30,0.0,19667000000.0,18151650000.0,1706000000.0,17961000000.0,0.468,27.798,-1499000000.0,132000000.0,132000000.0,5409000000.0,646000000.0,0.75,2.322,6839000000.0,635000000.0,6204000000.0,6839000000.0,0.0,495000000.0,221000000.0,0.052,2.22,1478000000.0,1973000000.0,0.232,1973000000.0,1478000000.0,1034000000.0,3.03,3.02,3.03,5921000000.0,5825180500.0,5921000000.0,15629399508.0,11.0,7.922,82000000.0,0.385,1.0,3089000000.0,0.363,488000000.0,444000000.0,23611000000.0,21878650750.0,196000000.0,235000000.0,0.0,235000000.0,13746000000.0,2275000000.0,11471000000.0,9147314508.0,-153000000.0,-19000000.0,30000000.0,340000000.0,-433000000.0,-100000000.0,-1634000000.0,0.0,1581000000.0,0.0,646000000.0,646000000.0,646000000.0,21000000.0,0.0,0.076,1601000000.0,1488000000.0,925000000.0,0.733,1.545,14.16,14.132,14152000000.0,0.0,42.82,1.076,1.073,906000000.0,5420000000.0,8498000000.0,8498000000.0,0.0,0.036,0.111,0.068,0.174,0.0,0.0,1.0,213622478.0,213000000.0,214000000.0,39.897,19179000000.0,0.0,388000000.0,2888000000.0,90.042,-569000000.0
75,ED,MRT,2002-09-30,2002-09-30,2002-09-30,2021-08-30,-18232000.0,18203668000.0,17493513750.0,1652356000.0,16551312000.0,0.469,27.664,-1421093000.0,102162000.0,102162000.0,5099462000.0,642674000.0,0.768,2.086,6584247000.0,599476000.0,5984771000.0,6584247000.0,43594000.0,490347000.0,217440000.0,0.055,2.215,1473212000.0,1963559000.0,0.239,1963559000.0,1473212000.0,1045459000.0,3.07,3.06,3.07,5898001000.0,5761497500.0,5898001000.0,14836717938.0,10.0,7.556,197187000.0,0.925,1.0,3106503000.0,0.379,488765000.0,427753000.0,22044830000.0,21026438250.0,205636000.0,232717000.0,0.0,232717000.0,12305667000.0,2152158000.0,10153509000.0,8572654938.0,-330315000.0,-155938000.0,18000000.0,315482000.0,-443003000.0,15854000.0,-1777522000.0,0.0,1618280000.0,0.0,642674000.0,652868000.0,652868000.0,0.0,0.0,0.08,1587071000.0,1519432000.0,781737000.0,0.721,1.453,13.131,13.101,12919756000.0,-10194000.0,40.22,1.045,1.045,1021544000.0,5420676000.0,8205965000.0,8205965000.0,0.0,0.037,0.113,0.07,0.18,0.0,0.0,1.0,213144081.0,213200000.0,214200000.0,38.49,17714903000.0,685120000.0,402785000.0,2730898000.0,83.091,-499802000.0
76,ED,MRT,2002-06-30,2002-06-30,2002-06-30,2021-08-30,-15083000.0,17547675000.0,17201921750.0,1283156000.0,16264519000.0,0.482,26.969,-869008000.0,73026000.0,73026000.0,5172944000.0,639414000.0,0.646,2.058,6337089000.0,362287000.0,5974802000.0,6337089000.0,0.0,497134000.0,221347000.0,0.053,2.21,1468414000.0,1965548000.0,0.237,1965548000.0,1468414000.0,1041778000.0,3.04,3.03,3.04,5739033000.0,5702533000.0,5739033000.0,14982596898.0,10.0,7.623,833693000.0,3.918,1.0,3121577000.0,0.376,523847000.0,426636000.0,21302581000.0,20522113750.0,175622000.0,217822000.0,0.0,217822000.0,11808642000.0,1985310000.0,9823332000.0,8877835898.0,31195000.0,-145565000.0,10000000.0,-169824000.0,-450729000.0,-378622000.0,-1255195000.0,0.0,1702701000.0,0.0,639414000.0,646210000.0,646210000.0,0.0,0.0,0.078,1606665000.0,1514912000.0,769339000.0,0.727,1.547,13.738,13.734,12753814000.0,-6796000.0,41.75,1.07,1.071,940106000.0,5276276000.0,8294521000.0,8294521000.0,0.0,0.038,0.113,0.072,0.177,0.0,0.0,1.0,212642776.0,212800000.0,213900000.0,38.978,17023828000.0,665245000.0,402364000.0,2580189000.0,79.999,-702154000.0
77,ED,MRT,2002-03-31,2002-03-31,2002-03-31,2021-08-30,-13523000.0,17188257000.0,17078333000.0,1353468000.0,15834789000.0,0.501,27.05,-780412000.0,122926000.0,122926000.0,5393294000.0,645488000.0,0.612,1.993,6227687000.0,685475000.0,5542212000.0,6227687000.0,0.0,510916000.0,214991000.0,0.053,2.205,1501743000.0,2012659000.0,0.235,2012659000.0,1501743000.0,1073900000.0,3.06,3.05,3.06,5742688000.0,5643188000.0,5742688000.0,14752513192.0,10.0,7.33,766239000.0,3.609,1.0,3165442000.0,0.37,524787000.0,427843000.0,20556192000.0,20302904500.0,154082000.0,214466000.0,0.0,214466000.0,11445569000.0,2212039000.0,9233530000.0,8896715192.0,34262000.0,-147198000.0,0.0,122980000.0,-459389000.0,-285860000.0,-1139459000.0,0.0,1546651000.0,0.0,645488000.0,648886000.0,648886000.0,0.0,0.0,0.076,1609108000.0,1556334000.0,667570000.0,0.721,1.549,13.711,13.696,12500442000.0,-3398000.0,41.91,1.039,1.04,897283000.0,5298415000.0,8558736000.0,8558736000.0,0.0,0.038,0.115,0.074,0.175,0.0,0.0,1.0,212281441.0,212300000.0,213300000.0,40.314,16663470000.0,700873000.0,428412000.0,2488076000.0,78.49,-858571000.0
78,ED,MRT,2001-12-31,2001-12-31,2001-12-31,2021-08-30,0.0,17034455000.0,16952128750.0,1497970000.0,15536485000.0,0.554,26.715,-587000000.0,359333000.0,359333000.0,6131000000.0,682000000.0,0.699,2.006,6196977000.0,654672000.0,5542305000.0,6196977000.0,43594000.0,526000000.0,214121000.0,0.055,2.2,1556000000.0,2082000000.0,0.222,2082000000.0,1556000000.0,1125000000.0,3.22,3.21,3.22,5666268000.0,5587727250.0,5666268000.0,14346288060.0,9.0,6.891,1000000000.0,4.715,1.0,3258000000.0,0.347,525727000.0,431000000.0,20202150000.0,20107095000.0,220699000.0,216845000.0,0.0,216845000.0,11368187000.0,2144222000.0,9223965000.0,8565883060.0,264000000.0,-157000000.0,0.0,125000000.0,-470000000.0,-382000000.0,-941000000.0,0.0,1587000000.0,0.0,682000000.0,682000000.0,682000000.0,0.0,0.0,0.073,1665000000.0,1593000000.0,678876000.0,0.683,1.512,12.56,12.534,12295263000.0,0.0,40.36,0.912,0.912,733382000.0,5251017000.0,9389000000.0,9389000000.0,0.0,0.04,0.122,0.077,0.166,0.0,0.0,1.0,212236944.0,212100000.0,212900000.0,44.267,16508728000.0,701146000.0,443000000.0,2500302000.0,77.835,-646252000.0
79,ED,MRT,2001-09-30,2001-09-30,2001-09-30,2021-08-30,-26919000.0,17037300000.0,16885326250.0,2512095000.0,14525205000.0,0.578,26.682,-364347000.0,432143000.0,432143000.0,6607970000.0,610011000.0,1.111,2.009,6212548000.0,662380000.0,5550168000.0,6212548000.0,0.0,551935000.0,211276000.0,0.054,2.195,1444009000.0,1995944000.0,0.204,1995944000.0,1444009000.0,1015310000.0,2.85,2.83,2.85,5662143000.0,5539257500.0,5662143000.0,15047906854.0,10.0,7.539,985322000.0,4.643,1.0,3154025000.0,0.323,529622000.0,428699000.0,20027532000.0,20026364250.0,219276000.0,215144000.0,0.0,215144000.0,11375157000.0,2260551000.0,9114606000.0,8641026854.0,359333000.0,-129443000.0,0.0,343964000.0,-463420000.0,-350772000.0,-826491000.0,0.0,1349669000.0,0.0,610011000.0,603215000.0,603215000.0,0.0,0.0,0.062,1657211000.0,1496814000.0,736496000.0,0.77,1.526,14.325,14.288,11968879000.0,6796000.0,40.72,0.885,0.885,1059915000.0,5242821000.0,9761995000.0,9761995000.0,0.0,0.036,0.109,0.072,0.148,0.0,0.0,1.0,212205964.0,212206033.0,213170793.0,46.002,16507678000.0,619425000.0,405299000.0,2510925000.0,77.791,251544000.0
80,ED,MRT,2001-06-30,2001-06-30,2001-06-30,2021-08-30,-24180000.0,17053320000.0,16752988750.0,2060173000.0,14993147000.0,0.594,25.937,-871025000.0,41633000.0,41633000.0,6813837000.0,612540000.0,0.835,2.1,6448513000.0,910686000.0,5537827000.0,6448513000.0,0.0,569933000.0,206536000.0,0.055,2.19,1410248000.0,1980181000.0,0.199,1980181000.0,1410248000.0,981160000.0,2.86,2.85,2.86,5501653000.0,5509402750.0,5501653000.0,14445427944.0,10.0,7.295,378059000.0,1.782,1.0,3141381000.0,0.316,565913000.0,429088000.0,20425744000.0,19932688500.0,231972000.0,554668000.0,0.0,554668000.0,11551667000.0,2468543000.0,9083124000.0,8441439944.0,3977000.0,-139102000.0,0.0,752259000.0,-462218000.0,-10957000.0,-1271839000.0,0.0,1249084000.0,0.0,612540000.0,605744000.0,605744000.0,0.0,0.0,0.061,1690350000.0,1451031000.0,812662000.0,0.766,1.534,13.936,13.916,12043252000.0,6796000.0,39.8,0.848,0.848,949987000.0,5084902000.0,9955218000.0,9955218000.0,0.0,0.036,0.11,0.071,0.142,0.0,0.0,1.0,212096481.0,212115094.0,212554995.0,46.933,16487407000.0,714528000.0,368620000.0,2448290000.0,77.729,-408370000.0
81,ED,MRT,2001-03-31,2001-03-31,2001-03-31,2021-08-30,-17546000.0,16683440000.0,16495022000.0,2046586000.0,14636854000.0,0.599,26.037,-1072837000.0,59566000.0,59566000.0,6814100000.0,577212000.0,0.843,2.022,6063554000.0,897652000.0,5165902000.0,6063554000.0,0.0,578769000.0,204710000.0,0.059,2.185,1315063000.0,1893832000.0,0.192,1893832000.0,1315063000.0,892997000.0,2.71,2.7,2.71,5520845000.0,5478403000.0,5520845000.0,13448556312.0,10.0,7.101,256778000.0,1.211,1.0,3070797000.0,0.311,485388000.0,422066000.0,19772954000.0,19569141750.0,190337000.0,591491000.0,0.0,591491000.0,11162595000.0,2429086000.0,8733509000.0,7864860312.0,-14038000.0,-129018000.0,-7000.0,605022000.0,-461080000.0,34600000.0,-1465323000.0,0.0,1329615000.0,0.0,577212000.0,573814000.0,573814000.0,0.0,0.0,0.058,1717685000.0,1353112000.0,756887000.0,0.806,1.425,13.706,13.69,11926739000.0,3398000.0,37.1,0.796,0.796,1110889000.0,5102746000.0,9884897000.0,9884897000.0,0.0,0.035,0.105,0.067,0.133,0.0,0.0,1.0,211990844.0,212039556.0,212697492.0,46.618,16198052000.0,701220000.0,315785000.0,2599486000.0,76.392,-382500000.0
82,ED,MRT,2000-12-31,2000-12-31,2000-12-31,2021-08-30,0.0,16767245000.0,16187694750.0,1643346000.0,15123899000.0,0.576,25.79,-1135209000.0,94828000.0,94828000.0,6275048000.0,582835000.0,0.71,2.064,6011545000.0,564632000.0,5446913000.0,6011545000.0,0.0,586407000.0,202888000.0,0.057,2.18,1297448000.0,1883855000.0,0.202,1883855000.0,1297448000.0,890003000.0,2.75,2.74,2.75,5472389000.0,5454224000.0,5472389000.0,13745343494.0,11.0,7.296,207224000.0,0.977,1.0,3042176000.0,0.327,488702000.0,407445000.0,19879227000.0,19154749250.0,242929000.0,526089000.0,0.0,526089000.0,11294856000.0,2316033000.0,8978823000.0,8161647494.0,-390222000.0,-131453000.0,-68531000.0,361739000.0,-460177000.0,-185804000.0,-1546851000.0,0.0,1342433000.0,0.0,582835000.0,582835000.0,582835000.0,0.0,0.0,0.063,1708250000.0,1333926000.0,1020402000.0,0.793,1.491,14.003,14.0,11935170000.0,0.0,38.5,0.876,0.877,1151374000.0,5040931000.0,9317224000.0,9317224000.0,0.0,0.036,0.107,0.068,0.139,0.0,0.0,1.0,211990844.0,212186412.0,212417885.0,43.911,16278543000.0,720407000.0,307168000.0,2498536000.0,76.718,-672687000.0
83,ED,MRT,2000-09-30,2000-09-30,2000-09-30,2021-08-30,0.0,16507950000.0,15878752500.0,1817516000.0,14690434000.0,0.571,26.148,-1162728000.0,72810000.0,72810000.0,5981476000.0,671908000.0,0.9,1.978,5656506000.0,401914000.0,5254592000.0,5656506000.0,0.0,564514000.0,203158000.0,0.064,2.17,1357508000.0,1922022000.0,0.212,1922022000.0,1357508000.0,968086000.0,3.11,3.1,3.11,5542724000.0,5439128500.0,5542724000.0,12698090305.0,9.0,6.607,-184373000.0,-0.87,1.0,3089203000.0,0.341,419328000.0,389422000.0,19652829000.0,18676720000.0,258973000.0,550315000.0,0.0,550315000.0,10965226000.0,2019489000.0,8945737000.0,7236667305.0,-116130000.0,-121025000.0,-213228000.0,1141478000.0,-461934000.0,145360000.0,-1239845000.0,102332000.0,978355000.0,0.0,671908000.0,658316000.0,658316000.0,0.0,0.0,0.073,1735968000.0,1353235000.0,832264000.0,0.698,1.306,10.993,10.977,11914540000.0,13592000.0,34.14,0.798,0.798,982261000.0,5111002000.0,9070679000.0,9070679000.0,0.0,0.041,0.121,0.073,0.15,0.0,0.0,1.0,211970337.0,211974000.0,212069000.0,42.791,16088622000.0,867267000.0,296178000.0,2665716000.0,75.899,-201973000.0
84,ED,MRT,2000-06-30,2000-06-30,2000-06-30,2021-08-30,0.0,16021453000.0,15104038750.0,1429366000.0,14592087000.0,0.569,25.37,-1086893000.0,37656000.0,37656000.0,5437203000.0,728044000.0,0.684,1.979,5499079000.0,532510000.0,4966569000.0,5499079000.0,0.0,548198000.0,203687000.0,0.073,2.16,1455598000.0,2003796000.0,0.233,2003796000.0,1455598000.0,1085236000.0,3.29,3.28,3.29,5377654000.0,5186888000.0,5377654000.0,11445925084.0,8.0,5.712,21780000.0,0.103,1.0,3158938000.0,0.367,422034000.0,370362000.0,18971557000.0,17823013500.0,219410000.0,507531000.0,0.0,507531000.0,10643799000.0,2089285000.0,8554514000.0,6280565084.0,-253479000.0,-615822000.0,-462430000.0,490691000.0,-463792000.0,-615350000.0,-603536000.0,54560000.0,1108673000.0,0.0,728044000.0,714451000.0,714451000.0,0.0,0.0,0.083,1708531000.0,1450407000.0,875904000.0,0.657,1.168,8.791,9.006,11789812000.0,13593000.0,29.63,0.731,0.731,906129000.0,4946907000.0,8596141000.0,8596141000.0,0.0,0.047,0.138,0.082,0.169,0.0,0.0,1.0,211966422.0,211966000.0,212074000.0,40.554,15599419000.0,838265000.0,357192000.0,2501673000.0,73.594,-659919000.0
85,ED,MRT,2000-03-31,2000-03-31,2000-03-31,2021-08-30,0.0,15454131000.0,14834795500.0,1475157000.0,13978974000.0,0.542,25.508,399200000.0,73604000.0,73604000.0,4883188000.0,725696000.0,0.709,1.849,5238964000.0,830129000.0,4408835000.0,5238964000.0,0.0,536196000.0,201000000.0,0.074,2.15,1450413000.0,1986609000.0,0.247,1986609000.0,1450413000.0,1099537000.0,3.26,3.25,3.26,5424129000.0,5233484500.0,5424129000.0,11142473648.0,8.0,5.609,1529424000.0,7.193,1.0,3150140000.0,0.392,424691000.0,350876000.0,18115384000.0,17474981500.0,210344000.0,490173000.0,0.0,490173000.0,10030002000.0,2079416000.0,7950586000.0,6178004648.0,16101000.0,-620273000.0,-681718000.0,640716000.0,-469046000.0,-633953000.0,-274046000.0,1217000.0,1130224000.0,0.0,725696000.0,712103000.0,712103000.0,0.0,0.0,0.089,1706347000.0,1443793000.0,610989000.0,0.66,1.139,8.676,8.936,11442702000.0,13593000.0,29.13,0.769,0.771,851729000.0,4993778000.0,8033328000.0,8033328000.0,0.0,0.048,0.136,0.083,0.181,0.0,0.0,1.0,212083922.0,212641000.0,212641000.0,37.779,15029440000.0,841844000.0,373841000.0,2503549000.0,70.68,-604259000.0
86,ED,MRT,1999-12-31,1999-12-31,1999-12-31,2021-08-30,0.0,15531476000.0,14582850000.0,1712678000.0,13818798000.0,0.514,24.221,459264000.0,485050000.0,485050000.0,4365830000.0,714208000.0,0.815,1.87,5449519000.0,890371000.0,4559148000.0,5449519000.0,0.0,526182000.0,204421000.0,0.062,2.14,1424596000.0,1950778000.0,0.26,1950778000.0,1424596000.0,1087033000.0,3.14,3.13,3.14,5412007000.0,5344595500.0,5412007000.0,11807359938.0,8.0,6.053,1679476000.0,7.516,1.0,3125493000.0,0.417,427496000.0,337563000.0,17967110000.0,17298945000.0,222563000.0,487918000.0,0.0,487918000.0,10119469000.0,2101339000.0,3243913000.0,7494863938.0,382755000.0,-611036000.0,-817399000.0,972885000.0,-477110000.0,-651657000.0,-185800000.0,0.0,1220212000.0,0.0,714208000.0,700615000.0,700615000.0,0.0,0.0,0.094,1705978000.0,1419515000.0,615983000.0,0.682,1.385,10.698,10.987,11353845000.0,13593000.0,34.5,1.0,1.029,813774000.0,4921089000.0,7491323000.0,7491323000.0,0.0,0.048,0.131,0.082,0.19,0.0,0.0,1.0,217242433.0,223442315.0,223890546.0,33.527,15103980000.0,845726000.0,372825000.0,2425775000.0,67.597,-388661000.0
87,ED,MRT,1999-09-30,1999-09-30,1999-09-30,2021-08-30,0.0,13409095000.0,14295331750.0,1269148000.0,12139947000.0,0.505,20.581,498628000.0,40892000.0,40892000.0,4023033000.0,714281000.0,0.855,1.958,4353388000.0,275000000.0,4078388000.0,4353388000.0,0.0,531578000.0,210291000.0,0.051,2.135,1473799000.0,2005377000.0,0.278,2005377000.0,1473799000.0,1146332000.0,3.12,3.12,3.12,4533762000.0,5497995000.0,4533762000.0,13725836002.0,9.0,6.845,1909371000.0,8.667,1.0,3196213000.0,0.443,0.0,327467000.0,16238003000.0,17169698500.0,213439000.0,301230000.0,0.0,301230000.0,8875333000.0,1483588000.0,7391745000.0,9172340002.0,35116000.0,-533155000.0,-685771000.0,647940000.0,-481775000.0,-658786000.0,-142241000.0,-82937000.0,1410743000.0,0.0,714281000.0,710882000.0,710882000.0,0.0,0.0,0.098,1724168000.0,1472045000.0,498073000.0,0.684,2.023,12.903,13.301,10489529000.0,3399000.0,41.5,1.271,1.266,685132000.0,3876338000.0,7219246000.0,7219246000.0,0.0,0.05,0.129,0.086,0.204,0.0,0.0,1.0,221020241.0,220293000.0,220293000.0,32.771,13409095000.0,0.0,432051000.0,2478852000.0,60.869,-214440000.0
88,ED,MRT,1999-06-30,1999-06-30,1999-06-30,2021-08-30,0.0,14944480000.0,14524186250.0,2365736000.0,12578744000.0,0.477,24.622,541468000.0,291135000.0,291135000.0,3718019000.0,721894000.0,1.233,1.686,4844631000.0,608498000.0,4236133000.0,4844631000.0,0.0,527314000.0,196010000.0,0.047,2.13,1468345000.0,1995659000.0,0.288,1995659000.0,1468345000.0,1149691000.0,3.11,3.11,3.11,5564040000.0,5827026000.0,5564040000.0,14658928054.0,10.0,7.345,1973954000.0,8.735,1.0,3216608000.0,0.464,0.0,318654000.0,17579429000.0,17440696500.0,200547000.0,460735000.0,0.0,460735000.0,9380440000.0,1918547000.0,7461893000.0,10282397054.0,186127000.0,-24072000.0,-479407000.0,1069714000.0,-488131000.0,-435674000.0,-663805000.0,-54560000.0,1432486000.0,0.0,721894000.0,721894000.0,721894000.0,0.0,0.0,0.104,1728141000.0,1488467000.0,384963000.0,0.685,1.848,14.244,14.55,10754552000.0,0.0,45.25,1.483,1.475,579054000.0,4697439000.0,6934627000.0,6934627000.0,0.0,0.05,0.124,0.084,0.212,0.0,0.0,1.0,227235294.0,225982000.0,225982000.0,30.687,14944480000.0,0.0,427797000.0,2703530000.0,66.131,447189000.0
89,ED,MRT,1999-03-31,1999-03-31,1999-03-31,2021-08-30,0.0,14446349000.0,14347114500.0,1183054000.0,13263295000.0,0.489,25.405,-619138000.0,57503000.0,57503000.0,3812716000.0,717472000.0,0.838,1.462,4434034000.0,471906000.0,3962128000.0,4434034000.0,0.0,522963000.0,188627000.0,0.047,2.125,1457903000.0,1980866000.0,0.282,1980866000.0,1457903000.0,1131897000.0,3.07,3.07,3.07,5868573000.0,5899790500.0,5868573000.0,14647927754.0,10.0,7.395,795564000.0,3.444,1.0,3203871000.0,0.457,0.0,326006000.0,17411238000.0,17398902750.0,235356000.0,390872000.0,0.0,390872000.0,8577776000.0,1411642000.0,7166134000.0,10437819754.0,-140754000.0,-24072000.0,-260112000.0,702146000.0,-492164000.0,-1041746000.0,-669866000.0,-1217000.0,1414702000.0,0.0,717472000.0,717472000.0,717472000.0,0.0,0.0,0.102,1729227000.0,1474644000.0,351695000.0,0.692,1.779,14.548,14.759,11401237000.0,0.0,45.31,1.488,1.492,613255000.0,4753375000.0,7016587000.0,7016587000.0,0.0,0.05,0.122,0.084,0.208,0.0,0.0,1.0,230364594.0,230997000.0,230997000.0,30.375,14446349000.0,0.0,414425000.0,2646263000.0,62.539,-228588000.0
90,ED,MRT,1998-12-31,1998-12-31,1998-12-31,2021-08-30,0.0,14381403000.0,14336164500.0,1093543000.0,13287860000.0,0.495,25.717,-618844000.0,102295000.0,102295000.0,3905468000.0,712742000.0,0.958,1.387,4312403000.0,225000000.0,4087403000.0,4312403000.0,0.0,518514000.0,181236000.0,0.04,2.12,1443977000.0,1962491000.0,0.277,1962491000.0,1443977000.0,1118152000.0,3.04,3.04,3.04,6025605000.0,5926946000.0,6025605000.0,16587701667.0,11.0,8.452,770918000.0,3.29,1.0,3187580000.0,0.449,0.0,325825000.0,17450124000.0,17411152250.0,267861000.0,378445000.0,0.0,378445000.0,8355798000.0,1141387000.0,7214411000.0,12330917667.0,-81163000.0,-24072000.0,-115247000.0,260000000.0,-493201000.0,-802083000.0,-668842000.0,0.0,1389762000.0,0.0,712742000.0,712742000.0,712742000.0,0.0,0.0,0.1,1726616000.0,1460964000.0,371274000.0,0.697,2.046,17.301,17.395,11406543000.0,0.0,52.88,1.738,1.747,571029000.0,4700500000.0,7093048000.0,7093048000.0,0.0,0.05,0.12,0.083,0.204,0.0,0.0,1.0,233186794.0,234307767.0,234307767.0,30.272,14381403000.0,0.0,405410000.0,2408482000.0,61.378,-47844000.0
91,ED,MRT,1998-09-30,1998-09-30,1998-09-30,2021-08-30,0.0,14324513000.0,14421443250.0,1313486000.0,13011027000.0,0.501,25.039,-634809000.0,69170000.0,69170000.0,4029673000.0,715382000.0,0.977,1.449,4410608000.0,325000000.0,4085608000.0,4410608000.0,0.0,515935000.0,177023000.0,0.041,2.115,1444576000.0,1960511000.0,0.272,1960511000.0,1444576000.0,1111262000.0,3.07,3.07,3.07,5849886000.0,5903064500.0,5849886000.0,16534196488.0,11.0,8.434,700654000.0,2.999,1.0,3191208000.0,0.442,0.0,333314000.0,17321995000.0,17485864500.0,267267000.0,253758000.0,0.0,253758000.0,8474627000.0,1343956000.0,7130671000.0,12159128488.0,-116042000.0,-66032000.0,-42838000.0,-17870000.0,-496913000.0,-1485803000.0,-744928000.0,-19395000.0,1335463000.0,0.0,715382000.0,719986000.0,719986000.0,0.0,0.0,0.1,1727256000.0,1463952000.0,356947000.0,0.689,2.079,16.888,16.938,11341559000.0,-4604000.0,52.0,1.684,1.682,645923000.0,4506481000.0,7220881000.0,7220881000.0,0.0,0.05,0.122,0.083,0.2,0.0,0.0,1.0,233829394.0,233628000.0,233628000.0,30.908,14324513000.0,0.0,395880000.0,2610655000.0,61.313,-30470000.0
92,ED,MRT,1998-06-30,1998-06-30,1998-06-30,2021-08-30,0.0,14236193000.0,14420616000.0,1139813000.0,13096380000.0,0.498,24.916,-626244000.0,105008000.0,105008000.0,4021950000.0,718808000.0,0.951,1.431,4480075000.0,244024000.0,4236051000.0,4480075000.0,0.0,512181000.0,170653000.0,0.046,2.11,1445564000.0,1957745000.0,0.272,1957745000.0,1445564000.0,1109428000.0,3.07,3.07,3.07,5855098000.0,5918537000.0,5855098000.0,15085666697.0,10.0,7.706,916870000.0,3.902,1.0,3164647000.0,0.44,0.0,336136000.0,17412254000.0,17499418250.0,266935000.0,341424000.0,0.0,341424000.0,8381095000.0,1199006000.0,7182089000.0,10846591697.0,92777000.0,-66032000.0,0.0,-63846000.0,-496567000.0,-1469534000.0,-715570000.0,0.0,1543114000.0,0.0,718808000.0,723412000.0,723412000.0,0.0,0.0,0.101,1710160000.0,1454487000.0,366314000.0,0.687,1.853,14.994,15.003,11295832000.0,-4604000.0,46.06,1.509,1.506,577915000.0,4468930000.0,7186597000.0,7186597000.0,0.0,0.05,0.122,0.083,0.201,0.0,0.0,1.0,235488313.0,234992000.0,234992000.0,30.582,14236193000.0,0.0,390620000.0,2454687000.0,60.582,-59193000.0
93,ED,MRT,1998-03-31,1998-03-31,1998-03-31,2021-08-30,0.0,14402549000.0,14365432000.0,1277449000.0,13125100000.0,0.497,25.382,-647100000.0,198257000.0,198257000.0,4026536000.0,699788000.0,1.081,1.41,4437332000.0,200000000.0,4237332000.0,4437332000.0,0.0,507919000.0,163983000.0,0.045,2.105,1411077000.0,1918996000.0,0.269,1918996000.0,1411077000.0,1080258000.0,2.99,2.99,2.99,5977195000.0,5876299250.0,5977195000.0,15583853138.0,11.0,8.121,643490000.0,2.733,1.0,3107108000.0,0.436,0.0,330819000.0,17460236000.0,17533812500.0,262820000.0,331970000.0,0.0,331970000.0,8425354000.0,1181388000.0,7243966000.0,11009141138.0,103354000.0,-66032000.0,0.0,55998000.0,-495144000.0,-899750000.0,-737361000.0,0.0,1290590000.0,0.0,699788000.0,704392000.0,704392000.0,0.0,0.0,0.099,1686311000.0,1420797000.0,377799000.0,0.704,1.842,15.629,15.635,11264989000.0,-4604000.0,46.75,1.543,1.543,606638000.0,4531810000.0,7133644000.0,7133644000.0,0.0,0.049,0.12,0.08,0.198,0.0,0.0,1.0,235489650.0,235490000.0,235490000.0,30.293,14402549000.0,0.0,380470000.0,2577571000.0,61.16,96061000.0
94,ED,MRT,1997-12-31,1997-12-31,1997-12-31,2021-08-30,0.0,14722518000.0,14292636750.0,1527210000.0,13195308000.0,0.503,25.226,-654221000.0,183458000.0,183458000.0,4098499000.0,694479000.0,0.986,1.483,4758170000.0,529385000.0,4228785000.0,4758170000.0,0.0,503455000.0,161731000.0,0.051,2.1,1407260000.0,1910715000.0,0.266,1910715000.0,1407260000.0,1074199000.0,2.95,2.95,2.95,5930079000.0,5823595000.0,5930079000.0,,,,631938000.0,2.688,1.0,3097653000.0,0.43,0.0,333061000.0,17748973000.0,17515005250.0,282665000.0,292397000.0,0.0,292397000.0,8792439000.0,1548257000.0,7244182000.0,9655075650.0,76576000.0,-66032000.0,0.0,373744000.0,-493711000.0,-915542000.0,-751812000.0,0.0,1286159000.0,0.0,694479000.0,694479000.0,694479000.0,0.0,0.0,0.097,1684611000.0,1413042000.0,440114000.0,0.712,1.628,13.903,13.898,11267102000.0,0.0,41.0,1.342,1.339,641922000.0,4484703000.0,7196152000.0,7196152000.0,0.0,0.049,0.119,0.08,0.196,0.0,0.0,1.0,235489650.0,235082063.0,235082063.0,30.611,14722518000.0,0.0,379720000.0,2537251000.0,62.627,-21047000.0
95,ED,MRT,1997-09-30,1997-09-30,1997-09-30,2021-08-30,0.0,14321204000.0,14126303500.0,1394031000.0,12927173000.0,,25.153,,269866000.0,269866000.0,,,1.259,1.422,4432042000.0,102630000.0,4329412000.0,4432042000.0,0.0,,161548000.0,0.062,2.095,,,,,,,,,,5911776000.0,5772967250.0,5911776000.0,,,,,,1.0,,,0.0,,17376210000.0,17403319500.0,289660000.0,230789000.0,0.0,230789000.0,8409428000.0,1107170000.0,7302258000.0,,,,,,,,,,,,,,,,,,,,416872000.0,,,,,11149758000.0,,34.0,,,606742000.0,4469185000.0,,,,,,,,,,1.0,,235030000.0,,,14321204000.0,0.0,,2611124000.0,60.934,286861000.0
96,ED,MRT,1997-06-30,1997-06-30,1997-06-30,2021-08-30,0.0,14015457000.0,,1117706000.0,12897751000.0,,24.195,,12231000.0,12231000.0,,,1.117,1.465,4547278000.0,217630000.0,4329648000.0,4547278000.0,0.0,,159749000.0,0.071,2.09,,,,,,,,,,5686147000.0,,5686147000.0,,,,,,1.0,,,0.0,,17549831000.0,,272481000.0,217745000.0,0.0,217745000.0,8329310000.0,1000673000.0,7328637000.0,,,,,,,,,,,,,,,,,,,,375438000.0,,,,,11126081000.0,,29.44,,,524536000.0,4242133000.0,,,,,,,,,,1.0,,235016000.0,,,14015457000.0,0.0,,2444491000.0,59.636,117033000.0
97,ED,MRT,1997-03-31,1997-03-31,1997-03-31,2021-08-30,0.0,14111368000.0,,1221535000.0,12889833000.0,,24.538,,94903000.0,94903000.0,,,1.202,1.447,4384786000.0,103762000.0,4281024000.0,4384786000.0,0.0,,159176000.0,0.07,2.085,,,,,,,,,,5766378000.0,,5766378000.0,,,,,,1.0,,,0.0,,17385007000.0,,272281000.0,193894000.0,0.0,193894000.0,8344990000.0,1016244000.0,7328746000.0,,,,,,,,,,,,,,,,,,,,352461000.0,,,,,11082492000.0,,30.0,,,607092000.0,4322562000.0,,,,,,,,,,1.0,,235001000.0,,,14111368000.0,0.0,,2579089000.0,60.048,205291000.0
98,ED,MRT,1996-12-31,1996-12-31,1996-12-31,2021-08-30,0.0,14057185000.0,,1132487000.0,12924698000.0,,24.375,-675233000.0,106882000.0,106882000.0,4060848000.0,688169000.0,1.094,1.454,4387539000.0,106256000.0,4281283000.0,4387539000.0,0.0,496505000.0,159616000.0,0.071,2.08,1407881000.0,1904386000.0,0.267,1904386000.0,1407881000.0,1084359000.0,2.93,2.93,2.93,5727568000.0,,5727568000.0,,,,409393000.0,1.742,1.0,3072241000.0,0.431,0.0,323522000.0,17302230000.0,,314489000.0,0.0,0.0,0.0,8329617000.0,1035612000.0,7294005000.0,,-235410000.0,0.0,0.0,341476000.0,-488756000.0,-743831000.0,-741965000.0,0.0,1084626000.0,0.0,688169000.0,688169000.0,688169000.0,0.0,0.0,0.096,1662759000.0,1409482000.0,431115000.0,0.71,,,9.939,11244534000.0,0.0,29.12,,0.959,631457000.0,,7133089000.0,7133089000.0,0.0,,,,0.197,0.0,0.0,1.0,,234976697.0,234976697.0,30.357,14057185000.0,0.0,396190000.0,2488944000.0,59.824,96875000.0
99,ED,MRT,1995-12-31,1995-12-31,1995-12-31,2021-08-30,,,,,,,,-692803000.0,,,3522950000.0,723850000.0,,,,,,,,455776000.0,,0.064,2.04,1450519000.0,1906295000.0,0.292,1906295000.0,1450519000.0,1121470000.0,2.93,2.93,2.93,,,,,,,583661000.0,,1.0,3013947000.0,0.461,,329049000.0,,,,,,,,,,,97071000.0,0.0,0.0,217396000.0,-479262000.0,-761107000.0,-720990000.0,0.0,1276464000.0,0.0,723850000.0,688285000.0,688285000.0,0.0,0.0,0.105,1576008000.0,1437939000.0,,0.696,,,10.836,,35565000.0,31.75,,,,,6536897000.0,6536897000.0,0.0,,,,0.222,0.0,0.0,1.0,,,,,,,397620000.0,,,
