None,ticker,dimension,calendardate,datekey,reportperiod,lastupdated,accoci,assets,assetsavg,assetsc,assetsnc,assetturnover,bvps,capex,cashneq,cashnequsd,cor,consolinc,currentratio,de,debt,debtc,debtnc,debtusd,deferredrev,depamor,deposits,divyield,dps,ebit,ebitda,ebitdamargin,ebitdausd,ebitusd,ebt,eps,epsdil,epsusd,equity,equityavg,equityusd,ev,evebit,evebitda,fcf,fcfps,fxusd,gp,grossmargin,intangibles,intexp,invcap,invcapavg,inventory,investments,investmentsc,investmentsnc,liabilities,liabilitiesc,liabilitiesnc,marketcap,ncf,ncfbus,ncfcommon,ncfdebt,ncfdiv,ncff,ncfi,ncfinv,ncfo,ncfx,netinc,netinccmn,netinccmnusd,netincdis,netincnci,netmargin,opex,opinc,payables,payoutratio,pb,pe,pe1,ppnenet,prefdivis,price,ps,ps1,receivables,retearn,revenue,revenueusd,rnd,roa,roe,roic,ros,sbcomp,sgna,sharefactor,sharesbas,shareswa,shareswadil,sps,tangibles,taxassets,taxexp,taxliabilities,tbvps,workingcapital
0,LYV,MRY,2020-12-31,2020-12-31,2020-12-31,2021-08-03,-177009000.0,10589303000.0,11239619500.0,3649768000.0,6939535000.0,0.166,-2.222,-213746000.0,2546439000.0,2546439000.0,1402400000.0,-1827790000.0,0.961,-22.729,6461332000.0,160562000.0,6300770000.0,6461332000.0,1839323000.0,485025000.0,0.0,0.0,0.0,-1526578000.0,-1041553000.0,-0.56,-1041553000.0,-1526578000.0,-1753410000.0,-8.12,-8.12,-8.12,-471772000.0,157519250.0,-471772000.0,19803199772.0,-13.0,-19.013,-1297134000.0,-6.111,1.0,458778000.0,0.246,3353861000.0,226832000.0,7353766000.0,7223036500.0,0.0,0.0,0.0,0.0,10723055000.0,3796569000.0,6926486000.0,15953786772.0,72197000.0,-33322000.0,30647000.0,1576378000.0,0.0,1350082000.0,-224062000.0,24006000.0,-1083388000.0,29565000.0,-1724535000.0,-1723355000.0,-1723355000.0,0.0,-103255000.0,-0.926,2094890000.0,-1636112000.0,830452000.0,0.0,-33.817,-9.257,-9.049,2525637000.0,-1180000.0,73.48,8.572,8.381,486734000.0,-2676833000.0,1861178000.0,1861178000.0,0.0,-0.153,-10.941,-0.211,-0.82,116889000.0,1626442000.0,1.0,217117403.0,212270944.0,212270944.0,8.768,7235442000.0,0.0,-28875000.0,170759000.0,34.086,-146801000.0
1,LYV,MRY,2019-12-31,2019-12-31,2019-12-31,2021-08-03,-145713000.0,10975615000.0,10443667000.0,4192899000.0,6782716000.0,1.106,5.454,-323566000.0,2474242000.0,2474242000.0,8467182000.0,118212000.0,1.021,8.301,4805488000.0,159745000.0,4645743000.0,4805488000.0,1391032000.0,443991000.0,0.0,0.0,0.0,294302000.0,738293000.0,0.064,738293000.0,294302000.0,136781000.0,-0.02,-0.02,-0.02,1145820000.0,1162611000.0,1145820000.0,17439500215.0,59.0,23.621,146217000.0,0.696,1.0,3080787000.0,0.267,3237593000.0,157521000.0,5961669000.0,4957775750.0,0.0,0.0,0.0,0.0,9511661000.0,4107599000.0,5404062000.0,15274249215.0,96039000.0,-290896000.0,14104000.0,500133000.0,0.0,328889000.0,-691000000.0,-36819000.0,469783000.0,-11633000.0,69889000.0,-4882000.0,-4882000.0,0.0,48323000.0,0.0,2758025000.0,322762000.0,1106125000.0,0.0,13.33,-3128.687,-3573.5,2519951000.0,74771000.0,71.47,1.323,1.3,994606000.0,-949334000.0,11547969000.0,11547969000.0,0.0,0.0,-0.004,0.059,0.025,48785000.0,2314325000.0,1.0,213715534.0,210082696.0,210082696.0,54.969,7738022000.0,0.0,66892000.0,178173000.0,36.833,85300000.0
2,LYV,MRY,2018-12-31,2018-12-31,2018-12-31,2021-08-03,-145231000.0,8496886000.0,8769735500.0,3848074000.0,4648812000.0,1.23,5.298,-239833000.0,2378203000.0,2378203000.0,7967932000.0,90340000.0,1.026,6.51,2815020000.0,82142000.0,2732878000.0,2815020000.0,1227797000.0,386529000.0,0.0,0.0,0.0,241990000.0,628519000.0,0.058,628519000.0,241990000.0,101014000.0,-0.09,-0.09,-0.09,1098981000.0,1179272500.0,1098981000.0,11224113254.0,46.0,17.858,701753000.0,3.383,1.0,2819868000.0,0.261,2853248000.0,140976000.0,2330589000.0,2325848750.0,0.0,0.0,0.0,0.0,7154143000.0,3749866000.0,3404277000.0,10320094254.0,549381000.0,-166725000.0,22568000.0,458271000.0,0.0,188784000.0,-496909000.0,-56791000.0,941586000.0,-84080000.0,60249000.0,-17651000.0,-17651000.0,0.0,30091000.0,-0.002,2559495000.0,260373000.0,1127415000.0,0.0,9.391,-584.675,-547.222,946593000.0,77900000.0,49.25,0.957,0.947,829320000.0,-1019223000.0,10787800000.0,10787800000.0,0.0,-0.002,-0.015,0.104,0.022,45582000.0,2150434000.0,1.0,209545061.0,207441468.0,207441468.0,52.004,5643638000.0,0.0,40765000.0,137067000.0,27.206,98208000.0
3,LYV,MRY,2017-12-31,2017-12-31,2017-12-31,2021-08-03,-108542000.0,7504263000.0,7847432500.0,3152742000.0,4351521000.0,1.234,5.764,-238435000.0,1828822000.0,1828822000.0,7181898000.0,7774000.0,0.881,5.153,2299959000.0,347593000.0,1952366000.0,2299959000.0,925220000.0,372201000.0,0.0,0.0,0.0,84601000.0,456802000.0,0.047,456802000.0,84601000.0,-23169000.0,-0.48,-0.48,-0.48,1181196000.0,1225888000.0,1181196000.0,9314594850.0,110.0,20.391,385087000.0,1.879,1.0,2505324000.0,0.259,2852877000.0,107770000.0,1545523000.0,1704296000.0,0.0,0.0,0.0,0.0,6086119000.0,3577000000.0,2509119000.0,8803472850.0,299247000.0,-73116000.0,51069000.0,-49943000.0,0.0,-127083000.0,-327586000.0,-9463000.0,623522000.0,130394000.0,-6015000.0,-97646000.0,-97646000.0,0.0,13789000.0,-0.01,2413812000.0,91512000.0,1034303000.0,0.0,7.453,-90.157,-88.688,885936000.0,91631000.0,42.57,0.909,0.901,725304000.0,-1079472000.0,9687222000.0,9687222000.0,0.0,-0.012,-0.08,0.05,0.009,42755000.0,2042695000.0,1.0,206799926.0,204923740.0,204923740.0,47.272,4651386000.0,0.0,-17154000.0,137635000.0,22.698,-424258000.0
4,LYV,MRY,2016-12-31,2016-12-31,2016-12-31,2021-08-03,-176707000.0,6764266000.0,6787973750.0,2673551000.0,4090715000.0,1.153,5.572,-173827000.0,1526591000.0,1526591000.0,5639177000.0,20297000.0,1.087,4.809,2313053000.0,53317000.0,2259736000.0,2313053000.0,804973000.0,318584000.0,0.0,0.0,0.0,137477000.0,456061000.0,0.058,456061000.0,137477000.0,30971000.0,-0.23,-0.23,-0.23,1126016000.0,1194917250.0,1126016000.0,6402920737.0,47.0,14.04,424912000.0,2.103,1.0,2187159000.0,0.279,2927885000.0,106506000.0,2162499000.0,1935653750.0,0.0,0.0,0.0,0.0,5414750000.0,2460344000.0,2954406000.0,5411422737.0,224715000.0,-240546000.0,20299000.0,237620000.0,0.0,99212000.0,-426477000.0,-9173000.0,598739000.0,-46759000.0,2942000.0,-47010000.0,-47010000.0,0.0,17355000.0,-0.006,2003049000.0,184110000.0,781505000.0,0.0,4.806,-115.112,-115.652,751536000.0,49952000.0,26.6,0.691,0.687,568936000.0,-1073457000.0,7826336000.0,7826336000.0,0.0,-0.007,-0.039,0.071,0.018,32723000.0,1673511000.0,1.0,203436945.0,202076243.0,202076243.0,38.73,3836381000.0,0.0,28029000.0,197811000.0,18.985,213207000.0
5,LYV,MRY,2015-12-31,2015-12-31,2015-12-31,2021-08-03,-111657000.0,6156241000.0,6368378000.0,2288315000.0,3867926000.0,1.138,6.155,-142491000.0,1303125000.0,1303125000.0,5196473000.0,-15769000.0,1.089,3.807,2045014000.0,42352000.0,2002662000.0,2045014000.0,618640000.0,397241000.0,0.0,0.0,0.0,92495000.0,489736000.0,0.068,489736000.0,92495000.0,-10386000.0,-0.33,-0.33,-0.33,1236953000.0,1253933750.0,1236953000.0,5946459222.0,64.0,12.142,165363000.0,0.823,1.0,2049258000.0,0.283,2751395000.0,102881000.0,2045529000.0,1975317750.0,0.0,0.0,0.0,0.0,4709322000.0,2101206000.0,2608116000.0,4971748222.0,-78904000.0,-111778000.0,16280000.0,-6293000.0,0.0,-44121000.0,-290985000.0,-28288000.0,307854000.0,-51652000.0,-32508000.0,-65687000.0,-65687000.0,0.0,16739000.0,-0.009,1945054000.0,104204000.0,721548000.0,0.0,4.019,-75.688,-74.455,731282000.0,33179000.0,24.57,0.686,0.681,452600000.0,-1075111000.0,7245731000.0,7245731000.0,0.0,-0.01,-0.052,0.047,0.013,33361000.0,1519800000.0,1.0,202350355.0,200973485.0,200973485.0,36.053,3404846000.0,0.0,22122000.0,199472000.0,16.942,187109000.0
6,LYV,MRY,2014-12-31,2014-12-31,2014-12-31,2021-08-03,-70010000.0,5968361000.0,6287096750.0,2267691000.0,3700670000.0,1.092,6.521,-139587000.0,1382029000.0,1382029000.0,4919969000.0,-104450000.0,1.128,3.458,2043400000.0,47443000.0,1995957000.0,2043400000.0,543122000.0,368143000.0,0.0,0.0,0.0,20135000.0,388278000.0,0.057,388278000.0,20135000.0,-86177000.0,-0.49,-0.49,-0.49,1296954000.0,1414547500.0,1296954000.0,5956062594.0,296.0,15.34,152579000.0,0.767,1.0,1946995000.0,0.284,2531230000.0,106312000.0,2087763000.0,1798586750.0,0.0,0.0,0.0,0.0,4484514000.0,2010739000.0,2473775000.0,5239206594.0,82845000.0,-229843000.0,21797000.0,261612000.0,0.0,225971000.0,-392158000.0,-34395000.0,292166000.0,-43134000.0,-90807000.0,-96467000.0,-96467000.0,0.0,-13643000.0,-0.014,1948087000.0,-1092000.0,732259000.0,0.0,4.04,-54.311,-53.286,695337000.0,5660000.0,26.11,0.763,0.756,419301000.0,-1042603000.0,6866964000.0,6866964000.0,0.0,-0.015,-0.068,0.011,0.003,39029000.0,1441221000.0,1.0,200659004.0,198874019.0,198874019.0,34.529,3437131000.0,0.0,4630000.0,196759000.0,17.283,256952000.0
7,LYV,MRY,2013-12-31,2013-12-31,2013-12-31,2021-08-03,-2370000.0,5683521000.0,5807543750.0,2160104000.0,3523417000.0,1.116,7.268,-134868000.0,1299184000.0,1299184000.0,4680507000.0,-36015000.0,0.958,2.905,1808887000.0,278403000.0,1530484000.0,1808887000.0,486433000.0,368923000.0,0.0,0.0,0.0,99159000.0,468082000.0,0.072,468082000.0,99159000.0,-12500000.0,-0.23,-0.23,-0.23,1409228000.0,1393436250.0,1409228000.0,4439876787.0,45.0,9.485,296493000.0,1.529,1.0,1798040000.0,0.278,2520283000.0,111659000.0,1417423000.0,1517009250.0,0.0,0.0,0.0,0.0,4093715000.0,2255518000.0,1838197000.0,3938002787.0,298129000.0,-20547000.0,85110000.0,16582000.0,0.0,32984000.0,-157552000.0,-1193000.0,431361000.0,-8664000.0,-43378000.0,-43947000.0,-43947000.0,0.0,7363000.0,-0.007,1661176000.0,136864000.0,767573000.0,0.0,2.794,-89.608,-85.913,706800000.0,569000.0,19.76,0.608,0.591,439151000.0,-951796000.0,6478547000.0,6478547000.0,0.0,-0.008,-0.032,0.065,0.015,28415000.0,1321277000.0,1.0,199291639.0,193885066.0,193885066.0,33.414,3163238000.0,0.0,30878000.0,161637000.0,16.315,-95414000.0
8,LYV,MRY,2012-12-31,2012-12-31,2012-12-31,2021-08-03,-10923000.0,5290806000.0,5505304500.0,1812812000.0,3477994000.0,1.057,7.25,-123811000.0,1001055000.0,1001055000.0,4151277000.0,-161897000.0,1.025,2.79,1740005000.0,62050000.0,1677955000.0,1740005000.0,402002000.0,429557000.0,0.0,0.0,0.0,-9751000.0,419806000.0,0.072,419806000.0,-9751000.0,-133491000.0,-0.88,-0.88,-0.88,1355418000.0,1421740000.0,1355418000.0,2738197448.0,-281.0,6.523,243287000.0,1.301,1.0,1667770000.0,0.287,2459753000.0,123740000.0,1801831000.0,1837221500.0,0.0,0.0,0.0,0.0,3782232000.0,1768172000.0,2014060000.0,1775830448.0,156802000.0,-71136000.0,1143000.0,13064000.0,0.0,-19891000.0,-203791000.0,6833000.0,367098000.0,13386000.0,-163227000.0,-163227000.0,-163227000.0,0.0,1330000.0,-0.028,1690742000.0,-22972000.0,660671000.0,0.0,1.31,-10.88,-10.58,721786000.0,0.0,9.31,0.305,0.299,415790000.0,-908418000.0,5819047000.0,5819047000.0,0.0,-0.03,-0.115,-0.005,-0.002,37063000.0,1256996000.0,1.0,190744409.0,186955748.0,186955748.0,31.125,2831053000.0,0.0,29736000.0,199596000.0,15.143,44640000.0
9,LYV,MRY,2011-12-31,2011-12-31,2011-12-31,2021-08-03,-36374000.0,5077344000.0,5343381250.0,1576790000.0,3500554000.0,1.008,8.011,-107500000.0,844253000.0,844253000.0,3789488000.0,-70403000.0,1.056,2.368,1705261000.0,52632000.0,1652629000.0,1705261000.0,273536000.0,343018000.0,0.0,0.0,0.0,11174000.0,354192000.0,0.066,354192000.0,11174000.0,-109240000.0,-0.46,-0.46,-0.46,1461103000.0,1512844750.0,1461103000.0,2516489543.0,225.0,7.105,28205000.0,0.155,1.0,1594510000.0,0.296,2508516000.0,120414000.0,1937283000.0,1932400500.0,0.0,55796000.0,0.0,55796000.0,3460450000.0,1492553000.0,1967897000.0,1574560543.0,-48505000.0,-47844000.0,79197000.0,-32007000.0,0.0,-44379000.0,-152017000.0,9273000.0,135705000.0,12186000.0,-83016000.0,-83016000.0,-83016000.0,0.0,12613000.0,-0.015,1582680000.0,11830000.0,561583000.0,0.0,1.078,-18.967,-18.065,720136000.0,0.0,8.31,0.292,0.282,389346000.0,-745191000.0,5383998000.0,5383998000.0,0.0,-0.016,-0.055,0.006,0.002,50045000.0,1224126000.0,1.0,189477803.0,182388070.0,182388070.0,29.519,2568828000.0,0.0,-26224000.0,186298000.0,14.084,84237000.0
10,LYV,MRY,2010-12-31,2010-12-31,2010-12-31,2021-08-03,-22244000.0,5195560000.0,5308861500.0,1603497000.0,3592063000.0,0.954,8.299,-75578000.0,892758000.0,892758000.0,3658310000.0,-208036000.0,1.088,2.707,1731864000.0,54150000.0,1677714000.0,1731864000.0,335539000.0,321666000.0,0.0,0.0,0.0,-96709000.0,224957000.0,0.044,224957000.0,-96709000.0,-213236000.0,-1.39,-1.39,-1.39,1364416000.0,1424304750.0,1364416000.0,2863668044.0,-30.0,12.73,82940000.0,0.504,1.0,1405438000.0,0.278,2598898000.0,116527000.0,1961547000.0,1953723750.0,0.0,30077000.0,0.0,30077000.0,3693892000.0,1474221000.0,2219671000.0,1982171044.0,655803000.0,523829000.0,7073000.0,119836000.0,0.0,49086000.0,452987000.0,5863000.0,158518000.0,-4788000.0,-228390000.0,-228390000.0,-228390000.0,4228000.0,20354000.0,-0.045,1464949000.0,-59511000.0,539177000.0,0.0,1.453,-8.679,-8.216,737064000.0,0.0,11.42,0.391,0.371,329947000.0,-662175000.0,5063748000.0,5063748000.0,0.0,-0.043,-0.16,-0.049,-0.019,52395000.0,1124743000.0,1.0,173570144.0,164410167.0,164410167.0,30.799,2596662000.0,0.0,15154000.0,219143000.0,15.794,129276000.0
11,LYV,MRY,2009-12-31,2009-12-31,2009-12-31,2021-08-03,4199000.0,2341759000.0,2740242500.0,717866000.0,1623893000.0,1.526,7.892,-64267000.0,236955000.0,236955000.0,3357245000.0,-49734000.0,0.954,2.478,740069000.0,41032000.0,699037000.0,740069000.0,284536000.0,162694000.0,0.0,0.0,0.0,17519000.0,180213000.0,0.043,180213000.0,17519000.0,-48846000.0,-0.73,-0.73,-0.73,652317000.0,616309000.0,652317000.0,1308780787.0,75.0,7.262,-6992000.0,-0.085,1.0,823776000.0,0.197,675561000.0,66365000.0,1417078000.0,1383141500.0,0.0,2077000.0,0.0,2077000.0,1616318000.0,752234000.0,864084000.0,712286787.0,37295000.0,163793000.0,-4250000.0,-103054000.0,0.0,-124356000.0,77481000.0,5274000.0,57275000.0,26895000.0,-60179000.0,-60179000.0,-60179000.0,-76277000.0,10445000.0,-0.014,876133000.0,-52357000.0,50844000.0,0.0,1.092,-11.836,-11.658,749984000.0,0.0,8.51,0.17,0.168,176179000.0,-433785000.0,4181021000.0,4181021000.0,0.0,-0.022,-0.098,0.013,0.004,16675000.0,675869000.0,1.0,83699975.0,82652366.0,82652366.0,50.586,1666198000.0,0.0,11333000.0,30480000.0,20.159,-34368000.0
12,LYV,MRY,2008-12-31,2008-12-31,2008-12-31,2021-08-03,-5029000.0,2476723000.0,2935409500.0,639818000.0,1836905000.0,1.392,8.892,-186217000.0,199660000.0,199660000.0,3299444000.0,-237825000.0,0.83,2.557,824120000.0,48637000.0,775483000.0,824120000.0,225664000.0,148222000.0,0.0,0.0,0.0,-193565000.0,-45343000.0,-0.011,-45343000.0,-193565000.0,-263669000.0,-3.14,-3.14,-3.14,677853000.0,841813750.0,677853000.0,1042238479.0,-5.0,-22.986,-248850000.0,-3.265,1.0,785862000.0,0.192,719765000.0,70104000.0,1610181000.0,1408248500.0,0.0,18519000.0,0.0,18519000.0,1733080000.0,771237000.0,961843000.0,448820479.0,-139331000.0,178758000.0,-22538000.0,50717000.0,0.0,33984000.0,-66893000.0,7603000.0,-62633000.0,-43789000.0,-239412000.0,-239412000.0,-239412000.0,-95653000.0,1587000.0,-0.059,1082910000.0,-297048000.0,53563000.0,0.0,0.662,-1.875,-1.828,887735000.0,0.0,5.74,0.11,0.107,217958000.0,-373606000.0,4085306000.0,4085306000.0,0.0,-0.082,-0.284,-0.137,-0.047,34556000.0,672083000.0,1.0,78191721.0,76228275.0,76228275.0,53.593,1756958000.0,0.0,-24257000.0,0.0,23.049,-131419000.0
13,LYV,MRY,2007-12-31,2007-12-31,2007-12-31,2021-08-03,56410000.0,2752103000.0,2716157750.0,834408000.0,1917695000.0,1.338,12.669,-105360000.0,338991000.0,338991000.0,2943311000.0,-7320000.0,0.922,2.174,822606000.0,36345000.0,786261000.0,822606000.0,259868000.0,120828000.0,0.0,0.0,0.0,57837000.0,178665000.0,0.049,178665000.0,57837000.0,-6460000.0,-0.22,-0.22,-0.22,867066000.0,725079000.0,867066000.0,1468704072.0,25.0,8.22,-68927000.0,-1.007,1.0,692078000.0,0.19,854541000.0,64297000.0,1475707000.0,1268901500.0,0.0,23443000.0,0.0,23443000.0,1885037000.0,905470000.0,979567000.0,1046606072.0,25111000.0,2560000.0,466000.0,114146000.0,0.0,110188000.0,-129570000.0,20842000.0,36433000.0,8060000.0,-15189000.0,-15189000.0,-15189000.0,-54990000.0,7869000.0,-0.004,685740000.0,6338000.0,79273000.0,0.0,1.207,-68.906,-66.0,915045000.0,0.0,14.52,0.288,0.273,266019000.0,-130941000.0,3635389000.0,3635389000.0,0.0,-0.006,-0.021,0.046,0.016,29191000.0,599113000.0,1.0,72080308.0,68440582.0,68440582.0,53.117,1897562000.0,0.0,8729000.0,0.0,27.726,-71062000.0
14,LYV,MRY,2006-12-31,2006-12-31,2006-12-31,2021-08-03,20719000.0,2225002000.0,2149799250.0,740168000.0,1484834000.0,1.532,9.848,-65705000.0,313880000.0,313880000.0,2678869000.0,-31442000.0,0.956,2.484,639146000.0,31721000.0,607425000.0,639146000.0,230179000.0,128167000.0,0.0,0.0,0.0,24354000.0,152521000.0,0.046,152521000.0,24354000.0,-12840000.0,-0.48,-0.48,-0.48,638662000.0,652397500.0,638662000.0,1336143144.0,55.0,8.76,-48077000.0,-0.741,1.0,615602000.0,0.187,496567000.0,37194000.0,1279741000.0,929519000.0,0.0,59283000.0,0.0,59283000.0,1586340000.0,773960000.0,812380000.0,1466700144.0,-89836000.0,-330223000.0,-24717000.0,261238000.0,0.0,268294000.0,-376071000.0,19672000.0,17628000.0,313000.0,-31442000.0,-31442000.0,-31442000.0,-23445000.0,0.0,-0.01,615985000.0,-383000.0,40646000.0,0.0,2.297,-46.648,-46.667,876172000.0,0.0,22.4,0.445,0.441,253444000.0,-119005000.0,3294471000.0,3294471000.0,0.0,-0.015,-0.048,0.026,0.007,3432000.0,502833000.0,1.0,65477685.0,64853243.0,64853243.0,50.799,1728435000.0,0.0,18602000.0,0.0,26.651,-33792000.0
15,LYV,MRY,2005-12-31,2005-12-31,2005-12-31,2021-08-03,-6417000.0,1776584000.0,1627645000.0,755273000.0,1021311000.0,1.804,9.53,-92520000.0,403716000.0,403716000.0,2310925000.0,-130619000.0,1.113,1.79,366841000.0,25705000.0,341136000.0,366841000.0,232754000.0,64622000.0,0.0,0.0,0.0,-16635000.0,47987000.0,0.016,47987000.0,-16635000.0,-69131000.0,-1.96,-1.96,-1.96,636700000.0,396838000.0,636700000.0,1307295887.0,-79.0,27.243,-96437000.0,-1.443,1.0,625920000.0,0.213,149461000.0,52496000.0,911529000.0,1111388500.0,0.0,30660000.0,0.0,30660000.0,1139884000.0,678719000.0,461165000.0,835757887.0,224579000.0,-19090000.0,-18003000.0,343941000.0,0.0,363268000.0,-106049000.0,5632000.0,-3917000.0,-28723000.0,-130619000.0,-130619000.0,-130619000.0,0.0,0.0,-0.044,639549000.0,-13629000.0,37654000.0,0.0,1.313,-6.398,-6.684,808919000.0,0.0,13.1,0.285,0.298,194927000.0,-87563000.0,2936845000.0,2936845000.0,0.0,-0.08,-0.329,-0.015,-0.006,1256000.0,569622000.0,1.0,63798312.0,66809394.0,66809394.0,43.959,1627123000.0,0.0,61488000.0,0.0,24.355,76554000.0
16,LYV,MRY,2004-12-31,2004-12-31,2004-12-31,2021-08-03,-13521000.0,1478706000.0,1487210500.0,472557000.0,1006149000.0,1.887,2.461,-73435000.0,179137000.0,179137000.0,2185127000.0,16260000.0,0.816,8.42,650675000.0,1214000.0,649461000.0,650675000.0,184413000.0,64095000.0,0.0,,0.0,60199000.0,124294000.0,0.044,124294000.0,60199000.0,14725000.0,,,,156976000.0,172629500.0,156976000.0,,,,49018000.0,0.768,1.0,621001000.0,0.221,59651000.0,45474000.0,1311248000.0,1308990500.0,0.0,27002000.0,0.0,27002000.0,1321730000.0,579345000.0,742385000.0,,62777000.0,-16619000.0,0.0,23254000.0,0.0,20699000.0,-84076000.0,7003000.0,122453000.0,3701000.0,16260000.0,16260000.0,16260000.0,0.0,0.0,0.006,563629000.0,57372000.0,31440000.0,,,,,793316000.0,0.0,,,,174978000.0,0.0,2806128000.0,2806128000.0,0.0,0.011,0.094,0.046,0.021,1084000.0,491552000.0,1.0,63798312.0,63798312.0,,43.984,1419055000.0,97317000.0,-1535000.0,0.0,22.243,-106788000.0
17,LYV,MRY,2003-12-31,2003-12-31,2003-12-31,2021-08-03,4951000.0,1495715000.0,,423617000.0,1072098000.0,,,-69352000.0,116360000.0,116360000.0,2506635000.0,57032000.0,0.773,6.944,617838000.0,1283000.0,616555000.0,617838000.0,169370000.0,63436000.0,0.0,,0.0,112570000.0,176006000.0,0.065,176006000.0,112570000.0,68367000.0,,,,188283000.0,,188283000.0,,,,69361000.0,,1.0,201267000.0,0.074,142709000.0,44203000.0,1306733000.0,,0.0,28915000.0,0.0,28915000.0,1307432000.0,547751000.0,759681000.0,,11463000.0,3153000.0,0.0,-56894000.0,0.0,-56894000.0,-51960000.0,14795000.0,138713000.0,-18396000.0,57032000.0,57032000.0,57032000.0,0.0,0.0,0.021,90054000.0,111213000.0,41298000.0,,,,,782154000.0,0.0,,,,180387000.0,-4204115000.0,2707902000.0,2707902000.0,0.0,,,,0.042,1302000.0,30820000.0,1.0,,,,,1353006000.0,92274000.0,11335000.0,0.0,,-124134000.0
18,LYV,MRY,2002-12-31,2002-12-31,2002-12-31,2021-08-03,,,,,,,,-20667000.0,,,2302707000.0,-3928576000.0,,,,,,,,64836000.0,,,0.0,-3895579000.0,-3830743000.0,-1.549,-3830743000.0,-3895579000.0,-3899577000.0,,,,,,,,,,121570000.0,,1.0,170612000.0,0.069,,3998000.0,,,,,,,,,,,6993000.0,-11118000.0,0.0,-112281000.0,0.0,-112281000.0,-31329000.0,0.0,142237000.0,8366000.0,-3928576000.0,-3928576000.0,-3928576000.0,0.0,0.0,-1.588,75364000.0,95248000.0,,,,,,,0.0,,,,,,2473319000.0,2473319000.0,0.0,,,,-1.575,1401000.0,26101000.0,1.0,,,,,,,28999000.0,,,
0,LYV,MRQ,2021-06-30,2021-06-30,2021-06-30,2021-08-03,-161832000.0,12245656000.0,,5423251000.0,6822405000.0,,-4.232,-34303000.0,4047637000.0,4047637000.0,243120000.0,-210460000.0,1.05,-14.051,6884567000.0,160057000.0,6724510000.0,6884567000.0,2648540000.0,103445000.0,0.0,0.0,0.0,-124471000.0,-21026000.0,-0.037,-21026000.0,-124471000.0,-193380000.0,-0.9,-0.9,-0.9,-912762000.0,,-912762000.0,22983838378.0,-19.0,-31.043,1061112000.0,4.919,1.0,332826000.0,0.578,3269306000.0,68909000.0,6647980000.0,,0.0,0.0,0.0,0.0,12825259000.0,5165300000.0,7659959000.0,19154464378.0,1030180000.0,-28408000.0,2289000.0,4893000.0,0.0,-15548000.0,-60403000.0,7688000.0,1095415000.0,10716000.0,-195665000.0,-194714000.0,-194714000.0,0.0,-14795000.0,-0.338,469572000.0,-136746000.0,1395165000.0,0.0,-20.985,-13.111,-12.824,2431662000.0,-951000.0,87.59,14.872,14.669,646705000.0,-3179691000.0,575946000.0,575946000.0,0.0,,,,,12830000.0,356492000.0,1.0,218683233.0,215702508.0,215702508.0,2.67,8976350000.0,0.0,2285000.0,173971000.0,41.614,257951000.0
1,LYV,MRQ,2021-03-31,2021-03-31,2021-03-31,2021-08-03,-173216000.0,10919642000.0,,4096098000.0,6823544000.0,,-3.405,-23763000.0,3017457000.0,3017457000.0,133966000.0,-322722000.0,1.073,-15.486,6846831000.0,148527000.0,6698304000.0,6846831000.0,1817328000.0,108876000.0,0.0,0.0,0.0,-229974000.0,-121098000.0,-0.417,-121098000.0,-229974000.0,-300804000.0,-1.44,-1.44,-1.44,-730560000.0,,-730560000.0,22372580438.0,-14.0,-19.614,50811000.0,0.237,1.0,156643000.0,0.539,3296584000.0,70830000.0,7636685000.0,,0.0,0.0,0.0,0.0,11313756000.0,3815747000.0,7498009000.0,18457687438.0,471018000.0,48670000.0,25794000.0,421050000.0,0.0,417017000.0,10108000.0,-9900000.0,74574000.0,-30681000.0,-307193000.0,-308109000.0,-308109000.0,0.0,-15529000.0,-1.06,459809000.0,-303166000.0,882171000.0,0.0,-25.265,-10.074,-9.843,2445983000.0,916000.0,84.65,23.48,23.102,467792000.0,-2984026000.0,290609000.0,290609000.0,0.0,,,,,40017000.0,350801000.0,1.0,218047105.0,214531958.0,214531958.0,1.355,7623058000.0,0.0,6389000.0,170622000.0,35.533,280351000.0
2,LYV,MRQ,2020-12-31,2020-12-31,2020-12-31,2021-08-03,-177009000.0,10589303000.0,,3649768000.0,6939535000.0,,-2.207,-26710000.0,2546439000.0,2546439000.0,203274000.0,-463826000.0,0.961,-22.729,6461332000.0,160562000.0,6300770000.0,6461332000.0,1839323000.0,120240000.0,0.0,0.0,0.0,-358739000.0,-238499000.0,-1.005,-238499000.0,-358739000.0,-422790000.0,-2.04,-2.04,-2.04,-471772000.0,,-471772000.0,19803199772.0,-13.0,-19.013,-153195000.0,-0.717,1.0,34109000.0,0.144,3353861000.0,64051000.0,7353766000.0,,0.0,0.0,0.0,0.0,10723055000.0,3796569000.0,6926486000.0,15953786772.0,-87052000.0,13689000.0,12555000.0,-7882000.0,0.0,-11554000.0,470000.0,22400000.0,-126485000.0,50517000.0,-443332000.0,-436197000.0,-436197000.0,0.0,-20494000.0,-1.838,416565000.0,-382456000.0,830452000.0,0.0,-33.817,-9.257,-9.049,2525637000.0,-7135000.0,73.48,8.572,8.381,486734000.0,-2676833000.0,237383000.0,237383000.0,0.0,,,,,9924000.0,302277000.0,1.0,217117403.0,213738916.0,213738916.0,1.111,7235442000.0,0.0,20542000.0,170759000.0,33.852,-146801000.0
3,LYV,MRQ,2020-09-30,2020-09-30,2020-09-30,2021-08-03,-222217000.0,10885431000.0,,3859857000.0,7025574000.0,,-0.468,-44527000.0,2633491000.0,2633491000.0,130749000.0,-542458000.0,1.077,-106.994,6482904000.0,166525000.0,6316379000.0,6482904000.0,1631715000.0,119938000.0,0.0,0.0,0.0,-479713000.0,-359775000.0,-1.955,-359775000.0,-479713000.0,-545806000.0,-2.45,-2.45,-2.45,-99430000.0,,-99430000.0,14831958385.0,-12.0,-18.691,-611070000.0,-2.874,1.0,53269000.0,0.289,3315873000.0,66093000.0,7836094000.0,,0.0,0.0,0.0,0.0,10638407000.0,3582877000.0,7055530000.0,11705687385.0,-666874000.0,-1390000.0,6686000.0,-6750000.0,0.0,-100462000.0,-33891000.0,281000.0,-566543000.0,34022000.0,-528902000.0,-521912000.0,-521912000.0,0.0,-13556000.0,-2.836,546733000.0,-493464000.0,774974000.0,0.0,-117.728,-7.95,-7.764,2568130000.0,-6990000.0,53.88,2.594,2.538,564873000.0,-2233501000.0,184018000.0,184018000.0,0.0,,,,,56695000.0,437564000.0,1.0,217254777.0,212593719.0,212593719.0,0.866,7569558000.0,0.0,-16904000.0,177893000.0,35.606,276980000.0
4,LYV,MRQ,2020-06-30,2020-06-30,2020-06-30,2021-08-03,-243805000.0,11622300000.0,,4433194000.0,7189106000.0,,1.615,-57946000.0,3300365000.0,3300365000.0,194557000.0,-610584000.0,1.269,31.992,6426636000.0,183358000.0,6243278000.0,6426636000.0,1157311000.0,122767000.0,0.0,0.0,0.0,-544011000.0,-421244000.0,-5.686,-421244000.0,-544011000.0,-596700000.0,-2.67,-2.67,-2.67,341925000.0,,341925000.0,11449999144.0,-21.0,-177.107,-1079981000.0,-5.102,1.0,-120473000.0,-1.626,3318240000.0,52689000.0,7938035000.0,,0.0,0.0,0.0,0.0,10938770000.0,3492296000.0,7446474000.0,9542480144.0,18654000.0,-7329000.0,4950000.0,1177624000.0,0.0,1079676000.0,-68270000.0,1795000.0,-1022035000.0,29283000.0,-567517000.0,-565922000.0,-565922000.0,0.0,-43067000.0,-7.639,462386000.0,-582859000.0,960787000.0,0.0,27.908,-12.0,-11.821,2542314000.0,-1595000.0,44.33,1.178,1.158,618580000.0,-1704599000.0,74084000.0,74084000.0,0.0,,,,,38538000.0,344268000.0,1.0,215260098.0,211693923.0,211693923.0,0.35,8304060000.0,0.0,-29183000.0,177749000.0,39.227,940898000.0
5,LYV,MRQ,2020-03-31,2020-03-31,2020-03-31,2021-08-03,-259326000.0,11861444000.0,,4851025000.0,7010419000.0,,4.072,-84563000.0,3281711000.0,3281711000.0,873820000.0,-210922000.0,1.026,12.37,5189230000.0,158019000.0,5031211000.0,5189230000.0,2273494000.0,122080000.0,0.0,0.0,0.0,-144115000.0,-22035000.0,-0.016,-22035000.0,-144115000.0,-188114000.0,-0.94,-0.94,-0.94,859354000.0,,859354000.0,12083827169.0,75.0,19.201,547112000.0,2.592,1.0,491873000.0,0.36,3274656000.0,43999000.0,5764251000.0,,0.0,0.0,0.0,0.0,10630612000.0,4730056000.0,5900556000.0,9752581169.0,807469000.0,-38187000.0,6456000.0,413386000.0,0.0,382422000.0,-122371000.0,-470000.0,631675000.0,-84257000.0,-184784000.0,-199324000.0,-199324000.0,0.0,-26138000.0,-0.146,672726000.0,-180853000.0,995395000.0,0.0,11.349,-69.936,-69.938,2533187000.0,14540000.0,45.46,0.872,0.858,759432000.0,-1137082000.0,1365693000.0,1365693000.0,0.0,,,,,11732000.0,542333000.0,1.0,214531042.0,211048294.0,211048294.0,6.471,8586788000.0,0.0,-3330000.0,178535000.0,40.686,120969000.0
6,LYV,MRQ,2019-12-31,2019-12-31,2019-12-31,2021-08-03,-145713000.0,10975615000.0,,4192899000.0,6782716000.0,,5.436,-97744000.0,2474242000.0,2474242000.0,2187735000.0,-136639000.0,1.021,8.301,4805488000.0,159745000.0,4645743000.0,4805488000.0,1391032000.0,114947000.0,0.0,0.0,0.0,-105416000.0,9531000.0,0.003,9531000.0,-105416000.0,-153043000.0,-0.88,-0.85,-0.88,1145820000.0,,1145820000.0,17439500215.0,59.0,23.621,339117000.0,1.609,1.0,701713000.0,0.243,3237593000.0,47627000.0,5961669000.0,,0.0,0.0,0.0,0.0,9511661000.0,4107599000.0,5404062000.0,15274249215.0,665448000.0,-148079000.0,864000.0,530020000.0,0.0,468499000.0,-287643000.0,-22851000.0,436861000.0,47731000.0,-159947000.0,-185311000.0,-185311000.0,0.0,23308000.0,-0.064,785164000.0,-83451000.0,1106125000.0,0.0,13.33,-3128.687,-3573.5,2519951000.0,25364000.0,71.47,1.323,1.3,994606000.0,-949334000.0,2889448000.0,2889448000.0,0.0,,,,,11861000.0,671506000.0,1.0,213715534.0,210783610.0,184874302.0,13.708,7738022000.0,0.0,6904000.0,178173000.0,36.711,85300000.0
7,LYV,MRQ,2019-09-30,2019-09-30,2019-09-30,2021-08-03,-181047000.0,9967133000.0,,3849723000.0,6117410000.0,,6.112,-89882000.0,1808794000.0,1808794000.0,2800429000.0,193972000.0,0.972,6.56,3974045000.0,186573000.0,3787472000.0,3974045000.0,1115874000.0,126306000.0,0.0,0.0,0.0,242792000.0,369098000.0,0.098,369098000.0,242792000.0,206205000.0,0.74,0.71,0.74,1287273000.0,,1287273000.0,15878222081.0,54.0,21.692,-350283000.0,-1.663,1.0,973255000.0,0.258,2962761000.0,36587000.0,5210251000.0,,0.0,0.0,0.0,0.0,8444301000.0,3959372000.0,4484929000.0,14140192081.0,-476185000.0,-26291000.0,3041000.0,-8512000.0,0.0,-41700000.0,-121703000.0,-5374000.0,-260401000.0,-52381000.0,178925000.0,155345000.0,155345000.0,0.0,15047000.0,0.041,718598000.0,254657000.0,1105124000.0,0.0,10.985,1573.055,2211.333,2193626000.0,23580000.0,66.34,1.256,1.241,1215465000.0,-789387000.0,3773684000.0,3773684000.0,0.0,,,,,11998000.0,587213000.0,1.0,213147303.0,210621971.0,218957376.0,17.917,7004372000.0,0.0,27280000.0,166305000.0,33.256,-109649000.0
8,LYV,MRQ,2019-06-30,2019-06-30,2019-06-30,2021-08-03,-148791000.0,10529387000.0,,4284887000.0,6244500000.0,,5.591,-78804000.0,2284979000.0,2284979000.0,2327414000.0,116120000.0,0.93,7.769,4023009000.0,175474000.0,3847535000.0,4023009000.0,1890997000.0,103826000.0,0.0,0.0,0.0,168897000.0,272723000.0,0.086,272723000.0,168897000.0,132105000.0,0.43,0.41,0.43,1174143000.0,,1174143000.0,15317306800.0,55.0,22.257,-254531000.0,-1.212,1.0,829595000.0,0.263,3048061000.0,36792000.0,4613633000.0,,0.0,0.0,0.0,0.0,9121631000.0,4605723000.0,4515908000.0,14020439800.0,-399213000.0,-106644000.0,10199000.0,-8359000.0,0.0,-26419000.0,-196784000.0,-5635000.0,-175727000.0,-283000.0,103355000.0,89840000.0,89840000.0,0.0,12765000.0,0.028,657579000.0,172016000.0,1159844000.0,0.0,11.941,2531.679,3312.5,2212377000.0,13515000.0,66.25,1.238,1.229,1096754000.0,-968312000.0,3157009000.0,3157009000.0,0.0,,,,,11721000.0,554284000.0,1.0,211629280.0,209998048.0,219977612.0,15.034,7481326000.0,0.0,28750000.0,169985000.0,35.626,-320836000.0
9,LYV,MRQ,2019-03-31,2019-03-31,2019-03-31,2021-08-03,-148120000.0,10302533000.0,,4424874000.0,5877659000.0,,4.994,-57136000.0,2684192000.0,2684192000.0,1151604000.0,-55241000.0,0.944,8.687,3981059000.0,193718000.0,3787341000.0,3981059000.0,2068792000.0,98912000.0,0.0,0.0,0.0,-11971000.0,86941000.0,0.05,86941000.0,-11971000.0,-48486000.0,-0.31,-0.31,-0.31,1043208000.0,,1043208000.0,13837290216.0,62.0,22.249,411914000.0,1.972,1.0,576224000.0,0.333,2864968000.0,36515000.0,4045550000.0,,0.0,0.0,0.0,0.0,9062139000.0,4688882000.0,4373257000.0,13400473216.0,305989000.0,-9882000.0,0.0,-13016000.0,0.0,-71491000.0,-84870000.0,-2959000.0,469050000.0,-6700000.0,-52444000.0,-64756000.0,-64756000.0,0.0,-2797000.0,-0.037,596684000.0,-20460000.0,1227526000.0,0.0,12.845,-417.265,-397.125,2057962000.0,12312000.0,63.54,1.215,1.203,920035000.0,-1071667000.0,1727828000.0,1727828000.0,0.0,,,,,13205000.0,501322000.0,1.0,210898225.0,208908323.0,208908323.0,8.271,7437565000.0,0.0,3958000.0,142710000.0,35.602,-264008000.0
10,LYV,MRQ,2018-12-31,2018-12-31,2018-12-31,2021-08-03,-145231000.0,8496886000.0,,3848074000.0,4648812000.0,,5.281,-76119000.0,2378203000.0,2378203000.0,1976385000.0,-135185000.0,1.026,6.51,2815020000.0,82142000.0,2732878000.0,2815020000.0,1227797000.0,109267000.0,0.0,0.0,0.0,-106056000.0,3211000.0,0.001,3211000.0,-106056000.0,-142836000.0,-0.83,-0.8,-0.83,1098981000.0,,1098981000.0,11224113254.0,46.0,17.858,609891000.0,2.931,1.0,625470000.0,0.24,2853248000.0,36780000.0,2330589000.0,,0.0,0.0,0.0,0.0,7154143000.0,3749866000.0,3404277000.0,10320094254.0,468405000.0,-25857000.0,6121000.0,-7754000.0,0.0,-79342000.0,-118053000.0,-14317000.0,686010000.0,-20210000.0,-147887000.0,-171440000.0,-171440000.0,0.0,12702000.0,-0.066,720978000.0,-95508000.0,1127415000.0,0.0,9.391,-584.675,-547.222,946593000.0,23553000.0,49.25,0.957,0.947,829320000.0,-1019223000.0,2601855000.0,2601855000.0,0.0,,,,,11267000.0,606676000.0,1.0,209545061.0,208081770.0,183547269.0,12.504,5643638000.0,0.0,5051000.0,137067000.0,27.122,98208000.0
11,LYV,MRQ,2018-09-30,2018-09-30,2018-09-30,2021-08-03,-134918000.0,8511699000.0,,3881047000.0,4630652000.0,,6.345,-63073000.0,1909798000.0,1909798000.0,2924356000.0,183197000.0,1.075,5.284,2813817000.0,81832000.0,2731985000.0,2813817000.0,890783000.0,99606000.0,0.0,0.0,0.0,225707000.0,325313000.0,0.085,325313000.0,225707000.0,189714000.0,0.73,0.7,0.73,1317389000.0,,1317389000.0,11915228391.0,95.0,22.713,-327323000.0,-1.577,1.0,910890000.0,0.238,2873841000.0,35993000.0,2933079000.0,,0.0,0.0,0.0,0.0,6960770000.0,3608798000.0,3351972000.0,11387491391.0,-390515000.0,-9411000.0,5593000.0,-18446000.0,0.0,-46605000.0,-64461000.0,12391000.0,-264250000.0,-15199000.0,172683000.0,151894000.0,151894000.0,0.0,10514000.0,0.04,676933000.0,233957000.0,1160683000.0,0.0,8.644,-149.987,-139.667,913357000.0,20789000.0,54.47,1.084,1.076,1252585000.0,-871336000.0,3835246000.0,3835246000.0,0.0,,,,,11369000.0,566747000.0,1.0,209059875.0,207614413.0,216788983.0,18.473,5637858000.0,0.0,17031000.0,130911000.0,27.155,272249000.0
12,LYV,MRQ,2018-06-30,2018-06-30,2018-06-30,2021-08-03,-125837000.0,8952809000.0,,4263356000.0,4689453000.0,,5.61,-55516000.0,2300313000.0,2300313000.0,2135107000.0,83356000.0,1.013,6.489,2828050000.0,84946000.0,2743104000.0,2828050000.0,1846156000.0,89785000.0,0.0,0.0,0.0,116677000.0,206462000.0,0.072,206462000.0,116677000.0,81158000.0,0.25,0.24,0.25,1163049000.0,,1163049000.0,10065157443.0,113.0,21.091,-311188000.0,-1.501,1.0,733208000.0,0.256,2929796000.0,35519000.0,2343999000.0,,0.0,0.0,0.0,0.0,7547289000.0,4206751000.0,3340538000.0,10147127443.0,-648470000.0,-111235000.0,10854000.0,-50339000.0,0.0,-89419000.0,-225669000.0,-54865000.0,-255672000.0,-77710000.0,69359000.0,52187000.0,52187000.0,0.0,13997000.0,0.018,604926000.0,128282000.0,1034581000.0,0.0,8.725,-89.94,-86.732,890439000.0,17172000.0,48.57,1.004,0.996,949422000.0,-1044019000.0,2868315000.0,2868315000.0,0.0,,,,,12076000.0,508590000.0,1.0,208917592.0,207331781.0,215105119.0,13.834,6023013000.0,0.0,11799000.0,134974000.0,29.05,56605000.0
13,LYV,MRQ,2018-03-31,2018-03-31,2018-03-31,2021-08-03,-92280000.0,9117548000.0,,4644690000.0,4472858000.0,,5.503,-45125000.0,2948783000.0,2948783000.0,932084000.0,-41028000.0,1.046,6.808,2866813000.0,119414000.0,2747399000.0,2866813000.0,2039018000.0,87871000.0,0.0,0.0,0.0,5662000.0,93533000.0,0.063,93533000.0,5662000.0,-27022000.0,-0.24,-0.24,-0.24,1137671000.0,,1137671000.0,9246871328.0,102.0,19.663,730373000.0,3.533,1.0,550300000.0,0.371,2901137000.0,32684000.0,1695728000.0,,0.0,0.0,0.0,0.0,7745327000.0,4438713000.0,3306614000.0,8772234328.0,1119961000.0,-20222000.0,0.0,534810000.0,0.0,404150000.0,-88726000.0,0.0,775498000.0,29039000.0,-33906000.0,-50291000.0,-50291000.0,0.0,-7122000.0,-0.034,556658000.0,-6358000.0,1200835000.0,0.0,7.711,-85.694,-84.28,886901000.0,16385000.0,42.14,0.884,0.878,783807000.0,-1113378000.0,1482384000.0,1482384000.0,0.0,,,,,10870000.0,468421000.0,1.0,208168826.0,206728167.0,206728167.0,7.171,6216411000.0,0.0,6884000.0,138517000.0,30.07,205977000.0
14,LYV,MRQ,2017-12-31,2017-12-31,2017-12-31,2021-08-03,-108542000.0,7504263000.0,,3152742000.0,4351521000.0,,5.735,-53936000.0,1828822000.0,1828822000.0,1750226000.0,-173781000.0,0.881,5.153,2299959000.0,347593000.0,1952366000.0,2299959000.0,925220000.0,121276000.0,0.0,0.0,0.0,-221982000.0,-100706000.0,-0.043,-100706000.0,-221982000.0,-250237000.0,-1.13,-1.1,-1.13,1181196000.0,,1181196000.0,9314594850.0,110.0,20.391,151352000.0,0.735,1.0,570224000.0,0.246,2852877000.0,28255000.0,1545523000.0,,0.0,0.0,0.0,0.0,6086119000.0,3577000000.0,2509119000.0,8803472850.0,23853000.0,-32150000.0,6323000.0,-24648000.0,0.0,-101420000.0,-92087000.0,-3626000.0,205288000.0,12072000.0,-190893000.0,-229713000.0,-229713000.0,0.0,17112000.0,-0.099,777514000.0,-207290000.0,1034303000.0,0.0,7.453,-90.157,-88.688,885936000.0,38820000.0,42.57,0.909,0.901,725304000.0,-1079472000.0,2320450000.0,2320450000.0,0.0,,,,,18834000.0,651427000.0,1.0,206799926.0,205970734.0,178035604.0,11.266,4651386000.0,0.0,-59344000.0,137635000.0,22.583,-424258000.0
15,LYV,MRQ,2017-09-30,2017-09-30,2017-09-30,2021-08-03,-117866000.0,7810524000.0,,3563629000.0,4246895000.0,,6.717,-55892000.0,1801013000.0,1801013000.0,2633940000.0,148770000.0,1.109,4.493,2312135000.0,71674000.0,2240461000.0,2312135000.0,909037000.0,89228000.0,0.0,0.0,0.0,188705000.0,277933000.0,0.081,277933000.0,188705000.0,162078000.0,0.56,0.53,0.56,1378974000.0,,1378974000.0,9076046315.0,38.0,17.73,-442367000.0,-2.155,1.0,806368000.0,0.234,2890424000.0,26627000.0,2218345000.0,,0.0,0.0,0.0,0.0,6195982000.0,3212877000.0,2983105000.0,8977271315.0,-415897000.0,-6138000.0,12117000.0,-6637000.0,0.0,-1498000.0,-63559000.0,1158000.0,-386475000.0,35635000.0,136393000.0,114996000.0,114996000.0,0.0,12377000.0,0.033,605941000.0,200427000.0,953467000.0,0.0,6.51,643.117,622.143,844814000.0,21397000.0,43.55,1.04,1.035,991215000.0,-888579000.0,3440308000.0,3440308000.0,0.0,,,,,7820000.0,515756000.0,1.0,206137114.0,205287843.0,223132186.0,16.758,4920100000.0,0.0,25685000.0,202049000.0,23.967,350752000.0
16,LYV,MRQ,2017-06-30,2017-06-30,2017-06-30,2021-08-03,-136134000.0,8251426000.0,,3984278000.0,4267148000.0,,5.993,-69726000.0,2216812000.0,2216812000.0,2022471000.0,80555000.0,1.038,5.539,2315587000.0,66430000.0,2249157000.0,2315587000.0,1737491000.0,81165000.0,0.0,0.0,0.0,118340000.0,199505000.0,0.074,199505000.0,118340000.0,91462000.0,0.31,0.29,0.31,1226639000.0,,1226639000.0,7256749050.0,36.0,14.84,-26754000.0,-0.131,1.0,661114000.0,0.246,2921984000.0,26878000.0,1591560000.0,,0.0,0.0,0.0,0.0,6794203000.0,3836657000.0,2957546000.0,7165541050.0,-10708000.0,-19520000.0,11001000.0,-7815000.0,0.0,-19098000.0,-96913000.0,-6995000.0,42972000.0,62331000.0,81478000.0,62641000.0,62641000.0,0.0,-923000.0,0.023,544215000.0,116899000.0,982029000.0,0.0,5.842,4887.818,1742.5,817373000.0,18837000.0,34.85,0.857,0.853,865107000.0,-1024972000.0,2683585000.0,2683585000.0,0.0,,,,,8165000.0,466401000.0,1.0,205610934.0,204688374.0,213879152.0,13.111,5329442000.0,0.0,9984000.0,205770000.0,26.037,147621000.0
17,LYV,MRQ,2017-03-31,2017-03-31,2017-03-31,2021-08-03,-165231000.0,7823517000.0,,3601449000.0,4222068000.0,,5.481,-58881000.0,2227555000.0,2227555000.0,775261000.0,-47770000.0,1.018,5.805,2318763000.0,59943000.0,2258820000.0,2318763000.0,1796015000.0,80532000.0,0.0,0.0,0.0,-462000.0,80070000.0,0.064,80070000.0,-462000.0,-26472000.0,-0.22,-0.22,-0.22,1116743000.0,,1116743000.0,7005144984.0,47.0,15.452,702856000.0,3.45,1.0,467618000.0,0.376,2913638000.0,26010000.0,1461756000.0,,0.0,0.0,0.0,0.0,6482950000.0,3539331000.0,2943619000.0,6218682984.0,701999000.0,-15308000.0,21628000.0,-10843000.0,0.0,-5067000.0,-75027000.0,0.0,761737000.0,20356000.0,-32993000.0,-45570000.0,-45570000.0,0.0,-14777000.0,-0.037,486142000.0,-18524000.0,924421000.0,0.0,5.569,-179.079,-189.812,782166000.0,12577000.0,30.37,0.791,0.787,584638000.0,-1106450000.0,1242879000.0,1242879000.0,0.0,,,,,7936000.0,409111000.0,1.0,204764010.0,203730897.0,203730897.0,6.101,4909879000.0,0.0,6521000.0,203206000.0,24.1,62118000.0
18,LYV,MRQ,2016-12-31,2016-12-31,2016-12-31,2021-08-03,-176707000.0,6764266000.0,,2673551000.0,4090715000.0,,5.558,-54087000.0,1526591000.0,1526591000.0,821283000.0,-92971000.0,1.087,4.809,2313053000.0,53317000.0,2259736000.0,2313053000.0,804973000.0,23343000.0,0.0,0.0,0.0,-68947000.0,-45604000.0,-0.036,-45604000.0,-68947000.0,-99488000.0,-0.58,-0.57,-0.58,1126016000.0,,1126016000.0,6402920737.0,47.0,14.04,425136000.0,2.098,1.0,447663000.0,0.353,2927885000.0,30541000.0,2162499000.0,,0.0,0.0,0.0,0.0,5414750000.0,2460344000.0,2954406000.0,5411422737.0,488134000.0,-108853000.0,14623000.0,259534000.0,0.0,208912000.0,-166303000.0,1878000.0,479223000.0,-33698000.0,-101360000.0,-118108000.0,-118108000.0,0.0,8389000.0,-0.093,494296000.0,-46633000.0,781505000.0,0.0,4.806,-115.112,-115.652,751536000.0,16748000.0,26.6,0.691,0.687,568936000.0,-1073457000.0,1268946000.0,1268946000.0,0.0,,,,,7486000.0,461410000.0,1.0,203436945.0,202592057.0,181738769.0,6.264,3836381000.0,0.0,1872000.0,197811000.0,18.936,213207000.0
19,LYV,MRQ,2016-09-30,2016-09-30,2016-09-30,2021-08-03,-144273000.0,6417029000.0,,2407205000.0,4009824000.0,,6.337,-40860000.0,1039706000.0,1039706000.0,2428003000.0,132761000.0,1.055,3.824,2031204000.0,46693000.0,1984511000.0,2031204000.0,518678000.0,104862000.0,0.0,0.0,0.0,150152000.0,255014000.0,0.08,255014000.0,150152000.0,124903000.0,0.51,0.49,0.51,1280758000.0,,1280758000.0,6098788702.0,39.0,10.564,-432319000.0,-2.139,1.0,742413000.0,0.234,2799745000.0,25249000.0,2327785000.0,,0.0,0.0,0.0,0.0,4897981000.0,2280997000.0,2616984000.0,5580779702.0,-472393000.0,4133000.0,4933000.0,-8095000.0,0.0,-40606000.0,-40764000.0,-11051000.0,-391459000.0,436000.0,111079000.0,102503000.0,102503000.0,0.0,21682000.0,0.032,553733000.0,188680000.0,775583000.0,0.0,4.357,-239.477,-229.0,720590000.0,8576000.0,27.48,0.673,0.67,785418000.0,-972100000.0,3170416000.0,3170416000.0,0.0,,,,,8093000.0,446012000.0,1.0,203085142.0,202118412.0,217690217.0,15.686,3617284000.0,0.0,13824000.0,198660000.0,17.897,126208000.0
20,LYV,MRQ,2016-06-30,2016-06-30,2016-06-30,2021-08-03,-136404000.0,7043426000.0,,2969952000.0,4073474000.0,,5.887,-48199000.0,1512099000.0,1512099000.0,1605688000.0,36461000.0,0.982,4.735,2030108000.0,44918000.0,1985190000.0,2030108000.0,1347953000.0,95424000.0,0.0,0.0,0.0,68431000.0,163855000.0,0.075,163855000.0,68431000.0,43147000.0,0.13,0.13,0.13,1188507000.0,,1188507000.0,5106340176.0,38.0,9.287,-54622000.0,-0.271,1.0,573570000.0,0.263,2850095000.0,25284000.0,1687906000.0,,0.0,0.0,0.0,0.0,5627644000.0,3023434000.0,2604210000.0,4768780176.0,-187182000.0,-87283000.0,64000.0,-4055000.0,0.0,-15805000.0,-133666000.0,0.0,-6423000.0,-31288000.0,37741000.0,26449000.0,26449000.0,0.0,-1280000.0,0.012,506764000.0,66806000.0,813809000.0,0.0,4.012,-101.732,-97.917,712812000.0,11292000.0,23.5,0.616,0.612,634562000.0,-1083176000.0,2179258000.0,2179258000.0,0.0,,,,,8221000.0,404266000.0,1.0,202926816.0,201896009.0,208601733.0,10.794,4193331000.0,0.0,5406000.0,198617000.0,20.77,-53482000.0
21,LYV,MRQ,2016-03-31,2016-03-31,2016-03-31,2021-08-03,-112905000.0,6927174000.0,,2966254000.0,3960920000.0,,5.872,-30681000.0,1699281000.0,1699281000.0,784203000.0,-55954000.0,1.014,4.663,2036841000.0,43990000.0,1992851000.0,2036841000.0,1354101000.0,94955000.0,0.0,0.0,0.0,-12159000.0,82796000.0,0.069,82796000.0,-12159000.0,-37591000.0,-0.29,-0.29,-0.29,1184388000.0,,1184388000.0,5258763702.0,47.0,10.11,486717000.0,2.413,1.0,423513000.0,0.351,2774072000.0,25432000.0,1564425000.0,,0.0,0.0,0.0,0.0,5522516000.0,2926237000.0,2596279000.0,4516874702.0,396156000.0,-48543000.0,679000.0,-9764000.0,0.0,-53289000.0,-85744000.0,0.0,517398000.0,17791000.0,-44518000.0,-57854000.0,-57854000.0,0.0,-11436000.0,-0.048,448256000.0,-24743000.0,878922000.0,0.0,3.814,-73.596,-71.968,722790000.0,13336000.0,22.31,0.616,0.614,480681000.0,-1120919000.0,1207716000.0,1207716000.0,0.0,,,,,8923000.0,361823000.0,1.0,202459646.0,201696142.0,201696142.0,5.988,4153102000.0,0.0,6927000.0,204032000.0,20.591,40017000.0
22,LYV,MRQ,2015-12-31,2015-12-31,2015-12-31,2021-08-03,-111657000.0,6156241000.0,,2288315000.0,3867926000.0,,6.137,-44985000.0,1303125000.0,1303125000.0,1221763000.0,-73837000.0,1.089,3.807,2045014000.0,42352000.0,2002662000.0,2045014000.0,618640000.0,125075000.0,0.0,0.0,0.0,-49420000.0,75655000.0,0.044,75655000.0,-49420000.0,-75444000.0,-0.47,-0.47,-0.47,1236953000.0,,1236953000.0,5946459222.0,64.0,12.142,277793000.0,1.378,1.0,514962000.0,0.297,2751395000.0,26024000.0,2045529000.0,,0.0,0.0,0.0,0.0,4709322000.0,2101206000.0,2608116000.0,4971748222.0,241742000.0,-7277000.0,1595000.0,16617000.0,0.0,-10673000.0,-63861000.0,-5461000.0,322778000.0,-6502000.0,-78334000.0,-94402000.0,-94402000.0,0.0,4497000.0,-0.054,561923000.0,-46961000.0,721548000.0,0.0,4.019,-75.688,-74.455,731282000.0,16068000.0,24.57,0.686,0.681,452600000.0,-1075111000.0,1736725000.0,1736725000.0,0.0,,,,,7767000.0,430078000.0,1.0,202350355.0,201564509.0,178412987.0,8.616,3404846000.0,0.0,2890000.0,199472000.0,16.892,187109000.0
23,LYV,MRQ,2015-09-30,2015-09-30,2015-09-30,2021-08-03,-94234000.0,6265354000.0,,2296595000.0,3968759000.0,,6.611,-30162000.0,1061383000.0,1061383000.0,1974322000.0,104382000.0,1.077,3.543,2036094000.0,42131000.0,1993963000.0,2036094000.0,521648000.0,99054000.0,0.0,0.0,0.0,128470000.0,227524000.0,0.087,227524000.0,128470000.0,102626000.0,0.39,0.38,0.39,1331438000.0,,1331438000.0,5369430745.0,-396.0,14.511,-407562000.0,-2.024,1.0,648595000.0,0.247,2771404000.0,25844000.0,2336897000.0,,0.0,0.0,0.0,0.0,4717561000.0,2131764000.0,2585797000.0,4864787745.0,-464436000.0,-24234000.0,1670000.0,-5740000.0,0.0,-1086000.0,-63183000.0,-8691000.0,-377400000.0,-22767000.0,89049000.0,78931000.0,78931000.0,0.0,15333000.0,0.03,503212000.0,145383000.0,748932000.0,0.0,3.654,-30.462,-29.679,719523000.0,10118000.0,24.04,0.687,0.684,631344000.0,-996777000.0,2622917000.0,2622917000.0,0.0,,,,,8032000.0,395406000.0,1.0,202362219.0,201392591.0,208738780.0,13.024,3493950000.0,0.0,13577000.0,208758000.0,17.349,164831000.0
24,LYV,MRQ,2015-06-30,2015-06-30,2015-06-30,2021-08-03,-87931000.0,6713516000.0,,2752748000.0,3960768000.0,,6.233,-37979000.0,1525819000.0,1525819000.0,1279099000.0,20212000.0,1.009,4.21,2030462000.0,57289000.0,1973173000.0,2030462000.0,1201446000.0,88571000.0,0.0,0.0,0.0,45616000.0,134187000.0,0.076,134187000.0,45616000.0,19966000.0,0.06,0.06,0.06,1251396000.0,,1251396000.0,5968039991.0,-513.0,16.095,-23164000.0,-0.115,1.0,486678000.0,0.276,2773731000.0,25650000.0,1717148000.0,,0.0,0.0,0.0,0.0,5268951000.0,2727280000.0,2541671000.0,5541822991.0,-80839000.0,-60475000.0,13015000.0,-8488000.0,0.0,-8047000.0,-113358000.0,-13472000.0,14815000.0,25751000.0,15056000.0,11951000.0,11951000.0,0.0,5156000.0,0.007,435933000.0,50745000.0,808807000.0,0.0,4.429,-41.152,-40.426,701763000.0,3105000.0,27.49,0.796,0.793,524227000.0,-1085826000.0,1765777000.0,1765777000.0,0.0,,,,,8065000.0,355938000.0,1.0,201594143.0,200767811.0,208778589.0,8.795,3939785000.0,0.0,4910000.0,194607000.0,19.624,25468000.0
25,LYV,MRQ,2015-03-31,2015-03-31,2015-03-31,2021-08-03,-114478000.0,6338401000.0,,2653113000.0,3685288000.0,,5.975,-29365000.0,1606658000.0,1606658000.0,721289000.0,-66526000.0,1.058,4.139,2032875000.0,64104000.0,1968771000.0,2032875000.0,1081883000.0,84541000.0,0.0,0.0,0.0,-32171000.0,52370000.0,0.047,52370000.0,-32171000.0,-57534000.0,-0.31,-0.31,-0.31,1195948000.0,,1195948000.0,5765232072.0,-2847.0,15.663,318296000.0,1.59,1.0,399023000.0,0.356,2455940000.0,25363000.0,1801697000.0,,0.0,0.0,0.0,0.0,4949849000.0,2506981000.0,2442868000.0,5083861072.0,224629000.0,-19792000.0,0.0,-8682000.0,0.0,-24315000.0,-50583000.0,-664000.0,347661000.0,-48134000.0,-58279000.0,-62168000.0,-62168000.0,0.0,-8247000.0,-0.055,443986000.0,-44963000.0,794302000.0,0.0,4.251,-41.104,-40.048,675792000.0,3889000.0,25.23,0.741,0.736,434543000.0,-1100882000.0,1120312000.0,1120312000.0,0.0,,,,,9497000.0,338905000.0,1.0,201500637.0,200155435.0,200155435.0,5.597,3882461000.0,0.0,745000.0,195387000.0,19.397,146132000.0
26,LYV,MRQ,2014-12-31,2014-12-31,2014-12-31,2021-08-03,-70010000.0,5968361000.0,,2267691000.0,3700670000.0,,6.496,-41339000.0,1382029000.0,1382029000.0,1127603000.0,-216002000.0,1.128,3.458,2043400000.0,47443000.0,1995957000.0,2043400000.0,543122000.0,111411000.0,0.0,0.0,0.0,-155460000.0,-44049000.0,-0.028,-44049000.0,-155460000.0,-181344000.0,-0.95,-0.94,-0.95,1296954000.0,,1296954000.0,5956062594.0,296.0,15.34,257356000.0,1.289,1.0,444252000.0,0.283,2531230000.0,25884000.0,2087763000.0,,0.0,0.0,0.0,0.0,4484514000.0,2010739000.0,2473775000.0,5239206594.0,23729000.0,-169992000.0,7655000.0,-8632000.0,0.0,-25282000.0,-225163000.0,-26920000.0,298695000.0,-24521000.0,-186456000.0,-188414000.0,-188414000.0,0.0,-29546000.0,-0.12,628245000.0,-183993000.0,732259000.0,0.0,4.04,-54.311,-53.286,695337000.0,1958000.0,26.11,0.763,0.756,419301000.0,-1042603000.0,1571855000.0,1571855000.0,0.0,,,,,7498000.0,389677000.0,1.0,200659004.0,199659413.0,176795354.0,7.873,3437131000.0,0.0,5112000.0,196759000.0,17.215,256952000.0
27,LYV,MRQ,2014-09-30,2014-09-30,2014-09-30,2021-08-03,-37577000.0,6047731000.0,,2497935000.0,3549796000.0,,7.551,-31860000.0,1358300000.0,1358300000.0,1876519000.0,115827000.0,1.254,2.902,2075156000.0,47947000.0,2027209000.0,2075156000.0,399534000.0,97925000.0,0.0,0.0,0.0,130372000.0,228297000.0,0.091,228297000.0,130372000.0,102026000.0,0.52,0.49,0.52,1504725000.0,,1504725000.0,5083077434.0,42.0,10.369,-378695000.0,-1.9,1.0,625489000.0,0.25,2473988000.0,28346000.0,2298666000.0,,0.0,0.0,0.0,0.0,4366486000.0,1991933000.0,2374553000.0,4816290434.0,-683386000.0,-33821000.0,2405000.0,-229242000.0,0.0,-232946000.0,-71514000.0,-4046000.0,-346835000.0,-32091000.0,105163000.0,103965000.0,103965000.0,0.0,10664000.0,0.042,487472000.0,138017000.0,742918000.0,0.0,3.201,406.816,800.667,695941000.0,1198000.0,24.02,0.697,0.693,607150000.0,-856147000.0,2502008000.0,2502008000.0,0.0,,,,,8963000.0,376323000.0,1.0,200511675.0,199261810.0,221581583.0,12.556,3573743000.0,0.0,-3137000.0,165224000.0,17.935,506002000.0
28,LYV,MRQ,2014-06-30,2014-06-30,2014-06-30,2021-08-03,16828000.0,6872120000.0,,3311346000.0,3560774000.0,,7.357,-41865000.0,2041686000.0,2041686000.0,1184696000.0,25822000.0,1.153,3.585,2308473000.0,269628000.0,2038845000.0,2308473000.0,1001097000.0,76219000.0,0.0,0.0,0.0,55234000.0,131453000.0,0.079,131453000.0,55234000.0,27644000.0,0.11,0.11,0.11,1461784000.0,,1461784000.0,5127533817.0,65.0,11.595,-68167000.0,-0.343,1.0,481089000.0,0.289,2526587000.0,27590000.0,1739502000.0,,0.0,0.0,0.0,0.0,5240686000.0,2872818000.0,2367868000.0,4948959817.0,412544000.0,-13573000.0,3818000.0,505990000.0,0.0,488951000.0,-57947000.0,-3429000.0,-26302000.0,7842000.0,22934000.0,22934000.0,22934000.0,0.0,2888000.0,0.014,425073000.0,56016000.0,850752000.0,0.0,3.386,-102.353,-91.444,709342000.0,0.0,24.69,0.742,0.736,563394000.0,-961310000.0,1665785000.0,1665785000.0,0.0,,,,,12550000.0,351642000.0,1.0,200443897.0,198701762.0,205989271.0,8.383,4345533000.0,0.0,4710000.0,167179000.0,21.87,438528000.0
29,LYV,MRQ,2014-03-31,2014-03-31,2014-03-31,2021-08-03,7493000.0,6260175000.0,,2711757000.0,3548418000.0,,7.049,-24523000.0,1629142000.0,1629142000.0,731151000.0,-30097000.0,0.956,3.36,1807716000.0,284059000.0,1523657000.0,1807716000.0,1020775000.0,82588000.0,0.0,0.0,0.0,-10011000.0,72577000.0,0.064,72577000.0,-10011000.0,-34503000.0,-0.17,-0.17,-0.17,1394727000.0,,1394727000.0,4861895835.0,40.0,9.922,342085000.0,1.729,1.0,396165000.0,0.351,2533916000.0,24492000.0,1068416000.0,,0.0,0.0,0.0,0.0,4686747000.0,2836417000.0,1850330000.0,4352192835.0,329958000.0,-12457000.0,7919000.0,-6504000.0,0.0,-4752000.0,-37534000.0,0.0,366608000.0,5636000.0,-32448000.0,-32448000.0,-32448000.0,0.0,2351000.0,-0.029,407297000.0,-11132000.0,858185000.0,0.0,3.12,-330.814,-271.875,697978000.0,0.0,21.75,0.651,0.644,509119000.0,-984244000.0,1127316000.0,1127316000.0,0.0,,,,,10018000.0,323579000.0,1.0,200100820.0,197857662.0,197857662.0,5.698,3726259000.0,0.0,-2055000.0,161437000.0,18.833,-124660000.0
30,LYV,MRQ,2013-12-31,2013-12-31,2013-12-31,2021-08-03,-2370000.0,5683521000.0,,2160104000.0,3523417000.0,,7.148,-31291000.0,1299184000.0,1299184000.0,1194924000.0,-81261000.0,0.958,2.905,1808887000.0,278403000.0,1530484000.0,1808887000.0,486433000.0,111341000.0,0.0,0.0,0.0,-53461000.0,57880000.0,0.036,57880000.0,-53461000.0,-77535000.0,-0.43,-0.42,-0.43,1409228000.0,,1409228000.0,4439876787.0,45.0,9.485,135532000.0,0.687,1.0,418176000.0,0.259,2520283000.0,24074000.0,1417423000.0,,0.0,0.0,0.0,0.0,4093715000.0,2255518000.0,1838197000.0,3938002787.0,-3394000.0,-69710000.0,4517000.0,535000.0,0.0,-50716000.0,-115062000.0,-14297000.0,166823000.0,-4439000.0,-82043000.0,-82612000.0,-82612000.0,0.0,782000.0,-0.051,469729000.0,-51553000.0,767573000.0,0.0,2.794,-89.608,-85.913,706800000.0,569000.0,19.76,0.608,0.591,439151000.0,-951796000.0,1613100000.0,1613100000.0,0.0,,,,,5191000.0,352122000.0,1.0,199291639.0,197163406.0,183741397.0,8.182,3163238000.0,0.0,4508000.0,161637000.0,16.044,-95414000.0
31,LYV,MRQ,2013-09-30,2013-09-30,2013-09-30,2021-08-03,-11261000.0,5775560000.0,,2364550000.0,3411010000.0,,7.585,-26892000.0,1302578000.0,1302578000.0,1698731000.0,50418000.0,1.059,2.768,1804452000.0,263689000.0,1540763000.0,1804452000.0,395763000.0,92729000.0,0.0,0.0,0.0,87577000.0,180306000.0,0.08,180306000.0,87577000.0,58184000.0,0.22,0.22,0.22,1489707000.0,,1489707000.0,4019950087.0,133.0,8.764,-142701000.0,-0.727,1.0,563505000.0,0.249,2418321000.0,29393000.0,1625362000.0,,0.0,40128000.0,0.0,40128000.0,4122978000.0,2233751000.0,1889227000.0,3681517087.0,-82682000.0,-5109000.0,7144000.0,33066000.0,0.0,29689000.0,-21748000.0,10364000.0,-115809000.0,25186000.0,43774000.0,43774000.0,43774000.0,0.0,6644000.0,0.019,432199000.0,131306000.0,773188000.0,0.0,2.471,-30.413,-27.687,697003000.0,0.0,18.55,0.584,0.578,578426000.0,-869753000.0,2262236000.0,2262236000.0,0.0,,,,,9105000.0,351447000.0,1.0,198464533.0,196396704.0,202109783.0,11.519,3357239000.0,0.0,14410000.0,189496000.0,17.094,130799000.0
32,LYV,MRQ,2013-06-30,2013-06-30,2013-06-30,2021-08-03,-51959000.0,6082811000.0,,2687357000.0,3395454000.0,,7.211,-51015000.0,1385260000.0,1385260000.0,1209918000.0,59015000.0,1.068,3.259,1723693000.0,61658000.0,1662035000.0,1723693000.0,1018135000.0,82688000.0,0.0,0.0,0.0,96572000.0,179260000.0,0.107,179260000.0,96572000.0,66531000.0,0.3,0.3,0.3,1392271000.0,,1392271000.0,3504758145.0,73.0,7.481,58872000.0,0.305,1.0,469595000.0,0.28,2413420000.0,30041000.0,1491275000.0,,0.0,52438000.0,0.0,52438000.0,4537573000.0,2516549000.0,2021024000.0,3018603145.0,138845000.0,48474000.0,51117000.0,-9612000.0,0.0,40790000.0,-2106000.0,973000.0,109887000.0,-9726000.0,58130000.0,58130000.0,58130000.0,0.0,885000.0,0.035,375657000.0,93938000.0,790266000.0,0.0,2.168,-28.243,-26.724,692695000.0,0.0,15.5,0.503,0.498,634509000.0,-913527000.0,1679513000.0,1679513000.0,0.0,,,,,7814000.0,317531000.0,1.0,194748590.0,193069783.0,196770405.0,8.699,3669391000.0,0.0,8401000.0,192821000.0,19.006,170808000.0
33,LYV,MRQ,2013-03-31,2013-03-31,2013-03-31,2021-08-03,-45102000.0,5688283000.0,,2319769000.0,3368514000.0,,6.792,-25670000.0,1246415000.0,1246415000.0,576934000.0,-64187000.0,1.03,3.319,1732570000.0,61368000.0,1671202000.0,1732570000.0,890755000.0,82165000.0,0.0,0.0,0.0,-31529000.0,50636000.0,0.055,50636000.0,-31529000.0,-59680000.0,-0.33,-0.33,-0.33,1282539000.0,,1282539000.0,3098428750.0,-506.0,7.275,244790000.0,1.296,1.0,346764000.0,0.375,2387300000.0,28151000.0,1533977000.0,,0.0,47730000.0,0.0,47730000.0,4256466000.0,2253161000.0,2003305000.0,2359478750.0,245360000.0,5798000.0,22332000.0,-7407000.0,0.0,13221000.0,-18636000.0,1767000.0,270460000.0,-19685000.0,-63239000.0,-63239000.0,-63239000.0,0.0,-948000.0,-0.068,383591000.0,-36827000.0,713207000.0,0.0,1.84,-14.998,-14.726,701313000.0,0.0,12.37,0.402,0.398,486173000.0,-971657000.0,923698000.0,923698000.0,0.0,,,,,6305000.0,300177000.0,1.0,190742017.0,188827190.0,188827190.0,4.892,3300983000.0,0.0,3559000.0,196845000.0,17.482,66608000.0
34,LYV,MRQ,2012-12-31,2012-12-31,2012-12-31,2021-08-03,-10923000.0,5290806000.0,,1812812000.0,3477994000.0,,7.239,-31439000.0,1001055000.0,1001055000.0,1048271000.0,-165405000.0,1.025,2.79,1740005000.0,62050000.0,1677955000.0,1740005000.0,402002000.0,170901000.0,0.0,0.0,0.0,-122430000.0,48471000.0,0.034,48471000.0,-122430000.0,-151437000.0,-0.86,-0.86,-0.86,1355418000.0,,1355418000.0,2738197448.0,-281.0,6.523,246620000.0,1.317,1.0,388956000.0,0.271,2459753000.0,29007000.0,1801831000.0,,0.0,0.0,0.0,0.0,3782232000.0,1768172000.0,2014060000.0,1775830448.0,217384000.0,-4456000.0,217000.0,-10735000.0,0.0,-24700000.0,-35987000.0,89000.0,278059000.0,12000.0,-159717000.0,-159717000.0,-159717000.0,0.0,-5688000.0,-0.111,519541000.0,-130585000.0,660671000.0,0.0,1.31,-10.88,-10.58,721786000.0,0.0,9.31,0.305,0.299,415790000.0,-908418000.0,1437227000.0,1437227000.0,0.0,,,,,9468000.0,342598000.0,1.0,190744409.0,187250411.0,187250411.0,7.675,2831053000.0,0.0,8280000.0,199596000.0,15.119,44640000.0
35,LYV,MRQ,2012-09-30,2012-09-30,2012-09-30,2021-08-03,-16436000.0,5432248000.0,,1842368000.0,3589880000.0,,8.023,-29587000.0,783671000.0,783671000.0,1457423000.0,68176000.0,1.06,2.51,1746038000.0,60070000.0,1685968000.0,1746038000.0,326730000.0,84684000.0,0.0,0.0,0.0,105433000.0,190117000.0,0.097,190117000.0,105433000.0,69898000.0,0.31,0.31,0.31,1501542000.0,,1501542000.0,2374701021.0,51.0,5.787,-250676000.0,-1.339,1.0,505723000.0,0.258,2550575000.0,35535000.0,2106060000.0,,0.0,57725000.0,0.0,57725000.0,3769027000.0,1737980000.0,2031047000.0,1639681021.0,-221368000.0,-1377000.0,67000.0,9751000.0,0.0,8546000.0,-29247000.0,6041000.0,-221089000.0,20422000.0,57948000.0,57948000.0,57948000.0,0.0,10228000.0,0.03,394633000.0,111090000.0,676657000.0,0.0,1.092,-15.914,-15.105,717905000.0,0.0,8.61,0.295,0.289,583322000.0,-748701000.0,1963146000.0,1963146000.0,0.0,,,,,9676000.0,314688000.0,1.0,190439143.0,187153788.0,189754343.0,10.489,2881673000.0,0.0,11950000.0,190681000.0,15.397,104388000.0
36,LYV,MRQ,2012-06-30,2012-06-30,2012-06-30,2021-08-03,-45327000.0,5748425000.0,,2175863000.0,3572562000.0,,7.522,-34768000.0,1005039000.0,1005039000.0,1106869000.0,5560000.0,1.002,2.986,1740059000.0,57703000.0,1682356000.0,1740059000.0,830276000.0,94259000.0,0.0,0.0,0.0,42408000.0,136667000.0,0.088,136667000.0,42408000.0,12920000.0,0.04,0.04,0.04,1405873000.0,,1405873000.0,2388386601.0,75.0,6.056,10588000.0,0.057,1.0,443808000.0,0.286,2549429000.0,29488000.0,1763380000.0,,0.0,63482000.0,0.0,63482000.0,4197775000.0,2170636000.0,2027139000.0,1746413601.0,-66373000.0,-70087000.0,451000.0,21305000.0,0.0,16793000.0,-106387000.0,163000.0,45356000.0,-22135000.0,7692000.0,7692000.0,7692000.0,0.0,-2132000.0,0.005,406264000.0,37544000.0,666909000.0,0.0,1.242,-15.982,-15.3,712820000.0,0.0,9.18,0.324,0.318,492484000.0,-806649000.0,1550677000.0,1550677000.0,0.0,,,,,8940000.0,308358000.0,1.0,190241133.0,186893774.0,189325338.0,8.297,3198996000.0,0.0,5228000.0,192028000.0,17.117,5227000.0
37,LYV,MRQ,2012-03-31,2012-03-31,2012-03-31,2021-08-03,-11056000.0,5549739000.0,,2032809000.0,3516930000.0,,7.635,-28017000.0,1071412000.0,1071412000.0,538714000.0,-70228000.0,1.01,2.791,1713385000.0,51218000.0,1662167000.0,1713385000.0,713989000.0,79713000.0,0.0,0.0,0.0,-35162000.0,44551000.0,0.051,44551000.0,-35162000.0,-64872000.0,-0.37,-0.37,-0.37,1424127000.0,,1424127000.0,2653098000.0,66.0,6.883,236755000.0,1.269,1.0,329283000.0,0.379,2501344000.0,29710000.0,1677615000.0,,0.0,60118000.0,0.0,60118000.0,3974245000.0,2012753000.0,1961492000.0,1781663000.0,227159000.0,4784000.0,408000.0,-7257000.0,0.0,-20530000.0,-32170000.0,540000.0,264772000.0,15087000.0,-69150000.0,-69150000.0,-69150000.0,0.0,-1078000.0,-0.08,370304000.0,-41021000.0,678195000.0,0.0,1.251,-17.18,-16.491,714875000.0,0.0,9.4,0.33,0.325,421919000.0,-814341000.0,867997000.0,867997000.0,0.0,,,,,8979000.0,291352000.0,1.0,189538617.0,186521520.0,186521520.0,4.654,3048395000.0,0.0,4278000.0,177433000.0,16.343,20056000.0
38,LYV,MRQ,2011-12-31,2011-12-31,2011-12-31,2021-08-03,-36374000.0,5077344000.0,,1576790000.0,3500554000.0,,7.847,-37927000.0,844253000.0,844253000.0,817909000.0,-95696000.0,1.056,2.368,1705261000.0,52632000.0,1652629000.0,1705261000.0,273536000.0,105269000.0,0.0,0.0,0.0,-66253000.0,39016000.0,0.033,39016000.0,-66253000.0,-96205000.0,-0.55,-0.55,-0.55,1461103000.0,,1461103000.0,2516489543.0,225.0,7.105,125319000.0,0.673,1.0,367773000.0,0.31,2508516000.0,29952000.0,1937283000.0,,0.0,55796000.0,0.0,55796000.0,3460450000.0,1492553000.0,1967897000.0,1574560543.0,61680000.0,-23269000.0,-505000.0,-8712000.0,0.0,-25171000.0,-64622000.0,469000.0,163246000.0,-11773000.0,-99525000.0,-99525000.0,-99525000.0,0.0,3829000.0,-0.084,433757000.0,-65984000.0,561583000.0,0.0,1.078,-18.967,-18.065,720136000.0,0.0,8.31,0.292,0.282,389346000.0,-745191000.0,1185682000.0,1185682000.0,0.0,,,,,9489000.0,328889000.0,1.0,189477803.0,186204721.0,179631883.0,6.368,2568828000.0,0.0,3320000.0,186298000.0,13.796,84237000.0
39,LYV,MRQ,2011-09-30,2011-09-30,2011-09-30,2021-08-03,-5072000.0,5168701000.0,,1636801000.0,3531900000.0,,8.485,-24922000.0,782573000.0,782573000.0,1286304000.0,63021000.0,1.138,2.182,1724502000.0,56563000.0,1667939000.0,1724502000.0,273950000.0,83341000.0,0.0,0.0,0.0,90839000.0,174180000.0,0.097,174180000.0,90839000.0,60451000.0,0.28,0.27,0.28,1579295000.0,,1579295000.0,2244095592.0,-190.0,6.404,-185128000.0,-0.995,1.0,503721000.0,0.281,2522097000.0,30388000.0,2150469000.0,,0.0,51187000.0,0.0,51187000.0,3445924000.0,1438064000.0,2007860000.0,1515113592.0,-221387000.0,-5908000.0,128000.0,-7458000.0,0.0,-9139000.0,-30304000.0,1949000.0,-160206000.0,-21738000.0,51712000.0,51712000.0,51712000.0,0.0,11309000.0,0.029,405373000.0,98348000.0,521619000.0,0.0,0.959,-14.043,-11.955,715756000.0,0.0,8.01,0.279,0.274,489236000.0,-645666000.0,1790025000.0,1790025000.0,0.0,,,,,8364000.0,309847000.0,1.0,189152758.0,186127846.0,188531130.0,9.617,2646604000.0,0.0,8739000.0,177419000.0,14.219,198737000.0
40,LYV,MRQ,2011-06-30,2011-06-30,2011-06-30,2021-08-03,32240000.0,5652228000.0,,2035491000.0,3616737000.0,,8.606,-26440000.0,1003960000.0,1003960000.0,1138151000.0,16614000.0,1.051,2.547,1732942000.0,57648000.0,1675294000.0,1732942000.0,641322000.0,76927000.0,0.0,0.0,0.0,50761000.0,127688000.0,0.082,127688000.0,50761000.0,19916000.0,0.07,0.07,0.07,1556209000.0,,1556209000.0,2830960829.0,-235.0,8.398,-21543000.0,-0.119,1.0,420731000.0,0.27,2586388000.0,30845000.0,1857203000.0,,0.0,45769000.0,0.0,45769000.0,3963116000.0,1937619000.0,2025497000.0,2085924829.0,16774000.0,-13576000.0,59735000.0,-9514000.0,0.0,35301000.0,-32899000.0,6974000.0,4897000.0,9475000.0,13257000.0,13257000.0,13257000.0,0.0,3357000.0,0.009,369689000.0,51042000.0,625014000.0,0.0,1.34,-19.209,-17.646,734879000.0,0.0,11.47,0.381,0.378,487843000.0,-697378000.0,1558882000.0,1558882000.0,0.0,,,,,7485000.0,291385000.0,1.0,181859183.0,180818826.0,182790095.0,8.621,3065840000.0,0.0,6659000.0,187402000.0,16.955,97872000.0
41,LYV,MRQ,2011-03-31,2011-03-31,2011-03-31,2021-08-03,23203000.0,5475252000.0,,1847594000.0,3627658000.0,,8.252,-18211000.0,987186000.0,987186000.0,547124000.0,-54342000.0,1.012,2.664,1732222000.0,56007000.0,1676215000.0,1732222000.0,646110000.0,77481000.0,0.0,0.0,0.0,-64173000.0,13308000.0,0.016,13308000.0,-64173000.0,-93402000.0,-0.27,-0.27,-0.27,1454772000.0,,1454772000.0,2655885300.0,-46.0,9.51,109557000.0,0.621,1.0,302285000.0,0.356,2609764000.0,29229000.0,1784647000.0,,0.0,36097000.0,0.0,36097000.0,3875259000.0,1825877000.0,2049382000.0,1816779300.0,94428000.0,-5091000.0,19839000.0,-6323000.0,0.0,-45370000.0,-24192000.0,-119000.0,127768000.0,36222000.0,-48460000.0,-48460000.0,-48460000.0,0.0,-5882000.0,-0.057,373861000.0,-71576000.0,629187000.0,0.0,1.249,-11.749,-10.989,735181000.0,0.0,10.0,0.35,0.34,385988000.0,-710635000.0,849409000.0,849409000.0,0.0,,,,,24707000.0,294005000.0,1.0,181677930.0,176292809.0,176292809.0,4.818,2865488000.0,0.0,-44942000.0,187193000.0,16.254,21717000.0
42,LYV,MRQ,2010-12-31,2010-12-31,2010-12-31,2021-08-03,-22244000.0,5195560000.0,,1603497000.0,3592063000.0,,7.989,-26413000.0,892758000.0,892758000.0,888976000.0,-115691000.0,1.088,2.707,1731864000.0,54150000.0,1677714000.0,1731864000.0,335539000.0,124476000.0,0.0,0.0,0.0,-89244000.0,35232000.0,0.028,35232000.0,-89244000.0,-119998000.0,-0.75,-0.75,-0.75,1364416000.0,,1364416000.0,2863668044.0,-30.0,12.73,118399000.0,0.693,1.0,348870000.0,0.282,2598898000.0,30754000.0,1961547000.0,,0.0,30077000.0,0.0,30077000.0,3693892000.0,1474221000.0,2219671000.0,1982171044.0,37142000.0,-58247000.0,4114000.0,-6584000.0,0.0,-18303000.0,-84811000.0,-641000.0,144812000.0,-4556000.0,-124397000.0,-124397000.0,-124397000.0,335000.0,8706000.0,-0.1,432602000.0,-83732000.0,539177000.0,0.0,1.453,-8.679,-8.216,737064000.0,0.0,11.42,0.391,0.371,329947000.0,-662175000.0,1237846000.0,1237846000.0,0.0,,,,,6863000.0,308888000.0,1.0,173570144.0,170783313.0,170783313.0,7.248,2596662000.0,0.0,4399000.0,219143000.0,15.204,129276000.0
43,LYV,MRQ,2010-09-30,2010-09-30,2010-09-30,2021-08-03,-3211000.0,5392549000.0,,1806149000.0,3586400000.0,,8.868,-19083000.0,855616000.0,855616000.0,1388295000.0,61825000.0,1.179,2.491,1737113000.0,65324000.0,1671789000.0,1737113000.0,326219000.0,70249000.0,0.0,0.0,0.0,90625000.0,160874000.0,0.088,160874000.0,90625000.0,61345000.0,0.3,0.3,0.3,1510149000.0,,1510149000.0,2452591689.0,-654.0,10.286,-173656000.0,-1.02,1.0,447511000.0,0.244,2580951000.0,29280000.0,2161626000.0,,0.0,27719000.0,0.0,27719000.0,3761673000.0,1531469000.0,2230204000.0,1713869689.0,-144312000.0,-4821000.0,272000.0,-9710000.0,0.0,-11777000.0,-19553000.0,4902000.0,-154573000.0,41591000.0,51007000.0,51007000.0,51007000.0,3213000.0,10818000.0,0.028,344193000.0,103318000.0,528487000.0,0.0,1.135,-16.557,-13.915,769127000.0,0.0,9.88,0.366,0.359,470503000.0,-522881000.0,1835806000.0,1835806000.0,0.0,,,,,12734000.0,272354000.0,1.0,173468592.0,170285159.0,172302273.0,10.781,2811598000.0,0.0,10338000.0,227337000.0,16.511,274680000.0
44,LYV,MRQ,2010-06-30,2010-06-30,2010-06-30,2021-08-03,-60878000.0,5509899000.0,,1977352000.0,3532547000.0,,8.167,-16999000.0,999928000.0,999928000.0,896283000.0,-31219000.0,1.091,2.896,1738650000.0,46522000.0,1692128000.0,1738650000.0,742518000.0,64308000.0,0.0,0.0,0.0,5553000.0,69861000.0,0.055,69861000.0,5553000.0,-24379000.0,-0.19,-0.19,-0.19,1388512000.0,,1388512000.0,2507842642.0,333.0,11.564,61779000.0,0.363,1.0,370452000.0,0.292,2513690000.0,29932000.0,1922610000.0,,0.0,29027000.0,0.0,29027000.0,4021094000.0,1812321000.0,2208773000.0,1806261642.0,174731000.0,-9890000.0,2091000.0,182148000.0,0.0,138241000.0,-20419000.0,747000.0,78778000.0,-21869000.0,-32787000.0,-32787000.0,-32787000.0,377000.0,1568000.0,-0.026,344281000.0,26171000.0,504587000.0,0.0,1.301,-21.182,-55.0,764997000.0,0.0,10.45,0.389,0.383,365034000.0,-580356000.0,1266735000.0,1266735000.0,0.0,,,,,10376000.0,274781000.0,1.0,172848004.0,170007727.0,170007727.0,7.451,2996209000.0,0.0,8408000.0,200806000.0,17.624,165031000.0
45,LYV,MRQ,2010-03-31,2010-03-31,2010-03-31,2021-08-03,-40037000.0,5137438000.0,,1609101000.0,3528337000.0,,9.803,-13083000.0,825197000.0,825197000.0,484756000.0,-122951000.0,1.028,2.512,1526778000.0,39203000.0,1487575000.0,1526778000.0,598574000.0,62633000.0,0.0,0.0,0.0,-103643000.0,-41010000.0,-0.057,-41010000.0,-103643000.0,-130204000.0,-0.83,-0.83,-0.83,1434142000.0,,1434142000.0,2992424598.0,-3948.0,16.518,76418000.0,0.522,1.0,238605000.0,0.33,2503894000.0,26561000.0,1769112000.0,,0.0,27446000.0,0.0,27446000.0,3603250000.0,1566013000.0,2037237000.0,2489310598.0,588242000.0,596787000.0,596000.0,-46018000.0,0.0,-59075000.0,577770000.0,855000.0,89501000.0,-19954000.0,-122213000.0,-122213000.0,-122213000.0,303000.0,-738000.0,-0.169,343873000.0,-105268000.0,470757000.0,0.0,1.736,-31.239,-43.939,785092000.0,0.0,14.5,0.563,0.48,263952000.0,-545738000.0,723361000.0,723361000.0,0.0,,,,,22422000.0,268720000.0,1.0,171676593.0,146300907.0,146300907.0,4.944,2633544000.0,0.0,-7991000.0,224797000.0,18.001,43088000.0
46,LYV,MRQ,2009-12-31,2009-12-31,2009-12-31,2021-08-03,4199000.0,2341759000.0,,717866000.0,1623893000.0,,7.792,-10413000.0,236955000.0,236955000.0,677807000.0,1059000.0,0.954,2.478,740069000.0,41032000.0,699037000.0,740069000.0,284536000.0,44995000.0,0.0,0.0,0.0,3716000.0,48711000.0,0.057,48711000.0,3716000.0,-12092000.0,0.01,0.01,0.01,652317000.0,,652317000.0,1308780787.0,75.0,7.262,-27719000.0,-0.331,1.0,176498000.0,0.207,675561000.0,15808000.0,1417078000.0,,0.0,2077000.0,0.0,2077000.0,1616318000.0,752234000.0,864084000.0,712286787.0,-21134000.0,131244000.0,0.0,-117422000.0,0.0,-126266000.0,124178000.0,2990000.0,-17306000.0,-1740000.0,479000.0,479000.0,479000.0,-63036000.0,580000.0,0.001,236395000.0,-59897000.0,50844000.0,0.0,1.092,-11.836,-11.658,749984000.0,0.0,8.51,0.17,0.168,176179000.0,-433785000.0,854305000.0,854305000.0,0.0,,,,,6664000.0,179641000.0,1.0,83699975.0,83719649.0,83719649.0,10.204,1666198000.0,0.0,-12571000.0,30480000.0,19.902,-34368000.0
47,LYV,MRQ,2009-09-30,2009-09-30,2009-09-30,2021-08-03,8634000.0,2696861000.0,,954314000.0,1742547000.0,,7.852,-14765000.0,258089000.0,258089000.0,1467647000.0,79172000.0,0.975,2.989,854583000.0,50106000.0,804477000.0,854583000.0,275535000.0,37401000.0,0.0,0.0,0.0,101900000.0,139301000.0,0.078,139301000.0,101900000.0,84462000.0,0.82,0.78,0.82,656668000.0,,656668000.0,1006421332.0,-3.0,-6.89,-278910000.0,-3.335,1.0,326941000.0,0.182,697538000.0,17438000.0,1617425000.0,,0.0,18193000.0,0.0,18193000.0,1963088000.0,978392000.0,984696000.0,684788332.0,-211741000.0,22363000.0,0.0,62976000.0,0.0,62461000.0,-12499000.0,-19000.0,-264145000.0,2442000.0,69247000.0,69247000.0,69247000.0,-6779000.0,9925000.0,0.039,222400000.0,104541000.0,88294000.0,0.0,1.043,-1.711,-1.56,852478000.0,0.0,8.19,0.165,0.165,325090000.0,-434264000.0,1794588000.0,1794588000.0,0.0,,,,,3486000.0,174836000.0,1.0,83612739.0,83631558.0,92717666.0,21.458,1999323000.0,0.0,15215000.0,0.0,23.906,-24078000.0
48,LYV,MRQ,2009-06-30,2009-06-30,2009-06-30,2021-08-03,-1245000.0,3136584000.0,,1298843000.0,1837741000.0,,6.873,-15127000.0,469830000.0,469830000.0,838731000.0,-26808000.0,0.825,4.341,791463000.0,52467000.0,738996000.0,791463000.0,894089000.0,36885000.0,0.0,0.0,0.0,-2731000.0,34154000.0,0.033,34154000.0,-2731000.0,-18595000.0,-0.33,-0.33,-0.33,574701000.0,,574701000.0,849514912.0,-3.0,-7.248,121662000.0,1.455,1.0,208485000.0,0.199,705804000.0,15864000.0,1177843000.0,,0.0,17287000.0,0.0,17287000.0,2494593000.0,1574570000.0,920023000.0,406357912.0,112726000.0,-65000.0,0.0,-25938000.0,0.0,-33589000.0,-20995000.0,1052000.0,136789000.0,30521000.0,-27198000.0,-27198000.0,-27198000.0,-3498000.0,390000.0,-0.026,215533000.0,-7048000.0,100824000.0,0.0,0.707,-1.226,-1.133,883114000.0,0.0,4.86,0.103,0.103,250972000.0,-503511000.0,1047216000.0,1047216000.0,0.0,,,,,3449000.0,166958000.0,1.0,83612739.0,83612409.0,83612409.0,12.525,2430780000.0,0.0,8603000.0,0.0,29.072,-275727000.0
49,LYV,MRQ,2009-03-31,2009-03-31,2009-03-31,2021-08-03,-18486000.0,2785766000.0,,988185000.0,1797581000.0,,7.306,-23962000.0,357104000.0,357104000.0,373060000.0,-103157000.0,0.813,3.684,800261000.0,48150000.0,752111000.0,800261000.0,696240000.0,43413000.0,0.0,0.0,0.0,-85366000.0,-41953000.0,-0.087,-41953000.0,-85366000.0,-102621000.0,-1.29,-1.29,-1.29,581550000.0,,581550000.0,895111888.0,-4.0,-10.125,177975000.0,2.236,1.0,111852000.0,0.231,693952000.0,17255000.0,1320220000.0,,0.0,17378000.0,0.0,17378000.0,2142551000.0,1214751000.0,927800000.0,209058888.0,157444000.0,10251000.0,-4250000.0,-22670000.0,0.0,-26962000.0,-13203000.0,1251000.0,201937000.0,-4328000.0,-102707000.0,-102707000.0,-102707000.0,-2964000.0,-450000.0,-0.212,201805000.0,-89953000.0,53549000.0,0.0,0.359,-0.686,-0.673,863910000.0,0.0,2.67,0.052,0.053,215265000.0,-476313000.0,484912000.0,484912000.0,0.0,,,,,3076000.0,154434000.0,1.0,78299209.0,79601562.0,79601562.0,6.092,2091814000.0,0.0,86000.0,0.0,26.279,-226566000.0
50,LYV,MRQ,2008-12-31,2008-12-31,2008-12-31,2021-08-03,-5029000.0,2476723000.0,,639818000.0,1836905000.0,,8.694,-47667000.0,199660000.0,199660000.0,710001000.0,-337802000.0,0.83,2.557,824120000.0,48637000.0,775483000.0,824120000.0,225664000.0,35669000.0,0.0,0.0,0.0,-313234000.0,-277565000.0,-0.333,-277565000.0,-313234000.0,-332031000.0,-4.45,-4.45,-4.45,677853000.0,,677853000.0,1042238479.0,-5.0,-22.986,-38836000.0,-0.498,1.0,124419000.0,0.149,719765000.0,18797000.0,1610181000.0,,0.0,18519000.0,0.0,18519000.0,1733080000.0,771237000.0,961843000.0,448820479.0,-6256000.0,20704000.0,-19546000.0,103089000.0,0.0,82346000.0,-72971000.0,2521000.0,8831000.0,-24462000.0,-339512000.0,-339512000.0,-339512000.0,-19197000.0,1710000.0,-0.407,455280000.0,-330861000.0,53563000.0,0.0,0.662,-1.875,-1.828,887735000.0,0.0,5.74,0.11,0.107,217958000.0,-373606000.0,834420000.0,834420000.0,0.0,,,,,24968000.0,141595000.0,1.0,78191721.0,77970117.0,76221294.0,10.702,1756958000.0,0.0,7481000.0,0.0,22.534,-131419000.0
51,LYV,MRQ,2008-09-30,2008-09-30,2008-09-30,2021-08-03,38567000.0,2948401000.0,,871102000.0,2077299000.0,,12.91,-62468000.0,205916000.0,205916000.0,1295416000.0,142337000.0,0.895,1.996,799334000.0,59948000.0,739386000.0,799334000.0,255995000.0,44786000.0,0.0,0.0,0.0,123365000.0,168151000.0,0.106,168151000.0,123365000.0,106145000.0,1.78,1.66,1.78,984163000.0,,984163000.0,1573499970.0,17.0,6.384,-386333000.0,-5.068,1.0,293046000.0,0.184,957492000.0,17220000.0,1611392000.0,,0.0,21347000.0,0.0,21347000.0,1964238000.0,972935000.0,991303000.0,1232785970.0,-247452000.0,166492000.0,636000.0,10825000.0,0.0,10018000.0,92696000.0,1195000.0,-323865000.0,-26301000.0,137993000.0,137993000.0,137993000.0,-47550000.0,4344000.0,0.087,217844000.0,75202000.0,93966000.0,0.0,1.253,15.707,17.126,914379000.0,0.0,16.27,0.304,0.306,360061000.0,-25180000.0,1588462000.0,1588462000.0,0.0,,,,,3724000.0,187307000.0,1.0,75770496.0,76230900.0,84513127.0,20.838,1990909000.0,0.0,-31848000.0,0.0,26.117,-101833000.0
52,LYV,MRQ,2008-06-30,2008-06-30,2008-06-30,2021-08-03,68298000.0,3359545000.0,,1273604000.0,2085941000.0,,11.35,-52962000.0,453368000.0,453368000.0,891716000.0,-2893000.0,0.837,2.909,794082000.0,67184000.0,726898000.0,794082000.0,782300000.0,33223000.0,0.0,0.0,0.0,29741000.0,62964000.0,0.056,62964000.0,29741000.0,13420000.0,-0.01,-0.01,-0.01,859413000.0,,859413000.0,1131967848.0,30.0,6.501,44975000.0,0.594,1.0,238019000.0,0.211,1014098000.0,16321000.0,1164374000.0,,0.0,22915000.0,0.0,22915000.0,2500132000.0,1521787000.0,978345000.0,801651848.0,19503000.0,-24329000.0,-3628000.0,-4512000.0,0.0,500000.0,-80084000.0,1975000.0,97937000.0,1150000.0,-652000.0,-652000.0,-652000.0,2456000.0,-2241000.0,-0.001,209933000.0,28086000.0,122813000.0,0.0,0.933,-44.648,-46.0,906310000.0,0.0,10.58,0.205,0.205,385881000.0,-165108000.0,1129735000.0,1129735000.0,0.0,,,,,2429000.0,177143000.0,1.0,75770496.0,75720739.0,76791658.0,14.92,2345447000.0,0.0,14072000.0,0.0,30.975,-248183000.0
53,LYV,MRQ,2008-03-31,2008-03-31,2008-03-31,2021-08-03,66846000.0,2956969000.0,,1057588000.0,1899381000.0,,11.28,-23120000.0,433865000.0,433865000.0,402311000.0,-39463000.0,0.907,2.496,764181000.0,36406000.0,727775000.0,764181000.0,560432000.0,34544000.0,0.0,0.0,0.0,-33437000.0,1107000.0,0.002,1107000.0,-33437000.0,-51203000.0,-0.5,-0.5,-0.5,845826000.0,,845826000.0,1392614675.0,29.0,7.899,131344000.0,1.752,1.0,130378000.0,0.245,873589000.0,17766000.0,1247047000.0,,0.0,24508000.0,0.0,24508000.0,2111143000.0,1166649000.0,944494000.0,908999675.0,94874000.0,15891000.0,0.0,-58685000.0,0.0,-58880000.0,-6534000.0,1912000.0,154464000.0,5824000.0,-37241000.0,-37241000.0,-37241000.0,-31366000.0,-2222000.0,-0.07,199853000.0,-69475000.0,81557000.0,0.0,1.075,-123.154,-173.286,871626000.0,0.0,12.13,0.241,0.241,286388000.0,-166343000.0,532689000.0,532689000.0,0.0,,,,,3435000.0,166038000.0,1.0,74938143.0,74984934.0,74984934.0,7.104,2083380000.0,0.0,-13962000.0,0.0,27.784,-109061000.0
54,LYV,MRQ,2007-12-31,2007-12-31,2007-12-31,2021-08-03,56410000.0,2752103000.0,,834408000.0,1917695000.0,,11.829,-38415000.0,338991000.0,338991000.0,677359000.0,-13746000.0,0.922,2.174,822606000.0,36345000.0,786261000.0,822606000.0,259868000.0,41144000.0,0.0,0.0,0.0,-26877000.0,14267000.0,0.018,14267000.0,-26877000.0,-45980000.0,-0.32,-0.32,-0.32,867066000.0,,867066000.0,1468704072.0,25.0,8.22,-36344000.0,-0.496,1.0,121633000.0,0.152,854541000.0,19103000.0,1475707000.0,,0.0,23443000.0,0.0,23443000.0,1885037000.0,905470000.0,979567000.0,1046606072.0,-12351000.0,9571000.0,42000.0,48240000.0,0.0,47177000.0,-69732000.0,7092000.0,2071000.0,8133000.0,-21615000.0,-21615000.0,-21615000.0,-14728000.0,7869000.0,-0.027,155119000.0,-33486000.0,79273000.0,0.0,1.207,-68.906,-66.0,915045000.0,0.0,14.52,0.288,0.273,266019000.0,-130941000.0,798992000.0,798992000.0,0.0,,,,,17582000.0,124365000.0,1.0,72080308.0,73299817.0,73299817.0,10.9,1897562000.0,0.0,-24365000.0,0.0,25.888,-71062000.0
55,LYV,MRQ,2007-09-30,2007-09-30,2007-09-30,2021-08-03,50528000.0,2762781000.0,,978378000.0,1784403000.0,,11.801,-27483000.0,351342000.0,351342000.0,1200071000.0,41553000.0,0.956,2.373,773440000.0,48465000.0,724975000.0,773440000.0,328767000.0,26971000.0,0.0,0.0,0.0,68811000.0,95782000.0,0.066,95782000.0,68811000.0,53793000.0,0.6,0.55,0.6,818993000.0,,818993000.0,1545288624.0,30.0,9.301,-208097000.0,-2.999,1.0,252507000.0,0.174,743087000.0,15018000.0,1418300000.0,,0.0,32721000.0,0.0,32721000.0,1943788000.0,1023492000.0,920296000.0,1401984624.0,-115319000.0,-18000000.0,0.0,97620000.0,0.0,98321000.0,-30331000.0,15201000.0,-180614000.0,-2695000.0,41553000.0,41553000.0,41553000.0,-602000.0,0.0,0.029,183114000.0,69393000.0,84374000.0,0.0,1.712,-52.481,-47.222,914690000.0,0.0,21.25,0.389,0.41,392290000.0,-112579000.0,1452578000.0,1452578000.0,0.0,,,,,5810000.0,163245000.0,1.0,65975747.0,69398147.0,78215047.0,20.931,2019694000.0,0.0,12240000.0,0.0,29.103,-45114000.0
56,LYV,MRQ,2007-06-30,2007-06-30,2007-06-30,2021-08-03,30202000.0,2813290000.0,,1262011000.0,1551279000.0,,9.444,-25783000.0,466661000.0,466661000.0,776262000.0,9922000.0,0.88,3.547,609965000.0,31941000.0,578024000.0,609965000.0,764988000.0,25027000.0,0.0,0.0,0.0,40123000.0,65150000.0,0.066,65150000.0,40123000.0,24875000.0,0.15,0.15,0.15,618771000.0,,618771000.0,1736120974.0,240.0,11.073,100891000.0,1.54,1.0,210015000.0,0.213,531471000.0,15248000.0,991683000.0,,0.0,58334000.0,0.0,58334000.0,2194519000.0,1433440000.0,761079000.0,1466377974.0,71895000.0,21947000.0,0.0,-57016000.0,0.0,-58192000.0,-216000.0,3030000.0,126674000.0,3629000.0,9922000.0,9922000.0,9922000.0,-3939000.0,0.0,0.01,177476000.0,32539000.0,113204000.0,0.0,2.37,-18.953,-18.807,864675000.0,0.0,22.38,0.417,0.417,419398000.0,-154132000.0,986277000.0,986277000.0,0.0,,,,,3414000.0,172705000.0,1.0,65521804.0,65521804.0,67702746.0,15.053,2281819000.0,0.0,14953000.0,0.0,34.825,-171429000.0
57,LYV,MRQ,2007-03-31,2007-03-31,2007-03-31,2021-08-03,20216000.0,2536457000.0,,1006757000.0,1529700000.0,,9.091,-13679000.0,394766000.0,394766000.0,373289000.0,-45049000.0,0.918,3.259,664509000.0,31787000.0,632722000.0,664509000.0,535387000.0,27686000.0,0.0,0.0,0.0,-24220000.0,3466000.0,0.007,3466000.0,-24220000.0,-39148000.0,-0.69,-0.69,-0.69,595486000.0,,595486000.0,1770951776.0,-186.0,13.484,74623000.0,1.139,1.0,147023000.0,0.283,520104000.0,14928000.0,1189916000.0,,0.0,82147000.0,0.0,82147000.0,1940971000.0,1096180000.0,844791000.0,1445685776.0,80886000.0,-10958000.0,424000.0,25302000.0,0.0,22882000.0,-29291000.0,-4481000.0,88302000.0,-1007000.0,-45049000.0,-45049000.0,-45049000.0,-6635000.0,0.0,-0.087,183853000.0,-36830000.0,75498000.0,0.0,2.428,-18.628,-18.538,865391000.0,0.0,22.06,0.438,0.438,278304000.0,-164054000.0,520312000.0,520312000.0,0.0,,,,,2385000.0,152263000.0,1.0,65534260.0,65499719.0,65499719.0,7.944,2016353000.0,0.0,5901000.0,0.0,30.784,-89423000.0
58,LYV,MRQ,2006-12-31,2006-12-31,2006-12-31,2021-08-03,20719000.0,2225002000.0,,740168000.0,1484834000.0,,9.753,-14675000.0,313880000.0,313880000.0,563470000.0,-33140000.0,0.956,2.484,639146000.0,31721000.0,607425000.0,639146000.0,230179000.0,34280000.0,0.0,0.0,0.0,-32544000.0,1736000.0,0.003,1736000.0,-32544000.0,-44941000.0,-0.51,-0.51,-0.51,638662000.0,,638662000.0,1336143144.0,55.0,8.76,-98232000.0,-1.5,1.0,77983000.0,0.122,496567000.0,12397000.0,1279741000.0,,0.0,59283000.0,0.0,59283000.0,1586340000.0,773960000.0,812380000.0,1466700144.0,-182706000.0,-360761000.0,0.0,268086000.0,0.0,267056000.0,-366569000.0,8972000.0,-83557000.0,364000.0,-33140000.0,-33140000.0,-33140000.0,-23445000.0,0.0,-0.052,128601000.0,-50618000.0,40646000.0,0.0,2.297,-46.648,-46.667,876172000.0,0.0,22.4,0.445,0.441,253444000.0,-119005000.0,641453000.0,641453000.0,0.0,,,,,960000.0,95382000.0,1.0,65477685.0,65484548.0,63197186.0,9.795,1728435000.0,0.0,-11801000.0,0.0,26.395,-33792000.0
59,LYV,MRQ,2006-09-30,2006-09-30,2006-09-30,2021-08-03,11685000.0,2128767000.0,,1064397000.0,1064370000.0,,10.261,-19063000.0,496586000.0,496586000.0,1132788000.0,-9101000.0,1.107,2.168,366029000.0,28296000.0,337733000.0,366029000.0,273978000.0,62576000.0,0.0,0.0,0.0,23866000.0,86442000.0,0.063,86442000.0,23866000.0,15230000.0,-0.14,-0.14,-0.14,671864000.0,,671864000.0,1100507328.0,-206.0,10.306,-114205000.0,-1.744,1.0,235433000.0,0.172,202697000.0,8636000.0,833843000.0,,0.0,43516000.0,0.0,43516000.0,1456903000.0,961670000.0,495233000.0,1337054328.0,-106846000.0,5212000.0,0.0,-1725000.0,0.0,7924000.0,-11050000.0,1890000.0,-95142000.0,-8578000.0,-9101000.0,-9101000.0,-9101000.0,0.0,0.0,-0.007,208268000.0,27165000.0,73960000.0,0.0,1.99,-10.034,,780243000.0,0.0,20.42,0.393,0.393,316584000.0,-85865000.0,1368221000.0,1368221000.0,0.0,,,,,902000.0,146911000.0,1.0,65477685.0,65477685.0,65477685.0,20.896,1926070000.0,0.0,24331000.0,0.0,29.416,102727000.0
60,LYV,MRQ,2006-06-30,2006-06-30,2006-06-30,2021-08-03,11049000.0,2353126000.0,,1267759000.0,1085367000.0,,10.564,-14809000.0,603432000.0,603432000.0,604779000.0,9682000.0,1.069,2.455,366885000.0,28045000.0,338840000.0,366885000.0,622200000.0,16306000.0,0.0,0.0,0.0,23384000.0,39690000.0,0.052,39690000.0,23384000.0,15036000.0,0.15,0.15,0.15,681006000.0,,681006000.0,1256406632.0,43.0,13.32,142212000.0,2.206,1.0,163451000.0,0.213,195400000.0,8348000.0,735267000.0,,0.0,38880000.0,0.0,38880000.0,1672120000.0,1185912000.0,486208000.0,1298933632.0,194603000.0,22483000.0,0.0,-4344000.0,0.0,18959000.0,15873000.0,8918000.0,157021000.0,2750000.0,9682000.0,9682000.0,9682000.0,0.0,0.0,0.013,145890000.0,17561000.0,70995000.0,0.0,1.907,-13.246,,813201000.0,0.0,20.36,0.428,0.432,294704000.0,-76763000.0,768230000.0,768230000.0,0.0,,,,,709000.0,137145000.0,1.0,63798312.0,64462679.0,65329597.0,11.917,2157726000.0,0.0,5354000.0,0.0,33.472,81847000.0
61,LYV,MRQ,2006-03-31,2006-03-31,2006-03-31,2021-08-03,-2247000.0,1892302000.0,,854772000.0,1037530000.0,,9.661,-17158000.0,408829000.0,408829000.0,377832000.0,1117000.0,1.033,2.062,366302000.0,25939000.0,340363000.0,366302000.0,386150000.0,15005000.0,0.0,0.0,0.0,9648000.0,24653000.0,0.048,24653000.0,9648000.0,1835000.0,0.02,0.02,0.02,618058000.0,,618058000.0,1228883510.0,64.0,14.764,22148000.0,0.346,1.0,138735000.0,0.269,152827000.0,7813000.0,869225000.0,,0.0,36903000.0,0.0,36903000.0,1274244000.0,827723000.0,446521000.0,1265758510.0,5113000.0,2843000.0,-24717000.0,-779000.0,0.0,-25645000.0,-14325000.0,-108000.0,39306000.0,5777000.0,1117000.0,1117000.0,1117000.0,0.0,0.0,0.002,133226000.0,5509000.0,40563000.0,0.0,2.048,-11.854,,813462000.0,0.0,19.84,0.421,0.422,200257000.0,-86446000.0,516567000.0,516567000.0,0.0,,,,,861000.0,123395000.0,1.0,63798312.0,63971508.0,64480376.0,8.075,1739475000.0,0.0,718000.0,0.0,27.191,27049000.0
62,LYV,MRQ,2005-12-31,2005-12-31,2005-12-31,2021-08-03,-6417000.0,1776584000.0,,755273000.0,1021311000.0,,9.53,-20523000.0,403716000.0,403716000.0,631692000.0,-134945000.0,1.113,1.79,366841000.0,25705000.0,341136000.0,366841000.0,232754000.0,18230000.0,0.0,0.0,0.0,-62235000.0,-44005000.0,-0.058,-44005000.0,-62235000.0,-76341000.0,,,,636700000.0,,636700000.0,1307295887.0,-79.0,27.243,-7160000.0,-0.107,1.0,120565000.0,0.16,149461000.0,14106000.0,911529000.0,,0.0,30660000.0,0.0,30660000.0,1139884000.0,678719000.0,461165000.0,835757887.0,130242000.0,-13136000.0,-18003000.0,187323000.0,0.0,187055000.0,-33334000.0,572000.0,13363000.0,-36842000.0,-134945000.0,-134945000.0,-134945000.0,0.0,0.0,-0.179,183639000.0,-63074000.0,37654000.0,,1.313,-6.398,-6.684,808919000.0,0.0,13.1,0.285,0.298,194927000.0,-87563000.0,752257000.0,752257000.0,0.0,,,,,-479000.0,159833000.0,1.0,63798312.0,66809394.0,,11.26,1627123000.0,0.0,58604000.0,0.0,24.355,76554000.0
63,LYV,MRQ,2005-09-30,2005-09-30,2005-09-30,2021-08-03,,,,,,,,-22106000.0,,,781280000.0,26083000.0,,,,,,,,15633000.0,,,0.0,58353000.0,73986000.0,0.074,73986000.0,58353000.0,43472000.0,,,,,,,,,,-114733000.0,-1.798,1.0,217134000.0,0.217,,14881000.0,,,,,,,,,,,21525000.0,-4892000.0,0.0,113963000.0,0.0,133558000.0,-22930000.0,3941000.0,-92627000.0,3524000.0,26083000.0,26083000.0,26083000.0,0.0,0.0,0.026,156181000.0,60953000.0,,,,,,,0.0,,,,,,998414000.0,998414000.0,0.0,,,,,1032000.0,139442000.0,1.0,63798312.0,63798312.0,,15.65,,,17389000.0,,,
64,LYV,MRQ,2005-06-30,2005-06-30,2005-06-30,2021-08-03,,,,,,,,-27284000.0,,,583318000.0,970000.0,,,,,,,,15282000.0,,,0.0,13319000.0,28601000.0,0.039,28601000.0,13319000.0,1617000.0,,,,,,,,,,24605000.0,0.386,1.0,158373000.0,0.214,,11702000.0,,,,,,,,,,,30224000.0,-2197000.0,0.0,5605000.0,0.0,5605000.0,-29190000.0,1119000.0,51889000.0,1920000.0,970000.0,970000.0,970000.0,0.0,0.0,0.001,143384000.0,14989000.0,,,,,,,0.0,,,,,,741691000.0,741691000.0,0.0,,,,,360000.0,128093000.0,1.0,63798312.0,63798312.0,,11.626,,,647000.0,,,
65,LYV,MRQ,2005-03-31,2005-03-31,2005-03-31,2021-08-03,,,,,,,,-22607000.0,,,314634000.0,-22727000.0,,,,,,,,15477000.0,,,0.0,-26072000.0,-10595000.0,-0.024,-10595000.0,-26072000.0,-37879000.0,,,,,,,,,,851000.0,0.013,1.0,129849000.0,0.292,,11807000.0,,,,,,,,,,,42588000.0,1135000.0,0.0,37050000.0,0.0,37050000.0,-20595000.0,0.0,23458000.0,2675000.0,-22727000.0,-22727000.0,-22727000.0,0.0,0.0,-0.051,156431000.0,-26582000.0,,,,,,,0.0,,,,,,444483000.0,444483000.0,0.0,,,,,343000.0,142255000.0,1.0,63798312.0,63798312.0,,6.967,,,-15152000.0,,,
66,LYV,MRQ,2004-12-31,2004-12-31,2004-12-31,2021-08-03,-13521000.0,1478706000.0,,472557000.0,1006149000.0,,2.461,,179137000.0,179137000.0,,,0.816,8.42,650675000.0,1214000.0,649461000.0,650675000.0,184413000.0,,0.0,,0.0,,,,,,,,,,156976000.0,,156976000.0,,,,,,1.0,,,59651000.0,,1311248000.0,,0.0,27002000.0,0.0,27002000.0,1321730000.0,579345000.0,742385000.0,,,,,,,,,,,,,,,,,,,,31440000.0,,,,,793316000.0,,,,,174978000.0,0.0,,,,,,,,,,1.0,63798312.0,63798312.0,,,1419055000.0,97317000.0,,0.0,22.243,-106788000.0
67,LYV,MRQ,2003-12-31,2003-12-31,2003-12-31,2021-08-03,4951000.0,1495715000.0,,423617000.0,1072098000.0,,,,116360000.0,116360000.0,,,0.773,6.944,617838000.0,1283000.0,616555000.0,617838000.0,169370000.0,,0.0,,0.0,,,,,,,,,,188283000.0,,188283000.0,,,,,,1.0,,,142709000.0,,1306733000.0,,0.0,28915000.0,0.0,28915000.0,1307432000.0,547751000.0,759681000.0,,,,,,,,,,,,,,,,,,,,41298000.0,,,,,782154000.0,,,,,180387000.0,-4204115000.0,,,,,,,,,,1.0,,,,,1353006000.0,92274000.0,,0.0,,-124134000.0
0,LYV,MRT,2021-06-30,2021-06-30,2021-06-30,2021-08-03,-161832000.0,12245656000.0,11160008000.0,5423251000.0,6822405000.0,0.115,-4.232,-129303000.0,4047637000.0,4047637000.0,711109000.0,-1539466000.0,1.05,-14.051,6884567000.0,160057000.0,6724510000.0,6884567000.0,2648540000.0,452499000.0,0.0,0.0,0.0,-1192897000.0,-740398000.0,-0.575,-740398000.0,-1192897000.0,-1462780000.0,-6.83,-6.83,-6.83,-912762000.0,-553631000.0,-912762000.0,22983838378.0,-19.0,-31.043,347658000.0,1.612,1.0,576847000.0,0.448,3269306000.0,269883000.0,6647980000.0,7368631250.0,0.0,0.0,0.0,0.0,12825259000.0,5165300000.0,7659959000.0,19154464378.0,747272000.0,32561000.0,47324000.0,411311000.0,0.0,289453000.0,-83716000.0,20469000.0,476961000.0,64574000.0,-1475092000.0,-1460932000.0,-1460932000.0,0.0,-64374000.0,-1.134,1892679000.0,-1315832000.0,1395165000.0,0.0,-20.985,-13.111,-12.824,2431662000.0,-14160000.0,87.59,14.872,14.669,646705000.0,-3179691000.0,1287956000.0,1287956000.0,0.0,-0.131,2.639,-0.162,-0.926,119466000.0,1447134000.0,1.0,218683233.0,215702508.0,215702508.0,5.971,8976350000.0,0.0,12312000.0,173971000.0,41.614,257951000.0
1,LYV,MRT,2021-03-31,2021-03-31,2021-03-31,2021-08-03,-173216000.0,10919642000.0,11004169000.0,4096098000.0,6823544000.0,0.071,-3.405,-152946000.0,3017457000.0,3017457000.0,662546000.0,-1939590000.0,1.073,-15.486,6846831000.0,148527000.0,6698304000.0,6846831000.0,1817328000.0,471821000.0,0.0,0.0,0.0,-1612437000.0,-1140616000.0,-1.451,-1140616000.0,-1612437000.0,-1866100000.0,-8.6,-8.6,-8.6,-730560000.0,-239959250.0,-730560000.0,22372580438.0,-14.0,-19.614,-1793435000.0,-8.36,1.0,123548000.0,0.157,3296584000.0,253663000.0,7636685000.0,7691145000.0,0.0,0.0,0.0,0.0,11313756000.0,3815747000.0,7498009000.0,18457687438.0,-264254000.0,53640000.0,49985000.0,1584042000.0,0.0,1384677000.0,-91583000.0,14576000.0,-1640489000.0,83141000.0,-1846944000.0,-1832140000.0,-1832140000.0,0.0,-92646000.0,-2.331,1885493000.0,-1761945000.0,882171000.0,0.0,-25.265,-10.074,-9.843,2445983000.0,-14804000.0,84.65,23.48,23.102,467792000.0,-2984026000.0,786094000.0,786094000.0,0.0,-0.166,7.635,-0.21,-2.051,145174000.0,1434910000.0,1.0,218047105.0,214531958.0,214531958.0,3.664,7623058000.0,0.0,-19156000.0,170622000.0,35.533,280351000.0
2,LYV,MRT,2020-12-31,2020-12-31,2020-12-31,2021-08-03,-177009000.0,10589303000.0,11239619500.0,3649768000.0,6939535000.0,0.166,-2.222,-213746000.0,2546439000.0,2546439000.0,1402400000.0,-1827790000.0,0.961,-22.729,6461332000.0,160562000.0,6300770000.0,6461332000.0,1839323000.0,485025000.0,0.0,0.0,0.0,-1526578000.0,-1041553000.0,-0.56,-1041553000.0,-1526578000.0,-1753410000.0,-8.12,-8.12,-8.12,-471772000.0,157519250.0,-471772000.0,19803199772.0,-13.0,-19.013,-1297134000.0,-6.111,1.0,458778000.0,0.246,3353861000.0,226832000.0,7353766000.0,7223036500.0,0.0,0.0,0.0,0.0,10723055000.0,3796569000.0,6926486000.0,15953786772.0,72197000.0,-33322000.0,30647000.0,1576378000.0,0.0,1350082000.0,-224062000.0,24006000.0,-1083388000.0,29565000.0,-1724535000.0,-1723355000.0,-1723355000.0,0.0,-103255000.0,-0.926,2094890000.0,-1636112000.0,830452000.0,0.0,-33.817,-9.257,-9.049,2525637000.0,-1180000.0,73.48,8.572,8.381,486734000.0,-2676833000.0,1861178000.0,1861178000.0,0.0,-0.153,-10.941,-0.211,-0.82,116889000.0,1626442000.0,1.0,217117403.0,212270944.0,212270944.0,8.768,7235442000.0,0.0,-28875000.0,170759000.0,34.086,-146801000.0
3,LYV,MRT,2020-09-30,2020-09-30,2020-09-30,2021-08-03,-222217000.0,10885431000.0,11336197500.0,3859857000.0,7025574000.0,0.398,-0.468,-284780000.0,2633491000.0,2633491000.0,3386861000.0,-1500603000.0,1.077,-106.994,6482904000.0,166525000.0,6316379000.0,6482904000.0,1631715000.0,479732000.0,0.0,0.0,0.0,-1273255000.0,-793523000.0,-0.176,-793523000.0,-1273255000.0,-1483663000.0,-6.94,-6.91,-6.94,-99430000.0,561917250.0,-99430000.0,14831958385.0,-12.0,-18.691,-804822000.0,-3.786,1.0,1126382000.0,0.25,3315873000.0,210408000.0,7836094000.0,6875012250.0,0.0,0.0,0.0,0.0,10638407000.0,3582877000.0,7055530000.0,11705687385.0,824697000.0,-194985000.0,18956000.0,2114280000.0,0.0,1830135000.0,-512175000.0,-21245000.0,-520042000.0,26779000.0,-1441150000.0,-1472469000.0,-1472469000.0,0.0,-59453000.0,-0.326,2467009000.0,-1340627000.0,774974000.0,0.0,-117.728,-7.95,-7.764,2568130000.0,31319000.0,53.88,2.594,2.538,564873000.0,-2233501000.0,4513243000.0,4513243000.0,0.0,-0.13,-2.62,-0.185,-0.282,118826000.0,1995671000.0,1.0,217254777.0,212593719.0,212593719.0,21.229,7569558000.0,0.0,-42513000.0,177893000.0,35.606,276980000.0
4,LYV,MRT,2020-06-30,2020-06-30,2020-06-30,2021-08-03,-243805000.0,11622300000.0,11106623000.0,4433194000.0,7189106000.0,0.73,1.615,-330135000.0,3300365000.0,3300365000.0,6056541000.0,-764173000.0,1.269,31.992,6426636000.0,183358000.0,6243278000.0,6426636000.0,1157311000.0,486100000.0,0.0,0.0,0.0,-550750000.0,-64650000.0,-0.008,-64650000.0,-550750000.0,-731652000.0,-3.75,-3.75,-3.75,341925000.0,908593000.0,341925000.0,11449999144.0,-21.0,-177.107,-544035000.0,-2.57,1.0,2046368000.0,0.253,3318240000.0,180902000.0,7938035000.0,6218551500.0,0.0,0.0,0.0,0.0,10938770000.0,3492296000.0,7446474000.0,9542480144.0,1015386000.0,-219886000.0,15311000.0,2112518000.0,0.0,1888897000.0,-599987000.0,-26900000.0,-213900000.0,-59624000.0,-733323000.0,-795212000.0,-795212000.0,0.0,-30850000.0,-0.098,2638874000.0,-592506000.0,960787000.0,0.0,27.908,-12.0,-11.821,2542314000.0,61889000.0,44.33,1.178,1.158,618580000.0,-1704599000.0,8102909000.0,8102909000.0,0.0,-0.072,-0.875,-0.089,-0.068,74129000.0,2145320000.0,1.0,215260098.0,211693923.0,211693923.0,38.277,8304060000.0,0.0,1671000.0,177749000.0,39.227,940898000.0
5,LYV,MRT,2020-03-31,2020-03-31,2020-03-31,2021-08-03,-259326000.0,11861444000.0,10833394750.0,4851025000.0,7010419000.0,1.033,4.072,-350993000.0,3281711000.0,3281711000.0,8189398000.0,-37469000.0,1.026,12.37,5189230000.0,158019000.0,5031211000.0,5189230000.0,2273494000.0,467159000.0,0.0,0.0,0.0,162158000.0,629317000.0,0.056,629317000.0,162158000.0,-2847000.0,-0.65,-0.67,-0.65,859354000.0,1116647500.0,859354000.0,12083827169.0,75.0,19.201,281415000.0,1.333,1.0,2996436000.0,0.268,3274656000.0,165005000.0,5764251000.0,5387451000.0,0.0,0.0,0.0,0.0,10630612000.0,4730056000.0,5900556000.0,9752581169.0,597519000.0,-319201000.0,20560000.0,926535000.0,0.0,782802000.0,-728501000.0,-34330000.0,632408000.0,-89190000.0,-62451000.0,-139450000.0,-139450000.0,0.0,24982000.0,-0.012,2834067000.0,162369000.0,995395000.0,0.0,11.349,-69.936,-69.938,2533187000.0,76999000.0,45.46,0.872,0.858,759432000.0,-1137082000.0,11185834000.0,11185834000.0,0.0,-0.013,-0.125,0.03,0.014,47312000.0,2355336000.0,1.0,214531042.0,211048294.0,211048294.0,53.001,8586788000.0,0.0,59604000.0,178535000.0,40.686,120969000.0
6,LYV,MRT,2019-12-31,2019-12-31,2019-12-31,2021-08-03,-145713000.0,10975615000.0,10443667000.0,4192899000.0,6782716000.0,1.106,5.454,-323566000.0,2474242000.0,2474242000.0,8467182000.0,118212000.0,1.021,8.301,4805488000.0,159745000.0,4645743000.0,4805488000.0,1391032000.0,443991000.0,0.0,0.0,0.0,294302000.0,738293000.0,0.064,738293000.0,294302000.0,136781000.0,-0.02,-0.02,-0.02,1145820000.0,1162611000.0,1145820000.0,17439500215.0,59.0,23.621,146217000.0,0.696,1.0,3080787000.0,0.267,3237593000.0,157521000.0,5961669000.0,4957775750.0,0.0,0.0,0.0,0.0,9511661000.0,4107599000.0,5404062000.0,15274249215.0,96039000.0,-290896000.0,14104000.0,500133000.0,0.0,328889000.0,-691000000.0,-36819000.0,469783000.0,-11633000.0,69889000.0,-4882000.0,-4882000.0,0.0,48323000.0,0.0,2758025000.0,322762000.0,1106125000.0,0.0,13.33,-3128.687,-3573.5,2519951000.0,74771000.0,71.47,1.323,1.3,994606000.0,-949334000.0,11547969000.0,11547969000.0,0.0,0.0,-0.004,0.059,0.025,48785000.0,2314325000.0,1.0,213715534.0,210082696.0,210082696.0,54.969,7738022000.0,0.0,66892000.0,178173000.0,36.833,85300000.0
7,LYV,MRT,2019-09-30,2019-09-30,2019-09-30,2021-08-03,-181047000.0,9967133000.0,9823984750.0,3849723000.0,6117410000.0,1.146,6.112,-301941000.0,1808794000.0,1808794000.0,8255832000.0,119666000.0,0.972,6.56,3974045000.0,186573000.0,3787472000.0,3974045000.0,1115874000.0,438311000.0,0.0,0.0,0.0,293662000.0,731973000.0,0.065,731973000.0,293662000.0,146988000.0,0.03,0.01,0.03,1287273000.0,1150901250.0,1287273000.0,15878222081.0,54.0,21.692,416991000.0,1.98,1.0,3004544000.0,0.267,2962761000.0,146674000.0,5210251000.0,4050005750.0,0.0,0.0,0.0,0.0,8444301000.0,3959372000.0,4484929000.0,14140192081.0,-101004000.0,-168674000.0,19361000.0,-37641000.0,0.0,-218952000.0,-521410000.0,-28285000.0,718932000.0,-79574000.0,81949000.0,8989000.0,8989000.0,0.0,37717000.0,0.001,2693839000.0,310705000.0,1105124000.0,0.0,10.985,1573.055,2211.333,2193626000.0,72960000.0,66.34,1.256,1.241,1215465000.0,-789387000.0,11260376000.0,11260376000.0,0.0,0.001,0.008,0.073,0.026,48191000.0,2249495000.0,1.0,213147303.0,210621971.0,218957376.0,53.462,7004372000.0,0.0,65039000.0,166305000.0,33.256,-109649000.0
8,LYV,MRT,2019-06-30,2019-06-30,2019-06-30,2021-08-03,-148791000.0,10529387000.0,9460126250.0,4284887000.0,6244500000.0,1.197,5.591,-275132000.0,2284979000.0,2284979000.0,8379759000.0,108891000.0,0.93,7.769,4023009000.0,175474000.0,3847535000.0,4023009000.0,1890997000.0,411611000.0,0.0,0.0,0.0,276577000.0,688188000.0,0.061,688188000.0,276577000.0,130497000.0,0.02,0.0,0.02,1174143000.0,1158430250.0,1174143000.0,15317306800.0,55.0,22.257,439951000.0,2.095,1.0,2942179000.0,0.26,3048061000.0,146080000.0,4613633000.0,3480712750.0,0.0,0.0,0.0,0.0,9121631000.0,4605723000.0,4515908000.0,14020439800.0,-15334000.0,-151794000.0,21913000.0,-47575000.0,0.0,-223857000.0,-464168000.0,-10520000.0,715083000.0,-42392000.0,75707000.0,5538000.0,5538000.0,0.0,33184000.0,0.0,2652174000.0,290005000.0,1159844000.0,0.0,11.941,2531.679,3312.5,2212377000.0,70169000.0,66.25,1.238,1.229,1096754000.0,-968312000.0,11321938000.0,11321938000.0,0.0,0.001,0.005,0.079,0.024,47562000.0,2229029000.0,1.0,211629280.0,209998048.0,219977612.0,53.914,7481326000.0,0.0,54790000.0,169985000.0,35.626,-320836000.0
9,LYV,MRT,2019-03-31,2019-03-31,2019-03-31,2021-08-03,-148120000.0,10302533000.0,9065981750.0,4424874000.0,5877659000.0,1.217,4.994,-251844000.0,2684192000.0,2684192000.0,8187452000.0,76127000.0,0.944,8.687,3981059000.0,193718000.0,3787341000.0,3981059000.0,2068792000.0,397570000.0,0.0,0.0,0.0,224357000.0,621927000.0,0.056,621927000.0,224357000.0,79550000.0,-0.16,-0.17,-0.16,1043208000.0,1155656750.0,1043208000.0,13837290216.0,62.0,22.249,383294000.0,1.835,1.0,2845792000.0,0.258,2864968000.0,144807000.0,4045550000.0,2913304250.0,0.0,0.0,0.0,0.0,9062139000.0,4688882000.0,4373257000.0,13400473216.0,-264591000.0,-156385000.0,22568000.0,-89555000.0,0.0,-286857000.0,-493053000.0,-59750000.0,635138000.0,-119819000.0,41711000.0,-32115000.0,-32115000.0,0.0,34416000.0,-0.003,2599521000.0,246271000.0,1227526000.0,0.0,12.845,-417.265,-397.125,2057962000.0,73826000.0,63.54,1.215,1.203,920035000.0,-1071667000.0,11033244000.0,11033244000.0,0.0,-0.004,-0.028,0.077,0.02,47917000.0,2183335000.0,1.0,210898225.0,208908323.0,208908323.0,52.814,7437565000.0,0.0,37839000.0,142710000.0,35.602,-264008000.0
10,LYV,MRT,2018-12-31,2018-12-31,2018-12-31,2021-08-03,-145231000.0,8496886000.0,8769735500.0,3848074000.0,4648812000.0,1.23,5.298,-239833000.0,2378203000.0,2378203000.0,7967932000.0,90340000.0,1.026,6.51,2815020000.0,82142000.0,2732878000.0,2815020000.0,1227797000.0,386529000.0,0.0,0.0,0.0,241990000.0,628519000.0,0.058,628519000.0,241990000.0,101014000.0,-0.09,-0.09,-0.09,1098981000.0,1179272500.0,1098981000.0,11224113254.0,46.0,17.858,701753000.0,3.383,1.0,2819868000.0,0.261,2853248000.0,140976000.0,2330589000.0,2325848750.0,0.0,0.0,0.0,0.0,7154143000.0,3749866000.0,3404277000.0,10320094254.0,549381000.0,-166725000.0,22568000.0,458271000.0,0.0,188784000.0,-496909000.0,-56791000.0,941586000.0,-84080000.0,60249000.0,-17651000.0,-17651000.0,0.0,30091000.0,-0.002,2559495000.0,260373000.0,1127415000.0,0.0,9.391,-584.675,-547.222,946593000.0,77900000.0,49.25,0.957,0.947,829320000.0,-1019223000.0,10787800000.0,10787800000.0,0.0,-0.002,-0.015,0.104,0.022,45582000.0,2150434000.0,1.0,209545061.0,207441468.0,207441468.0,52.004,5643638000.0,0.0,40765000.0,137067000.0,27.206,98208000.0
11,LYV,MRT,2018-09-30,2018-09-30,2018-09-30,2021-08-03,-134918000.0,8511699000.0,8521579750.0,3881047000.0,4630652000.0,1.233,6.345,-217650000.0,1909798000.0,1909798000.0,7741773000.0,51744000.0,1.075,5.284,2813817000.0,81832000.0,2731985000.0,2813817000.0,890783000.0,398538000.0,0.0,0.0,0.0,126064000.0,524602000.0,0.05,524602000.0,126064000.0,-6387000.0,-0.39,-0.4,-0.39,1317389000.0,1199826250.0,1317389000.0,11915228391.0,95.0,22.713,243214000.0,1.171,1.0,2764622000.0,0.263,2873841000.0,132451000.0,2933079000.0,2129582250.0,0.0,0.0,0.0,0.0,6960770000.0,3608798000.0,3351972000.0,11387491391.0,104829000.0,-173018000.0,22770000.0,441377000.0,0.0,166706000.0,-470943000.0,-46100000.0,460864000.0,-51798000.0,17243000.0,-75923000.0,-75923000.0,0.0,34501000.0,-0.007,2616031000.0,148591000.0,1160683000.0,0.0,8.644,-149.987,-139.667,913357000.0,93166000.0,54.47,1.084,1.076,1252585000.0,-871336000.0,10506395000.0,10506395000.0,0.0,-0.009,-0.063,0.059,0.012,53149000.0,2195185000.0,1.0,209059875.0,207614413.0,216788983.0,50.605,5637858000.0,0.0,-23630000.0,130911000.0,27.155,272249000.0
12,LYV,MRT,2018-06-30,2018-06-30,2018-06-30,2021-08-03,-125837000.0,8952809000.0,8346286000.0,4263356000.0,4689453000.0,1.211,5.61,-210469000.0,2300313000.0,2300313000.0,7451357000.0,17317000.0,1.013,6.489,2828050000.0,84946000.0,2743104000.0,2828050000.0,1846156000.0,388160000.0,0.0,0.0,0.0,89062000.0,477222000.0,0.047,477222000.0,89062000.0,-34023000.0,-0.56,-0.57,-0.56,1163049000.0,1215222500.0,1163049000.0,10065157443.0,113.0,21.091,128170000.0,0.618,1.0,2660100000.0,0.263,2929796000.0,123085000.0,2343999000.0,1950898750.0,0.0,0.0,0.0,0.0,7547289000.0,4206751000.0,3340538000.0,10147127443.0,79447000.0,-169745000.0,29294000.0,453186000.0,0.0,211813000.0,-470041000.0,-57333000.0,338639000.0,-964000.0,-19047000.0,-112821000.0,-112821000.0,0.0,36364000.0,-0.011,2545039000.0,115061000.0,1034581000.0,0.0,8.725,-89.94,-86.732,890439000.0,93774000.0,48.57,1.004,0.996,949422000.0,-1044019000.0,10111457000.0,10111457000.0,0.0,-0.014,-0.093,0.046,0.009,49600000.0,2144194000.0,1.0,208917592.0,207331781.0,215105119.0,48.769,6023013000.0,0.0,-14976000.0,134974000.0,29.05,56605000.0
13,LYV,MRT,2018-03-31,2018-03-31,2018-03-31,2021-08-03,-92280000.0,9117548000.0,8170940250.0,4644690000.0,4472858000.0,1.215,5.503,-224679000.0,2948783000.0,2948783000.0,7338721000.0,14516000.0,1.046,6.808,2866813000.0,119414000.0,2747399000.0,2866813000.0,2039018000.0,379540000.0,0.0,0.0,0.0,90725000.0,470265000.0,0.047,470265000.0,90725000.0,-23719000.0,-0.5,-0.52,-0.5,1137671000.0,1231120000.0,1137671000.0,9246871328.0,102.0,19.663,412604000.0,1.996,1.0,2588006000.0,0.261,2901137000.0,114444000.0,1695728000.0,1762789000.0,0.0,0.0,0.0,0.0,7745327000.0,4438713000.0,3306614000.0,8772234328.0,717209000.0,-78030000.0,29441000.0,495710000.0,0.0,282134000.0,-341285000.0,-9463000.0,637283000.0,139077000.0,-6928000.0,-102367000.0,-102367000.0,0.0,21444000.0,-0.01,2484328000.0,103678000.0,1200835000.0,0.0,7.711,-85.694,-84.28,886901000.0,95439000.0,42.14,0.884,0.878,783807000.0,-1113378000.0,9926727000.0,9926727000.0,0.0,-0.013,-0.083,0.051,0.009,45689000.0,2102005000.0,1.0,208168826.0,206728167.0,206728167.0,48.018,6216411000.0,0.0,-16791000.0,138517000.0,30.07,205977000.0
14,LYV,MRT,2017-12-31,2017-12-31,2017-12-31,2021-08-03,-108542000.0,7504263000.0,7847432500.0,3152742000.0,4351521000.0,1.234,5.764,-238435000.0,1828822000.0,1828822000.0,7181898000.0,7774000.0,0.881,5.153,2299959000.0,347593000.0,1952366000.0,2299959000.0,925220000.0,372201000.0,0.0,0.0,0.0,84601000.0,456802000.0,0.047,456802000.0,84601000.0,-23169000.0,-0.48,-0.48,-0.48,1181196000.0,1225888000.0,1181196000.0,9314594850.0,110.0,20.391,385087000.0,1.879,1.0,2505324000.0,0.259,2852877000.0,107770000.0,1545523000.0,1704296000.0,0.0,0.0,0.0,0.0,6086119000.0,3577000000.0,2509119000.0,8803472850.0,299247000.0,-73116000.0,51069000.0,-49943000.0,0.0,-127083000.0,-327586000.0,-9463000.0,623522000.0,130394000.0,-6015000.0,-97646000.0,-97646000.0,0.0,13789000.0,-0.01,2413812000.0,91512000.0,1034303000.0,0.0,7.453,-90.157,-88.688,885936000.0,91631000.0,42.57,0.909,0.901,725304000.0,-1079472000.0,9687222000.0,9687222000.0,0.0,-0.012,-0.08,0.05,0.009,42755000.0,2042695000.0,1.0,206799926.0,204923740.0,204923740.0,47.272,4651386000.0,0.0,-17154000.0,137635000.0,22.698,-424258000.0
15,LYV,MRT,2017-09-30,2017-09-30,2017-09-30,2021-08-03,-117866000.0,7810524000.0,7662433250.0,3563629000.0,4246895000.0,1.127,6.717,-238586000.0,1801013000.0,1801013000.0,6252955000.0,88584000.0,1.109,4.493,2312135000.0,71674000.0,2240461000.0,2312135000.0,909037000.0,274268000.0,0.0,0.0,0.0,237636000.0,511904000.0,0.059,511904000.0,237636000.0,127580000.0,0.07,0.03,0.07,1378974000.0,1212093000.0,1378974000.0,9076046315.0,38.0,17.73,658871000.0,3.209,1.0,2382763000.0,0.276,2890424000.0,110056000.0,2218345000.0,1858540000.0,0.0,0.0,0.0,0.0,6195982000.0,3212877000.0,2983105000.0,8977271315.0,763528000.0,-149819000.0,59369000.0,234239000.0,0.0,183249000.0,-401802000.0,-3959000.0,897457000.0,84624000.0,83518000.0,13959000.0,13959000.0,0.0,5066000.0,0.002,2130594000.0,252169000.0,953467000.0,0.0,6.51,643.117,622.143,844814000.0,69559000.0,43.55,1.04,1.035,991215000.0,-888579000.0,8635718000.0,8635718000.0,0.0,0.002,0.012,0.128,0.028,31407000.0,1852678000.0,1.0,206137114.0,205287843.0,223132186.0,42.066,4920100000.0,0.0,44062000.0,202049000.0,23.967,350752000.0
16,LYV,MRT,2017-06-30,2017-06-30,2017-06-30,2021-08-03,-136134000.0,8251426000.0,7314059500.0,3984278000.0,4267148000.0,1.144,5.993,-223554000.0,2216812000.0,2216812000.0,6047018000.0,72575000.0,1.038,5.539,2315587000.0,66430000.0,2249157000.0,2315587000.0,1737491000.0,289902000.0,0.0,0.0,0.0,199083000.0,488985000.0,0.058,488985000.0,199083000.0,90405000.0,0.02,-0.01,0.02,1226639000.0,1187539000.0,1226639000.0,7256749050.0,36.0,14.84,668919000.0,3.268,1.0,2318808000.0,0.277,2921984000.0,108678000.0,1591560000.0,1885900000.0,0.0,0.0,0.0,0.0,6794203000.0,3836657000.0,2957546000.0,7165541050.0,707032000.0,-139548000.0,52185000.0,232781000.0,0.0,144141000.0,-379007000.0,-16168000.0,892473000.0,49425000.0,58204000.0,1466000.0,1466000.0,0.0,14371000.0,0.0,2078386000.0,240422000.0,982029000.0,0.0,5.842,4887.818,1742.5,817373000.0,56738000.0,34.85,0.857,0.853,865107000.0,-1024972000.0,8365826000.0,8365826000.0,0.0,0.0,0.001,0.106,0.024,31680000.0,1782934000.0,1.0,205610934.0,204688374.0,213879152.0,40.871,5329442000.0,0.0,32201000.0,205770000.0,26.037,147621000.0
17,LYV,MRT,2017-03-31,2017-03-31,2017-03-31,2021-08-03,-165231000.0,7823517000.0,7012059500.0,3601449000.0,4222068000.0,1.121,5.481,-202027000.0,2227555000.0,2227555000.0,5630235000.0,28481000.0,1.018,5.805,2318763000.0,59943000.0,2258820000.0,2318763000.0,1796015000.0,304161000.0,0.0,0.0,0.0,149174000.0,453335000.0,0.058,453335000.0,149174000.0,42090000.0,-0.16,-0.17,-0.16,1116743000.0,1178006000.0,1116743000.0,7005144984.0,47.0,15.452,641051000.0,3.147,1.0,2231264000.0,0.284,2913638000.0,107084000.0,1461756000.0,1909986500.0,0.0,0.0,0.0,0.0,6482950000.0,3539331000.0,2943619000.0,6218682984.0,530558000.0,-207311000.0,41248000.0,236541000.0,0.0,147434000.0,-415760000.0,-9173000.0,843078000.0,-44194000.0,14467000.0,-34726000.0,-34726000.0,0.0,14014000.0,-0.004,2040935000.0,190329000.0,924421000.0,0.0,5.569,-179.079,-189.812,782166000.0,49193000.0,30.37,0.791,0.787,584638000.0,-1106450000.0,7861499000.0,7861499000.0,0.0,-0.005,-0.029,0.078,0.019,31736000.0,1720799000.0,1.0,204764010.0,203730897.0,203730897.0,38.588,4909879000.0,0.0,27623000.0,203206000.0,24.1,62118000.0
18,LYV,MRT,2016-12-31,2016-12-31,2016-12-31,2021-08-03,-176707000.0,6764266000.0,6787973750.0,2673551000.0,4090715000.0,1.153,5.572,-173827000.0,1526591000.0,1526591000.0,5639177000.0,20297000.0,1.087,4.809,2313053000.0,53317000.0,2259736000.0,2313053000.0,804973000.0,318584000.0,0.0,0.0,0.0,137477000.0,456061000.0,0.058,456061000.0,137477000.0,30971000.0,-0.23,-0.23,-0.23,1126016000.0,1194917250.0,1126016000.0,6402920737.0,47.0,14.04,424912000.0,2.103,1.0,2187159000.0,0.279,2927885000.0,106506000.0,2162499000.0,1935653750.0,0.0,0.0,0.0,0.0,5414750000.0,2460344000.0,2954406000.0,5411422737.0,224715000.0,-240546000.0,20299000.0,237620000.0,0.0,99212000.0,-426477000.0,-9173000.0,598739000.0,-46759000.0,2942000.0,-47010000.0,-47010000.0,0.0,17355000.0,-0.006,2003049000.0,184110000.0,781505000.0,0.0,4.806,-115.112,-115.652,751536000.0,49952000.0,26.6,0.691,0.687,568936000.0,-1073457000.0,7826336000.0,7826336000.0,0.0,-0.007,-0.039,0.071,0.018,32723000.0,1673511000.0,1.0,203436945.0,202076243.0,202076243.0,38.73,3836381000.0,0.0,28029000.0,197811000.0,18.985,213207000.0
19,LYV,MRT,2016-09-30,2016-09-30,2016-09-30,2021-08-03,-144273000.0,6417029000.0,6635967500.0,2407205000.0,4009824000.0,1.25,6.337,-164725000.0,1039706000.0,1039706000.0,6039657000.0,39431000.0,1.055,3.824,2031204000.0,46693000.0,1984511000.0,2031204000.0,518678000.0,420316000.0,0.0,0.0,0.0,157004000.0,577320000.0,0.07,577320000.0,157004000.0,55015000.0,-0.12,-0.14,-0.12,1280758000.0,1222651500.0,1280758000.0,6098788702.0,39.0,10.564,277569000.0,1.373,1.0,2254458000.0,0.272,2799745000.0,101989000.0,2327785000.0,1906411250.0,0.0,0.0,0.0,0.0,4897981000.0,2280997000.0,2616984000.0,5580779702.0,-21677000.0,-138970000.0,7271000.0,-5297000.0,0.0,-120373000.0,-324035000.0,-16512000.0,442294000.0,-19563000.0,25968000.0,-23304000.0,-23304000.0,0.0,13463000.0,-0.003,2070676000.0,183782000.0,775583000.0,0.0,4.357,-239.477,-229.0,720590000.0,49272000.0,27.48,0.673,0.67,785418000.0,-972100000.0,8294115000.0,8294115000.0,0.0,-0.004,-0.019,0.082,0.019,33004000.0,1642179000.0,1.0,203085142.0,202118412.0,217690217.0,41.036,3617284000.0,0.0,29047000.0,198660000.0,17.897,126208000.0
20,LYV,MRT,2016-06-30,2016-06-30,2016-06-30,2021-08-03,-136404000.0,7043426000.0,6598048750.0,2969952000.0,4073474000.0,1.174,5.887,-154027000.0,1512099000.0,1512099000.0,5585976000.0,11052000.0,0.982,4.735,2030108000.0,44918000.0,1985190000.0,2030108000.0,1347953000.0,414508000.0,0.0,0.0,0.0,135322000.0,549830000.0,0.071,549830000.0,135322000.0,32738000.0,-0.24,-0.25,-0.24,1188507000.0,1235321500.0,1188507000.0,5106340176.0,38.0,9.287,302326000.0,1.497,1.0,2160640000.0,0.279,2850095000.0,102584000.0,1687906000.0,1908689250.0,0.0,0.0,0.0,0.0,5627644000.0,3023434000.0,2604210000.0,4768780176.0,-13720000.0,-167337000.0,4008000.0,-2942000.0,0.0,-80853000.0,-346454000.0,-14152000.0,456353000.0,-42766000.0,3938000.0,-46876000.0,-46876000.0,0.0,7114000.0,-0.006,2020155000.0,140485000.0,813809000.0,0.0,4.012,-101.732,-97.917,712812000.0,50814000.0,23.5,0.616,0.612,634562000.0,-1083176000.0,7746616000.0,7746616000.0,0.0,-0.007,-0.038,0.071,0.017,32943000.0,1591573000.0,1.0,202926816.0,201896009.0,208601733.0,38.369,4193331000.0,0.0,28800000.0,198617000.0,20.77,-53482000.0
21,LYV,MRT,2016-03-31,2016-03-31,2016-03-31,2021-08-03,-112905000.0,6927174000.0,6515571250.0,2966254000.0,3960920000.0,1.125,5.872,-143807000.0,1699281000.0,1699281000.0,5259387000.0,-5197000.0,1.014,4.663,2036841000.0,43990000.0,1992851000.0,2036841000.0,1354101000.0,407655000.0,0.0,0.0,0.0,112507000.0,520162000.0,0.071,520162000.0,112507000.0,9557000.0,-0.31,-0.32,-0.31,1184388000.0,1251043750.0,1184388000.0,5258763702.0,47.0,10.11,333784000.0,1.655,1.0,2073748000.0,0.283,2774072000.0,102950000.0,1564425000.0,1915999750.0,0.0,0.0,0.0,0.0,5522516000.0,2926237000.0,2596279000.0,4516874702.0,92623000.0,-140529000.0,16959000.0,-7375000.0,0.0,-73095000.0,-326146000.0,-27624000.0,477591000.0,14273000.0,-18747000.0,-61374000.0,-61374000.0,0.0,13550000.0,-0.008,1949324000.0,124424000.0,878922000.0,0.0,3.814,-73.596,-71.968,722790000.0,42627000.0,22.31,0.616,0.614,480681000.0,-1120919000.0,7333135000.0,7333135000.0,0.0,-0.009,-0.049,0.059,0.015,32787000.0,1543245000.0,1.0,202459646.0,201696142.0,201696142.0,36.357,4153102000.0,0.0,28304000.0,204032000.0,20.591,40017000.0
22,LYV,MRT,2015-12-31,2015-12-31,2015-12-31,2021-08-03,-111657000.0,6156241000.0,6368378000.0,2288315000.0,3867926000.0,1.138,6.155,-142491000.0,1303125000.0,1303125000.0,5196473000.0,-15769000.0,1.089,3.807,2045014000.0,42352000.0,2002662000.0,2045014000.0,618640000.0,397241000.0,0.0,0.0,0.0,92495000.0,489736000.0,0.068,489736000.0,92495000.0,-10386000.0,-0.33,-0.33,-0.33,1236953000.0,1253933750.0,1236953000.0,5946459222.0,64.0,12.142,165363000.0,0.823,1.0,2049258000.0,0.283,2751395000.0,102881000.0,2045529000.0,1975317750.0,0.0,0.0,0.0,0.0,4709322000.0,2101206000.0,2608116000.0,4971748222.0,-78904000.0,-111778000.0,16280000.0,-6293000.0,0.0,-44121000.0,-290985000.0,-28288000.0,307854000.0,-51652000.0,-32508000.0,-65687000.0,-65687000.0,0.0,16739000.0,-0.009,1945054000.0,104204000.0,721548000.0,0.0,4.019,-75.688,-74.455,731282000.0,33179000.0,24.57,0.686,0.681,452600000.0,-1075111000.0,7245731000.0,7245731000.0,0.0,-0.01,-0.052,0.047,0.013,33361000.0,1519800000.0,1.0,202350355.0,200973485.0,200973485.0,36.053,3404846000.0,0.0,22122000.0,199472000.0,16.942,187109000.0
23,LYV,MRT,2015-09-30,2015-09-30,2015-09-30,2021-08-03,-94234000.0,6265354000.0,6321408000.0,2296595000.0,3968759000.0,1.12,6.611,-138845000.0,1061383000.0,1061383000.0,5102313000.0,-157934000.0,1.077,3.543,2036094000.0,42131000.0,1993963000.0,2036094000.0,521648000.0,383577000.0,0.0,0.0,0.0,-13545000.0,370032000.0,0.052,370032000.0,-13545000.0,-116286000.0,-0.81,-0.81,-0.81,1331438000.0,1268934000.0,1331438000.0,5369430745.0,-396.0,14.511,144926000.0,0.72,1.0,1978548000.0,0.279,2771404000.0,102741000.0,2336897000.0,1985876250.0,0.0,0.0,0.0,0.0,4717561000.0,2131764000.0,2585797000.0,4864787745.0,-296917000.0,-274493000.0,22340000.0,-31542000.0,0.0,-58730000.0,-452287000.0,-49747000.0,283771000.0,-69671000.0,-140630000.0,-159700000.0,-159700000.0,0.0,-17304000.0,-0.023,2011376000.0,-32828000.0,748932000.0,0.0,3.654,-30.462,-29.679,719523000.0,19070000.0,24.04,0.687,0.684,631344000.0,-996777000.0,7080861000.0,7080861000.0,0.0,-0.025,-0.126,-0.007,-0.002,33092000.0,1479926000.0,1.0,202362219.0,201392591.0,208738780.0,35.159,3493950000.0,0.0,24344000.0,208758000.0,17.349,164831000.0
24,LYV,MRT,2015-06-30,2015-06-30,2015-06-30,2021-08-03,-87931000.0,6713516000.0,6267002250.0,2752748000.0,3960768000.0,1.111,6.233,-140543000.0,1525819000.0,1525819000.0,5004510000.0,-146489000.0,1.009,4.21,2030462000.0,57289000.0,1973173000.0,2030462000.0,1201446000.0,382448000.0,0.0,0.0,0.0,-11643000.0,370805000.0,0.053,370805000.0,-11643000.0,-116886000.0,-0.68,-0.7,-0.68,1251396000.0,1312255750.0,1251396000.0,5968039991.0,-513.0,16.095,173793000.0,0.866,1.0,1955442000.0,0.281,2773731000.0,105243000.0,1717148000.0,1976318500.0,0.0,0.0,0.0,0.0,5268951000.0,2727280000.0,2541671000.0,5541822991.0,-515867000.0,-284080000.0,23075000.0,-255044000.0,0.0,-290590000.0,-460618000.0,-45102000.0,314336000.0,-78995000.0,-124516000.0,-134666000.0,-134666000.0,0.0,-21973000.0,-0.019,1995636000.0,-40194000.0,808807000.0,0.0,4.429,-41.152,-40.426,701763000.0,10150000.0,27.49,0.796,0.793,524227000.0,-1085826000.0,6959952000.0,6959952000.0,0.0,-0.021,-0.103,-0.006,-0.002,34023000.0,1460843000.0,1.0,201594143.0,200767811.0,208778589.0,34.667,3939785000.0,0.0,7630000.0,194607000.0,19.624,25468000.0
25,LYV,MRT,2015-03-31,2015-03-31,2015-03-31,2021-08-03,-114478000.0,6338401000.0,6306653250.0,2653113000.0,3685288000.0,1.088,5.975,-144429000.0,1606658000.0,1606658000.0,4910107000.0,-140879000.0,1.058,4.139,2032875000.0,64104000.0,1968771000.0,2032875000.0,1081883000.0,370096000.0,0.0,0.0,0.0,-2025000.0,368071000.0,0.054,368071000.0,-2025000.0,-109208000.0,-0.63,-0.65,-0.63,1195948000.0,1364852750.0,1195948000.0,5765232072.0,-2847.0,15.663,128790000.0,0.643,1.0,1949853000.0,0.284,2455940000.0,107183000.0,1801697000.0,1981907000.0,0.0,0.0,0.0,0.0,4949849000.0,2506981000.0,2442868000.0,5083861072.0,-22484000.0,-237178000.0,13878000.0,259434000.0,0.0,206408000.0,-405207000.0,-35059000.0,273219000.0,-96904000.0,-116638000.0,-123683000.0,-123683000.0,0.0,-24241000.0,-0.018,1984776000.0,-34923000.0,794302000.0,0.0,4.251,-41.104,-40.048,675792000.0,7045000.0,25.23,0.741,0.736,434543000.0,-1100882000.0,6859960000.0,6859960000.0,0.0,-0.02,-0.091,-0.001,0.0,38508000.0,1456547000.0,1.0,201500637.0,200155435.0,200155435.0,34.273,3882461000.0,0.0,7430000.0,195387000.0,19.397,146132000.0
26,LYV,MRT,2014-12-31,2014-12-31,2014-12-31,2021-08-03,-70010000.0,5968361000.0,6287096750.0,2267691000.0,3700670000.0,1.092,6.521,-139587000.0,1382029000.0,1382029000.0,4919969000.0,-104450000.0,1.128,3.458,2043400000.0,47443000.0,1995957000.0,2043400000.0,543122000.0,368143000.0,0.0,0.0,0.0,20135000.0,388278000.0,0.057,388278000.0,20135000.0,-86177000.0,-0.49,-0.49,-0.49,1296954000.0,1414547500.0,1296954000.0,5956062594.0,296.0,15.34,152579000.0,0.767,1.0,1946995000.0,0.284,2531230000.0,106312000.0,2087763000.0,1798586750.0,0.0,0.0,0.0,0.0,4484514000.0,2010739000.0,2473775000.0,5239206594.0,82845000.0,-229843000.0,21797000.0,261612000.0,0.0,225971000.0,-392158000.0,-34395000.0,292166000.0,-43134000.0,-90807000.0,-96467000.0,-96467000.0,0.0,-13643000.0,-0.014,1948087000.0,-1092000.0,732259000.0,0.0,4.04,-54.311,-53.286,695337000.0,5660000.0,26.11,0.763,0.756,419301000.0,-1042603000.0,6866964000.0,6866964000.0,0.0,-0.015,-0.068,0.011,0.003,39029000.0,1441221000.0,1.0,200659004.0,198874019.0,198874019.0,34.529,3437131000.0,0.0,4630000.0,196759000.0,17.283,256952000.0
27,LYV,MRT,2014-09-30,2014-09-30,2014-09-30,2021-08-03,-37577000.0,6047731000.0,6215886750.0,2497935000.0,3549796000.0,1.111,7.551,-129539000.0,1358300000.0,1358300000.0,4987290000.0,30291000.0,1.254,2.902,2075156000.0,47947000.0,2027209000.0,2075156000.0,399534000.0,368073000.0,0.0,0.0,0.0,122134000.0,490207000.0,0.071,490207000.0,122134000.0,17632000.0,0.03,0.01,0.03,1504725000.0,1442616000.0,1504725000.0,5083077434.0,42.0,10.369,30755000.0,0.154,1.0,1920919000.0,0.278,2473988000.0,104502000.0,2298666000.0,1631001750.0,0.0,0.0,0.0,0.0,4366486000.0,1991933000.0,2374553000.0,4816290434.0,55722000.0,-129561000.0,18659000.0,270779000.0,0.0,200537000.0,-282057000.0,-21772000.0,160294000.0,-23052000.0,13606000.0,11839000.0,11839000.0,0.0,16685000.0,0.002,1789571000.0,131348000.0,742918000.0,0.0,3.201,406.816,800.667,695941000.0,1767000.0,24.02,0.697,0.693,607150000.0,-856147000.0,6908209000.0,6908209000.0,0.0,0.002,0.008,0.075,0.018,36722000.0,1403666000.0,1.0,200511675.0,199261810.0,221581583.0,34.669,3573743000.0,0.0,4026000.0,165224000.0,17.935,506002000.0
28,LYV,MRT,2014-06-30,2014-06-30,2014-06-30,2021-08-03,16828000.0,6872120000.0,6147844000.0,3311346000.0,3560774000.0,1.085,7.357,-124571000.0,2041686000.0,2041686000.0,4809502000.0,-35118000.0,1.153,3.585,2308473000.0,269628000.0,2038845000.0,2308473000.0,1001097000.0,362877000.0,0.0,0.0,0.0,79339000.0,442216000.0,0.066,442216000.0,79339000.0,-26210000.0,-0.27,-0.26,-0.27,1461784000.0,1438861500.0,1461784000.0,5127533817.0,65.0,11.595,266749000.0,1.342,1.0,1858935000.0,0.279,2526587000.0,105549000.0,1739502000.0,1462675750.0,0.0,0.0,0.0,0.0,5240686000.0,2872818000.0,2367868000.0,4948959817.0,656426000.0,-100849000.0,23398000.0,533087000.0,0.0,463172000.0,-232291000.0,-7362000.0,391320000.0,34225000.0,-47783000.0,-48352000.0,-48352000.0,0.0,12665000.0,-0.007,1734298000.0,124637000.0,850752000.0,0.0,3.386,-102.353,-91.444,709342000.0,569000.0,24.69,0.742,0.736,563394000.0,-961310000.0,6668437000.0,6668437000.0,0.0,-0.008,-0.034,0.054,0.012,36864000.0,1378790000.0,1.0,200443897.0,198701762.0,205989271.0,33.56,4345533000.0,0.0,21573000.0,167179000.0,21.87,438528000.0
29,LYV,MRT,2014-03-31,2014-03-31,2014-03-31,2021-08-03,7493000.0,6260175000.0,5950516750.0,2711757000.0,3548418000.0,1.123,7.049,-133721000.0,1629142000.0,1629142000.0,4834724000.0,-1925000.0,0.956,3.36,1807716000.0,284059000.0,1523657000.0,1807716000.0,1020775000.0,369346000.0,0.0,0.0,0.0,120677000.0,490023000.0,0.073,490023000.0,120677000.0,12677000.0,-0.08,-0.07,-0.08,1394727000.0,1421483250.0,1394727000.0,4861895835.0,40.0,9.922,393788000.0,1.99,1.0,1847441000.0,0.276,2533916000.0,108000000.0,1068416000.0,1400619000.0,0.0,0.0,0.0,0.0,4686747000.0,2836417000.0,1850330000.0,4352192835.0,382727000.0,-38802000.0,70697000.0,17485000.0,0.0,15011000.0,-176450000.0,-2960000.0,527509000.0,16657000.0,-12587000.0,-13156000.0,-13156000.0,0.0,10662000.0,-0.002,1684882000.0,162559000.0,858185000.0,0.0,3.12,-330.814,-271.875,697978000.0,569000.0,21.75,0.651,0.644,509119000.0,-984244000.0,6682165000.0,6682165000.0,0.0,-0.002,-0.009,0.086,0.018,32128000.0,1344679000.0,1.0,200100820.0,197857662.0,197857662.0,33.773,3726259000.0,0.0,25264000.0,161437000.0,18.833,-124660000.0
30,LYV,MRT,2013-12-31,2013-12-31,2013-12-31,2021-08-03,-2370000.0,5683521000.0,5807543750.0,2160104000.0,3523417000.0,1.116,7.268,-134868000.0,1299184000.0,1299184000.0,4680507000.0,-36015000.0,0.958,2.905,1808887000.0,278403000.0,1530484000.0,1808887000.0,486433000.0,368923000.0,0.0,0.0,0.0,99159000.0,468082000.0,0.072,468082000.0,99159000.0,-12500000.0,-0.23,-0.23,-0.23,1409228000.0,1393436250.0,1409228000.0,4439876787.0,45.0,9.485,296493000.0,1.529,1.0,1798040000.0,0.278,2520283000.0,111659000.0,1417423000.0,1517009250.0,0.0,0.0,0.0,0.0,4093715000.0,2255518000.0,1838197000.0,3938002787.0,298129000.0,-20547000.0,85110000.0,16582000.0,0.0,32984000.0,-157552000.0,-1193000.0,431361000.0,-8664000.0,-43378000.0,-43947000.0,-43947000.0,0.0,7363000.0,-0.007,1661176000.0,136864000.0,767573000.0,0.0,2.794,-89.608,-85.913,706800000.0,569000.0,19.76,0.608,0.591,439151000.0,-951796000.0,6478547000.0,6478547000.0,0.0,-0.008,-0.032,0.065,0.015,28415000.0,1321277000.0,1.0,199291639.0,193885066.0,193885066.0,33.414,3163238000.0,0.0,30878000.0,161637000.0,16.315,-95414000.0
31,LYV,MRT,2013-09-30,2013-09-30,2013-09-30,2021-08-03,-11261000.0,5775560000.0,5709365000.0,2364550000.0,3411010000.0,1.104,7.585,-135016000.0,1302578000.0,1302578000.0,4533854000.0,-120159000.0,1.059,2.768,1804452000.0,263689000.0,1540763000.0,1804452000.0,395763000.0,428483000.0,0.0,0.0,0.0,30190000.0,458673000.0,0.073,458673000.0,30190000.0,-86402000.0,-0.67,-0.67,-0.67,1489707000.0,1379983750.0,1489707000.0,4019950087.0,133.0,8.764,407581000.0,2.075,1.0,1768820000.0,0.281,2418321000.0,116592000.0,1625362000.0,1613111250.0,0.0,40128000.0,0.0,40128000.0,4122978000.0,2233751000.0,1889227000.0,3681517087.0,518907000.0,44707000.0,80810000.0,5312000.0,0.0,59000000.0,-78477000.0,13193000.0,542597000.0,-4213000.0,-121052000.0,-121052000.0,-121052000.0,0.0,893000.0,-0.019,1710988000.0,57832000.0,773188000.0,0.0,2.471,-30.413,-27.687,697003000.0,0.0,18.55,0.584,0.578,578426000.0,-869753000.0,6302674000.0,6302674000.0,0.0,-0.021,-0.088,0.019,0.005,32692000.0,1311753000.0,1.0,198464533.0,196396704.0,202109783.0,32.092,3357239000.0,0.0,34650000.0,189496000.0,17.094,130799000.0
32,LYV,MRT,2013-06-30,2013-06-30,2013-06-30,2021-08-03,-51959000.0,6082811000.0,5623537000.0,2687357000.0,3395454000.0,1.068,7.211,-137711000.0,1385260000.0,1385260000.0,4292546000.0,-102401000.0,1.068,3.259,1723693000.0,61658000.0,1662035000.0,1723693000.0,1018135000.0,420438000.0,0.0,0.0,0.0,48046000.0,468484000.0,0.078,468484000.0,48046000.0,-74688000.0,-0.58,-0.58,-0.58,1392271000.0,1382942500.0,1392271000.0,3504758145.0,73.0,7.481,299606000.0,1.552,1.0,1711038000.0,0.285,2413420000.0,122734000.0,1491275000.0,1733285750.0,0.0,52438000.0,0.0,52438000.0,4537573000.0,2516549000.0,2021024000.0,3018603145.0,380221000.0,48439000.0,73733000.0,-18003000.0,0.0,37857000.0,-85976000.0,8870000.0,437317000.0,-8977000.0,-106878000.0,-106878000.0,-106878000.0,0.0,4477000.0,-0.018,1673422000.0,37616000.0,790266000.0,0.0,2.168,-28.243,-26.724,692695000.0,0.0,15.5,0.503,0.498,634509000.0,-913527000.0,6003584000.0,6003584000.0,0.0,-0.019,-0.077,0.028,0.008,33263000.0,1274994000.0,1.0,194748590.0,193069783.0,196770405.0,31.095,3669391000.0,0.0,32190000.0,192821000.0,19.006,170808000.0
33,LYV,MRT,2013-03-31,2013-03-31,2013-03-31,2021-08-03,-45102000.0,5688283000.0,5539940500.0,2319769000.0,3368514000.0,1.06,6.792,-121464000.0,1246415000.0,1246415000.0,4189497000.0,-155856000.0,1.03,3.319,1732570000.0,61368000.0,1671202000.0,1732570000.0,890755000.0,432009000.0,0.0,0.0,0.0,-6118000.0,425891000.0,0.072,425891000.0,-6118000.0,-128299000.0,-0.84,-0.84,-0.84,1282539000.0,1386343000.0,1282539000.0,3098428750.0,-506.0,7.275,251322000.0,1.331,1.0,1685251000.0,0.287,2387300000.0,122181000.0,1533977000.0,1801312000.0,0.0,47730000.0,0.0,47730000.0,4256466000.0,2253161000.0,2003305000.0,2359478750.0,175003000.0,-70122000.0,23067000.0,12914000.0,0.0,13860000.0,-190257000.0,8060000.0,372786000.0,-21386000.0,-157316000.0,-157316000.0,-157316000.0,0.0,1460000.0,-0.027,1704029000.0,-18778000.0,713207000.0,0.0,1.84,-14.998,-14.726,701313000.0,0.0,12.37,0.402,0.398,486173000.0,-971657000.0,5874748000.0,5874748000.0,0.0,-0.028,-0.113,-0.003,-0.001,34389000.0,1265821000.0,1.0,190742017.0,188827190.0,188827190.0,31.112,3300983000.0,0.0,29017000.0,196845000.0,17.482,66608000.0
34,LYV,MRT,2012-12-31,2012-12-31,2012-12-31,2021-08-03,-10923000.0,5290806000.0,5505304500.0,1812812000.0,3477994000.0,1.057,7.25,-123811000.0,1001055000.0,1001055000.0,4151277000.0,-161897000.0,1.025,2.79,1740005000.0,62050000.0,1677955000.0,1740005000.0,402002000.0,429557000.0,0.0,0.0,0.0,-9751000.0,419806000.0,0.072,419806000.0,-9751000.0,-133491000.0,-0.88,-0.88,-0.88,1355418000.0,1421740000.0,1355418000.0,2738197448.0,-281.0,6.523,243287000.0,1.301,1.0,1667770000.0,0.287,2459753000.0,123740000.0,1801831000.0,1837221500.0,0.0,0.0,0.0,0.0,3782232000.0,1768172000.0,2014060000.0,1775830448.0,156802000.0,-71136000.0,1143000.0,13064000.0,0.0,-19891000.0,-203791000.0,6833000.0,367098000.0,13386000.0,-163227000.0,-163227000.0,-163227000.0,0.0,1330000.0,-0.028,1690742000.0,-22972000.0,660671000.0,0.0,1.31,-10.88,-10.58,721786000.0,0.0,9.31,0.305,0.299,415790000.0,-908418000.0,5819047000.0,5819047000.0,0.0,-0.03,-0.115,-0.005,-0.002,37063000.0,1256996000.0,1.0,190744409.0,186955748.0,186955748.0,31.125,2831053000.0,0.0,29736000.0,199596000.0,15.143,44640000.0
35,LYV,MRT,2012-09-30,2012-09-30,2012-09-30,2021-08-03,-16436000.0,5432248000.0,5451939000.0,1842368000.0,3589880000.0,1.021,8.023,-130299000.0,783671000.0,783671000.0,3920915000.0,-92188000.0,1.06,2.51,1746038000.0,60070000.0,1685968000.0,1746038000.0,326730000.0,363925000.0,0.0,0.0,0.0,46426000.0,410351000.0,0.074,410351000.0,46426000.0,-78259000.0,-0.57,-0.57,-0.57,1501542000.0,1448161250.0,1501542000.0,2374701021.0,51.0,5.787,121986000.0,0.652,1.0,1646587000.0,0.296,2550575000.0,124685000.0,2106060000.0,1871084500.0,0.0,57725000.0,0.0,57725000.0,3769027000.0,1737980000.0,2031047000.0,1639681021.0,1098000.0,-89949000.0,421000.0,15087000.0,0.0,-20362000.0,-232426000.0,7213000.0,252285000.0,1601000.0,-103035000.0,-103035000.0,-103035000.0,0.0,10847000.0,-0.019,1604958000.0,41629000.0,676657000.0,0.0,1.092,-15.914,-15.105,717905000.0,0.0,8.61,0.295,0.289,583322000.0,-748701000.0,5567502000.0,5567502000.0,0.0,-0.019,-0.071,0.025,0.008,37084000.0,1243287000.0,1.0,190439143.0,187153788.0,189754343.0,29.748,2881673000.0,0.0,24776000.0,190681000.0,15.397,104388000.0
36,LYV,MRT,2012-06-30,2012-06-30,2012-06-30,2021-08-03,-45327000.0,5748425000.0,5386052250.0,2175863000.0,3572562000.0,1.002,7.522,-125634000.0,1005039000.0,1005039000.0,3749796000.0,-97343000.0,1.002,2.986,1740059000.0,57703000.0,1682356000.0,1740059000.0,830276000.0,362582000.0,0.0,0.0,0.0,31832000.0,394414000.0,0.073,394414000.0,31832000.0,-87706000.0,-0.6,-0.61,-0.6,1405873000.0,1467599500.0,1405873000.0,2388386601.0,75.0,6.056,187534000.0,1.003,1.0,1644585000.0,0.305,2549429000.0,119538000.0,1763380000.0,1882186750.0,0.0,63482000.0,0.0,63482000.0,4197775000.0,2170636000.0,2027139000.0,1746413601.0,1079000.0,-94480000.0,482000.0,-2122000.0,0.0,-38047000.0,-233483000.0,3121000.0,313168000.0,-40559000.0,-109271000.0,-109271000.0,-109271000.0,0.0,11928000.0,-0.02,1615698000.0,28887000.0,666909000.0,0.0,1.242,-15.982,-15.3,712820000.0,0.0,9.18,0.324,0.318,492484000.0,-806649000.0,5394381000.0,5394381000.0,0.0,-0.02,-0.074,0.017,0.006,35772000.0,1238446000.0,1.0,190241133.0,186893774.0,189325338.0,28.863,3198996000.0,0.0,21565000.0,192028000.0,17.117,5227000.0
37,LYV,MRT,2012-03-31,2012-03-31,2012-03-31,2021-08-03,-11056000.0,5549739000.0,5362003000.0,2032809000.0,3516930000.0,1.008,7.635,-117306000.0,1071412000.0,1071412000.0,3781078000.0,-86289000.0,1.01,2.791,1713385000.0,51218000.0,1662167000.0,1713385000.0,713989000.0,345250000.0,0.0,0.0,0.0,40185000.0,385435000.0,0.071,385435000.0,40185000.0,-80710000.0,-0.57,-0.58,-0.57,1424127000.0,1505183500.0,1424127000.0,2653098000.0,66.0,6.883,155403000.0,0.833,1.0,1621508000.0,0.3,2501344000.0,120895000.0,1677615000.0,1905642500.0,0.0,60118000.0,0.0,60118000.0,3974245000.0,2012753000.0,1961492000.0,1781663000.0,84226000.0,-37969000.0,59766000.0,-32941000.0,0.0,-19539000.0,-159995000.0,9932000.0,272709000.0,-8949000.0,-103706000.0,-103706000.0,-103706000.0,0.0,17417000.0,-0.019,1579123000.0,42385000.0,678195000.0,0.0,1.251,-17.18,-16.491,714875000.0,0.0,9.4,0.33,0.325,421919000.0,-814341000.0,5402586000.0,5402586000.0,0.0,-0.019,-0.069,0.021,0.007,34317000.0,1221473000.0,1.0,189538617.0,186521520.0,186521520.0,28.965,3048395000.0,0.0,22996000.0,177433000.0,16.343,20056000.0
38,LYV,MRT,2011-12-31,2011-12-31,2011-12-31,2021-08-03,-36374000.0,5077344000.0,5343381250.0,1576790000.0,3500554000.0,1.008,8.011,-107500000.0,844253000.0,844253000.0,3789488000.0,-70403000.0,1.056,2.368,1705261000.0,52632000.0,1652629000.0,1705261000.0,273536000.0,343018000.0,0.0,0.0,0.0,11174000.0,354192000.0,0.066,354192000.0,11174000.0,-109240000.0,-0.46,-0.46,-0.46,1461103000.0,1512844750.0,1461103000.0,2516489543.0,225.0,7.105,28205000.0,0.155,1.0,1594510000.0,0.296,2508516000.0,120414000.0,1937283000.0,1932400500.0,0.0,55796000.0,0.0,55796000.0,3460450000.0,1492553000.0,1967897000.0,1574560543.0,-48505000.0,-47844000.0,79197000.0,-32007000.0,0.0,-44379000.0,-152017000.0,9273000.0,135705000.0,12186000.0,-83016000.0,-83016000.0,-83016000.0,0.0,12613000.0,-0.015,1582680000.0,11830000.0,561583000.0,0.0,1.078,-18.967,-18.065,720136000.0,0.0,8.31,0.292,0.282,389346000.0,-745191000.0,5383998000.0,5383998000.0,0.0,-0.016,-0.055,0.006,0.002,50045000.0,1224126000.0,1.0,189477803.0,182388070.0,182388070.0,29.519,2568828000.0,0.0,-26224000.0,186298000.0,14.084,84237000.0
39,LYV,MRT,2011-09-30,2011-09-30,2011-09-30,2021-08-03,-5072000.0,5168701000.0,5372935250.0,1636801000.0,3531900000.0,1.012,8.485,-95986000.0,782573000.0,782573000.0,3860555000.0,-90398000.0,1.138,2.182,1724502000.0,56563000.0,1667939000.0,1724502000.0,273950000.0,362225000.0,0.0,0.0,0.0,-11817000.0,350408000.0,0.064,350408000.0,-11817000.0,-133033000.0,-0.67,-0.68,-0.67,1579295000.0,1488673000.0,1579295000.0,2244095592.0,-190.0,6.404,21285000.0,0.114,1.0,1575607000.0,0.29,2522097000.0,121216000.0,2150469000.0,1938466500.0,0.0,51187000.0,0.0,51187000.0,3445924000.0,1438064000.0,2007860000.0,1515113592.0,-73043000.0,-82822000.0,83816000.0,-29879000.0,0.0,-37511000.0,-172206000.0,8163000.0,117271000.0,19403000.0,-107888000.0,-107888000.0,-107888000.0,335000.0,17490000.0,-0.02,1581525000.0,-5918000.0,521619000.0,0.0,0.959,-14.043,-11.955,715756000.0,0.0,8.01,0.279,0.274,489236000.0,-645666000.0,5436162000.0,5436162000.0,0.0,-0.02,-0.072,-0.006,-0.002,47419000.0,1204125000.0,1.0,189152758.0,186127846.0,188531130.0,29.207,2646604000.0,0.0,-25145000.0,177419000.0,14.219,198737000.0
40,LYV,MRT,2011-06-30,2011-06-30,2011-06-30,2021-08-03,32240000.0,5652228000.0,5428897250.0,2035491000.0,3616737000.0,1.01,8.606,-90147000.0,1003960000.0,1003960000.0,3962546000.0,-91594000.0,1.051,2.547,1732942000.0,57648000.0,1675294000.0,1732942000.0,641322000.0,349133000.0,0.0,0.0,0.0,-12031000.0,337102000.0,0.061,337102000.0,-12031000.0,-132139000.0,-0.65,-0.65,-0.65,1556209000.0,1471386500.0,1556209000.0,2830960829.0,-235.0,8.398,32757000.0,0.181,1.0,1519397000.0,0.277,2586388000.0,120108000.0,1857203000.0,1941255750.0,0.0,45769000.0,0.0,45769000.0,3963116000.0,1937619000.0,2025497000.0,2085924829.0,4032000.0,-81735000.0,83960000.0,-32131000.0,0.0,-40149000.0,-161455000.0,11116000.0,122904000.0,82732000.0,-108593000.0,-108593000.0,-108593000.0,3548000.0,16999000.0,-0.02,1520345000.0,-948000.0,625014000.0,0.0,1.34,-19.209,-17.646,734879000.0,0.0,11.47,0.381,0.378,487843000.0,-697378000.0,5481943000.0,5481943000.0,0.0,-0.02,-0.074,-0.006,-0.002,51789000.0,1166632000.0,1.0,181859183.0,180818826.0,182790095.0,30.317,3065840000.0,0.0,-23546000.0,187402000.0,16.955,97872000.0
41,LYV,MRT,2011-03-31,2011-03-31,2011-03-31,2021-08-03,23203000.0,5475252000.0,5393315000.0,1847594000.0,3627658000.0,0.962,8.252,-80706000.0,987186000.0,987186000.0,3720678000.0,-139427000.0,1.012,2.664,1732222000.0,56007000.0,1676215000.0,1732222000.0,646110000.0,336514000.0,0.0,0.0,0.0,-57239000.0,279275000.0,0.054,279275000.0,-57239000.0,-176434000.0,-0.91,-0.91,-0.91,1454772000.0,1429462250.0,1454772000.0,2655885300.0,-46.0,9.51,116079000.0,0.658,1.0,1469118000.0,0.283,2609764000.0,119195000.0,1784647000.0,1957607500.0,0.0,36097000.0,0.0,36097000.0,3875259000.0,1825877000.0,2049382000.0,1816779300.0,161989000.0,-78049000.0,26316000.0,159531000.0,0.0,62791000.0,-148975000.0,4889000.0,196785000.0,51388000.0,-154637000.0,-154637000.0,-154637000.0,3925000.0,15210000.0,-0.03,1494937000.0,-25819000.0,629187000.0,0.0,1.249,-11.749,-10.989,735181000.0,0.0,10.0,0.35,0.34,385988000.0,-710635000.0,5189796000.0,5189796000.0,0.0,-0.029,-0.108,-0.029,-0.011,54680000.0,1150028000.0,1.0,181677930.0,176292809.0,176292809.0,29.439,2865488000.0,0.0,-21797000.0,187193000.0,16.254,21717000.0
42,LYV,MRT,2010-12-31,2010-12-31,2010-12-31,2021-08-03,-22244000.0,5195560000.0,5308861500.0,1603497000.0,3592063000.0,0.954,8.299,-75578000.0,892758000.0,892758000.0,3658310000.0,-208036000.0,1.088,2.707,1731864000.0,54150000.0,1677714000.0,1731864000.0,335539000.0,321666000.0,0.0,0.0,0.0,-96709000.0,224957000.0,0.044,224957000.0,-96709000.0,-213236000.0,-1.39,-1.39,-1.39,1364416000.0,1424304750.0,1364416000.0,2863668044.0,-30.0,12.73,82940000.0,0.504,1.0,1405438000.0,0.278,2598898000.0,116527000.0,1961547000.0,1953723750.0,0.0,30077000.0,0.0,30077000.0,3693892000.0,1474221000.0,2219671000.0,1982171044.0,655803000.0,523829000.0,7073000.0,119836000.0,0.0,49086000.0,452987000.0,5863000.0,158518000.0,-4788000.0,-228390000.0,-228390000.0,-228390000.0,4228000.0,20354000.0,-0.045,1464949000.0,-59511000.0,539177000.0,0.0,1.453,-8.679,-8.216,737064000.0,0.0,11.42,0.391,0.371,329947000.0,-662175000.0,5063748000.0,5063748000.0,0.0,-0.043,-0.16,-0.049,-0.019,52395000.0,1124743000.0,1.0,173570144.0,164410167.0,164410167.0,30.799,2596662000.0,0.0,15154000.0,219143000.0,15.794,129276000.0
43,LYV,MRT,2010-09-30,2010-09-30,2010-09-30,2021-08-03,-3211000.0,5392549000.0,4595411250.0,1806149000.0,3586400000.0,1.018,8.868,-59578000.0,855616000.0,855616000.0,3447141000.0,-91286000.0,1.179,2.491,1737113000.0,65324000.0,1671789000.0,1737113000.0,326219000.0,242185000.0,0.0,0.0,0.0,-3749000.0,238436000.0,0.051,238436000.0,-3749000.0,-105330000.0,-0.71,-0.71,-0.71,1510149000.0,1246280000.0,1510149000.0,2452591689.0,-654.0,10.286,-63178000.0,-0.371,1.0,1233066000.0,0.263,2580951000.0,101581000.0,2161626000.0,1817606500.0,0.0,27719000.0,0.0,27719000.0,3761673000.0,1531469000.0,2230204000.0,1713869689.0,597527000.0,713320000.0,2959000.0,8998000.0,0.0,-58877000.0,661976000.0,9494000.0,-3600000.0,-1972000.0,-103514000.0,-103514000.0,-103514000.0,-59143000.0,12228000.0,-0.022,1268742000.0,-35676000.0,528487000.0,0.0,1.135,-16.557,-13.915,769127000.0,0.0,9.88,0.366,0.359,470503000.0,-522881000.0,4680207000.0,4680207000.0,0.0,-0.023,-0.083,-0.002,-0.001,52196000.0,995496000.0,1.0,173468592.0,170285159.0,172302273.0,27.485,2811598000.0,0.0,-1816000.0,227337000.0,16.511,274680000.0
44,LYV,MRT,2010-06-30,2010-06-30,2010-06-30,2021-08-03,-60878000.0,5509899000.0,3921489250.0,1977352000.0,3532547000.0,1.183,8.167,-55260000.0,999928000.0,999928000.0,3526493000.0,-73939000.0,1.091,2.896,1738650000.0,46522000.0,1692128000.0,1738650000.0,742518000.0,209337000.0,0.0,0.0,0.0,7526000.0,216863000.0,0.047,216863000.0,7526000.0,-82213000.0,-0.19,-0.23,-0.19,1388512000.0,1032909750.0,1388512000.0,2507842642.0,333.0,11.564,-168432000.0,-0.991,1.0,1112496000.0,0.24,2513690000.0,89739000.0,1922610000.0,1681556250.0,0.0,29027000.0,0.0,29027000.0,4021094000.0,1812321000.0,2208773000.0,1806261642.0,530098000.0,740504000.0,2687000.0,81684000.0,0.0,15361000.0,669030000.0,4573000.0,-113172000.0,-41121000.0,-85274000.0,-85274000.0,-85274000.0,-69135000.0,11335000.0,-0.018,1146949000.0,-34453000.0,504587000.0,0.0,1.301,-21.182,-55.0,764997000.0,0.0,10.45,0.389,0.383,365034000.0,-580356000.0,4638989000.0,4638989000.0,0.0,-0.022,-0.083,0.004,0.002,42948000.0,897978000.0,1.0,172848004.0,170007727.0,170007727.0,27.287,2996209000.0,0.0,3061000.0,200806000.0,17.624,165031000.0
45,LYV,MRT,2010-03-31,2010-03-31,2010-03-31,2021-08-03,-40037000.0,5137438000.0,3328160500.0,1609101000.0,3528337000.0,1.328,9.803,-53388000.0,825197000.0,825197000.0,3468941000.0,-69528000.0,1.028,2.512,1526778000.0,39203000.0,1487575000.0,1526778000.0,598574000.0,181914000.0,0.0,0.0,0.0,-758000.0,181156000.0,0.041,181156000.0,-758000.0,-76429000.0,-0.33,-0.37,-0.33,1434142000.0,829457000.0,1434142000.0,2992424598.0,-3948.0,16.518,-108549000.0,-0.742,1.0,950529000.0,0.215,2503894000.0,75671000.0,1769112000.0,1495364500.0,0.0,27446000.0,0.0,27446000.0,3603250000.0,1566013000.0,2037237000.0,2489310598.0,468093000.0,750329000.0,596000.0,-126402000.0,0.0,-156469000.0,668454000.0,4878000.0,-55161000.0,11269000.0,-79685000.0,-79685000.0,-79685000.0,-73010000.0,10157000.0,-0.018,1018201000.0,-67672000.0,470757000.0,0.0,1.736,-31.239,-43.939,785092000.0,0.0,14.5,0.563,0.48,263952000.0,-545738000.0,4419470000.0,4419470000.0,0.0,-0.024,-0.096,-0.001,0.0,36021000.0,790155000.0,1.0,171676593.0,146300907.0,146300907.0,30.208,2633544000.0,0.0,3256000.0,224797000.0,18.001,43088000.0
46,LYV,MRT,2009-12-31,2009-12-31,2009-12-31,2021-08-03,4199000.0,2341759000.0,2740242500.0,717866000.0,1623893000.0,1.526,7.892,-64267000.0,236955000.0,236955000.0,3357245000.0,-49734000.0,0.954,2.478,740069000.0,41032000.0,699037000.0,740069000.0,284536000.0,162694000.0,0.0,0.0,0.0,17519000.0,180213000.0,0.043,180213000.0,17519000.0,-48846000.0,-0.73,-0.73,-0.73,652317000.0,616309000.0,652317000.0,1308780787.0,75.0,7.262,-6992000.0,-0.085,1.0,823776000.0,0.197,675561000.0,66365000.0,1417078000.0,1383141500.0,0.0,2077000.0,0.0,2077000.0,1616318000.0,752234000.0,864084000.0,712286787.0,37295000.0,163793000.0,-4250000.0,-103054000.0,0.0,-124356000.0,77481000.0,5274000.0,57275000.0,26895000.0,-60179000.0,-60179000.0,-60179000.0,-76277000.0,10445000.0,-0.014,876133000.0,-52357000.0,50844000.0,0.0,1.092,-11.836,-11.658,749984000.0,0.0,8.51,0.17,0.168,176179000.0,-433785000.0,4181021000.0,4181021000.0,0.0,-0.022,-0.098,0.013,0.004,16675000.0,675869000.0,1.0,83699975.0,82652366.0,82652366.0,50.586,1666198000.0,0.0,11333000.0,30480000.0,20.159,-34368000.0
47,LYV,MRT,2009-09-30,2009-09-30,2009-09-30,2021-08-03,8634000.0,2696861000.0,2773983500.0,954314000.0,1742547000.0,1.5,7.852,-101521000.0,258089000.0,258089000.0,3389439000.0,-388595000.0,0.975,2.989,854583000.0,50106000.0,804477000.0,854583000.0,275535000.0,153368000.0,0.0,0.0,0.0,-299431000.0,-146063000.0,-0.035,-146063000.0,-299431000.0,-368785000.0,-5.25,-5.29,-5.25,656668000.0,622693000.0,656668000.0,1006421332.0,-3.0,-6.89,-18109000.0,-0.217,1.0,771697000.0,0.185,697538000.0,69354000.0,1617425000.0,1431417250.0,0.0,18193000.0,0.0,18193000.0,1963088000.0,978392000.0,984696000.0,684788332.0,52173000.0,53253000.0,-23796000.0,117457000.0,0.0,84256000.0,-119668000.0,4805000.0,83412000.0,4173000.0,-400170000.0,-400170000.0,-400170000.0,-32438000.0,11575000.0,-0.096,1095018000.0,-323321000.0,88294000.0,0.0,1.043,-1.711,-1.56,852478000.0,0.0,8.19,0.165,0.165,325090000.0,-434264000.0,4161136000.0,4161136000.0,0.0,-0.144,-0.643,-0.209,-0.072,34979000.0,637823000.0,1.0,83612739.0,83631558.0,92717666.0,49.756,1999323000.0,0.0,31385000.0,0.0,23.906,-24078000.0
48,LYV,MRT,2009-06-30,2009-06-30,2009-06-30,2021-08-03,-1245000.0,3136584000.0,2836868500.0,1298843000.0,1837741000.0,1.394,6.873,-149224000.0,469830000.0,469830000.0,3217208000.0,-325430000.0,0.825,4.341,791463000.0,52467000.0,738996000.0,791463000.0,894089000.0,160753000.0,0.0,0.0,0.0,-277966000.0,-117213000.0,-0.03,-117213000.0,-277966000.0,-347102000.0,-4.29,-4.41,-4.29,574701000.0,704566750.0,574701000.0,849514912.0,-3.0,-7.248,-125532000.0,-1.501,1.0,737802000.0,0.187,705804000.0,69136000.0,1177843000.0,1429909000.0,0.0,17287000.0,0.0,17287000.0,2494593000.0,1574570000.0,920023000.0,406357912.0,16462000.0,197382000.0,-23160000.0,65306000.0,0.0,31813000.0,-14473000.0,6019000.0,23692000.0,-24570000.0,-331424000.0,-331424000.0,-331424000.0,-73209000.0,5994000.0,-0.084,1090462000.0,-352660000.0,100824000.0,0.0,0.707,-1.226,-1.133,883114000.0,0.0,4.86,0.103,0.103,250972000.0,-503511000.0,3955010000.0,3955010000.0,0.0,-0.117,-0.47,-0.194,-0.07,35217000.0,650294000.0,1.0,83612739.0,83612409.0,83612409.0,47.302,2430780000.0,0.0,-15678000.0,0.0,29.072,-275727000.0
49,LYV,MRT,2009-03-31,2009-03-31,2009-03-31,2021-08-03,-18486000.0,2785766000.0,2892608750.0,988185000.0,1797581000.0,1.396,7.306,-187059000.0,357104000.0,357104000.0,3270193000.0,-301515000.0,0.813,3.684,800261000.0,48150000.0,752111000.0,800261000.0,696240000.0,157091000.0,0.0,0.0,0.0,-245494000.0,-88403000.0,-0.022,-88403000.0,-245494000.0,-315087000.0,-3.97,-4.09,-3.97,581550000.0,775744750.0,581550000.0,895111888.0,-4.0,-10.125,-202219000.0,-2.54,1.0,767336000.0,0.19,693952000.0,69593000.0,1320220000.0,1426541750.0,0.0,17378000.0,0.0,17378000.0,2142551000.0,1214751000.0,927800000.0,209058888.0,-76761000.0,173118000.0,-26788000.0,86732000.0,0.0,65902000.0,-73562000.0,6942000.0,-15160000.0,-53941000.0,-304878000.0,-304878000.0,-304878000.0,-67255000.0,3363000.0,-0.076,1084862000.0,-317526000.0,53549000.0,0.0,0.359,-0.686,-0.673,863910000.0,0.0,2.67,0.052,0.053,215265000.0,-476313000.0,4037529000.0,4037529000.0,0.0,-0.105,-0.393,-0.172,-0.061,34197000.0,660479000.0,1.0,78299209.0,79601562.0,79601562.0,50.722,2091814000.0,0.0,-10209000.0,0.0,26.279,-226566000.0
50,LYV,MRT,2008-12-31,2008-12-31,2008-12-31,2021-08-03,-5029000.0,2476723000.0,2935409500.0,639818000.0,1836905000.0,1.392,8.892,-186217000.0,199660000.0,199660000.0,3299444000.0,-237825000.0,0.83,2.557,824120000.0,48637000.0,775483000.0,824120000.0,225664000.0,148222000.0,0.0,0.0,0.0,-193565000.0,-45343000.0,-0.011,-45343000.0,-193565000.0,-263669000.0,-3.14,-3.14,-3.14,677853000.0,841813750.0,677853000.0,1042238479.0,-5.0,-22.986,-248850000.0,-3.265,1.0,785862000.0,0.192,719765000.0,70104000.0,1610181000.0,1408248500.0,0.0,18519000.0,0.0,18519000.0,1733080000.0,771237000.0,961843000.0,448820479.0,-139331000.0,178758000.0,-22538000.0,50717000.0,0.0,33984000.0,-66893000.0,7603000.0,-62633000.0,-43789000.0,-239412000.0,-239412000.0,-239412000.0,-95653000.0,1587000.0,-0.059,1082910000.0,-297048000.0,53563000.0,0.0,0.662,-1.875,-1.828,887735000.0,0.0,5.74,0.11,0.107,217958000.0,-373606000.0,4085306000.0,4085306000.0,0.0,-0.082,-0.284,-0.137,-0.047,34556000.0,672083000.0,1.0,78191721.0,76228275.0,76228275.0,53.593,1756958000.0,0.0,-24257000.0,0.0,23.049,-131419000.0
51,LYV,MRT,2008-09-30,2008-09-30,2008-09-30,2021-08-03,38567000.0,2948401000.0,3004254500.0,871102000.0,2077299000.0,1.348,12.91,-176965000.0,205916000.0,205916000.0,3266802000.0,86235000.0,0.895,1.996,799334000.0,59948000.0,739386000.0,799334000.0,255995000.0,153697000.0,0.0,0.0,0.0,92792000.0,246489000.0,0.061,246489000.0,92792000.0,22382000.0,0.95,0.83,0.95,984163000.0,889117000.0,984163000.0,1573499970.0,17.0,6.384,-246358000.0,-3.232,1.0,783076000.0,0.193,957492000.0,70410000.0,1611392000.0,1374630000.0,0.0,21347000.0,0.0,21347000.0,1964238000.0,972935000.0,991303000.0,1232785970.0,-145426000.0,167625000.0,-2950000.0,-4132000.0,0.0,-1185000.0,-63654000.0,12174000.0,-69393000.0,-11194000.0,78485000.0,78485000.0,78485000.0,-91188000.0,7750000.0,0.019,782749000.0,327000.0,93966000.0,0.0,1.253,15.707,17.126,914379000.0,0.0,16.27,0.304,0.306,360061000.0,-25180000.0,4049878000.0,4049878000.0,0.0,0.026,0.088,0.068,0.023,27170000.0,654853000.0,1.0,75770496.0,76230900.0,84513127.0,53.126,1990909000.0,0.0,-56103000.0,0.0,26.117,-101833000.0
52,LYV,MRT,2008-06-30,2008-06-30,2008-06-30,2021-08-03,68298000.0,3359545000.0,2957849500.0,1273604000.0,2085941000.0,1.323,11.35,-141980000.0,453368000.0,453368000.0,3171457000.0,-14549000.0,0.837,2.909,794082000.0,67184000.0,726898000.0,794082000.0,782300000.0,135882000.0,0.0,0.0,0.0,38238000.0,174120000.0,0.044,174120000.0,38238000.0,-29970000.0,-0.23,-0.28,-0.23,859413000.0,847824500.0,859413000.0,1131967848.0,30.0,6.501,-68122000.0,-0.9,1.0,742537000.0,0.19,1014098000.0,68208000.0,1164374000.0,1326357000.0,0.0,22915000.0,0.0,22915000.0,2500132000.0,1521787000.0,978345000.0,801651848.0,-13293000.0,-16867000.0,-3586000.0,82663000.0,0.0,87118000.0,-186681000.0,26180000.0,73858000.0,12412000.0,-17955000.0,-17955000.0,-17955000.0,-44240000.0,3406000.0,-0.005,748019000.0,-5482000.0,122813000.0,0.0,0.933,-44.648,-46.0,906310000.0,0.0,10.58,0.205,0.205,385881000.0,-165108000.0,3913994000.0,3913994000.0,0.0,-0.006,-0.021,0.029,0.01,29256000.0,630791000.0,1.0,75770496.0,75720739.0,76791658.0,51.69,2345447000.0,0.0,-12015000.0,0.0,30.975,-248183000.0
53,LYV,MRT,2008-03-31,2008-03-31,2008-03-31,2021-08-03,66846000.0,2956969000.0,2821285750.0,1057588000.0,1899381000.0,1.336,11.28,-114801000.0,433865000.0,433865000.0,3056003000.0,-1734000.0,0.907,2.496,764181000.0,36406000.0,727775000.0,764181000.0,560432000.0,127686000.0,0.0,0.0,0.0,48620000.0,176306000.0,0.047,176306000.0,48620000.0,-18515000.0,-0.07,-0.12,-0.07,845826000.0,787664000.0,845826000.0,1392614675.0,29.0,7.899,-12206000.0,-0.163,1.0,714533000.0,0.19,873589000.0,67135000.0,1247047000.0,1283184250.0,0.0,24508000.0,0.0,24508000.0,2111143000.0,1166649000.0,944494000.0,908999675.0,39099000.0,29409000.0,42000.0,30159000.0,0.0,28426000.0,-106813000.0,27235000.0,102595000.0,14891000.0,-7381000.0,-7381000.0,-7381000.0,-50635000.0,5647000.0,-0.002,715562000.0,-1029000.0,81557000.0,0.0,1.075,-123.154,-173.286,871626000.0,0.0,12.13,0.241,0.241,286388000.0,-166343000.0,3770536000.0,3770536000.0,0.0,-0.003,-0.009,0.038,0.013,30241000.0,626353000.0,1.0,74938143.0,74984934.0,74984934.0,50.284,2083380000.0,0.0,-11134000.0,0.0,27.784,-109061000.0
54,LYV,MRT,2007-12-31,2007-12-31,2007-12-31,2021-08-03,56410000.0,2752103000.0,2716157750.0,834408000.0,1917695000.0,1.338,12.669,-105360000.0,338991000.0,338991000.0,2943311000.0,-7320000.0,0.922,2.174,822606000.0,36345000.0,786261000.0,822606000.0,259868000.0,120828000.0,0.0,0.0,0.0,57837000.0,178665000.0,0.049,178665000.0,57837000.0,-6460000.0,-0.22,-0.22,-0.22,867066000.0,725079000.0,867066000.0,1468704072.0,25.0,8.22,-68927000.0,-1.007,1.0,692078000.0,0.19,854541000.0,64297000.0,1475707000.0,1268901500.0,0.0,23443000.0,0.0,23443000.0,1885037000.0,905470000.0,979567000.0,1046606072.0,25111000.0,2560000.0,466000.0,114146000.0,0.0,110188000.0,-129570000.0,20842000.0,36433000.0,8060000.0,-15189000.0,-15189000.0,-15189000.0,-54990000.0,7869000.0,-0.004,685740000.0,6338000.0,79273000.0,0.0,1.207,-68.906,-66.0,915045000.0,0.0,14.52,0.288,0.273,266019000.0,-130941000.0,3635389000.0,3635389000.0,0.0,-0.006,-0.021,0.046,0.016,29191000.0,599113000.0,1.0,72080308.0,68440582.0,68440582.0,53.117,1897562000.0,0.0,8729000.0,0.0,27.726,-71062000.0
55,LYV,MRT,2007-09-30,2007-09-30,2007-09-30,2021-08-03,50528000.0,2762781000.0,2584382500.0,978378000.0,1784403000.0,1.393,11.801,-81620000.0,351342000.0,351342000.0,2913092000.0,-26714000.0,0.956,2.373,773440000.0,48465000.0,724975000.0,773440000.0,328767000.0,113964000.0,0.0,0.0,0.0,52170000.0,166134000.0,0.046,166134000.0,52170000.0,-5421000.0,-0.45,-0.5,-0.45,818993000.0,667978000.0,818993000.0,1545288624.0,30.0,9.301,-130815000.0,-1.885,1.0,687528000.0,0.191,743087000.0,57591000.0,1418300000.0,1219910000.0,0.0,32721000.0,0.0,32721000.0,1943788000.0,1023492000.0,920296000.0,1401984624.0,-145244000.0,-367772000.0,424000.0,333992000.0,0.0,330067000.0,-426407000.0,22722000.0,-49195000.0,291000.0,-26714000.0,-26714000.0,-26714000.0,-34621000.0,0.0,-0.007,673044000.0,14484000.0,84374000.0,0.0,1.712,-52.481,-47.222,914690000.0,0.0,21.25,0.389,0.41,392290000.0,-112579000.0,3600620000.0,3600620000.0,0.0,-0.01,-0.04,0.043,0.014,12569000.0,583595000.0,1.0,65975747.0,69398147.0,78215047.0,51.884,2019694000.0,0.0,21293000.0,0.0,29.103,-45114000.0
56,LYV,MRT,2007-06-30,2007-06-30,2007-06-30,2021-08-03,30202000.0,2813290000.0,2425879000.0,1262011000.0,1551279000.0,1.449,9.444,-73200000.0,466661000.0,466661000.0,2845809000.0,-77368000.0,0.88,3.547,609965000.0,31941000.0,578024000.0,609965000.0,764988000.0,149569000.0,0.0,0.0,0.0,7225000.0,156794000.0,0.045,156794000.0,7225000.0,-43984000.0,-1.19,-1.19,-1.19,618771000.0,631195750.0,618771000.0,1736120974.0,240.0,11.073,-36923000.0,-0.564,1.0,670454000.0,0.191,531471000.0,51209000.0,991683000.0,1073795750.0,0.0,58334000.0,0.0,58334000.0,2194519000.0,1433440000.0,761079000.0,1466377974.0,-136771000.0,-344560000.0,424000.0,234647000.0,0.0,239670000.0,-407126000.0,9411000.0,36277000.0,-5592000.0,-77368000.0,-77368000.0,-77368000.0,-34019000.0,0.0,-0.022,698198000.0,-27744000.0,113204000.0,0.0,2.37,-18.953,-18.807,864675000.0,0.0,22.38,0.417,0.417,419398000.0,-154132000.0,3516263000.0,3516263000.0,0.0,-0.032,-0.123,0.007,0.002,7661000.0,567261000.0,1.0,65521804.0,65521804.0,67702746.0,53.666,2281819000.0,0.0,33384000.0,0.0,34.825,-171429000.0
57,LYV,MRT,2007-03-31,2007-03-31,2007-03-31,2021-08-03,20216000.0,2536457000.0,2310838000.0,1006757000.0,1529700000.0,1.427,9.091,-62226000.0,394766000.0,394766000.0,2674326000.0,-77608000.0,0.918,3.259,664509000.0,31787000.0,632722000.0,664509000.0,535387000.0,140848000.0,0.0,0.0,0.0,-9514000.0,131334000.0,0.04,131334000.0,-9514000.0,-53823000.0,-1.19,-1.19,-1.19,595486000.0,646754500.0,595486000.0,1770951776.0,-186.0,13.484,4398000.0,0.067,1.0,623890000.0,0.189,520104000.0,44309000.0,1189916000.0,1009691750.0,0.0,82147000.0,0.0,82147000.0,1940971000.0,1096180000.0,844791000.0,1445685776.0,-14063000.0,-344024000.0,424000.0,287319000.0,0.0,316821000.0,-391037000.0,15299000.0,66624000.0,-6471000.0,-77608000.0,-77608000.0,-77608000.0,-30080000.0,0.0,-0.024,666612000.0,-42722000.0,75498000.0,0.0,2.428,-18.628,-18.538,865391000.0,0.0,22.06,0.438,0.438,278304000.0,-164054000.0,3298216000.0,3298216000.0,0.0,-0.034,-0.12,-0.009,-0.003,4956000.0,531701000.0,1.0,65534260.0,65499719.0,65499719.0,50.355,2016353000.0,0.0,23785000.0,0.0,30.784,-89423000.0
58,LYV,MRT,2006-12-31,2006-12-31,2006-12-31,2021-08-03,20719000.0,2225002000.0,2149799250.0,740168000.0,1484834000.0,1.532,9.848,-65705000.0,313880000.0,313880000.0,2678869000.0,-31442000.0,0.956,2.484,639146000.0,31721000.0,607425000.0,639146000.0,230179000.0,128167000.0,0.0,0.0,0.0,24354000.0,152521000.0,0.046,152521000.0,24354000.0,-12840000.0,-0.48,-0.48,-0.48,638662000.0,652397500.0,638662000.0,1336143144.0,55.0,8.76,-48077000.0,-0.741,1.0,615602000.0,0.187,496567000.0,37194000.0,1279741000.0,929519000.0,0.0,59283000.0,0.0,59283000.0,1586340000.0,773960000.0,812380000.0,1466700144.0,-89836000.0,-330223000.0,-24717000.0,261238000.0,0.0,268294000.0,-376071000.0,19672000.0,17628000.0,313000.0,-31442000.0,-31442000.0,-31442000.0,-23445000.0,0.0,-0.01,615985000.0,-383000.0,40646000.0,0.0,2.297,-46.648,-46.667,876172000.0,0.0,22.4,0.445,0.441,253444000.0,-119005000.0,3294471000.0,3294471000.0,0.0,-0.015,-0.048,0.026,0.007,3432000.0,502833000.0,1.0,65477685.0,64853243.0,64853243.0,50.799,1728435000.0,0.0,18602000.0,0.0,26.651,-33792000.0
59,LYV,MRT,2006-09-30,2006-09-30,2006-09-30,2021-08-03,11685000.0,2128767000.0,2037694750.0,1064397000.0,1064370000.0,1.671,10.261,-71553000.0,496586000.0,496586000.0,2747091000.0,-133247000.0,1.107,2.168,366029000.0,28296000.0,337733000.0,366029000.0,273978000.0,112117000.0,0.0,0.0,0.0,-5337000.0,106780000.0,0.031,106780000.0,-5337000.0,-44240000.0,,,,671864000.0,651907000.0,671864000.0,1100507328.0,-206.0,10.306,42995000.0,0.657,1.0,658184000.0,0.193,202697000.0,38903000.0,833843000.0,837466000.0,0.0,43516000.0,0.0,43516000.0,1456903000.0,961670000.0,495233000.0,1337054328.0,223112000.0,17402000.0,-42720000.0,180475000.0,0.0,188293000.0,-42836000.0,11272000.0,114548000.0,-36893000.0,-133247000.0,-133247000.0,-133247000.0,0.0,0.0,-0.039,671023000.0,-12839000.0,73960000.0,,1.99,-10.034,,780243000.0,0.0,20.42,0.393,0.393,316584000.0,-85865000.0,3405275000.0,3405275000.0,0.0,-0.065,-0.204,-0.006,-0.002,1993000.0,567284000.0,1.0,65477685.0,65477685.0,,52.007,1926070000.0,0.0,89007000.0,0.0,29.416,102727000.0
60,LYV,MRT,2006-06-30,2006-06-30,2006-06-30,2021-08-03,11049000.0,2353126000.0,,1267759000.0,1085367000.0,,10.564,-74596000.0,603432000.0,603432000.0,2395583000.0,-98063000.0,1.069,2.455,366885000.0,28045000.0,338840000.0,366885000.0,622200000.0,65174000.0,0.0,0.0,0.0,29150000.0,94324000.0,0.031,94324000.0,29150000.0,-15998000.0,,,,681006000.0,,681006000.0,1256406632.0,43.0,13.32,42467000.0,0.659,1.0,639885000.0,0.211,195400000.0,45148000.0,735267000.0,,0.0,38880000.0,0.0,38880000.0,1672120000.0,1185912000.0,486208000.0,1298933632.0,351483000.0,7298000.0,-42720000.0,296163000.0,0.0,313927000.0,-54716000.0,13323000.0,117063000.0,-24791000.0,-98063000.0,-98063000.0,-98063000.0,0.0,0.0,-0.032,618936000.0,20949000.0,70995000.0,,1.907,-13.246,,813201000.0,0.0,20.36,0.428,0.432,294704000.0,-76763000.0,3035468000.0,3035468000.0,0.0,,,,0.01,2123000.0,559815000.0,1.0,63798312.0,64462679.0,,47.089,2157726000.0,0.0,82065000.0,0.0,33.472,81847000.0
61,LYV,MRT,2006-03-31,2006-03-31,2006-03-31,2021-08-03,-2247000.0,1892302000.0,,854772000.0,1037530000.0,,9.661,-87071000.0,408829000.0,408829000.0,2374122000.0,-106775000.0,1.033,2.062,366302000.0,25939000.0,340363000.0,366302000.0,386150000.0,64150000.0,0.0,0.0,0.0,19085000.0,83235000.0,0.028,83235000.0,19085000.0,-29417000.0,,,,618058000.0,,618058000.0,1228883510.0,64.0,14.764,-75140000.0,-1.175,1.0,634807000.0,0.211,152827000.0,48502000.0,869225000.0,,0.0,36903000.0,0.0,36903000.0,1274244000.0,827723000.0,446521000.0,1265758510.0,187104000.0,-17382000.0,-42720000.0,306112000.0,0.0,300573000.0,-99779000.0,5524000.0,11931000.0,-25621000.0,-106775000.0,-106775000.0,-106775000.0,0.0,0.0,-0.035,616430000.0,18377000.0,40563000.0,,2.048,-11.854,,813462000.0,0.0,19.84,0.421,0.422,200257000.0,-86446000.0,3008929000.0,3008929000.0,0.0,,,,0.006,1774000.0,550763000.0,1.0,63798312.0,63971508.0,,47.035,1739475000.0,0.0,77358000.0,0.0,27.191,27049000.0
62,LYV,MRT,2005-12-31,2005-12-31,2005-12-31,2021-08-03,-6417000.0,1776584000.0,1627645000.0,755273000.0,1021311000.0,1.804,9.53,-92520000.0,403716000.0,403716000.0,2310925000.0,-130619000.0,1.113,1.79,366841000.0,25705000.0,341136000.0,366841000.0,232754000.0,64622000.0,0.0,0.0,0.0,-16635000.0,47987000.0,0.016,47987000.0,-16635000.0,-69131000.0,-1.96,-1.96,-1.96,636700000.0,396838000.0,636700000.0,1307295887.0,-79.0,27.243,-96437000.0,-1.443,1.0,625920000.0,0.213,149461000.0,52496000.0,911529000.0,1111388500.0,0.0,30660000.0,0.0,30660000.0,1139884000.0,678719000.0,461165000.0,835757887.0,224579000.0,-19090000.0,-18003000.0,343941000.0,0.0,363268000.0,-106049000.0,5632000.0,-3917000.0,-28723000.0,-130619000.0,-130619000.0,-130619000.0,0.0,0.0,-0.044,639549000.0,-13629000.0,37654000.0,0.0,1.313,-6.398,-6.684,808919000.0,0.0,13.1,0.285,0.298,194927000.0,-87563000.0,2936845000.0,2936845000.0,0.0,-0.08,-0.329,-0.015,-0.006,1256000.0,569622000.0,1.0,63798312.0,66809394.0,66809394.0,43.959,1627123000.0,0.0,61488000.0,0.0,24.355,76554000.0
63,LYV,MRT,2005-09-30,2005-09-30,2005-09-30,2021-08-03,,,,,,,,,,,,,,,,,,,,,,,0.0,,,,,,,,,,,,,,,,,,1.0,,,,,,,,,,,,,,,,,,,,,,,,,,,,,,,,,,,,,,,,,,,,,,,,,,,,,,1.0,63798312.0,63798312.0,,,,,,,,
64,LYV,MRT,2005-06-30,2005-06-30,2005-06-30,2021-08-03,,,,,,,,,,,,,,,,,,,,,,,0.0,,,,,,,,,,,,,,,,,,1.0,,,,,,,,,,,,,,,,,,,,,,,,,,,,,,,,,,,,,,,,,,,,,,,,,,,,,,1.0,63798312.0,63798312.0,,,,,,,,
65,LYV,MRT,2005-03-31,2005-03-31,2005-03-31,2021-08-03,,,,,,,,,,,,,,,,,,,,,,,0.0,,,,,,,,,,,,,,,,,,1.0,,,,,,,,,,,,,,,,,,,,,,,,,,,,,,,,,,,,,,,,,,,,,,,,,,,,,,1.0,63798312.0,63798312.0,,,,,,,,
66,LYV,MRT,2004-12-31,2004-12-31,2004-12-31,2021-08-03,-13521000.0,1478706000.0,1487210500.0,472557000.0,1006149000.0,1.887,2.461,-73435000.0,179137000.0,179137000.0,2185127000.0,16260000.0,0.816,8.42,650675000.0,1214000.0,649461000.0,650675000.0,184413000.0,64095000.0,0.0,,0.0,60199000.0,124294000.0,0.044,124294000.0,60199000.0,14725000.0,,,,156976000.0,172629500.0,156976000.0,,,,49018000.0,0.768,1.0,621001000.0,0.221,59651000.0,45474000.0,1311248000.0,1308990500.0,0.0,27002000.0,0.0,27002000.0,1321730000.0,579345000.0,742385000.0,,62777000.0,-16619000.0,0.0,23254000.0,0.0,20699000.0,-84076000.0,7003000.0,122453000.0,3701000.0,16260000.0,16260000.0,16260000.0,0.0,0.0,0.006,563629000.0,57372000.0,31440000.0,,,,,793316000.0,0.0,,,,174978000.0,0.0,2806128000.0,2806128000.0,0.0,0.011,0.094,0.046,0.021,1084000.0,491552000.0,1.0,63798312.0,63798312.0,,43.984,1419055000.0,97317000.0,-1535000.0,0.0,22.243,-106788000.0
67,LYV,MRT,2003-12-31,2003-12-31,2003-12-31,2021-08-03,4951000.0,1495715000.0,,423617000.0,1072098000.0,,,-69352000.0,116360000.0,116360000.0,2506635000.0,57032000.0,0.773,6.944,617838000.0,1283000.0,616555000.0,617838000.0,169370000.0,63436000.0,0.0,,0.0,112570000.0,176006000.0,0.065,176006000.0,112570000.0,68367000.0,,,,188283000.0,,188283000.0,,,,69361000.0,,1.0,201267000.0,0.074,142709000.0,44203000.0,1306733000.0,,0.0,28915000.0,0.0,28915000.0,1307432000.0,547751000.0,759681000.0,,11463000.0,3153000.0,0.0,-56894000.0,0.0,-56894000.0,-51960000.0,14795000.0,138713000.0,-18396000.0,57032000.0,57032000.0,57032000.0,0.0,0.0,0.021,90054000.0,111213000.0,41298000.0,,,,,782154000.0,0.0,,,,180387000.0,-4204115000.0,2707902000.0,2707902000.0,0.0,,,,0.042,1302000.0,30820000.0,1.0,,,,,1353006000.0,92274000.0,11335000.0,0.0,,-124134000.0
68,LYV,MRT,2002-12-31,2002-12-31,2002-12-31,2021-08-03,,,,,,,,-20667000.0,,,2302707000.0,-3928576000.0,,,,,,,,64836000.0,,,0.0,-3895579000.0,-3830743000.0,-1.549,-3830743000.0,-3895579000.0,-3899577000.0,,,,,,,,,,121570000.0,,1.0,170612000.0,0.069,,3998000.0,,,,,,,,,,,6993000.0,-11118000.0,0.0,-112281000.0,0.0,-112281000.0,-31329000.0,0.0,142237000.0,8366000.0,-3928576000.0,-3928576000.0,-3928576000.0,0.0,0.0,-1.588,75364000.0,95248000.0,,,,,,,0.0,,,,,,2473319000.0,2473319000.0,0.0,,,,-1.575,1401000.0,26101000.0,1.0,,,,,,,28999000.0,,,
