None,ticker,dimension,calendardate,datekey,reportperiod,lastupdated,accoci,assets,assetsavg,assetsc,assetsnc,assetturnover,bvps,capex,cashneq,cashnequsd,cor,consolinc,currentratio,de,debt,debtc,debtnc,debtusd,deferredrev,depamor,deposits,divyield,dps,ebit,ebitda,ebitdamargin,ebitdausd,ebitusd,ebt,eps,epsdil,epsusd,equity,equityavg,equityusd,ev,evebit,evebitda,fcf,fcfps,fxusd,gp,grossmargin,intangibles,intexp,invcap,invcapavg,inventory,investments,investmentsc,investmentsnc,liabilities,liabilitiesc,liabilitiesnc,marketcap,ncf,ncfbus,ncfcommon,ncfdebt,ncfdiv,ncff,ncfi,ncfinv,ncfo,ncfx,netinc,netinccmn,netinccmnusd,netincdis,netincnci,netmargin,opex,opinc,payables,payoutratio,pb,pe,pe1,ppnenet,prefdivis,price,ps,ps1,receivables,retearn,revenue,revenueusd,rnd,roa,roe,roic,ros,sbcomp,sgna,sharefactor,sharesbas,shareswa,shareswadil,sps,tangibles,taxassets,taxexp,taxliabilities,tbvps,workingcapital
0,FTI1,MRY,2015-12-31,2015-12-31,2015-12-31,2021-09-19,-872700000.0,6419400000.0,6748925000.0,3930200000.0,2489200000.0,0.943,10.932,-250800000.0,916200000.0,916200000.0,4894800000.0,394800000.0,1.705,1.536,1156000000.0,21900000.0,1134100000.0,1156000000.0,200500000.0,251600000.0,0.0,0.0,0.0,534000000.0,785600000.0,0.123,785600000.0,534000000.0,500900000.0,1.7,1.7,1.7,2524100000.0,2521850000.0,2524100000.0,7196911839.0,13.0,9.161,681600000.0,2.952,1.0,1467900000.0,0.231,761000000.0,33100000.0,3592900000.0,4076675000.0,764100000.0,29600000.0,0.0,29600000.0,3876200000.0,2305300000.0,1570900000.0,6613711839.0,277400000.0,-34500000.0,-186200000.0,-133800000.0,0.0,-345600000.0,-275200000.0,0.0,932400000.0,-34200000.0,393100000.0,393100000.0,393100000.0,0.0,1700000.0,0.062,875800000.0,592100000.0,519300000.0,0.0,2.62,16.825,17.065,1371500000.0,0.0,29.01,1.039,1.053,1522400000.0,4249700000.0,6362700000.0,6362700000.0,135300000.0,0.058,0.156,0.131,0.084,81800000.0,628300000.0,1.0,227980415.0,230900000.0,231700000.0,27.556,5658400000.0,252000000.0,107800000.0,162600000.0,24.506,1624900000.0
1,FTI1,MRY,2014-12-31,2014-12-31,2014-12-31,2021-09-19,-683700000.0,7172100000.0,6921925000.0,4436400000.0,2735700000.0,1.147,10.395,-404400000.0,638800000.0,638800000.0,5994900000.0,705300000.0,1.594,1.911,1305400000.0,11700000.0,1293700000.0,1305400000.0,965200000.0,232500000.0,0.0,0.0,0.0,1094500000.0,1327000000.0,0.167,1327000000.0,1094500000.0,1060900000.0,2.96,2.95,2.96,2456300000.0,2540775000.0,2456300000.0,11788867999.0,11.0,8.884,488100000.0,2.066,1.0,1947700000.0,0.245,866600000.0,33600000.0,4188500000.0,4273450000.0,1021200000.0,35900000.0,0.0,35900000.0,4694400000.0,2783600000.0,1910800000.0,10953367999.0,239700000.0,102600000.0,-247600000.0,-59700000.0,0.0,-355400000.0,-285100000.0,0.0,892500000.0,-12300000.0,699900000.0,699900000.0,699900000.0,0.0,5400000.0,0.088,879200000.0,1068500000.0,723500000.0,0.0,4.459,15.65,15.824,1458400000.0,0.0,46.84,1.379,1.394,2127000000.0,3844300000.0,7942600000.0,7942600000.0,123700000.0,0.101,0.275,0.256,0.138,89300000.0,750600000.0,1.0,233846456.0,236300000.0,236900000.0,33.612,6305500000.0,129900000.0,361000000.0,207200000.0,26.684,1652800000.0
2,FTI1,MRY,2013-12-31,2013-12-31,2013-12-31,2021-09-19,-340700000.0,6605600000.0,6305525000.0,4023000000.0,2582600000.0,1.13,9.724,-314100000.0,399100000.0,399100000.0,5571400000.0,506600000.0,1.539,1.842,1372300000.0,42500000.0,1329800000.0,1372300000.0,803200000.0,209800000.0,0.0,0.0,0.0,748400000.0,958200000.0,0.134,958200000.0,748400000.0,714000000.0,2.1,2.1,2.1,2317200000.0,2052200000.0,2317200000.0,13567987308.0,18.0,14.16,481300000.0,2.02,1.0,1554800000.0,0.218,896000000.0,34400000.0,4068100000.0,4336650000.0,980400000.0,44300000.0,0.0,44300000.0,4269300000.0,2614700000.0,1654600000.0,12352287308.0,57000000.0,-2000000.0,-116300000.0,-269700000.0,0.0,-422300000.0,-311600000.0,0.0,795400000.0,-4500000.0,501400000.0,501400000.0,501400000.0,0.0,5200000.0,0.07,807200000.0,747600000.0,750700000.0,0.0,5.331,24.636,24.862,1349100000.0,0.0,52.21,1.733,1.746,2067200000.0,3146100000.0,7126200000.0,7126200000.0,112400000.0,0.08,0.244,0.173,0.105,93500000.0,694800000.0,1.0,236588533.0,238300000.0,239100000.0,29.904,5709600000.0,96000000.0,212600000.0,294800000.0,23.96,1408300000.0
3,FTI1,MRY,2012-12-31,2012-12-31,2012-12-31,2021-09-19,-396000000.0,5902900000.0,5239925000.0,3488300000.0,2414600000.0,1.174,7.663,-402400000.0,342100000.0,342100000.0,4832900000.0,434800000.0,1.77,2.205,1640800000.0,60400000.0,1580400000.0,1640800000.0,501600000.0,146200000.0,0.0,0.0,0.0,622600000.0,768800000.0,0.125,768800000.0,622600000.0,596400000.0,1.79,1.78,1.79,1836900000.0,1681525000.0,1836900000.0,11144866220.0,18.0,14.496,-264000000.0,-1.101,1.0,1318500000.0,0.214,945100000.0,26200000.0,4286100000.0,3566950000.0,965100000.0,37400000.0,0.0,37400000.0,4049700000.0,1970400000.0,2079300000.0,10181966220.0,-1900000.0,-615500000.0,-91100000.0,983200000.0,0.0,881400000.0,-1019900000.0,0.0,138400000.0,-1800000.0,430000000.0,430000000.0,430000000.0,0.0,4800000.0,0.07,713700000.0,604800000.0,664200000.0,0.0,5.543,23.679,23.927,1243500000.0,0.0,42.83,1.655,1.669,1765500000.0,2644700000.0,6151400000.0,6151400000.0,116800000.0,0.082,0.256,0.175,0.101,110400000.0,596900000.0,1.0,237729774.0,239700000.0,240900000.0,25.663,4957800000.0,133500000.0,166400000.0,165600000.0,20.683,1517900000.0
4,FTI1,MRY,2011-12-31,2011-12-31,2011-12-31,2021-09-19,-443800000.0,4271000000.0,4105950000.0,2787900000.0,1483100000.0,1.242,5.906,-271800000.0,344000000.0,344000000.0,3966200000.0,403500000.0,1.249,1.989,623600000.0,587600000.0,36000000.0,623600000.0,450200000.0,107800000.0,0.0,0.0,0.0,560100000.0,667900000.0,0.131,667900000.0,560100000.0,549100000.0,1.66,1.64,1.66,1424600000.0,1480825000.0,1424600000.0,12639031568.0,23.0,18.924,-107000000.0,-0.444,1.0,1132800000.0,0.222,393800000.0,11000000.0,1923900000.0,2088850000.0,712200000.0,161400000.0,0.0,161400000.0,2833300000.0,2232900000.0,600400000.0,12445431568.0,28500000.0,0.0,-114000000.0,264000000.0,0.0,141000000.0,-273700000.0,0.0,164800000.0,-3600000.0,399800000.0,399800000.0,399800000.0,0.0,3700000.0,0.078,570400000.0,562400000.0,546800000.0,0.0,8.736,31.129,31.464,767900000.0,0.0,52.23,2.441,2.471,1341600000.0,2214700000.0,5099000000.0,5099000000.0,90500000.0,0.097,0.27,0.268,0.11,77800000.0,479900000.0,1.0,238281286.0,241200000.0,243200000.0,21.14,3877200000.0,166100000.0,149300000.0,234700000.0,16.075,555000000.0
5,FTI1,MRY,2010-12-31,2010-12-31,2010-12-31,2021-09-19,-252100000.0,3644200000.0,3493200000.0,2345300000.0,1298900000.0,1.181,5.398,-109400000.0,315500000.0,315500000.0,3074000000.0,377900000.0,1.568,1.77,363300000.0,12200000.0,351100000.0,363300000.0,556400000.0,101300000.0,0.0,0.0,0.0,546200000.0,647500000.0,0.157,647500000.0,546200000.0,535100000.0,1.55,1.53,1.55,1311700000.0,1201725000.0,1311700000.0,10709970513.0,20.0,16.54,85900000.0,0.353,1.0,1051600000.0,0.255,415300000.0,11100000.0,1781300000.0,1780975000.0,566500000.0,148200000.0,0.0,148200000.0,2321900000.0,1495400000.0,826500000.0,10643470513.0,-145200000.0,0.0,-162100000.0,-57900000.0,0.0,-230800000.0,-109400000.0,0.0,195300000.0,-300000.0,375500000.0,375500000.0,375500000.0,400000.0,2400000.0,0.091,500000000.0,551600000.0,344100000.0,0.0,8.114,28.345,28.681,609000000.0,0.0,44.455,2.58,2.618,1103400000.0,1814900000.0,4125600000.0,4125600000.0,68000000.0,0.107,0.312,0.307,0.132,66000000.0,432000000.0,1.0,239421224.0,243000000.0,245300000.0,16.978,3228900000.0,129700000.0,159600000.0,197400000.0,13.288,849900000.0
6,FTI1,MRY,2009-12-31,2009-12-31,2009-12-31,2021-09-19,-225800000.0,3556400000.0,3414500000.0,2268100000.0,1288300000.0,1.29,4.438,-91100000.0,460700000.0,460700000.0,3434500000.0,363300000.0,1.318,2.217,420100000.0,28500000.0,391600000.0,420100000.0,670400000.0,93000000.0,0.0,0.0,0.0,528800000.0,621800000.0,0.141,621800000.0,528800000.0,516900000.0,1.46,1.44,1.46,1102800000.0,937625000.0,1102800000.0,6988533517.0,13.0,11.239,503400000.0,2.026,1.0,970900000.0,0.22,427300000.0,11900000.0,1367500000.0,1428750000.0,591800000.0,141800000.0,0.0,141800000.0,2444600000.0,1721000000.0,723600000.0,7066533517.0,120600000.0,-162600000.0,-152600000.0,-80200000.0,0.0,-237600000.0,-253700000.0,0.0,594500000.0,17400000.0,361800000.0,361800000.0,361800000.0,-500000.0,1500000.0,0.082,440800000.0,530100000.0,343900000.0,0.0,6.408,19.532,19.808,581900000.0,0.0,28.92,1.604,1.631,879200000.0,1438900000.0,4405400000.0,4405400000.0,51300000.0,0.106,0.386,0.37,0.12,78900000.0,389500000.0,1.0,244347632.0,248500000.0,251400000.0,17.728,3129100000.0,116700000.0,155100000.0,155900000.0,12.592,547100000.0
7,FTI1,MRY,2008-12-31,2008-12-31,2008-12-31,2021-09-19,-408400000.0,3580900000.0,3624500000.0,2438300000.0,1142600000.0,1.256,2.701,-161600000.0,340100000.0,340100000.0,3623100000.0,362700000.0,1.242,4.175,495000000.0,23000000.0,472000000.0,495000000.0,770300000.0,72600000.0,0.0,0.0,0.0,521400000.0,594000000.0,0.131,594000000.0,521400000.0,513300000.0,1.415,1.39,1.415,690400000.0,938450000.0,690400000.0,3038702938.0,6.0,5.116,89000000.0,0.348,1.0,927800000.0,0.204,198900000.0,8100000.0,1573600000.0,1458775000.0,559300000.0,151200000.0,0.0,151200000.0,2882200000.0,1963300000.0,918900000.0,2979702938.0,210600000.0,-121300000.0,-319200000.0,369400000.0,0.0,252700000.0,-287600000.0,0.0,250600000.0,-5100000.0,361300000.0,361300000.0,361300000.0,-8400000.0,1400000.0,0.079,397000000.0,530800000.0,439800000.0,0.0,4.316,8.247,8.42,494900000.0,0.0,11.915,0.655,0.669,996100000.0,1081000000.0,4550900000.0,4550900000.0,45300000.0,0.1,0.385,0.357,0.115,57000000.0,351700000.0,1.0,250079978.0,255600000.0,259400000.0,17.805,3382000000.0,136200000.0,152000000.0,100000.0,13.232,475000000.0
8,FTI1,MRY,2007-12-31,2007-12-31,2007-12-31,2021-09-19,-47200000.0,3211100000.0,2993100000.0,2290400000.0,920700000.0,1.219,3.891,-116600000.0,129500000.0,129500000.0,2921900000.0,303900000.0,1.243,2.143,129300000.0,7200000.0,122100000.0,129300000.0,665300000.0,61800000.0,0.0,0.0,0.0,453400000.0,515200000.0,0.141,515200000.0,453400000.0,437300000.0,1.155,1.13,1.155,1021700000.0,906625000.0,1021700000.0,7534656279.0,17.0,14.625,467300000.0,1.78,1.0,727000000.0,0.199,227400000.0,16100000.0,1140600000.0,1373675000.0,533200000.0,33400000.0,0.0,33400000.0,2189400000.0,1842900000.0,346500000.0,7376056279.0,50000000.0,-64400000.0,-268200000.0,-98400000.0,0.0,-355600000.0,-193100000.0,0.0,583900000.0,14800000.0,302800000.0,302800000.0,302800000.0,-42200000.0,1100000.0,0.083,351400000.0,375600000.0,405600000.0,0.0,7.219,24.359,24.545,452300000.0,0.0,28.35,2.021,2.04,775700000.0,771600000.0,3648900000.0,3648900000.0,40800000.0,0.101,0.334,0.33,0.124,0.0,310600000.0,1.0,260178352.0,262600000.0,267600000.0,13.895,2983700000.0,65300000.0,134500000.0,91900000.0,11.362,447500000.0
9,FTI1,MRY,2006-12-31,2006-12-31,2006-12-31,2021-09-19,-112200000.0,2487800000.0,2324400000.0,1692100000.0,795700000.0,1.254,3.234,-112700000.0,79500000.0,79500000.0,2370000000.0,276300000.0,1.4,1.808,218400000.0,5800000.0,212600000.0,218400000.0,444900000.0,47900000.0,0.0,0.0,0.0,350800000.0,398700000.0,0.137,398700000.0,350800000.0,339000000.0,1.01,0.985,1.01,886000000.0,828850000.0,886000000.0,4356711185.0,12.0,10.927,48700000.0,0.178,1.0,545400000.0,0.187,187400000.0,11800000.0,1230400000.0,1146975000.0,584400000.0,26000000.0,0.0,26000000.0,1601800000.0,1208900000.0,392900000.0,4192611185.0,-73400000.0,-9500000.0,-115800000.0,-38100000.0,0.0,-141800000.0,-95800000.0,0.0,161400000.0,2800000.0,276300000.0,276300000.0,276300000.0,-113800000.0,0.0,0.095,304000000.0,241400000.0,420400000.0,0.0,4.732,15.174,15.255,444400000.0,0.0,15.408,1.438,1.448,898100000.0,469500000.0,2915400000.0,2915400000.0,33000000.0,0.119,0.333,0.306,0.12,0.0,271000000.0,1.0,272114956.0,274000000.0,280600000.0,10.64,2300400000.0,72100000.0,62700000.0,40900000.0,8.396,483200000.0
10,FTI1,MRY,2005-12-31,2005-12-31,2005-12-31,2021-09-19,-108500000.0,2095600000.0,1973600000.0,1431400000.0,664200000.0,1.574,2.534,1700000.0,152900000.0,152900000.0,2512000000.0,106100000.0,1.353,1.996,255900000.0,3300000.0,252600000.0,255900000.0,347000000.0,64700000.0,0.0,0.0,0.0,192000000.0,256700000.0,0.083,256700000.0,192000000.0,183000000.0,0.385,0.375,0.385,699500000.0,683050000.0,699500000.0,3008139643.0,16.0,11.719,-28700000.0,-0.104,1.0,595000000.0,0.192,176100000.0,9000000.0,964300000.0,896850000.0,441100000.0,22300000.0,0.0,22300000.0,1396100000.0,1058200000.0,337900000.0,2955139643.0,28800000.0,9500000.0,-42800000.0,93100000.0,0.0,54600000.0,8800000.0,0.0,-30400000.0,-4200000.0,106100000.0,106100000.0,106100000.0,26100000.0,0.0,0.034,401500000.0,193500000.0,358600000.0,0.0,4.225,27.852,27.87,352500000.0,0.0,10.73,0.951,0.953,711400000.0,193200000.0,3107000000.0,3107000000.0,47200000.0,0.054,0.155,0.214,0.062,0.0,354300000.0,1.0,275409100.0,276000000.0,283200000.0,11.257,1919500000.0,79600000.0,76900000.0,35700000.0,6.955,373200000.0
11,FTI1,MRY,2004-12-31,2004-12-31,2004-12-31,2021-09-19,-61000000.0,1893900000.0,1727250000.0,1217100000.0,676800000.0,1.468,2.449,-39600000.0,124100000.0,124100000.0,2028200000.0,116700000.0,1.223,1.86,163100000.0,2700000.0,160400000.0,163100000.0,297500000.0,62700000.0,0.0,0.0,0.0,151500000.0,214200000.0,0.084,214200000.0,151500000.0,143200000.0,0.432,0.42,0.432,662200000.0,538550000.0,662200000.0,2369226785.0,16.0,11.061,87400000.0,0.323,1.0,507600000.0,0.2,188800000.0,8300000.0,748700000.0,751525000.0,316300000.0,76600000.0,0.0,76600000.0,1231700000.0,995400000.0,236300000.0,2202026785.0,95100000.0,22300000.0,38600000.0,-58400000.0,0.0,-19200000.0,-16600000.0,0.0,127000000.0,3900000.0,116700000.0,116700000.0,116700000.0,-25100000.0,0.0,0.046,382700000.0,124900000.0,368800000.0,0.0,3.325,18.869,18.634,332800000.0,0.0,8.05,0.868,0.858,671700000.0,87100000.0,2535800000.0,2535800000.0,46200000.0,0.068,0.217,0.202,0.06,0.0,329200000.0,1.0,273543700.0,270400000.0,277200000.0,9.378,1705100000.0,47000000.0,26500000.0,60300000.0,6.306,221700000.0
12,FTI1,MRY,2003-12-31,2003-12-31,2003-12-31,2021-09-19,-105300000.0,1597100000.0,1483825000.0,949000000.0,648100000.0,1.555,1.677,-52200000.0,29000000.0,29000000.0,1845900000.0,68900000.0,1.117,2.603,221500000.0,20400000.0,201100000.0,221500000.0,0.0,57700000.0,0.0,0.0,0.0,105700000.0,163400000.0,0.071,163400000.0,105700000.0,95600000.0,0.26,0.258,0.26,443300000.0,361025000.0,443300000.0,1761188012.0,17.0,10.778,93000000.0,0.352,1.0,461200000.0,0.2,189400000.0,10100000.0,750400000.0,696750000.0,286800000.0,31800000.0,0.0,31800000.0,1153800000.0,849800000.0,304000000.0,1543288012.0,-3400000.0,-46400000.0,7000000.0,-20300000.0,0.0,-13300000.0,-132800000.0,0.0,145200000.0,-2500000.0,68900000.0,68900000.0,68900000.0,0.0,0.0,0.03,355600000.0,105600000.0,272400000.0,0.0,3.481,22.399,22.404,327900000.0,0.0,5.825,0.669,0.668,544100000.0,-29600000.0,2307100000.0,2307100000.0,45300000.0,0.046,0.191,0.152,0.046,0.0,312600000.0,1.0,264942148.0,264400000.0,267600000.0,8.726,1407700000.0,78200000.0,26700000.0,62300000.0,5.324,99200000.0
13,FTI1,MRY,2002-12-31,2002-12-31,2002-12-31,2021-09-19,-145600000.0,1372500000.0,1335925000.0,818400000.0,554100000.0,1.551,1.162,-42300000.0,32400000.0,32400000.0,1654200000.0,-136000000.0,1.115,3.518,234900000.0,59500000.0,175400000.0,234900000.0,0.0,48600000.0,0.0,0.0,0.0,-99700000.0,-51100000.0,-0.025,-51100000.0,-99700000.0,-113800000.0,-0.52,-0.507,-0.52,303800000.0,277875000.0,303800000.0,1566215014.0,-16.0,-30.65,76700000.0,0.293,1.0,417300000.0,0.201,119900000.0,14100000.0,721100000.0,699625000.0,278900000.0,29400000.0,0.0,29400000.0,1068700000.0,734000000.0,334700000.0,1335715014.0,4400000.0,0.0,1000000.0,-40100000.0,0.0,-43500000.0,-66400000.0,-2500000.0,119000000.0,600000.0,-136000000.0,-136000000.0,-136000000.0,0.0,0.0,-0.066,322600000.0,94700000.0,235000000.0,0.0,4.397,-9.821,-9.822,306100000.0,0.0,5.107,0.645,0.645,419200000.0,-87400000.0,2071500000.0,2071500000.0,47800000.0,-0.102,-0.489,-0.143,-0.048,0.0,274800000.0,1.0,261520316.0,261520316.0,,7.921,1252600000.0,74600000.0,22200000.0,47700000.0,4.79,84400000.0
14,FTI1,MRY,2001-12-31,2001-12-31,2001-12-31,2021-09-19,-146600000.0,1437900000.0,1435275000.0,755100000.0,682800000.0,1.343,1.608,-58500000.0,28000000.0,28000000.0,1504700000.0,34700000.0,1.109,2.438,273000000.0,78900000.0,194100000.0,273000000.0,0.0,57800000.0,0.0,0.0,0.0,72900000.0,130700000.0,0.068,130700000.0,72900000.0,58800000.0,0.133,0.133,0.133,418200000.0,455125000.0,418200000.0,1313050000.0,18.0,10.046,17800000.0,0.068,1.0,423200000.0,0.22,347100000.0,14100000.0,655000000.0,609700000.0,269600000.0,27100000.0,0.0,27100000.0,1019700000.0,680800000.0,338900000.0,1069250000.0,10200000.0,-2600000.0,207200000.0,232400000.0,0.0,7600000.0,-64400000.0,-3300000.0,76300000.0,-2000000.0,34700000.0,34700000.0,34700000.0,0.0,0.0,0.018,347400000.0,75800000.0,369400000.0,0.0,2.557,30.814,30.921,275300000.0,0.0,4.112,0.555,0.555,380600000.0,42300000.0,1927900000.0,1927900000.0,54900000.0,0.024,0.076,0.12,0.038,0.0,292500000.0,1.0,260000000.0,260000000.0,,7.415,1090800000.0,29800000.0,24100000.0,41800000.0,4.195,74300000.0
15,FTI1,MRY,2000-12-31,2000-12-31,2000-12-31,2021-09-19,-114400000.0,1373700000.0,1423450000.0,693300000.0,680400000.0,1.317,,-11500000.0,17800000.0,17800000.0,1421300000.0,67900000.0,1.217,1.154,41100000.0,41100000.0,0.0,41100000.0,0.0,59100000.0,0.0,,0.0,97200000.0,156300000.0,0.083,156300000.0,97200000.0,90600000.0,,,,637600000.0,679900000.0,637600000.0,,,,-3500000.0,,1.0,453900000.0,0.242,373100000.0,6600000.0,454100000.0,481550000.0,254800000.0,29900000.0,0.0,29900000.0,736100000.0,569800000.0,166300000.0,,-22300000.0,-47400000.0,0.0,29000000.0,0.0,-88900000.0,63400000.0,122300000.0,8000000.0,-1600000.0,67900000.0,67900000.0,67900000.0,0.0,0.0,0.036,359200000.0,94700000.0,328300000.0,,,,,257300000.0,0.0,,,,328900000.0,0.0,1875200000.0,1875200000.0,56700000.0,0.048,0.1,0.202,0.052,0.0,291200000.0,1.0,,,,,1000600000.0,37900000.0,22700000.0,34000000.0,,123500000.0
16,FTI1,MRY,1999-12-31,1999-12-31,1999-12-31,2021-09-19,-79800000.0,1473200000.0,,658400000.0,814800000.0,,,18500000.0,40100000.0,40100000.0,1479800000.0,71000000.0,1.142,1.04,12000000.0,12000000.0,0.0,12000000.0,0.0,62300000.0,0.0,,0.0,108000000.0,170300000.0,0.087,170300000.0,108000000.0,104500000.0,,,,722200000.0,,722200000.0,,,,171200000.0,,1.0,473300000.0,0.242,359700000.0,3500000.0,509000000.0,,250800000.0,151500000.0,0.0,151500000.0,751000000.0,576400000.0,174600000.0,,14700000.0,-49100000.0,0.0,-11100000.0,0.0,-133900000.0,-6500000.0,24100000.0,152700000.0,9800000.0,71000000.0,71000000.0,71000000.0,5500000.0,0.0,0.036,363800000.0,109500000.0,367500000.0,,,,,280600000.0,0.0,,,,267500000.0,,1953100000.0,1953100000.0,51800000.0,,,,0.055,0.0,302400000.0,1.0,,,,,1113500000.0,49000000.0,33500000.0,18400000.0,,82000000.0
17,FTI1,MRY,1998-12-31,1998-12-31,1998-12-31,2021-09-19,,,,,,,,-22400000.0,,,1669300000.0,87200000.0,,,,,,,,66600000.0,,,0.0,133900000.0,200500000.0,0.092,200500000.0,133900000.0,125800000.0,,,,,,,,,,174000000.0,,1.0,516200000.0,0.236,,8100000.0,,,,,,,,,,,-1700000.0,-82800000.0,0.0,-10600000.0,0.0,-65400000.0,-128600000.0,-23400000.0,196400000.0,-1200000.0,87200000.0,87200000.0,87200000.0,0.0,0.0,0.04,388500000.0,127700000.0,,,,,,,0.0,,,,,,2185500000.0,2185500000.0,50700000.0,,,,0.061,0.0,337800000.0,1.0,,,,,,,38600000.0,,,
0,FTI1,MRQ,2016-09-30,2016-09-30,2016-09-30,2021-09-19,-745200000.0,5963700000.0,,3502300000.0,2461400000.0,,11.804,-26100000.0,1074200000.0,1074200000.0,846700000.0,32000000.0,2.128,1.221,1264100000.0,19000000.0,1245100000.0,1264100000.0,110400000.0,57300000.0,0.0,0.0,0.0,30500000.0,87800000.0,0.08,87800000.0,30500000.0,22800000.0,0.14,0.14,0.14,2678300000.0,,2678300000.0,6945642973.0,49.0,17.764,96200000.0,0.424,1.0,244500000.0,0.224,748900000.0,7700000.0,3758700000.0,,641600000.0,26400000.0,0.0,26400000.0,3269800000.0,1646000000.0,1623800000.0,6694342973.0,-800000.0,-28500000.0,0.0,-71800000.0,0.0,-72400000.0,-50400000.0,0.0,122300000.0,-300000.0,32300000.0,32300000.0,32300000.0,14000000.0,-300000.0,0.03,191600000.0,52900000.0,375300000.0,0.0,2.499,60.913,61.812,1309600000.0,0.0,29.67,1.372,1.38,1319900000.0,4300000000.0,1091200000.0,1091200000.0,23300000.0,,,,,13500000.0,132900000.0,1.0,225626659.0,226900000.0,228200000.0,4.809,5214800000.0,264500000.0,-9500000.0,171600000.0,22.983,1856300000.0
1,FTI1,MRQ,2016-06-30,2016-06-30,2016-06-30,2021-09-19,-762500000.0,6160800000.0,,3705200000.0,2455600000.0,,11.583,-31700000.0,1075000000.0,1075000000.0,906800000.0,2100000.0,2.073,1.338,1326300000.0,27600000.0,1298700000.0,1326300000.0,146400000.0,60500000.0,0.0,0.0,0.0,17200000.0,77700000.0,0.068,77700000.0,17200000.0,9600000.0,0.01,0.01,0.01,2628200000.0,,2628200000.0,6246499105.0,28.0,12.903,-35700000.0,-0.157,1.0,243500000.0,0.212,753300000.0,7600000.0,3871100000.0,,679000000.0,25200000.0,0.0,25200000.0,3516600000.0,1787700000.0,1728900000.0,6036899105.0,42700000.0,3800000.0,-24300000.0,83200000.0,0.0,64500000.0,-27100000.0,0.0,-4000000.0,9300000.0,2200000.0,2200000.0,2200000.0,0.0,-100000.0,0.002,217000000.0,26500000.0,415000000.0,0.0,2.297,37.825,38.1,1328800000.0,0.0,26.67,1.132,1.135,1447900000.0,4271700000.0,1150300000.0,1150300000.0,32600000.0,,,,,18800000.0,173100000.0,1.0,226355422.0,226900000.0,228300000.0,5.07,5407500000.0,232400000.0,7400000.0,160400000.0,23.832,1917500000.0
2,FTI1,MRQ,2016-03-31,2016-03-31,2016-03-31,2021-09-19,-788900000.0,6313200000.0,,3837900000.0,2475300000.0,,11.421,-35300000.0,1032300000.0,1032300000.0,946800000.0,19800000.0,1.875,1.418,1241900000.0,23500000.0,1218400000.0,1241900000.0,630000000.0,63300000.0,0.0,0.0,0.0,33300000.0,96600000.0,0.08,96600000.0,33300000.0,25800000.0,0.09,0.09,0.09,2604100000.0,,2604100000.0,6447957544.0,17.0,10.193,73700000.0,0.323,1.0,261900000.0,0.217,757300000.0,7500000.0,3718600000.0,,719700000.0,29800000.0,0.0,29800000.0,3693000000.0,2046900000.0,1646100000.0,6208157544.0,116100000.0,-9200000.0,-30500000.0,84200000.0,0.0,37300000.0,-42700000.0,0.0,109000000.0,12500000.0,19800000.0,19800000.0,19800000.0,0.0,0.0,0.016,217300000.0,44600000.0,418000000.0,0.0,2.384,23.401,23.791,1340900000.0,0.0,27.36,1.056,1.062,1413300000.0,4269500000.0,1208700000.0,1208700000.0,33600000.0,,,,,23700000.0,143400000.0,1.0,226906343.0,228000000.0,228600000.0,5.301,5555900000.0,253500000.0,6000000.0,172100000.0,24.368,1791000000.0
3,FTI1,MRQ,2015-12-31,2015-12-31,2015-12-31,2021-09-19,-872700000.0,6419400000.0,,3930200000.0,2489200000.0,,11.032,-39800000.0,916200000.0,916200000.0,1141300000.0,56200000.0,1.705,1.536,1156000000.0,21900000.0,1134100000.0,1156000000.0,200500000.0,69100000.0,0.0,0.0,0.0,59800000.0,128900000.0,0.09,128900000.0,59800000.0,51100000.0,0.24,0.25,0.24,2524100000.0,,2524100000.0,7196911839.0,13.0,9.161,390500000.0,1.707,1.0,286000000.0,0.2,761000000.0,8700000.0,3592900000.0,,764100000.0,29600000.0,0.0,29600000.0,3876200000.0,2305300000.0,1570900000.0,6613711839.0,204700000.0,-34500000.0,-38200000.0,-127300000.0,0.0,-163000000.0,-63500000.0,0.0,430300000.0,900000.0,55600000.0,55600000.0,55600000.0,0.0,600000.0,0.039,203300000.0,82700000.0,519300000.0,0.0,2.62,16.825,17.065,1371500000.0,0.0,29.01,1.039,1.053,1522400000.0,4249700000.0,1427300000.0,1427300000.0,43600000.0,,,,,13900000.0,145700000.0,1.0,227980415.0,228800000.0,229300000.0,6.238,5658400000.0,252000000.0,-4500000.0,162600000.0,24.731,1624900000.0
4,FTI1,MRQ,2015-09-30,2015-09-30,2015-09-30,2021-09-19,-857000000.0,6711200000.0,,4195600000.0,2515600000.0,,10.884,-49800000.0,711500000.0,711500000.0,1173900000.0,82500000.0,1.769,1.671,1294700000.0,33500000.0,1261200000.0,1294700000.0,656300000.0,71300000.0,0.0,0.0,0.0,109600000.0,180900000.0,0.117,180900000.0,109600000.0,101500000.0,0.36,0.35,0.36,2505500000.0,,2505500000.0,7813089257.0,10.0,7.894,215500000.0,0.936,1.0,371100000.0,0.24,773200000.0,8100000.0,4149800000.0,,874500000.0,31000000.0,0.0,31000000.0,4187200000.0,2371400000.0,1815800000.0,7113689257.0,124300000.0,-5000000.0,-56400000.0,8400000.0,0.0,-52200000.0,-59100000.0,0.0,265300000.0,-29700000.0,82000000.0,82000000.0,82000000.0,0.0,500000.0,0.053,248300000.0,122800000.0,537400000.0,0.0,2.839,14.056,14.286,1396300000.0,0.0,31.0,1.003,1.006,1738600000.0,4181800000.0,1545000000.0,1545000000.0,25900000.0,,,,,20200000.0,144300000.0,1.0,229473847.0,230200000.0,231000000.0,6.712,5938000000.0,262700000.0,19500000.0,202800000.0,25.795,1824200000.0
5,FTI1,MRQ,2015-06-30,2015-06-30,2015-06-30,2021-09-19,-731400000.0,6893900000.0,,4231600000.0,2662300000.0,,11.182,-74500000.0,587200000.0,587200000.0,1297000000.0,108000000.0,1.692,1.647,1286600000.0,11400000.0,1275200000.0,1286600000.0,787300000.0,53400000.0,0.0,0.0,0.0,172800000.0,226200000.0,0.133,226200000.0,172800000.0,163800000.0,0.46,0.46,0.46,2597600000.0,,2597600000.0,10201826018.0,11.0,8.968,-14400000.0,-0.062,1.0,398200000.0,0.235,807600000.0,9000000.0,4284600000.0,,970100000.0,33300000.0,0.0,33300000.0,4278400000.0,2501100000.0,1777300000.0,9580526018.0,-107900000.0,0.0,-60800000.0,-24500000.0,0.0,-98400000.0,-71200000.0,0.0,60100000.0,1600000.0,107900000.0,107900000.0,107900000.0,0.0,100000.0,0.064,210200000.0,188000000.0,601700000.0,0.0,3.688,16.132,16.399,1481500000.0,0.0,41.49,1.273,1.281,1891500000.0,4099800000.0,1695200000.0,1695200000.0,36200000.0,,,,,21100000.0,164300000.0,1.0,230911690.0,232300000.0,232900000.0,7.297,6086300000.0,242400000.0,55900000.0,236900000.0,26.2,1730500000.0
6,FTI1,MRQ,2015-03-31,2015-03-31,2015-03-31,2021-09-19,-807800000.0,6971200000.0,,4242500000.0,2728700000.0,,10.559,-86700000.0,695100000.0,695100000.0,1282600000.0,148100000.0,1.694,1.825,1316400000.0,14800000.0,1301600000.0,1316400000.0,793300000.0,57800000.0,0.0,0.0,0.0,191800000.0,249600000.0,0.147,249600000.0,191800000.0,184500000.0,0.63,0.63,0.63,2460200000.0,,2460200000.0,9235864387.0,9.0,7.039,88900000.0,0.382,1.0,412600000.0,0.243,808400000.0,7300000.0,4279400000.0,,1013100000.0,35300000.0,0.0,35300000.0,4489200000.0,2504700000.0,1984500000.0,8565764387.0,56300000.0,0.0,-30800000.0,8400000.0,0.0,-30900000.0,-81400000.0,0.0,175600000.0,-7000000.0,147600000.0,147600000.0,147600000.0,0.0,500000.0,0.087,214000000.0,198600000.0,612900000.0,0.0,3.482,12.026,12.215,1427500000.0,0.0,37.01,1.096,1.104,1751700000.0,3991900000.0,1695200000.0,1695200000.0,29600000.0,,,,,26600000.0,174000000.0,1.0,231444593.0,233000000.0,233900000.0,7.276,6162800000.0,191100000.0,36900000.0,266200000.0,26.45,1737800000.0
7,FTI1,MRQ,2014-12-31,2014-12-31,2014-12-31,2021-09-19,-683700000.0,7172100000.0,,4436400000.0,2735700000.0,,10.461,-120700000.0,638800000.0,638800000.0,1608900000.0,170600000.0,1.594,1.911,1305400000.0,11700000.0,1293700000.0,1305400000.0,965200000.0,59100000.0,0.0,0.0,0.0,273900000.0,333000000.0,0.154,333000000.0,273900000.0,264800000.0,0.72,0.71,0.72,2456300000.0,,2456300000.0,11788867999.0,11.0,8.884,288500000.0,1.229,1.0,547300000.0,0.254,866600000.0,9100000.0,4188500000.0,,1021200000.0,35900000.0,0.0,35900000.0,4694400000.0,2783600000.0,1910800000.0,10953367999.0,127300000.0,-3000000.0,-117800000.0,-41000000.0,0.0,-159500000.0,-115900000.0,0.0,409200000.0,-6500000.0,168600000.0,168600000.0,168600000.0,0.0,2000000.0,0.078,247700000.0,299600000.0,723500000.0,0.0,4.459,15.65,15.824,1458400000.0,0.0,46.84,1.379,1.394,2127000000.0,3844300000.0,2156200000.0,2156200000.0,39100000.0,,,,,36200000.0,208600000.0,1.0,233846456.0,234800000.0,235700000.0,9.183,6305500000.0,129900000.0,96200000.0,207200000.0,26.855,1652800000.0
8,FTI1,MRQ,2014-09-30,2014-09-30,2014-09-30,2021-09-19,-430100000.0,7034400000.0,,4403400000.0,2631000000.0,,11.225,-103700000.0,511500000.0,511500000.0,1479600000.0,170500000.0,1.632,1.643,1347000000.0,10000000.0,1337000000.0,1347000000.0,1036600000.0,60900000.0,0.0,0.0,0.0,267900000.0,328800000.0,0.166,328800000.0,267900000.0,259900000.0,0.72,0.72,0.72,2653500000.0,,2653500000.0,13682707078.0,12.0,10.299,143800000.0,0.608,1.0,497100000.0,0.251,859100000.0,8000000.0,4312700000.0,,1046100000.0,38300000.0,0.0,38300000.0,4360800000.0,2698100000.0,1662700000.0,12755107078.0,129300000.0,-1200000.0,-57800000.0,48300000.0,0.0,-13600000.0,-98400000.0,0.0,247500000.0,-6200000.0,169800000.0,169800000.0,169800000.0,0.0,700000.0,0.086,200700000.0,296400000.0,707800000.0,0.0,4.807,17.988,18.164,1447000000.0,0.0,54.31,1.628,1.639,2268800000.0,3675700000.0,1976700000.0,1976700000.0,29900000.0,,,,,13400000.0,170800000.0,1.0,234857431.0,236400000.0,237000000.0,8.362,6175300000.0,92700000.0,90100000.0,244500000.0,26.122,1705300000.0
9,FTI1,MRQ,2014-06-30,2014-06-30,2014-06-30,2021-09-19,-333700000.0,6754000000.0,,4102000000.0,2652000000.0,,11.113,-88000000.0,382200000.0,382200000.0,1507600000.0,227700000.0,1.638,1.56,1309800000.0,20800000.0,1289000000.0,1309800000.0,859300000.0,58400000.0,0.0,0.0,0.0,342300000.0,400700000.0,0.202,400700000.0,342300000.0,334000000.0,0.96,0.95,0.96,2630400000.0,,2630400000.0,15434133599.0,15.0,12.573,96000000.0,0.406,1.0,477700000.0,0.241,878800000.0,8300000.0,4298300000.0,,1025700000.0,40300000.0,0.0,40300000.0,4104200000.0,2504500000.0,1599700000.0,14362733599.0,91900000.0,106800000.0,-26200000.0,-53400000.0,0.0,-112300000.0,19200000.0,0.0,184000000.0,1000000.0,226300000.0,226300000.0,226300000.0,0.0,1400000.0,0.114,218000000.0,259700000.0,711900000.0,0.0,5.46,21.918,22.127,1444100000.0,0.0,61.07,1.894,1.907,2120000000.0,3505900000.0,1985300000.0,1985300000.0,29400000.0,,,,,16600000.0,188400000.0,1.0,235184765.0,236700000.0,237200000.0,8.387,5875200000.0,109300000.0,107700000.0,271500000.0,24.821,1597500000.0
10,FTI1,MRQ,2014-03-31,2014-03-31,2014-03-31,2021-09-19,-331300000.0,6727200000.0,,4110600000.0,2616600000.0,,10.206,-92000000.0,290300000.0,290300000.0,1403500000.0,136500000.0,1.568,1.768,1361700000.0,22000000.0,1339700000.0,1361700000.0,934000000.0,54100000.0,0.0,0.0,0.0,210400000.0,264500000.0,0.145,264500000.0,210400000.0,202200000.0,0.57,0.57,0.57,2422900000.0,,2422900000.0,13314262826.0,16.0,12.871,-40200000.0,-0.169,1.0,420900000.0,0.231,882700000.0,8200000.0,4294300000.0,,983600000.0,43700000.0,0.0,43700000.0,4283900000.0,2621600000.0,1662300000.0,12341062826.0,-108800000.0,0.0,-45800000.0,-13600000.0,0.0,-70000000.0,-90000000.0,0.0,51800000.0,-600000.0,135200000.0,135200000.0,135200000.0,0.0,1300000.0,0.074,208100000.0,212800000.0,707700000.0,0.0,5.094,23.102,23.344,1396700000.0,0.0,52.29,1.689,1.699,2242200000.0,3281300000.0,1824400000.0,1824400000.0,25300000.0,,,,,23100000.0,182800000.0,1.0,236011911.0,237400000.0,237800000.0,7.685,5844500000.0,97300000.0,67000000.0,286500000.0,24.619,1489000000.0
11,FTI1,MRQ,2013-12-31,2013-12-31,2013-12-31,2021-09-19,-340700000.0,6605600000.0,,4023000000.0,2582600000.0,,9.736,-76600000.0,399100000.0,399100000.0,1560300000.0,179100000.0,1.539,1.842,1372300000.0,42500000.0,1329800000.0,1372300000.0,803200000.0,56800000.0,0.0,0.0,0.0,277700000.0,334500000.0,0.163,334500000.0,277700000.0,268400000.0,0.74,0.75,0.74,2317200000.0,,2317200000.0,13567987308.0,18.0,14.16,293600000.0,1.234,1.0,487500000.0,0.238,896000000.0,9300000.0,4068100000.0,,980400000.0,44300000.0,0.0,44300000.0,4269300000.0,2614700000.0,1654600000.0,12352287308.0,38900000.0,-2000000.0,-45500000.0,-176900000.0,0.0,-252000000.0,-76400000.0,0.0,370200000.0,-2900000.0,177800000.0,177800000.0,177800000.0,0.0,1300000.0,0.087,213500000.0,274000000.0,750700000.0,0.0,5.331,24.636,24.862,1349100000.0,0.0,52.21,1.733,1.746,2067200000.0,3146100000.0,2047800000.0,2047800000.0,27500000.0,,,,,21600000.0,186000000.0,1.0,236588533.0,238000000.0,238800000.0,8.604,5709600000.0,96000000.0,90600000.0,294800000.0,23.99,1408300000.0
12,FTI1,MRQ,2013-09-30,2013-09-30,2013-09-30,2021-09-19,-435700000.0,6424900000.0,,3915300000.0,2509600000.0,,8.744,-80800000.0,360200000.0,360200000.0,1353800000.0,117400000.0,1.694,2.076,1575900000.0,35000000.0,1540900000.0,1575900000.0,793000000.0,51900000.0,0.0,0.0,0.0,176000000.0,227900000.0,0.132,227900000.0,176000000.0,167800000.0,0.49,0.49,0.49,2082900000.0,,2082900000.0,14395259793.0,22.0,16.789,72800000.0,0.306,1.0,370700000.0,0.215,908700000.0,8200000.0,4421100000.0,,1051400000.0,42100000.0,0.0,42100000.0,4324200000.0,2310800000.0,2013400000.0,13129559793.0,92600000.0,0.0,-21800000.0,13200000.0,0.0,18900000.0,-81200000.0,0.0,153600000.0,1300000.0,116000000.0,116000000.0,116000000.0,0.0,1400000.0,0.067,193100000.0,177600000.0,653800000.0,0.0,6.303,29.571,29.796,1324900000.0,0.0,55.42,1.898,1.908,1918500000.0,2968300000.0,1724500000.0,1724500000.0,27200000.0,,,,,23000000.0,165900000.0,1.0,236910137.0,238200000.0,238900000.0,7.24,5516200000.0,157500000.0,51800000.0,197600000.0,23.158,1604500000.0
13,FTI1,MRQ,2013-06-30,2013-06-30,2013-06-30,2021-09-19,-472300000.0,6116500000.0,,3666300000.0,2450200000.0,,8.138,-77800000.0,267600000.0,267600000.0,1350100000.0,106500000.0,1.669,2.146,1533300000.0,34900000.0,1498400000.0,1533300000.0,687800000.0,52100000.0,0.0,0.0,0.0,155400000.0,207500000.0,0.121,207500000.0,155400000.0,146600000.0,0.44,0.44,0.44,1939300000.0,,1939300000.0,14650871103.0,24.0,18.241,227600000.0,0.955,1.0,357800000.0,0.209,914300000.0,8800000.0,4270600000.0,,1032000000.0,39300000.0,0.0,39300000.0,4160800000.0,2197300000.0,1963500000.0,13206671103.0,31000000.0,0.0,-22000000.0,-146100000.0,0.0,-194200000.0,-77100000.0,0.0,305400000.0,-3100000.0,105200000.0,105200000.0,105200000.0,0.0,1300000.0,0.062,201300000.0,156500000.0,646200000.0,0.0,6.81,30.936,31.281,1277300000.0,0.0,55.68,1.997,2.006,1760500000.0,2852300000.0,1707900000.0,1707900000.0,29200000.0,,,,,23900000.0,172100000.0,1.0,237188777.0,238300000.0,239300000.0,7.167,5202200000.0,176200000.0,41400000.0,172400000.0,21.83,1469000000.0
14,FTI1,MRQ,2013-03-31,2013-03-31,2013-03-31,2021-09-19,-444300000.0,6075100000.0,,3628500000.0,2446600000.0,,7.832,-78900000.0,236600000.0,236600000.0,1307200000.0,103600000.0,1.813,2.24,1680800000.0,48800000.0,1632000000.0,1680800000.0,577500000.0,49000000.0,0.0,0.0,0.0,139300000.0,188300000.0,0.114,188300000.0,139300000.0,131200000.0,0.43,0.43,0.43,1869400000.0,,1869400000.0,14215178568.0,23.0,17.903,-112700000.0,-0.472,1.0,338800000.0,0.206,931100000.0,8100000.0,4586800000.0,,995900000.0,38700000.0,0.0,38700000.0,4188200000.0,2001400000.0,2186800000.0,12916478568.0,-105500000.0,0.0,-27000000.0,40100000.0,0.0,5000000.0,-76900000.0,0.0,-33800000.0,200000.0,102400000.0,102400000.0,102400000.0,0.0,1200000.0,0.062,199300000.0,139500000.0,655000000.0,0.0,6.909,29.789,30.05,1262500000.0,0.0,54.39,2.018,2.028,1886800000.0,2747100000.0,1646000000.0,1646000000.0,28500000.0,,,,,25000000.0,170800000.0,1.0,237478922.0,238700000.0,239400000.0,6.896,5144000000.0,153100000.0,28800000.0,179900000.0,21.55,1627100000.0
15,FTI1,MRQ,2012-12-31,2012-12-31,2012-12-31,2021-09-19,-396000000.0,5902900000.0,,3488300000.0,2414600000.0,,7.683,-119700000.0,342100000.0,342100000.0,1449800000.0,121400000.0,1.77,2.205,1640800000.0,60400000.0,1580400000.0,1640800000.0,501600000.0,46900000.0,0.0,0.0,0.0,186800000.0,233700000.0,0.127,233700000.0,186800000.0,176500000.0,0.5,0.5,0.5,1836900000.0,,1836900000.0,11144866220.0,18.0,14.496,23900000.0,0.1,1.0,391100000.0,0.212,945100000.0,10300000.0,4286100000.0,,965100000.0,37400000.0,0.0,37400000.0,4049700000.0,1970400000.0,2079300000.0,10181966220.0,-224100000.0,-286900000.0,-38700000.0,82100000.0,0.0,44200000.0,-408500000.0,0.0,143600000.0,-3400000.0,120400000.0,120400000.0,120400000.0,0.0,1000000.0,0.065,201500000.0,189600000.0,664200000.0,0.0,5.543,23.679,23.927,1243500000.0,0.0,42.83,1.655,1.669,1765500000.0,2644700000.0,1840900000.0,1840900000.0,33900000.0,,,,,33800000.0,167600000.0,1.0,237729774.0,239100000.0,240000000.0,7.699,4957800000.0,133500000.0,56100000.0,165600000.0,20.735,1517900000.0
16,FTI1,MRQ,2012-09-30,2012-09-30,2012-09-30,2021-09-19,-409800000.0,5536700000.0,,3563300000.0,1973400000.0,,7.227,-91600000.0,566200000.0,566200000.0,1099100000.0,100500000.0,1.959,2.19,1529100000.0,37700000.0,1491400000.0,1529100000.0,515000000.0,33800000.0,0.0,0.0,0.0,139900000.0,173700000.0,0.122,173700000.0,139900000.0,133900000.0,0.41,0.41,0.41,1730900000.0,,1730900000.0,11978104017.0,21.0,16.94,12700000.0,0.053,1.0,319900000.0,0.225,807400000.0,6000000.0,3873300000.0,,963300000.0,37100000.0,0.0,37100000.0,3790500000.0,1818900000.0,1971600000.0,11037204017.0,290900000.0,0.0,-31400000.0,305300000.0,0.0,277900000.0,-93100000.0,0.0,104300000.0,1800000.0,98900000.0,98900000.0,98900000.0,0.0,1600000.0,0.07,182700000.0,137200000.0,528200000.0,0.0,6.377,26.999,27.076,992600000.0,0.0,46.3,1.899,1.908,1563500000.0,2524300000.0,1419000000.0,1419000000.0,29800000.0,,,,,30000000.0,152900000.0,1.0,238384536.0,239500000.0,240700000.0,5.925,4729300000.0,146000000.0,35000000.0,238400000.0,19.747,1744400000.0
17,FTI1,MRQ,2012-06-30,2012-06-30,2012-06-30,2021-09-19,-462100000.0,5013500000.0,,3125500000.0,1888000000.0,,6.659,-99100000.0,275300000.0,275300000.0,1180300000.0,113200000.0,1.695,2.126,1216200000.0,102100000.0,1114100000.0,1216200000.0,447900000.0,35400000.0,0.0,0.0,0.0,162900000.0,198300000.0,0.133,198300000.0,162900000.0,156500000.0,0.47,0.46,0.47,1599400000.0,,1599400000.0,9760325867.0,16.0,13.376,-210300000.0,-0.876,1.0,314600000.0,0.21,807600000.0,6400000.0,3302700000.0,,881300000.0,32200000.0,0.0,32200000.0,3400400000.0,1844100000.0,1556300000.0,9380225867.0,-86300000.0,-328600000.0,-20500000.0,477800000.0,0.0,454200000.0,-427300000.0,0.0,-111200000.0,-2000000.0,111900000.0,111900000.0,111900000.0,0.0,1300000.0,0.075,166500000.0,148100000.0,550200000.0,0.0,5.865,21.764,21.794,910700000.0,0.0,39.23,1.652,1.659,1566900000.0,2425400000.0,1494900000.0,1494900000.0,26300000.0,,,,,24100000.0,140200000.0,1.0,239108485.0,240200000.0,241500000.0,6.224,4205900000.0,151900000.0,44600000.0,227300000.0,17.51,1281400000.0
18,FTI1,MRQ,2012-03-31,2012-03-31,2012-03-31,2021-09-19,-403300000.0,4506600000.0,,2916600000.0,1590000000.0,,6.493,-92000000.0,361600000.0,361600000.0,1103700000.0,99700000.0,1.733,1.882,741700000.0,28600000.0,713100000.0,741700000.0,423000000.0,30100000.0,0.0,0.0,0.0,133000000.0,163100000.0,0.117,163100000.0,133000000.0,129500000.0,0.41,0.41,0.41,1558900000.0,,1558900000.0,12333873987.0,21.0,17.713,-90300000.0,-0.376,1.0,292900000.0,0.21,397700000.0,3500000.0,2805700000.0,,788300000.0,166300000.0,0.0,166300000.0,2933700000.0,1683300000.0,1250400000.0,12054273987.0,17600000.0,0.0,-500000.0,118000000.0,0.0,105100000.0,-91000000.0,0.0,1700000.0,1800000.0,98800000.0,98800000.0,98800000.0,0.0,900000.0,0.071,163000000.0,129900000.0,562400000.0,0.0,7.733,29.159,29.314,848700000.0,0.0,50.42,2.227,2.236,1330300000.0,2313500000.0,1396600000.0,1396600000.0,26800000.0,,,,,22500000.0,136200000.0,1.0,239077231.0,240100000.0,241300000.0,5.817,4108900000.0,142500000.0,30700000.0,216300000.0,17.113,1233300000.0
19,FTI1,MRQ,2011-12-31,2011-12-31,2011-12-31,2021-09-19,-443800000.0,4271000000.0,,2787900000.0,1483100000.0,,5.943,-84800000.0,344000000.0,344000000.0,1189400000.0,100500000.0,1.249,1.989,623600000.0,587600000.0,36000000.0,623600000.0,450200000.0,29000000.0,0.0,0.0,0.0,143000000.0,172000000.0,0.115,172000000.0,143000000.0,138000000.0,0.42,0.41,0.42,1424600000.0,,1424600000.0,12639031568.0,23.0,18.924,-38800000.0,-0.162,1.0,311100000.0,0.207,393800000.0,5000000.0,1923900000.0,,712200000.0,161400000.0,0.0,161400000.0,2833300000.0,2232900000.0,600400000.0,12445431568.0,7600000.0,0.0,-47000000.0,94400000.0,0.0,48900000.0,-87000000.0,0.0,46000000.0,-300000.0,99200000.0,99200000.0,99200000.0,0.0,1300000.0,0.066,166700000.0,144400000.0,546800000.0,0.0,8.736,31.129,31.464,767900000.0,0.0,52.23,2.441,2.471,1341600000.0,2214700000.0,1500500000.0,1500500000.0,28500000.0,,,,,27200000.0,138200000.0,1.0,238281286.0,239700000.0,242000000.0,6.26,3877200000.0,166100000.0,38800000.0,234700000.0,16.175,555000000.0
20,FTI1,MRQ,2011-09-30,2011-09-30,2011-09-30,2021-09-19,-300800000.0,4061000000.0,,2691600000.0,1369400000.0,,6.241,-84200000.0,336400000.0,336400000.0,980200000.0,121700000.0,1.664,1.688,530000000.0,7900000.0,522100000.0,530000000.0,502000000.0,27100000.0,0.0,0.0,0.0,169200000.0,196300000.0,0.153,196300000.0,169200000.0,166800000.0,0.5,0.5,0.5,1506500000.0,,1506500000.0,9075339430.0,16.0,13.818,-85500000.0,-0.354,1.0,307000000.0,0.239,400600000.0,2400000.0,2236100000.0,,722500000.0,150800000.0,0.0,150800000.0,2542700000.0,1617900000.0,924800000.0,9030539430.0,-91600000.0,0.0,-60400000.0,62000000.0,0.0,200000.0,-83800000.0,0.0,-1300000.0,-6700000.0,121100000.0,121100000.0,121100000.0,0.0,600000.0,0.094,133800000.0,173200000.0,455200000.0,0.0,5.994,22.582,22.651,715900000.0,0.0,37.6,1.921,1.931,1234000000.0,2115500000.0,1287200000.0,1287200000.0,23800000.0,,,,,16200000.0,110000000.0,1.0,240173921.0,241400000.0,243300000.0,5.332,3660400000.0,104800000.0,45700000.0,218200000.0,15.163,1073700000.0
21,FTI1,MRQ,2011-06-30,2011-06-30,2011-06-30,2021-09-19,-185600000.0,4200000000.0,,2758600000.0,1441400000.0,,6.432,-63500000.0,428000000.0,428000000.0,953900000.0,95600000.0,1.696,1.692,472800000.0,7000000.0,465800000.0,472800000.0,570200000.0,26300000.0,0.0,0.0,0.0,138600000.0,164900000.0,0.134,164900000.0,138600000.0,136500000.0,0.39,0.39,0.39,1555800000.0,,1555800000.0,10809435536.0,22.0,17.998,6400000.0,0.026,1.0,275500000.0,0.224,423700000.0,2100000.0,2194500000.0,,695000000.0,152200000.0,0.0,152200000.0,2633100000.0,1626600000.0,1006500000.0,10764235536.0,51200000.0,0.0,-6100000.0,49500000.0,0.0,42300000.0,-63600000.0,0.0,69900000.0,2600000.0,94300000.0,94300000.0,94300000.0,0.0,1300000.0,0.077,138100000.0,137400000.0,469300000.0,0.0,6.919,29.917,29.86,692700000.0,0.0,44.79,2.461,2.477,1187300000.0,1994400000.0,1229400000.0,1229400000.0,21600000.0,,,,,16900000.0,116500000.0,1.0,240326759.0,241900000.0,243800000.0,5.082,3776300000.0,101600000.0,42200000.0,219200000.0,15.611,1132000000.0
22,FTI1,MRQ,2011-03-31,2011-03-31,2011-03-31,2021-09-19,-211100000.0,3891800000.0,,2532000000.0,1359800000.0,,5.94,-39300000.0,376800000.0,376800000.0,842700000.0,85700000.0,1.671,1.702,422000000.0,7400000.0,414600000.0,422000000.0,560400000.0,25400000.0,0.0,0.0,0.0,109300000.0,134700000.0,0.125,134700000.0,109300000.0,107800000.0,0.35,0.35,0.35,1436400000.0,,1436400000.0,11398800287.0,23.0,18.922,10900000.0,0.045,1.0,239200000.0,0.221,420500000.0,1500000.0,2000900000.0,,616500000.0,149000000.0,0.0,149000000.0,2444300000.0,1515600000.0,928700000.0,11351000287.0,61300000.0,0.0,-500000.0,58100000.0,0.0,49600000.0,-39300000.0,0.0,50200000.0,800000.0,85200000.0,85200000.0,85200000.0,0.0,500000.0,0.079,131800000.0,107400000.0,416600000.0,0.0,7.902,31.382,31.493,642500000.0,0.0,47.24,2.73,2.748,1101200000.0,1900100000.0,1081900000.0,1081900000.0,16600000.0,,,,,17500000.0,115200000.0,1.0,240283664.0,241800000.0,243800000.0,4.474,3471300000.0,117500000.0,22600000.0,200600000.0,14.356,1016400000.0
23,FTI1,MRQ,2010-12-31,2010-12-31,2010-12-31,2021-09-19,-252100000.0,3644200000.0,,2345300000.0,1298900000.0,,5.445,-46500000.0,315500000.0,315500000.0,828400000.0,100300000.0,1.568,1.77,363300000.0,12200000.0,351100000.0,363300000.0,556400000.0,24200000.0,0.0,0.0,0.0,136700000.0,160900000.0,0.146,160900000.0,136700000.0,132100000.0,0.42,0.41,0.42,1311700000.0,,1311700000.0,10709970513.0,20.0,16.54,16200000.0,0.067,1.0,274400000.0,0.249,415300000.0,4600000.0,1781300000.0,,566500000.0,148200000.0,0.0,148200000.0,2321900000.0,1495400000.0,826500000.0,10643470513.0,-196600000.0,0.0,400000.0,-216000000.0,0.0,-213000000.0,-46500000.0,0.0,62700000.0,200000.0,99300000.0,99300000.0,99300000.0,700000.0,1000000.0,0.09,138000000.0,136400000.0,344100000.0,0.0,8.114,28.345,28.681,609000000.0,0.0,44.455,2.58,2.618,1103400000.0,1814900000.0,1102800000.0,1102800000.0,18900000.0,,,,,16800000.0,119100000.0,1.0,239421224.0,240900000.0,243200000.0,4.578,3228900000.0,129700000.0,32800000.0,197400000.0,13.403,849900000.0
24,FTI1,MRQ,2010-09-30,2010-09-30,2010-09-30,2021-09-19,-203700000.0,3622400000.0,,2337000000.0,1285400000.0,,5.173,-26100000.0,512100000.0,512100000.0,723000000.0,81400000.0,1.655,1.892,578600000.0,11600000.0,567000000.0,578600000.0,537000000.0,24800000.0,0.0,0.0,0.0,115300000.0,140100000.0,0.146,140100000.0,115300000.0,113500000.0,0.34,0.33,0.34,1249400000.0,,1249400000.0,8391688478.0,15.0,12.835,170600000.0,0.706,1.0,237000000.0,0.247,417000000.0,1800000.0,1859400000.0,,546400000.0,141700000.0,0.0,141700000.0,2363500000.0,1412500000.0,951000000.0,8195288478.0,108300000.0,0.0,-40400000.0,-23700000.0,0.0,-64200000.0,-26100000.0,0.0,196700000.0,1900000.0,81000000.0,81000000.0,81000000.0,-300000.0,400000.0,0.084,125200000.0,111800000.0,300700000.0,0.0,6.559,22.185,22.538,580900000.0,0.0,34.145,1.959,1.971,1003300000.0,1715600000.0,960000000.0,960000000.0,15900000.0,,,,,16000000.0,109300000.0,1.0,240014306.0,241500000.0,243600000.0,3.975,3205400000.0,74100000.0,32500000.0,113300000.0,13.273,924500000.0
25,FTI1,MRQ,2010-06-30,2010-06-30,2010-06-30,2021-09-19,-285100000.0,3339800000.0,,2106600000.0,1233200000.0,,4.59,-18700000.0,403800000.0,403800000.0,746600000.0,96800000.0,1.672,1.969,600200000.0,14700000.0,585500000.0,600200000.0,450500000.0,23700000.0,0.0,0.0,0.0,143000000.0,166700000.0,0.165,166700000.0,143000000.0,140600000.0,0.39,0.39,0.39,1121400000.0,,1121400000.0,6506820186.0,11.0,9.66,-19900000.0,-0.081,1.0,265900000.0,0.263,403400000.0,2400000.0,1872600000.0,,525900000.0,142700000.0,0.0,142700000.0,2208300000.0,1260200000.0,948100000.0,6403020186.0,34800000.0,0.0,-72900000.0,128700000.0,0.0,55600000.0,-18700000.0,0.0,-1200000.0,-900000.0,96200000.0,96200000.0,96200000.0,0.0,600000.0,0.095,119400000.0,146500000.0,276500000.0,0.0,5.71,16.85,17.042,548500000.0,0.0,26.33,1.485,1.492,924800000.0,1634600000.0,1012500000.0,1012500000.0,19000000.0,,,,,13700000.0,100400000.0,1.0,243183448.0,244300000.0,246600000.0,4.144,2936400000.0,68600000.0,44400000.0,77000000.0,12.02,846400000.0
26,FTI1,MRQ,2010-03-31,2010-03-31,2010-03-31,2021-09-19,-252800000.0,3366400000.0,,2103200000.0,1263200000.0,,4.588,-18100000.0,369000000.0,369000000.0,776000000.0,99400000.0,1.459,1.986,472800000.0,10200000.0,462600000.0,472800000.0,540700000.0,28600000.0,0.0,0.0,0.0,151200000.0,179800000.0,0.171,179800000.0,151200000.0,148900000.0,0.4,0.4,0.4,1124400000.0,,1124400000.0,7843364164.0,14.0,11.509,-81000000.0,-0.33,1.0,274300000.0,0.261,417800000.0,2300000.0,1610600000.0,,544400000.0,144000000.0,0.0,144000000.0,2232600000.0,1441800000.0,790800000.0,7883964164.0,-91700000.0,0.0,-49200000.0,53100000.0,0.0,-9200000.0,-18100000.0,0.0,-62900000.0,-1500000.0,99000000.0,99000000.0,99000000.0,0.0,400000.0,0.094,117400000.0,156900000.0,292900000.0,0.0,7.012,20.226,20.388,565700000.0,0.0,32.315,1.791,1.799,918200000.0,1538300000.0,1050300000.0,1050300000.0,14200000.0,,,,,19500000.0,103200000.0,1.0,243972278.0,245100000.0,247600000.0,4.285,2948600000.0,65500000.0,49900000.0,116700000.0,12.03,661400000.0
27,FTI1,MRQ,2009-12-31,2009-12-31,2009-12-31,2021-09-19,-225800000.0,3556400000.0,,2268100000.0,1288300000.0,,4.487,-33900000.0,460700000.0,460700000.0,898400000.0,93100000.0,1.318,2.217,420100000.0,28500000.0,391600000.0,420100000.0,670400000.0,28300000.0,0.0,0.0,0.0,138900000.0,167200000.0,0.144,167200000.0,138900000.0,133500000.0,0.385,0.375,0.385,1102800000.0,,1102800000.0,6988533517.0,13.0,11.239,146500000.0,0.596,1.0,261800000.0,0.226,427300000.0,5400000.0,1367500000.0,,591800000.0,141800000.0,0.0,141800000.0,2444600000.0,1721000000.0,723600000.0,7066533517.0,63300000.0,-162600000.0,-19800000.0,96600000.0,0.0,79200000.0,-196500000.0,0.0,180400000.0,200000.0,93200000.0,93200000.0,93200000.0,-300000.0,-100000.0,0.08,125400000.0,136400000.0,343900000.0,0.0,6.408,19.532,19.808,581900000.0,0.0,28.92,1.604,1.631,879200000.0,1438900000.0,1160200000.0,1160200000.0,16900000.0,,,,,78900000.0,108500000.0,1.0,244347632.0,245800000.0,249000000.0,4.72,3129100000.0,116700000.0,40300000.0,155900000.0,12.73,547100000.0
28,FTI1,MRQ,2009-09-30,2009-09-30,2009-09-30,2021-09-19,-240100000.0,3431100000.0,,2325300000.0,1105800000.0,,4.085,-20500000.0,397400000.0,397400000.0,835700000.0,92200000.0,1.322,2.396,319400000.0,9500000.0,309900000.0,319400000.0,761400000.0,24600000.0,0.0,0.0,0.0,135300000.0,159900000.0,0.147,159900000.0,135300000.0,133200000.0,0.37,0.365,0.37,1007300000.0,,1007300000.0,6471393878.0,12.0,10.667,190900000.0,0.774,1.0,252700000.0,0.232,211400000.0,2100000.0,1383400000.0,,609400000.0,140500000.0,0.0,140500000.0,2413900000.0,1758300000.0,655600000.0,6396993878.0,141200000.0,0.0,-37300000.0,-11700000.0,0.0,-51500000.0,-20500000.0,0.0,211400000.0,1800000.0,91600000.0,91600000.0,91600000.0,-400000.0,600000.0,0.084,111500000.0,141200000.0,350500000.0,0.0,6.351,17.774,18.014,564200000.0,0.0,26.12,1.437,1.447,935100000.0,1345700000.0,1088400000.0,1088400000.0,13100000.0,,,,,0.0,98400000.0,1.0,244907882.0,246600000.0,249400000.0,4.414,3219700000.0,115000000.0,41600000.0,91600000.0,13.056,567000000.0
29,FTI1,MRQ,2009-06-30,2009-06-30,2009-06-30,2021-09-19,-290300000.0,3203100000.0,,2135600000.0,1067500000.0,,3.641,-12400000.0,256200000.0,256200000.0,856200000.0,106800000.0,1.276,2.543,330600000.0,25000000.0,305600000.0,330600000.0,727600000.0,20800000.0,0.0,0.0,0.0,153800000.0,174600000.0,0.158,174600000.0,153800000.0,151500000.0,0.43,0.42,0.43,901500000.0,,901500000.0,4726656468.0,9.0,7.936,46100000.0,0.186,1.0,247600000.0,0.224,206000000.0,2300000.0,1397500000.0,,630000000.0,139700000.0,0.0,139700000.0,2292300000.0,1674000000.0,618300000.0,4644356468.0,-155300000.0,0.0,-52100000.0,-163400000.0,0.0,-214400000.0,-12400000.0,0.0,58500000.0,13000000.0,106000000.0,106000000.0,106000000.0,-100000.0,800000.0,0.096,102500000.0,145100000.0,372600000.0,0.0,5.152,13.232,13.374,544800000.0,0.0,18.79,1.034,1.036,963400000.0,1257600000.0,1103800000.0,1103800000.0,10700000.0,,,,,0.0,91800000.0,1.0,247171712.0,247600000.0,251000000.0,4.458,2997100000.0,127200000.0,45500000.0,55900000.0,12.105,461600000.0
30,FTI1,MRQ,2009-03-31,2009-03-31,2009-03-31,2021-09-19,-392300000.0,3467400000.0,,2308900000.0,1158500000.0,,2.934,-24300000.0,411500000.0,411500000.0,844200000.0,71200000.0,1.293,3.681,493800000.0,15300000.0,478500000.0,493800000.0,746200000.0,19300000.0,0.0,0.0,0.0,100800000.0,120100000.0,0.114,120100000.0,100800000.0,98700000.0,0.285,0.28,0.285,738900000.0,,738900000.0,4098451560.0,8.0,7.014,119900000.0,0.476,1.0,208800000.0,0.198,197300000.0,2100000.0,1566600000.0,,605900000.0,138900000.0,0.0,138900000.0,2720000000.0,1785800000.0,934200000.0,3943551560.0,71400000.0,0.0,-43400000.0,-1700000.0,0.0,-50900000.0,-24300000.0,0.0,144200000.0,2400000.0,71000000.0,71000000.0,71000000.0,300000.0,200000.0,0.067,101400000.0,107400000.0,463800000.0,0.0,5.337,11.242,11.325,514200000.0,0.0,15.685,0.864,0.865,846700000.0,1151400000.0,1053000000.0,1053000000.0,10600000.0,,,,,0.0,90800000.0,1.0,251421840.0,251800000.0,255600000.0,4.182,3270100000.0,119800000.0,27700000.0,400000.0,12.987,523100000.0
31,FTI1,MRQ,2008-12-31,2008-12-31,2008-12-31,2021-09-19,-408400000.0,3580900000.0,,2438300000.0,1142600000.0,,2.746,-46900000.0,340100000.0,340100000.0,958400000.0,91300000.0,1.242,4.175,495000000.0,23000000.0,472000000.0,495000000.0,770300000.0,19200000.0,0.0,0.0,0.0,132900000.0,152100000.0,0.126,152100000.0,132900000.0,125600000.0,0.365,0.355,0.365,690400000.0,,690400000.0,3038702938.0,6.0,5.116,-1600000.0,-0.006,1.0,246700000.0,0.205,198900000.0,7300000.0,1573600000.0,,559300000.0,151200000.0,0.0,151200000.0,2882200000.0,1963300000.0,918900000.0,2979702938.0,34100000.0,-121300000.0,-100000.0,123000000.0,0.0,162800000.0,-168200000.0,0.0,45300000.0,-5800000.0,91300000.0,91300000.0,91300000.0,2600000.0,0.0,0.076,106300000.0,140400000.0,439800000.0,0.0,4.316,8.247,8.42,494900000.0,0.0,11.915,0.655,0.669,996100000.0,1081000000.0,1205100000.0,1205100000.0,12400000.0,,,,,57000000.0,93900000.0,1.0,250079978.0,251400000.0,254600000.0,4.794,3382000000.0,136200000.0,34300000.0,100000.0,13.453,475000000.0
32,FTI1,MRQ,2008-09-30,2008-09-30,2008-09-30,2021-09-19,-153000000.0,3299000000.0,,2280000000.0,1019000000.0,,3.35,-37300000.0,306000000.0,306000000.0,888200000.0,83100000.0,1.273,2.877,365000000.0,13200000.0,351800000.0,365000000.0,805800000.0,20100000.0,0.0,0.0,0.0,128700000.0,148800000.0,0.132,148800000.0,128700000.0,127800000.0,0.325,0.32,0.325,850900000.0,,850900000.0,5968877922.0,11.0,9.915,-28200000.0,-0.111,1.0,239400000.0,0.212,219500000.0,900000.0,1348100000.0,,589200000.0,24800000.0,0.0,24800000.0,2448100000.0,1790400000.0,657700000.0,5931277922.0,27800000.0,0.0,-153800000.0,50100000.0,0.0,54300000.0,-31200000.0,0.0,9100000.0,-4400000.0,82700000.0,82700000.0,82700000.0,9700000.0,400000.0,0.073,94400000.0,145000000.0,429200000.0,0.0,6.971,16.48,16.625,511700000.0,0.0,23.275,1.343,1.339,926400000.0,993500000.0,1127600000.0,1127600000.0,12200000.0,,,,,0.0,82200000.0,1.0,254834712.0,254000000.0,258000000.0,4.439,3079500000.0,130700000.0,45100000.0,126300000.0,12.124,489600000.0
33,FTI1,MRQ,2008-06-30,2008-06-30,2008-06-30,2021-09-19,26900000.0,3899300000.0,,2671100000.0,1228200000.0,,4.445,-35700000.0,278200000.0,278200000.0,934300000.0,106300000.0,1.272,2.416,315800000.0,12800000.0,303000000.0,315800000.0,839400000.0,17600000.0,0.0,0.0,0.0,145700000.0,163300000.0,0.139,163300000.0,145700000.0,145800000.0,0.41,0.405,0.41,1141600000.0,,1141600000.0,9815072304.0,19.0,17.195,3800000.0,0.015,1.0,243800000.0,0.207,280000000.0,-100000.0,1557700000.0,,782200000.0,36700000.0,0.0,36700000.0,2757700000.0,2099200000.0,658500000.0,9851272304.0,19400000.0,0.0,-77900000.0,92500000.0,0.0,20800000.0,-43300000.0,0.0,39500000.0,2400000.0,105800000.0,105800000.0,105800000.0,-7600000.0,500000.0,0.09,105700000.0,138100000.0,567000000.0,0.0,8.629,27.68,27.975,647800000.0,0.0,38.465,2.363,2.37,985500000.0,958900000.0,1178100000.0,1178100000.0,10800000.0,,,,,0.0,94900000.0,1.0,256110030.0,256800000.0,260800000.0,4.588,3619300000.0,62000000.0,40000000.0,102900000.0,14.094,571900000.0
34,FTI1,MRQ,2008-03-31,2008-03-31,2008-03-31,2021-09-19,3000000.0,3718800000.0,,2473300000.0,1245500000.0,,4.116,-41700000.0,258800000.0,258800000.0,842200000.0,82000000.0,1.207,2.473,222600000.0,8500000.0,214100000.0,222600000.0,914200000.0,15700000.0,0.0,0.0,0.0,114100000.0,129800000.0,0.125,129800000.0,114100000.0,114100000.0,0.315,0.31,0.315,1070900000.0,,1070900000.0,7392855411.0,15.0,13.729,115000000.0,0.442,1.0,197900000.0,0.19,277000000.0,0.0,1355700000.0,,731100000.0,33400000.0,0.0,33400000.0,2647900000.0,2049900000.0,598000000.0,7393055411.0,129300000.0,0.0,-87400000.0,103800000.0,0.0,14800000.0,-44900000.0,0.0,156700000.0,2700000.0,81500000.0,81500000.0,81500000.0,-13100000.0,500000.0,0.078,90600000.0,107300000.0,533100000.0,0.0,6.904,22.896,22.847,617600000.0,0.0,28.445,1.786,1.788,994500000.0,853100000.0,1040100000.0,1040100000.0,9900000.0,,,,,0.0,80700000.0,1.0,259907028.0,260200000.0,264000000.0,3.997,3441800000.0,57200000.0,32600000.0,80400000.0,13.228,423400000.0
35,FTI1,MRQ,2007-12-31,2007-12-31,2007-12-31,2021-09-19,-47200000.0,3211100000.0,,2290400000.0,920700000.0,,3.927,-73900000.0,129500000.0,129500000.0,858500000.0,91000000.0,1.243,2.143,129300000.0,7200000.0,122100000.0,129300000.0,665300000.0,18500000.0,0.0,0.0,0.0,141600000.0,160100000.0,0.15,160100000.0,141600000.0,134400000.0,0.35,0.34,0.35,1021700000.0,,1021700000.0,7534656279.0,17.0,14.625,233800000.0,0.899,1.0,212000000.0,0.198,227400000.0,7200000.0,1140600000.0,,533200000.0,33400000.0,0.0,33400000.0,2189400000.0,1842900000.0,346500000.0,7376056279.0,-110400000.0,-19500000.0,-35800000.0,-278300000.0,0.0,-324100000.0,-100500000.0,0.0,307700000.0,6500000.0,89900000.0,89900000.0,89900000.0,-5700000.0,1100000.0,0.084,96500000.0,115500000.0,405600000.0,0.0,7.219,24.359,24.545,452300000.0,0.0,28.35,2.021,2.04,775700000.0,771600000.0,1070500000.0,1070500000.0,10600000.0,,,,,0.0,85900000.0,1.0,260178352.0,260200000.0,265200000.0,4.114,2983700000.0,65300000.0,44500000.0,91900000.0,11.467,447500000.0
36,FTI1,MRQ,2007-09-30,2007-09-30,2007-09-30,2021-09-19,-58800000.0,3192200000.0,,2154800000.0,1037400000.0,,3.647,-35100000.0,239900000.0,239900000.0,704500000.0,78700000.0,1.302,2.361,398500000.0,105500000.0,293000000.0,398500000.0,682000000.0,3100000.0,0.0,0.0,0.0,114500000.0,117600000.0,0.134,117600000.0,114500000.0,111200000.0,0.3,0.295,0.3,949800000.0,,949800000.0,7736520154.0,18.0,16.907,110200000.0,0.423,1.0,174900000.0,0.199,261400000.0,3300000.0,1434400000.0,,703300000.0,33700000.0,0.0,33700000.0,2242400000.0,1655000000.0,587400000.0,7471020154.0,72500000.0,0.0,-15200000.0,-34400000.0,0.0,-38200000.0,-40100000.0,0.0,145300000.0,5500000.0,78700000.0,78700000.0,78700000.0,-13400000.0,0.0,0.089,88300000.0,86600000.0,451700000.0,0.0,7.866,23.672,24.227,509900000.0,0.0,28.83,2.309,2.32,983800000.0,681200000.0,879400000.0,879400000.0,10000000.0,,,,,0.0,78300000.0,1.0,259140484.0,260400000.0,265200000.0,3.377,2930800000.0,79800000.0,32500000.0,56900000.0,11.255,499800000.0
37,FTI1,MRQ,2007-06-30,2007-06-30,2007-06-30,2021-09-19,-76300000.0,2974500000.0,,2010100000.0,964400000.0,,3.269,-38500000.0,167400000.0,167400000.0,915200000.0,72800000.0,1.343,2.494,432900000.0,75500000.0,357400000.0,432900000.0,628900000.0,20800000.0,0.0,0.0,0.0,110200000.0,131000000.0,0.114,131000000.0,110200000.0,106500000.0,0.28,0.275,0.28,851200000.0,,851200000.0,5394260365.0,14.0,12.19,80100000.0,0.308,1.0,233800000.0,0.203,258100000.0,3700000.0,1485700000.0,,698800000.0,30700000.0,0.0,30700000.0,2123300000.0,1496200000.0,627100000.0,5144160365.0,81700000.0,-44900000.0,-54400000.0,96900000.0,0.0,44500000.0,-83400000.0,0.0,118600000.0,2000000.0,72800000.0,72800000.0,72800000.0,200000.0,0.0,0.063,124600000.0,109200000.0,460700000.0,0.0,6.043,17.268,17.762,470400000.0,0.0,19.805,1.565,1.569,996600000.0,602900000.0,1149000000.0,1149000000.0,13900000.0,,,,,0.0,110700000.0,1.0,259740488.0,260400000.0,265600000.0,4.412,2716400000.0,76700000.0,33700000.0,54900000.0,10.432,513900000.0
38,FTI1,MRQ,2007-03-31,2007-03-31,2007-03-31,2021-09-19,-97000000.0,2594600000.0,,1760800000.0,833800000.0,,2.986,30900000.0,85700000.0,85700000.0,769800000.0,61300000.0,1.44,2.228,335800000.0,4400000.0,331400000.0,335800000.0,509100000.0,19400000.0,0.0,0.0,0.0,92700000.0,112100000.0,0.114,112100000.0,92700000.0,90800000.0,0.23,0.225,0.23,803800000.0,,803800000.0,4851673878.0,13.0,11.56,43200000.0,0.16,1.0,211100000.0,0.215,188100000.0,1900000.0,1434000000.0,,663400000.0,28200000.0,0.0,28200000.0,1790800000.0,1222600000.0,568200000.0,4712773878.0,6200000.0,0.0,-162800000.0,117400000.0,0.0,-37800000.0,30900000.0,0.0,12300000.0,800000.0,61300000.0,61300000.0,61300000.0,800000.0,0.0,0.062,118800000.0,92300000.0,396100000.0,0.0,5.863,16.217,16.253,439300000.0,0.0,17.44,1.526,1.52,878300000.0,530100000.0,980900000.0,980900000.0,15300000.0,,,,,0.0,103500000.0,1.0,270227860.0,269200000.0,274000000.0,3.644,2406500000.0,85900000.0,29500000.0,51600000.0,8.939,538200000.0
39,FTI1,MRQ,2006-12-31,2006-12-31,2006-12-31,2021-09-19,-112200000.0,2487800000.0,,1692100000.0,795700000.0,,3.262,-19800000.0,79500000.0,79500000.0,234100000.0,102800000.0,1.4,1.808,218400000.0,5800000.0,212600000.0,218400000.0,444900000.0,-4000000.0,0.0,0.0,0.0,100900000.0,96900000.0,0.428,96900000.0,100900000.0,94300000.0,0.38,0.37,0.38,886000000.0,,886000000.0,4356711185.0,12.0,10.927,47300000.0,0.174,1.0,-7600000.0,-0.034,187400000.0,6600000.0,1230400000.0,,584400000.0,26000000.0,0.0,26000000.0,1601800000.0,1208900000.0,392900000.0,4192611185.0,20800000.0,0.0,-49800000.0,-4400000.0,0.0,-53000000.0,5700000.0,0.0,67100000.0,1000000.0,102800000.0,102800000.0,102800000.0,-86400000.0,0.0,0.454,-26700000.0,19100000.0,420400000.0,0.0,4.732,15.174,15.255,444400000.0,0.0,15.408,1.438,1.448,898100000.0,469500000.0,226500000.0,226500000.0,-2400000.0,,,,,0.0,-24300000.0,1.0,272114956.0,271600000.0,278200000.0,0.834,2300400000.0,72100000.0,-8500000.0,40900000.0,8.47,483200000.0
40,FTI1,MRQ,2006-09-30,2006-09-30,2006-09-30,2021-09-19,-83900000.0,2347800000.0,,1609800000.0,738000000.0,,3.113,-32800000.0,58700000.0,58700000.0,737500000.0,61000000.0,1.355,1.746,222800000.0,5100000.0,217700000.0,222800000.0,410900000.0,17900000.0,0.0,0.0,0.0,84600000.0,102500000.0,0.11,102500000.0,84600000.0,83200000.0,0.225,0.215,0.225,854900000.0,,854900000.0,3832175896.0,11.0,9.179,44000000.0,0.16,1.0,193700000.0,0.208,186800000.0,1400000.0,1136900000.0,,602000000.0,23000000.0,0.0,23000000.0,1492900000.0,1188200000.0,304700000.0,3679875896.0,-54700000.0,-9500000.0,-44600000.0,-43000000.0,0.0,-89500000.0,-42800000.0,0.0,76800000.0,800000.0,61000000.0,61000000.0,61000000.0,-3500000.0,0.0,0.066,113700000.0,80000000.0,376800000.0,0.0,4.304,17.995,18.02,416000000.0,0.0,13.425,1.038,1.04,837100000.0,366700000.0,931200000.0,931200000.0,12300000.0,,,,,0.0,101400000.0,1.0,274106212.0,274600000.0,281600000.0,3.391,2161000000.0,72900000.0,22200000.0,49800000.0,7.87,421600000.0
41,FTI1,MRQ,2006-06-30,2006-06-30,2006-06-30,2021-09-19,-85800000.0,2281300000.0,,1570200000.0,711100000.0,,3.019,-32200000.0,113400000.0,113400000.0,764600000.0,65500000.0,1.43,1.75,265700000.0,4400000.0,261300000.0,265700000.0,345700000.0,17400000.0,0.0,0.0,0.0,90800000.0,108200000.0,0.114,108200000.0,90800000.0,88500000.0,0.237,0.233,0.237,829700000.0,,829700000.0,4769816349.0,15.0,12.255,-2000000.0,-0.007,1.0,184600000.0,0.194,182300000.0,2300000.0,1153200000.0,,557700000.0,22300000.0,0.0,22300000.0,1451600000.0,1098100000.0,353500000.0,4611816349.0,6700000.0,0.0,2400000.0,600000.0,0.0,8900000.0,-33100000.0,0.0,30200000.0,700000.0,65500000.0,65500000.0,65500000.0,-19700000.0,0.0,0.069,113200000.0,71400000.0,378600000.0,0.0,5.558,24.375,24.62,393800000.0,0.0,16.865,1.361,1.368,787700000.0,305700000.0,949200000.0,949200000.0,11600000.0,,,,,0.0,101500000.0,1.0,273454868.0,274800000.0,281600000.0,3.454,2099000000.0,77700000.0,23000000.0,53600000.0,7.638,472100000.0
42,FTI1,MRQ,2006-03-31,2006-03-31,2006-03-31,2021-09-19,-94300000.0,2180700000.0,,1497400000.0,683300000.0,,2.71,-27900000.0,106700000.0,106700000.0,647600000.0,47000000.0,1.376,1.928,264700000.0,4500000.0,260200000.0,264700000.0,365700000.0,16600000.0,0.0,0.0,0.0,74800000.0,91400000.0,0.111,91400000.0,74800000.0,73300000.0,0.17,0.168,0.17,744800000.0,,744800000.0,3614418293.0,13.0,10.838,-40600000.0,-0.148,1.0,179000000.0,0.217,183300000.0,1500000.0,1067400000.0,,526800000.0,21600000.0,0.0,21600000.0,1435900000.0,1088000000.0,347900000.0,3511418293.0,-46200000.0,0.0,-23800000.0,8700000.0,0.0,-8200000.0,-25600000.0,0.0,-12700000.0,300000.0,47000000.0,47000000.0,47000000.0,-3900000.0,0.0,0.057,107300000.0,71700000.0,371500000.0,0.0,4.715,22.935,23.072,372200000.0,0.0,12.805,1.08,1.082,763900000.0,240200000.0,826600000.0,826600000.0,11700000.0,,,,,0.0,95800000.0,1.0,274222436.0,274800000.0,281600000.0,3.008,1997400000.0,75100000.0,26300000.0,40300000.0,7.269,409400000.0
43,FTI1,MRQ,2005-12-31,2005-12-31,2005-12-31,2021-09-19,-108500000.0,2095600000.0,,1431400000.0,664200000.0,,2.534,-31300000.0,152900000.0,152900000.0,616300000.0,31000000.0,1.353,1.996,255900000.0,3300000.0,252600000.0,255900000.0,347000000.0,16100000.0,0.0,0.0,0.0,99300000.0,115400000.0,0.138,115400000.0,99300000.0,94300000.0,0.112,0.11,0.112,699500000.0,,699500000.0,3008139643.0,16.0,11.719,-26700000.0,-0.097,1.0,220500000.0,0.264,176100000.0,5000000.0,964300000.0,,441100000.0,22300000.0,0.0,22300000.0,1396100000.0,1058200000.0,337900000.0,2955139643.0,13300000.0,9500000.0,-30600000.0,63300000.0,0.0,33700000.0,-24200000.0,0.0,4600000.0,-800000.0,31000000.0,31000000.0,31000000.0,26100000.0,0.0,0.037,121200000.0,99300000.0,358600000.0,0.0,4.225,27.852,27.87,352500000.0,0.0,10.73,0.951,0.953,711400000.0,193200000.0,836800000.0,836800000.0,8400000.0,,,,,0.0,82500000.0,1.0,275409100.0,276000000.0,283200000.0,3.032,1919500000.0,79600000.0,63300000.0,35700000.0,6.955,373200000.0
44,FTI1,MRQ,2005-09-30,2005-09-30,2005-09-30,2021-09-19,-86100000.0,1984600000.0,,1342600000.0,642000000.0,,2.602,53600000.0,139600000.0,139600000.0,639700000.0,45700000.0,1.354,1.768,192600000.0,2600000.0,190000000.0,192600000.0,0.0,16500000.0,0.0,0.0,0.0,57700000.0,74200000.0,0.096,74200000.0,57700000.0,56100000.0,0.165,0.163,0.165,717100000.0,,717100000.0,3052154995.0,20.0,13.88,105000000.0,0.381,1.0,136400000.0,0.176,186100000.0,1600000.0,860200000.0,,468200000.0,19200000.0,0.0,19200000.0,1267500000.0,991300000.0,276200000.0,2887854995.0,54200000.0,0.0,3400000.0,-56700000.0,0.0,-51400000.0,53600000.0,0.0,51400000.0,600000.0,45700000.0,45700000.0,45700000.0,0.0,0.0,0.059,78300000.0,58100000.0,310400000.0,0.0,4.027,21.828,21.706,332600000.0,0.0,10.527,1.006,1.01,657100000.0,162200000.0,776100000.0,776100000.0,12100000.0,,,,,0.0,91600000.0,1.0,274315364.0,275600000.0,283200000.0,2.816,1798500000.0,70000000.0,10400000.0,25800000.0,6.526,351300000.0
45,FTI1,MRQ,2005-06-30,2005-06-30,2005-06-30,2021-09-19,-84600000.0,1938500000.0,,1248000000.0,690500000.0,,2.402,-14000000.0,85400000.0,85400000.0,673000000.0,29400000.0,1.306,1.924,249700000.0,5400000.0,244300000.0,249700000.0,0.0,16100000.0,0.0,0.0,0.0,36400000.0,52500000.0,0.065,52500000.0,36400000.0,35200000.0,0.107,0.105,0.107,662900000.0,,662900000.0,2305499877.0,18.0,11.902,-49000000.0,-0.178,1.0,139500000.0,0.172,184300000.0,1200000.0,962600000.0,,418400000.0,82500000.0,0.0,82500000.0,1275600000.0,955900000.0,319700000.0,2211499877.0,13000000.0,0.0,-19300000.0,83300000.0,0.0,63700000.0,-14000000.0,0.0,-35000000.0,-1700000.0,29400000.0,29400000.0,29400000.0,0.0,0.0,0.036,102800000.0,36700000.0,345600000.0,0.0,3.336,20.364,19.981,323100000.0,0.0,7.992,0.791,0.789,651400000.0,116500000.0,812500000.0,812500000.0,13400000.0,,,,,0.0,91600000.0,1.0,276696888.0,276000000.0,282800000.0,2.944,1754200000.0,70600000.0,5800000.0,36100000.0,6.356,292100000.0
46,FTI1,MRQ,2005-03-31,2005-03-31,2005-03-31,2021-09-19,-80700000.0,1875700000.0,,1195500000.0,680200000.0,,2.361,-6600000.0,72400000.0,72400000.0,583000000.0,0.0,1.213,1.874,166400000.0,2100000.0,164300000.0,166400000.0,0.0,16000000.0,0.0,0.0,0.0,-1400000.0,14600000.0,0.021,14600000.0,-1400000.0,-2600000.0,0.0,0.0,0.0,652700000.0,,652700000.0,2332384910.0,18.0,12.186,-58000000.0,-0.21,1.0,98600000.0,0.145,183900000.0,1200000.0,800300000.0,,392200000.0,76200000.0,0.0,76200000.0,1223000000.0,985500000.0,237500000.0,2293384910.0,-51700000.0,0.0,3700000.0,3200000.0,0.0,8600000.0,-6600000.0,0.0,-51400000.0,-2300000.0,0.0,0.0,0.0,0.0,0.0,0.0,99200000.0,-600000.0,335700000.0,,3.514,22.201,21.715,322600000.0,0.0,8.295,0.864,0.864,634000000.0,87100000.0,681600000.0,681600000.0,13300000.0,,,,,0.0,88600000.0,1.0,276477988.0,276400000.0,276400000.0,2.466,1691800000.0,65300000.0,-2600000.0,64600000.0,6.121,210000000.0
47,FTI1,MRQ,2004-12-31,2004-12-31,2004-12-31,2021-09-19,-61000000.0,1893900000.0,,1217100000.0,676800000.0,,2.417,-10600000.0,124100000.0,124100000.0,463000000.0,57200000.0,1.223,1.86,163100000.0,2700000.0,160400000.0,163100000.0,297500000.0,16100000.0,0.0,0.0,0.0,62500000.0,78600000.0,0.131,78600000.0,62500000.0,59400000.0,0.212,0.205,0.212,662200000.0,,662200000.0,2369226785.0,16.0,11.061,89700000.0,0.327,1.0,138600000.0,0.23,188800000.0,3100000.0,748700000.0,,316300000.0,76600000.0,0.0,76600000.0,1231700000.0,995400000.0,236300000.0,2202026785.0,88300000.0,22300000.0,4700000.0,-40000000.0,0.0,-34700000.0,12800000.0,0.0,100300000.0,4300000.0,57200000.0,57200000.0,57200000.0,-25100000.0,0.0,0.095,101400000.0,37200000.0,368800000.0,0.0,3.325,18.869,18.634,332800000.0,0.0,8.05,0.868,0.858,671700000.0,87100000.0,601600000.0,601600000.0,11500000.0,,,,,0.0,84100000.0,1.0,273543700.0,274000000.0,280800000.0,2.196,1705100000.0,47000000.0,2200000.0,60300000.0,6.223,221700000.0
48,FTI1,MRQ,2004-09-30,2004-09-30,2004-09-30,2021-09-19,-112800000.0,1701200000.0,,1077600000.0,623600000.0,,2.004,-9900000.0,35800000.0,35800000.0,574100000.0,22000000.0,1.193,2.126,203000000.0,30400000.0,172600000.0,203000000.0,0.0,15600000.0,0.0,0.0,0.0,32400000.0,48000000.0,0.069,48000000.0,32400000.0,31000000.0,0.08,0.08,0.08,544200000.0,,544200000.0,2365896829.0,19.0,12.789,-75100000.0,-0.277,1.0,125900000.0,0.18,188200000.0,1400000.0,777100000.0,,299600000.0,32900000.0,16200000.0,16700000.0,1157000000.0,903100000.0,253900000.0,2253896829.0,-65700000.0,900000.0,18700000.0,-10500000.0,0.0,8200000.0,-9000000.0,400000.0,-65200000.0,400000.0,22000000.0,22000000.0,22000000.0,0.0,0.0,0.031,94700000.0,31200000.0,292000000.0,0.0,4.142,27.895,27.833,318400000.0,0.0,8.35,0.876,0.882,641200000.0,29900000.0,700000000.0,700000000.0,11400000.0,,,,,0.0,82600000.0,1.0,269927764.0,271600000.0,278800000.0,2.577,1513000000.0,81300000.0,9000000.0,65000000.0,5.571,174500000.0
49,FTI1,MRQ,2004-06-30,2004-06-30,2004-06-30,2021-09-19,-118300000.0,1674800000.0,,1019200000.0,655600000.0,,1.829,-9100000.0,101500000.0,101500000.0,541700000.0,24100000.0,1.116,2.407,213500000.0,40600000.0,172900000.0,213500000.0,0.0,14500000.0,0.0,0.0,0.0,35700000.0,50200000.0,0.075,50200000.0,35700000.0,33900000.0,0.09,0.087,0.09,491600000.0,,491600000.0,2143034918.0,18.0,11.939,92500000.0,0.344,1.0,129800000.0,0.193,186000000.0,1800000.0,687500000.0,,288600000.0,34500000.0,0.0,34500000.0,1183200000.0,913300000.0,269900000.0,1935734918.0,63200000.0,1200000.0,5300000.0,-32100000.0,0.0,-26800000.0,-8100000.0,-200000.0,101600000.0,0.0,24100000.0,24100000.0,24100000.0,0.0,0.0,0.036,94000000.0,35800000.0,275100000.0,0.0,3.938,25.009,24.828,319700000.0,0.0,7.2,0.796,0.796,561900000.0,7900000.0,671500000.0,671500000.0,10900000.0,,,,,0.0,83100000.0,1.0,268852072.0,268800000.0,276000000.0,2.498,1488800000.0,0.0,9800000.0,67900000.0,5.539,105900000.0
50,FTI1,MRQ,2004-03-31,2004-03-31,2004-03-31,2021-09-19,-119400000.0,1639100000.0,,983900000.0,655200000.0,,1.707,-10000000.0,38300000.0,38300000.0,450200000.0,13400000.0,1.138,2.593,245600000.0,44500000.0,201100000.0,245600000.0,0.0,16500000.0,0.0,0.0,0.0,20900000.0,37400000.0,0.066,37400000.0,20900000.0,18900000.0,0.05,0.05,0.05,456200000.0,,456200000.0,2000952557.0,18.0,11.395,-19700000.0,-0.074,1.0,112500000.0,0.2,189000000.0,2000000.0,792800000.0,,303200000.0,33600000.0,0.0,33600000.0,1182900000.0,864600000.0,318300000.0,1808452557.0,9300000.0,-2100000.0,9900000.0,24200000.0,0.0,34100000.0,-12300000.0,-200000.0,-9700000.0,-800000.0,13400000.0,13400000.0,13400000.0,0.0,0.0,0.024,91800000.0,20700000.0,256600000.0,0.0,3.964,24.307,24.134,323500000.0,0.0,6.758,0.763,0.762,562500000.0,-16200000.0,562700000.0,562700000.0,12400000.0,,,,,0.0,79400000.0,1.0,267621540.0,267200000.0,273600000.0,2.106,1450100000.0,88700000.0,5500000.0,67000000.0,5.427,119300000.0
51,FTI1,MRQ,2003-12-31,2003-12-31,2003-12-31,2021-09-19,-105300000.0,1597100000.0,,949000000.0,648100000.0,,1.669,-9300000.0,29000000.0,29000000.0,507800000.0,21300000.0,1.117,2.603,221500000.0,20400000.0,201100000.0,221500000.0,0.0,16500000.0,0.0,0.0,0.0,32900000.0,49400000.0,0.078,49400000.0,32900000.0,29700000.0,0.08,0.08,0.08,443300000.0,,443300000.0,1761188012.0,17.0,10.778,29900000.0,0.113,1.0,129600000.0,0.203,189400000.0,3200000.0,750400000.0,,286800000.0,31800000.0,0.0,31800000.0,1153800000.0,849800000.0,304000000.0,1543288012.0,-21400000.0,-2500000.0,-1600000.0,-46800000.0,0.0,-48400000.0,-14100000.0,0.0,39200000.0,-3000000.0,21300000.0,21300000.0,21300000.0,0.0,0.0,0.033,97300000.0,32300000.0,272400000.0,0.0,3.481,22.399,22.404,327900000.0,0.0,5.825,0.669,0.668,544100000.0,-29600000.0,637400000.0,637400000.0,13200000.0,,,,,0.0,86400000.0,1.0,264942148.0,265600000.0,268800000.0,2.4,1407700000.0,78200000.0,8400000.0,62300000.0,5.3,99200000.0
52,FTI1,MRQ,2003-09-30,2003-09-30,2003-09-30,2021-09-19,-147100000.0,1497900000.0,,886200000.0,611700000.0,,1.372,-15200000.0,50400000.0,50400000.0,445800000.0,18600000.0,1.15,3.124,268300000.0,33200000.0,235100000.0,268300000.0,0.0,14500000.0,0.0,0.0,0.0,28000000.0,42500000.0,0.076,42500000.0,28000000.0,25800000.0,0.07,0.07,0.07,363200000.0,,363200000.0,1604568097.0,16.0,10.306,17900000.0,0.068,1.0,114300000.0,0.204,181700000.0,2200000.0,763500000.0,,294200000.0,30200000.0,0.0,30200000.0,1134700000.0,770600000.0,364100000.0,1412568097.0,-12900000.0,-43900000.0,4600000.0,6000000.0,0.0,10600000.0,-56600000.0,0.0,33100000.0,300000.0,18600000.0,18600000.0,18600000.0,0.0,0.0,0.033,86200000.0,28100000.0,468100000.0,0.0,3.889,21.468,21.42,317700000.0,0.0,5.355,0.628,0.63,466800000.0,-35000000.0,560100000.0,560100000.0,11100000.0,,,,,0.0,75100000.0,1.0,263784892.0,264800000.0,268400000.0,2.115,1316200000.0,60700000.0,7200000.0,42100000.0,4.971,115600000.0
53,FTI1,MRQ,2003-06-30,2003-06-30,2003-06-30,2021-09-19,-147900000.0,1457300000.0,,894200000.0,563100000.0,,1.272,-14300000.0,63300000.0,63300000.0,489200000.0,21100000.0,0.96,3.333,255300000.0,204800000.0,50500000.0,255300000.0,0.0,14500000.0,0.0,0.0,0.0,31800000.0,46300000.0,0.076,46300000.0,31800000.0,29300000.0,0.08,0.08,0.08,336300000.0,,336300000.0,1601431489.0,16.0,10.494,22000000.0,0.083,1.0,120700000.0,0.198,127700000.0,2500000.0,590200000.0,,295900000.0,29100000.0,0.0,29100000.0,1121000000.0,931400000.0,189600000.0,1387831489.0,28700000.0,0.0,0.0,7300000.0,0.0,7300000.0,-12600000.0,200000.0,36300000.0,300000.0,21100000.0,21100000.0,21100000.0,0.0,0.0,0.035,88700000.0,32000000.0,473400000.0,0.0,4.127,21.685,21.48,315600000.0,0.0,5.263,0.627,0.628,464000000.0,-55300000.0,609900000.0,609900000.0,10800000.0,,,,,0.0,77900000.0,1.0,263720948.0,264400000.0,267200000.0,2.307,1329600000.0,67600000.0,8200000.0,40000000.0,5.029,-37200000.0
54,FTI1,MRQ,2003-03-31,2003-03-31,2003-03-31,2021-09-19,-159200000.0,1383000000.0,,820000000.0,563000000.0,,1.143,-13400000.0,34600000.0,34600000.0,403100000.0,7900000.0,1.035,3.59,248200000.0,97700000.0,150500000.0,248200000.0,0.0,12200000.0,0.0,0.0,0.0,13000000.0,25200000.0,0.05,25200000.0,13000000.0,10800000.0,0.03,0.03,0.03,301300000.0,,301300000.0,1470695885.0,15.0,10.101,23200000.0,0.088,1.0,96600000.0,0.193,121400000.0,2200000.0,682900000.0,,306900000.0,29600000.0,0.0,29600000.0,1081700000.0,792300000.0,289400000.0,1268195885.0,2200000.0,0.0,4000000.0,13200000.0,0.0,17200000.0,-49500000.0,-200000.0,36600000.0,-100000.0,7900000.0,7900000.0,7900000.0,0.0,0.0,0.016,83400000.0,13200000.0,462900000.0,0.0,4.209,20.893,20.69,320200000.0,0.0,4.8,0.591,0.589,402800000.0,-78200000.0,499700000.0,499700000.0,10200000.0,,,,,0.0,73200000.0,1.0,264207476.0,263600000.0,265600000.0,1.896,1261600000.0,73000000.0,2900000.0,39500000.0,4.786,27700000.0
55,FTI1,MRQ,2002-12-31,2002-12-31,2002-12-31,2021-09-19,-145600000.0,1372500000.0,,818400000.0,554100000.0,,1.162,2400000.0,32400000.0,32400000.0,465500000.0,18200000.0,1.115,3.518,234900000.0,59500000.0,175400000.0,234900000.0,0.0,13100000.0,0.0,0.0,0.0,28600000.0,41700000.0,0.072,41700000.0,28600000.0,24300000.0,0.07,0.073,0.07,303800000.0,,303800000.0,1566215014.0,-16.0,-30.65,53600000.0,0.205,1.0,114700000.0,0.198,119900000.0,4300000.0,721100000.0,,278900000.0,29400000.0,0.0,29400000.0,1068700000.0,734000000.0,334700000.0,1335715014.0,-6200000.0,0.0,0.0,-36000000.0,0.0,-36000000.0,-21200000.0,-2000000.0,51200000.0,700000.0,18200000.0,18200000.0,18200000.0,0.0,0.0,0.031,87200000.0,27500000.0,235000000.0,0.0,4.397,-9.821,-9.822,306100000.0,0.0,5.107,0.645,0.645,419200000.0,-87400000.0,580200000.0,580200000.0,11800000.0,,,,,0.0,75400000.0,1.0,261520316.0,261520316.0,,2.219,1252600000.0,74600000.0,6100000.0,47700000.0,4.79,84400000.0
56,FTI1,MRQ,2002-09-30,2002-09-30,2002-09-30,2021-09-19,-132600000.0,1305700000.0,,822500000.0,483200000.0,,1.074,-15000000.0,38600000.0,38600000.0,425000000.0,16800000.0,1.136,3.648,269100000.0,83600000.0,185500000.0,269100000.0,0.0,12700000.0,0.0,0.0,0.0,26700000.0,39400000.0,0.075,39400000.0,26700000.0,23600000.0,0.065,0.062,0.065,280900000.0,,280900000.0,1342433203.0,-14.0,-31.513,500000.0,0.002,1.0,100400000.0,0.191,114600000.0,3100000.0,697300000.0,,296800000.0,27700000.0,0.0,27700000.0,1024800000.0,724300000.0,300500000.0,1096233203.0,31200000.0,0.0,0.0,15500000.0,0.0,11100000.0,6900000.0,300000.0,15500000.0,-100000.0,16800000.0,16800000.0,16800000.0,0.0,0.0,0.032,73000000.0,27400000.0,413500000.0,0.0,3.903,-8.255,-8.216,295100000.0,0.0,4.19,0.538,0.538,403000000.0,-111900000.0,525400000.0,525400000.0,11900000.0,,,,,0.0,61100000.0,1.0,261630836.0,261600000.0,267200000.0,2.008,1191100000.0,38500000.0,6800000.0,23600000.0,4.553,98200000.0
57,FTI1,MRQ,2002-06-30,2002-06-30,2002-06-30,2021-09-19,-119100000.0,1375700000.0,,871900000.0,503800000.0,,1.082,-18900000.0,7400000.0,7400000.0,428600000.0,17800000.0,1.076,3.868,253600000.0,103100000.0,150500000.0,253600000.0,0.0,11000000.0,0.0,0.0,0.0,28300000.0,39300000.0,0.072,39300000.0,28300000.0,25000000.0,0.068,0.068,0.068,282600000.0,,282600000.0,1616794865.0,-17.0,-33.543,34200000.0,0.131,1.0,113700000.0,0.21,124900000.0,3300000.0,686900000.0,,312100000.0,27300000.0,0.0,27300000.0,1093100000.0,810100000.0,283000000.0,1357594865.0,5200000.0,0.0,400000.0,-7800000.0,0.0,-7400000.0,-40200000.0,300000.0,53100000.0,200000.0,17800000.0,17800000.0,17800000.0,0.0,0.0,0.033,85000000.0,28700000.0,454400000.0,0.0,4.804,-9.823,-9.792,291100000.0,0.0,5.19,0.683,0.682,427600000.0,-128800000.0,542300000.0,542300000.0,12200000.0,,,,,0.0,72800000.0,1.0,261578972.0,261200000.0,267600000.0,2.076,1250800000.0,43700000.0,7200000.0,30300000.0,4.789,61800000.0
58,FTI1,MRQ,2002-03-31,2002-03-31,2002-03-31,2021-09-19,-138300000.0,1289800000.0,,798900000.0,490900000.0,,0.936,-10800000.0,2200000.0,2200000.0,335100000.0,-188800000.0,1.101,4.282,261400000.0,78700000.0,182700000.0,261400000.0,0.0,11800000.0,0.0,0.0,0.0,-183300000.0,-171500000.0,-0.405,-171500000.0,-183300000.0,-186700000.0,-0.723,-0.723,-0.723,244200000.0,,244200000.0,1545879271.0,-15.0,-31.167,-11600000.0,-0.044,1.0,88500000.0,0.209,130100000.0,3400000.0,693200000.0,,305800000.0,28200000.0,0.0,28200000.0,1045600000.0,725700000.0,319900000.0,1300879271.0,-25800000.0,0.0,600000.0,-11800000.0,0.0,-11200000.0,-11900000.0,-1100000.0,-800000.0,-200000.0,-188800000.0,-188800000.0,-188800000.0,0.0,0.0,-0.446,77400000.0,11100000.0,430400000.0,0.0,5.327,-8.922,-8.945,276200000.0,0.0,4.982,0.677,0.676,407700000.0,-146500000.0,423600000.0,423600000.0,11900000.0,,,,,0.0,65500000.0,1.0,261089668.0,260800000.0,260800000.0,1.624,1159700000.0,46900000.0,2100000.0,30700000.0,4.447,73200000.0
59,FTI1,MRQ,2001-12-31,2001-12-31,2001-12-31,2021-09-19,-146600000.0,1437900000.0,,755100000.0,682800000.0,,1.608,-26300000.0,28000000.0,28000000.0,439100000.0,21400000.0,1.109,2.438,273000000.0,78900000.0,194100000.0,273000000.0,0.0,14900000.0,0.0,0.0,0.0,35300000.0,50200000.0,0.092,50200000.0,35300000.0,29300000.0,0.08,0.083,0.08,418200000.0,,418200000.0,1313050000.0,18.0,10.046,49600000.0,0.191,1.0,107300000.0,0.196,347100000.0,6000000.0,655000000.0,,269600000.0,27100000.0,0.0,27100000.0,1019700000.0,680800000.0,338900000.0,1069250000.0,-61000000.0,0.0,0.0,-59300000.0,0.0,-105800000.0,-28200000.0,-1900000.0,75900000.0,-500000.0,21400000.0,21400000.0,21400000.0,0.0,0.0,0.039,74500000.0,32800000.0,369400000.0,0.0,2.557,30.814,30.921,275300000.0,0.0,4.112,0.555,0.555,380600000.0,42300000.0,546400000.0,546400000.0,12900000.0,,,,,0.0,78400000.0,1.0,260000000.0,260000000.0,,2.102,1090800000.0,29800000.0,7900000.0,41800000.0,4.195,74300000.0
60,FTI1,MRQ,2001-09-30,2001-09-30,2001-09-30,2021-09-19,-143200000.0,1487400000.0,,822000000.0,665400000.0,,1.493,-11200000.0,89000000.0,89000000.0,363300000.0,11400000.0,1.189,2.832,332800000.0,82600000.0,250200000.0,332800000.0,0.0,12000000.0,0.0,0.0,0.0,21800000.0,33800000.0,0.071,33800000.0,21800000.0,16600000.0,0.045,0.043,0.045,388200000.0,,388200000.0,1002650000.0,14.0,7.803,16500000.0,0.063,1.0,110700000.0,0.234,343100000.0,5200000.0,696700000.0,,276800000.0,27000000.0,0.0,27000000.0,1099200000.0,691400000.0,407800000.0,750750000.0,77500000.0,0.0,0.0,69400000.0,0.0,77700000.0,-24900000.0,-13700000.0,27700000.0,-1000000.0,11400000.0,11400000.0,11400000.0,0.0,0.0,0.024,88800000.0,21900000.0,361700000.0,0.0,1.934,20.568,,256400000.0,0.0,2.888,0.402,0.402,352000000.0,20900000.0,474000000.0,474000000.0,13000000.0,,,,,0.0,69500000.0,1.0,260000000.0,260000000.0,264800000.0,1.823,1144300000.0,37400000.0,5200000.0,41700000.0,4.401,130600000.0
61,FTI1,MRQ,2001-06-30,2001-06-30,2001-06-30,2021-09-19,-153300000.0,1408100000.0,,760600000.0,647500000.0,,1.392,-13500000.0,11500000.0,11500000.0,368500000.0,10200000.0,1.088,2.892,263400000.0,82700000.0,180700000.0,263400000.0,0.0,16500000.0,0.0,0.0,0.0,21400000.0,37900000.0,0.079,37900000.0,21400000.0,19600000.0,0.04,0.037,0.04,361800000.0,,361800000.0,1361950000.0,18.0,9.992,-18600000.0,-0.072,1.0,109600000.0,0.229,350700000.0,1800000.0,610200000.0,,277800000.0,26600000.0,0.0,26600000.0,1046300000.0,699100000.0,347200000.0,1342250000.0,-500000.0,-2600000.0,207200000.0,231700000.0,0.0,9600000.0,-3400000.0,12700000.0,-5100000.0,-200000.0,10200000.0,10200000.0,10200000.0,0.0,0.0,0.021,87700000.0,21900000.0,392400000.0,0.0,3.71,32.035,,254500000.0,0.0,5.162,0.727,0.727,355600000.0,9500000.0,478100000.0,478100000.0,16100000.0,,,,,0.0,71600000.0,1.0,260000000.0,260000000.0,264800000.0,1.839,1057400000.0,26600000.0,9400000.0,39200000.0,4.067,61500000.0
62,FTI1,MRQ,2001-03-31,2001-03-28,2001-03-28,2021-09-19,-126900000.0,1407700000.0,,739800000.0,667900000.0,,2.509,-7500000.0,12000000.0,12000000.0,333900000.0,-8300000.0,1.254,1.158,31700000.0,31700000.0,0.0,31700000.0,0.0,14400000.0,0.0,,0.0,-5100000.0,9300000.0,0.022,9300000.0,-5100000.0,-6700000.0,,,,652300000.0,,652300000.0,,,,-29700000.0,-0.114,1.0,95500000.0,0.222,360600000.0,1600000.0,476900000.0,,278800000.0,30000000.0,0.0,30000000.0,755400000.0,589900000.0,165500000.0,,-5800000.0,0.0,0.0,-9400000.0,0.0,26100000.0,-7900000.0,-400000.0,-22200000.0,-300000.0,-8300000.0,-8300000.0,-8300000.0,0.0,0.0,-0.019,96400000.0,-900000.0,333900000.0,,,,,254100000.0,0.0,,,,315600000.0,,429400000.0,429400000.0,13100000.0,,,,,0.0,72800000.0,1.0,260000000.0,260000000.0,,1.652,1047100000.0,41300000.0,1600000.0,33200000.0,4.027,149900000.0
63,FTI1,MRQ,2000-12-31,2000-12-31,2000-12-31,2021-09-19,-114400000.0,1373700000.0,,693300000.0,680400000.0,,,-5500000.0,17800000.0,17800000.0,367500000.0,23200000.0,1.217,1.154,41100000.0,41100000.0,0.0,41100000.0,0.0,13500000.0,0.0,,0.0,34000000.0,47500000.0,0.098,47500000.0,34000000.0,31500000.0,,,,637600000.0,,637600000.0,,,,45700000.0,,1.0,117800000.0,0.243,373100000.0,2500000.0,454100000.0,,254800000.0,29900000.0,0.0,29900000.0,736100000.0,569800000.0,166300000.0,,-7000000.0,0.0,0.0,-29100000.0,0.0,-183700000.0,125100000.0,130600000.0,51200000.0,800000.0,23200000.0,23200000.0,23200000.0,0.0,0.0,0.048,84700000.0,33100000.0,328300000.0,,,,,257300000.0,0.0,,,,328900000.0,0.0,485300000.0,485300000.0,16400000.0,,,,,0.0,68300000.0,1.0,,,,,1000600000.0,37900000.0,8300000.0,34000000.0,,123500000.0
64,FTI1,MRQ,2000-09-30,2000-09-30,2000-09-30,2021-09-19,,,,,,,,-8500000.0,,,345000000.0,16800000.0,,,,,,,,16300000.0,,,0.0,25300000.0,41600000.0,0.092,41600000.0,25300000.0,23000000.0,,,,,,,,,,-60000000.0,,1.0,107600000.0,0.238,,2300000.0,,,,,,,,,,,-3500000.0,-2000000.0,0.0,59700000.0,0.0,88800000.0,-36200000.0,-25700000.0,-51500000.0,-4300000.0,16800000.0,16800000.0,16800000.0,0.0,0.0,0.037,82500000.0,25100000.0,,,,,,,0.0,,,,,,452600000.0,452600000.0,11400000.0,,,,,0.0,71100000.0,1.0,,,,,,,6200000.0,,,
65,FTI1,MRQ,2000-06-30,2000-06-30,2000-06-30,2021-09-19,,,,,,,,,,,368700000.0,18300000.0,,,,,,,,,,,0.0,23900000.0,,,,23900000.0,23100000.0,,,,,,,,,,,,1.0,126700000.0,0.256,,800000.0,,,,,,,,,,,,,,,,,,,,,18300000.0,18300000.0,18300000.0,0.0,0.0,0.037,103000000.0,23700000.0,,,,,,,0.0,,,,,,495400000.0,495400000.0,14600000.0,,,,,,77100000.0,1.0,,,,,,,4800000.0,,,
66,FTI1,MRQ,2000-03-31,2000-03-31,2000-03-31,2021-09-19,-114400000.0,1373700000.0,,693300000.0,680400000.0,,,,17800000.0,17800000.0,340000000.0,9600000.0,1.217,1.154,41100000.0,41100000.0,0.0,41100000.0,0.0,,0.0,,0.0,14000000.0,,,,14000000.0,13000000.0,,,,637600000.0,,637600000.0,,,,,,1.0,101900000.0,0.231,373100000.0,1000000.0,454100000.0,,254800000.0,29900000.0,0.0,29900000.0,736100000.0,569800000.0,166300000.0,,,,,,,,,,,,9600000.0,9600000.0,9600000.0,0.0,0.0,0.022,89000000.0,12900000.0,328300000.0,,,,,257300000.0,0.0,,,,328900000.0,,441900000.0,441900000.0,14300000.0,,,,,,74700000.0,1.0,,,,,1000600000.0,37900000.0,3400000.0,34000000.0,,123500000.0
67,FTI1,MRQ,1999-12-31,1999-12-31,1999-12-31,2021-09-19,-79800000.0,1473200000.0,,658400000.0,814800000.0,,,,40100000.0,40100000.0,,,1.142,1.04,12000000.0,12000000.0,0.0,12000000.0,0.0,,0.0,,0.0,,,,,,,,,,722200000.0,,722200000.0,,,,,,1.0,,,359700000.0,,509000000.0,,250800000.0,151500000.0,0.0,151500000.0,751000000.0,576400000.0,174600000.0,,,,,,,,,,,,,,,,,,,,367500000.0,,,,,280600000.0,,,,,267500000.0,,,,,,,,,,,1.0,,,,,1113500000.0,49000000.0,,18400000.0,,82000000.0
0,FTI1,MRT,2016-09-30,2016-09-30,2016-09-30,2021-09-19,-745200000.0,5963700000.0,6214275000.0,3502300000.0,2461400000.0,0.785,11.804,-132900000.0,1074200000.0,1074200000.0,3841600000.0,110100000.0,2.128,1.221,1264100000.0,19000000.0,1245100000.0,1264100000.0,110400000.0,250200000.0,0.0,0.0,0.0,140800000.0,391000000.0,0.08,391000000.0,140800000.0,109300000.0,0.48,0.49,0.48,2678300000.0,2608675000.0,2678300000.0,6945642973.0,49.0,17.764,524700000.0,2.312,1.0,1035900000.0,0.212,748900000.0,31500000.0,3758700000.0,3735325000.0,641600000.0,26400000.0,0.0,26400000.0,3269800000.0,1646000000.0,1623800000.0,6694342973.0,362700000.0,-68400000.0,-93000000.0,-31700000.0,0.0,-133600000.0,-183700000.0,0.0,657600000.0,22400000.0,109900000.0,109900000.0,109900000.0,14000000.0,200000.0,0.023,829200000.0,206700000.0,375300000.0,0.0,2.499,60.913,61.812,1309600000.0,0.0,29.67,1.372,1.38,1319900000.0,4300000000.0,4877500000.0,4877500000.0,133100000.0,0.018,0.042,0.038,0.029,69900000.0,595100000.0,1.0,225626659.0,226900000.0,228200000.0,21.496,5214800000.0,264500000.0,-600000.0,171600000.0,22.983,1856300000.0
1,FTI1,MRT,2016-06-30,2016-06-30,2016-06-30,2021-09-19,-762500000.0,6160800000.0,6401150000.0,3705200000.0,2455600000.0,0.833,11.583,-156600000.0,1075000000.0,1075000000.0,4168800000.0,160600000.0,2.073,1.338,1326300000.0,27600000.0,1298700000.0,1326300000.0,146400000.0,264200000.0,0.0,0.0,0.0,219900000.0,484100000.0,0.091,484100000.0,219900000.0,188000000.0,0.7,0.7,0.7,2628200000.0,2565475000.0,2628200000.0,6246499105.0,28.0,12.903,644000000.0,2.838,1.0,1162500000.0,0.218,753300000.0,31900000.0,3871100000.0,3833100000.0,679000000.0,25200000.0,0.0,25200000.0,3516600000.0,1787700000.0,1728900000.0,6036899105.0,487800000.0,-44900000.0,-149400000.0,48500000.0,0.0,-113400000.0,-192400000.0,0.0,800600000.0,-7000000.0,159600000.0,159600000.0,159600000.0,0.0,1000000.0,0.03,885900000.0,276600000.0,415000000.0,0.0,2.297,37.825,38.1,1328800000.0,0.0,26.67,1.132,1.135,1447900000.0,4271700000.0,5331300000.0,5331300000.0,135700000.0,0.025,0.062,0.057,0.041,76600000.0,606500000.0,1.0,226355422.0,226900000.0,228300000.0,23.496,5407500000.0,232400000.0,28400000.0,160400000.0,23.832,1917500000.0
2,FTI1,MRT,2016-03-31,2016-03-31,2016-03-31,2021-09-19,-788900000.0,6313200000.0,6584425000.0,3837900000.0,2475300000.0,0.892,11.421,-199400000.0,1032300000.0,1032300000.0,4559000000.0,266500000.0,1.875,1.418,1241900000.0,23500000.0,1218400000.0,1241900000.0,630000000.0,257100000.0,0.0,0.0,0.0,375500000.0,632600000.0,0.108,632600000.0,375500000.0,342200000.0,1.15,1.15,1.15,2604100000.0,2557825000.0,2604100000.0,6447957544.0,17.0,10.193,665300000.0,2.918,1.0,1317200000.0,0.224,757300000.0,33300000.0,3718600000.0,3936475000.0,719700000.0,29800000.0,0.0,29800000.0,3693000000.0,2046900000.0,1646100000.0,6208157544.0,337200000.0,-48700000.0,-185900000.0,-59200000.0,0.0,-276300000.0,-236500000.0,0.0,864700000.0,-14700000.0,265300000.0,265300000.0,265300000.0,0.0,1200000.0,0.045,879100000.0,438100000.0,418000000.0,0.0,2.384,23.401,23.791,1340900000.0,0.0,27.36,1.056,1.062,1413300000.0,4269500000.0,5876200000.0,5876200000.0,139300000.0,0.04,0.104,0.095,0.064,78900000.0,597700000.0,1.0,226906343.0,228000000.0,228600000.0,25.773,5555900000.0,253500000.0,76900000.0,172100000.0,24.368,1791000000.0
3,FTI1,MRT,2015-12-31,2015-12-31,2015-12-31,2021-09-19,-872700000.0,6419400000.0,6748925000.0,3930200000.0,2489200000.0,0.943,10.932,-250800000.0,916200000.0,916200000.0,4894800000.0,394800000.0,1.705,1.536,1156000000.0,21900000.0,1134100000.0,1156000000.0,200500000.0,251600000.0,0.0,0.0,0.0,534000000.0,785600000.0,0.123,785600000.0,534000000.0,500900000.0,1.7,1.7,1.7,2524100000.0,2521850000.0,2524100000.0,7196911839.0,13.0,9.161,681600000.0,2.952,1.0,1467900000.0,0.231,761000000.0,33100000.0,3592900000.0,4076675000.0,764100000.0,29600000.0,0.0,29600000.0,3876200000.0,2305300000.0,1570900000.0,6613711839.0,277400000.0,-34500000.0,-186200000.0,-133800000.0,0.0,-345600000.0,-275200000.0,0.0,932400000.0,-34200000.0,393100000.0,393100000.0,393100000.0,0.0,1700000.0,0.062,875800000.0,592100000.0,519300000.0,0.0,2.62,16.825,17.065,1371500000.0,0.0,29.01,1.039,1.053,1522400000.0,4249700000.0,6362700000.0,6362700000.0,135300000.0,0.058,0.156,0.131,0.084,81800000.0,628300000.0,1.0,227980415.0,230900000.0,231700000.0,27.556,5658400000.0,252000000.0,107800000.0,162600000.0,24.506,1624900000.0
4,FTI1,MRT,2015-09-30,2015-09-30,2015-09-30,2021-09-19,-857000000.0,6711200000.0,6937100000.0,4195600000.0,2515600000.0,1.022,10.884,-331700000.0,711500000.0,711500000.0,5362400000.0,509200000.0,1.769,1.671,1294700000.0,33500000.0,1261200000.0,1294700000.0,656300000.0,241600000.0,0.0,0.0,0.0,748100000.0,989700000.0,0.14,989700000.0,748100000.0,714600000.0,2.17,2.15,2.17,2505500000.0,2504900000.0,2505500000.0,7813089257.0,10.0,7.894,578500000.0,2.513,1.0,1729200000.0,0.244,773200000.0,33500000.0,4149800000.0,4225575000.0,874500000.0,31000000.0,0.0,31000000.0,4187200000.0,2371400000.0,1815800000.0,7113689257.0,200000000.0,-8000000.0,-265800000.0,-48700000.0,0.0,-341000000.0,-327600000.0,0.0,910200000.0,-41600000.0,506100000.0,506100000.0,506100000.0,0.0,3100000.0,0.071,920200000.0,809000000.0,537400000.0,0.0,2.839,14.056,14.286,1396300000.0,0.0,31.0,1.003,1.006,1738600000.0,4181800000.0,7091600000.0,7091600000.0,130800000.0,0.073,0.202,0.177,0.105,104100000.0,691200000.0,1.0,229473847.0,230200000.0,231000000.0,30.806,5938000000.0,262700000.0,208500000.0,202800000.0,25.795,1824200000.0
5,FTI1,MRT,2015-06-30,2015-06-30,2015-06-30,2021-09-19,-731400000.0,6893900000.0,7017900000.0,4231600000.0,2662300000.0,1.072,11.182,-385600000.0,587200000.0,587200000.0,5668100000.0,597200000.0,1.692,1.647,1286600000.0,11400000.0,1275200000.0,1286600000.0,787300000.0,231200000.0,0.0,0.0,0.0,906400000.0,1137600000.0,0.151,1137600000.0,906400000.0,873000000.0,2.53,2.52,2.53,2597600000.0,2541900000.0,2597600000.0,10201826018.0,11.0,8.968,506800000.0,2.182,1.0,1855200000.0,0.247,807600000.0,33400000.0,4284600000.0,4266300000.0,970100000.0,33300000.0,0.0,33300000.0,4278400000.0,2501100000.0,1777300000.0,9580526018.0,205000000.0,-4200000.0,-267200000.0,-8800000.0,0.0,-302400000.0,-366900000.0,0.0,892400000.0,-18100000.0,593900000.0,593900000.0,593900000.0,0.0,3300000.0,0.079,872600000.0,982600000.0,601700000.0,0.0,3.688,16.132,16.399,1481500000.0,0.0,41.49,1.273,1.281,1891500000.0,4099800000.0,7523300000.0,7523300000.0,134800000.0,0.085,0.234,0.212,0.12,97300000.0,717700000.0,1.0,230911690.0,232300000.0,232900000.0,32.386,6086300000.0,242400000.0,279100000.0,236900000.0,26.2,1730500000.0
6,FTI1,MRT,2015-03-31,2015-03-31,2015-03-31,2021-09-19,-807800000.0,6971200000.0,6982925000.0,4242500000.0,2728700000.0,1.119,10.559,-399100000.0,695100000.0,695100000.0,5878700000.0,716900000.0,1.694,1.825,1316400000.0,14800000.0,1301600000.0,1316400000.0,793300000.0,236200000.0,0.0,0.0,0.0,1075900000.0,1312100000.0,0.168,1312100000.0,1075900000.0,1043200000.0,3.03,3.01,3.03,2460200000.0,2550100000.0,2460200000.0,9235864387.0,9.0,7.039,617200000.0,2.649,1.0,1934700000.0,0.248,808400000.0,32700000.0,4279400000.0,4269725000.0,1013100000.0,35300000.0,0.0,35300000.0,4489200000.0,2504700000.0,1984500000.0,8565764387.0,404800000.0,102600000.0,-232600000.0,-37700000.0,0.0,-316300000.0,-276500000.0,0.0,1016300000.0,-18700000.0,712300000.0,712300000.0,712300000.0,0.0,4600000.0,0.091,880400000.0,1054300000.0,612900000.0,0.0,3.482,12.026,12.215,1427500000.0,0.0,37.01,1.096,1.104,1751700000.0,3991900000.0,7813400000.0,7813400000.0,128000000.0,0.102,0.279,0.252,0.138,92800000.0,741800000.0,1.0,231444593.0,233000000.0,233900000.0,33.534,6162800000.0,191100000.0,330900000.0,266200000.0,26.45,1737800000.0
7,FTI1,MRT,2014-12-31,2014-12-31,2014-12-31,2021-09-19,-683700000.0,7172100000.0,6921925000.0,4436400000.0,2735700000.0,1.147,10.395,-404400000.0,638800000.0,638800000.0,5994900000.0,705300000.0,1.594,1.911,1305400000.0,11700000.0,1293700000.0,1305400000.0,965200000.0,232500000.0,0.0,0.0,0.0,1094500000.0,1327000000.0,0.167,1327000000.0,1094500000.0,1060900000.0,2.96,2.95,2.96,2456300000.0,2540775000.0,2456300000.0,11788867999.0,11.0,8.884,488100000.0,2.066,1.0,1947700000.0,0.245,866600000.0,33600000.0,4188500000.0,4273450000.0,1021200000.0,35900000.0,0.0,35900000.0,4694400000.0,2783600000.0,1910800000.0,10953367999.0,239700000.0,102600000.0,-247600000.0,-59700000.0,0.0,-355400000.0,-285100000.0,0.0,892500000.0,-12300000.0,699900000.0,699900000.0,699900000.0,0.0,5400000.0,0.088,879200000.0,1068500000.0,723500000.0,0.0,4.459,15.65,15.824,1458400000.0,0.0,46.84,1.379,1.394,2127000000.0,3844300000.0,7942600000.0,7942600000.0,123700000.0,0.101,0.275,0.256,0.138,89300000.0,750600000.0,1.0,233846456.0,236300000.0,236900000.0,33.612,6305500000.0,129900000.0,361000000.0,207200000.0,26.684,1652800000.0
8,FTI1,MRT,2014-09-30,2014-09-30,2014-09-30,2021-09-19,-430100000.0,7034400000.0,6780300000.0,4403400000.0,2631000000.0,1.155,11.225,-360300000.0,511500000.0,511500000.0,5951000000.0,713800000.0,1.632,1.643,1347000000.0,10000000.0,1337000000.0,1347000000.0,1036600000.0,230200000.0,0.0,0.0,0.0,1098300000.0,1328500000.0,0.17,1328500000.0,1098300000.0,1064500000.0,2.99,2.99,2.99,2653500000.0,2506000000.0,2653500000.0,13682707078.0,12.0,10.299,493200000.0,2.086,1.0,1883200000.0,0.24,859100000.0,33800000.0,4312700000.0,4243350000.0,1046100000.0,38300000.0,0.0,38300000.0,4360800000.0,2698100000.0,1662700000.0,12755107078.0,151300000.0,103600000.0,-175300000.0,-195600000.0,0.0,-447900000.0,-245600000.0,0.0,853500000.0,-8700000.0,709100000.0,709100000.0,709100000.0,0.0,4700000.0,0.091,840300000.0,1042900000.0,707800000.0,0.0,4.807,17.988,18.164,1447000000.0,0.0,54.31,1.628,1.639,2268800000.0,3675700000.0,7834200000.0,7834200000.0,112100000.0,0.105,0.283,0.259,0.14,74700000.0,728000000.0,1.0,234857431.0,236400000.0,237000000.0,33.14,6175300000.0,92700000.0,355400000.0,244500000.0,26.122,1705300000.0
9,FTI1,MRT,2014-06-30,2014-06-30,2014-06-30,2021-09-19,-333700000.0,6754000000.0,6627925000.0,4102000000.0,2652000000.0,1.144,11.113,-337400000.0,382200000.0,382200000.0,5825200000.0,660700000.0,1.638,1.56,1309800000.0,20800000.0,1289000000.0,1309800000.0,859300000.0,221200000.0,0.0,0.0,0.0,1006400000.0,1227600000.0,0.162,1227600000.0,1006400000.0,972400000.0,2.76,2.76,2.76,2630400000.0,2363350000.0,2630400000.0,15434133599.0,15.0,12.573,422200000.0,1.784,1.0,1756800000.0,0.232,878800000.0,34000000.0,4298300000.0,4270450000.0,1025700000.0,40300000.0,0.0,40300000.0,4104200000.0,2504500000.0,1599700000.0,14362733599.0,114600000.0,104800000.0,-139300000.0,-230700000.0,0.0,-415400000.0,-228400000.0,0.0,759600000.0,-1200000.0,655300000.0,655300000.0,655300000.0,0.0,5400000.0,0.086,832700000.0,924100000.0,711900000.0,0.0,5.46,21.918,22.127,1444100000.0,0.0,61.07,1.894,1.907,2120000000.0,3505900000.0,7582000000.0,7582000000.0,109400000.0,0.099,0.277,0.236,0.133,84300000.0,723100000.0,1.0,235184765.0,236700000.0,237200000.0,32.032,5875200000.0,109300000.0,317100000.0,271500000.0,24.821,1597500000.0
10,FTI1,MRT,2014-03-31,2014-03-31,2014-03-31,2021-09-19,-331300000.0,6727200000.0,6468550000.0,4110600000.0,2616600000.0,1.129,10.206,-327200000.0,290300000.0,290300000.0,5667700000.0,539500000.0,1.568,1.768,1361700000.0,22000000.0,1339700000.0,1361700000.0,934000000.0,214900000.0,0.0,0.0,0.0,819500000.0,1034400000.0,0.142,1034400000.0,819500000.0,785000000.0,2.24,2.25,2.24,2422900000.0,2190575000.0,2422900000.0,13314262826.0,16.0,12.871,553800000.0,2.333,1.0,1636900000.0,0.224,882700000.0,34500000.0,4294300000.0,4263525000.0,983600000.0,43700000.0,0.0,43700000.0,4283900000.0,2621600000.0,1662300000.0,12341062826.0,53700000.0,-2000000.0,-135100000.0,-323400000.0,0.0,-497300000.0,-324700000.0,0.0,881000000.0,-5300000.0,534200000.0,534200000.0,534200000.0,0.0,5300000.0,0.073,816000000.0,820900000.0,707700000.0,0.0,5.094,23.102,23.344,1396700000.0,0.0,52.29,1.689,1.699,2242200000.0,3281300000.0,7304600000.0,7304600000.0,109200000.0,0.083,0.244,0.192,0.112,91600000.0,706800000.0,1.0,236011911.0,237400000.0,237800000.0,30.769,5844500000.0,97300000.0,250800000.0,286500000.0,24.619,1489000000.0
11,FTI1,MRT,2013-12-31,2013-12-31,2013-12-31,2021-09-19,-340700000.0,6605600000.0,6305525000.0,4023000000.0,2582600000.0,1.13,9.724,-314100000.0,399100000.0,399100000.0,5571400000.0,506600000.0,1.539,1.842,1372300000.0,42500000.0,1329800000.0,1372300000.0,803200000.0,209800000.0,0.0,0.0,0.0,748400000.0,958200000.0,0.134,958200000.0,748400000.0,714000000.0,2.1,2.1,2.1,2317200000.0,2052200000.0,2317200000.0,13567987308.0,18.0,14.16,481300000.0,2.02,1.0,1554800000.0,0.218,896000000.0,34400000.0,4068100000.0,4336650000.0,980400000.0,44300000.0,0.0,44300000.0,4269300000.0,2614700000.0,1654600000.0,12352287308.0,57000000.0,-2000000.0,-116300000.0,-269700000.0,0.0,-422300000.0,-311600000.0,0.0,795400000.0,-4500000.0,501400000.0,501400000.0,501400000.0,0.0,5200000.0,0.07,807200000.0,747600000.0,750700000.0,0.0,5.331,24.636,24.862,1349100000.0,0.0,52.21,1.733,1.746,2067200000.0,3146100000.0,7126200000.0,7126200000.0,112400000.0,0.08,0.244,0.173,0.105,93500000.0,694800000.0,1.0,236588533.0,238300000.0,239100000.0,29.904,5709600000.0,96000000.0,212600000.0,294800000.0,23.96,1408300000.0
12,FTI1,MRT,2013-09-30,2013-09-30,2013-09-30,2021-09-19,-435700000.0,6424900000.0,6129850000.0,3915300000.0,2509600000.0,1.129,8.744,-357200000.0,360200000.0,360200000.0,5460900000.0,448900000.0,1.694,2.076,1575900000.0,35000000.0,1540900000.0,1575900000.0,793000000.0,199900000.0,0.0,0.0,0.0,657500000.0,857400000.0,0.124,857400000.0,657500000.0,622100000.0,1.86,1.86,1.86,2082900000.0,1932125000.0,2082900000.0,14395259793.0,22.0,16.789,211600000.0,0.888,1.0,1458400000.0,0.211,908700000.0,35400000.0,4421100000.0,4391150000.0,1051400000.0,42100000.0,0.0,42100000.0,4324200000.0,2310800000.0,2013400000.0,13129559793.0,-206000000.0,-286900000.0,-109500000.0,-10700000.0,0.0,-126100000.0,-643700000.0,0.0,568800000.0,-5000000.0,444000000.0,444000000.0,444000000.0,0.0,4900000.0,0.064,795200000.0,663200000.0,653800000.0,0.0,6.303,29.571,29.796,1324900000.0,0.0,55.42,1.898,1.908,1918500000.0,2968300000.0,6919300000.0,6919300000.0,118800000.0,0.072,0.23,0.15,0.095,105700000.0,676400000.0,1.0,236910137.0,238200000.0,238900000.0,29.048,5516200000.0,157500000.0,178100000.0,197600000.0,23.158,1604500000.0
13,FTI1,MRT,2013-06-30,2013-06-30,2013-06-30,2021-09-19,-472300000.0,6116500000.0,5907800000.0,3666300000.0,2450200000.0,1.12,8.138,-368000000.0,267600000.0,267600000.0,5206200000.0,432000000.0,1.669,2.146,1533300000.0,34900000.0,1498400000.0,1533300000.0,687800000.0,181800000.0,0.0,0.0,0.0,621400000.0,803200000.0,0.121,803200000.0,621400000.0,588200000.0,1.78,1.78,1.78,1939300000.0,1844125000.0,1939300000.0,14650871103.0,24.0,18.241,151500000.0,0.636,1.0,1407600000.0,0.213,914300000.0,33200000.0,4270600000.0,4254200000.0,1032000000.0,39300000.0,0.0,39300000.0,4160800000.0,2197300000.0,1963500000.0,13206671103.0,-7700000.0,-286900000.0,-119100000.0,281400000.0,0.0,132900000.0,-655600000.0,0.0,519500000.0,-4500000.0,426900000.0,426900000.0,426900000.0,0.0,5100000.0,0.065,784800000.0,622800000.0,646200000.0,0.0,6.81,30.936,31.281,1277300000.0,0.0,55.68,1.997,2.006,1760500000.0,2852300000.0,6613800000.0,6613800000.0,121400000.0,0.072,0.231,0.146,0.094,112700000.0,663400000.0,1.0,237188777.0,238300000.0,239300000.0,27.754,5202200000.0,176200000.0,161300000.0,172400000.0,21.83,1469000000.0
14,FTI1,MRT,2013-03-31,2013-03-31,2013-03-31,2021-09-19,-444300000.0,6075100000.0,5632050000.0,3628500000.0,2446600000.0,1.136,7.832,-389300000.0,236600000.0,236600000.0,5036400000.0,438700000.0,1.813,2.24,1680800000.0,48800000.0,1632000000.0,1680800000.0,577500000.0,165100000.0,0.0,0.0,0.0,628900000.0,794000000.0,0.124,794000000.0,628900000.0,598100000.0,1.81,1.8,1.81,1869400000.0,1759150000.0,1869400000.0,14215178568.0,23.0,17.903,-286400000.0,-1.2,1.0,1364400000.0,0.213,931100000.0,30800000.0,4586800000.0,4012225000.0,995900000.0,38700000.0,0.0,38700000.0,4188200000.0,2001400000.0,2186800000.0,12916478568.0,-125000000.0,-615500000.0,-117600000.0,905300000.0,0.0,781300000.0,-1005800000.0,0.0,102900000.0,-3400000.0,433600000.0,433600000.0,433600000.0,0.0,5100000.0,0.068,750000000.0,614400000.0,655000000.0,0.0,6.909,29.789,30.05,1262500000.0,0.0,54.39,2.018,2.028,1886800000.0,2747100000.0,6400800000.0,6400800000.0,118500000.0,0.077,0.246,0.157,0.098,112900000.0,631500000.0,1.0,237478922.0,238700000.0,239400000.0,26.815,5144000000.0,153100000.0,164500000.0,179900000.0,21.55,1627100000.0
15,FTI1,MRT,2012-12-31,2012-12-31,2012-12-31,2021-09-19,-396000000.0,5902900000.0,5239925000.0,3488300000.0,2414600000.0,1.174,7.663,-402400000.0,342100000.0,342100000.0,4832900000.0,434800000.0,1.77,2.205,1640800000.0,60400000.0,1580400000.0,1640800000.0,501600000.0,146200000.0,0.0,0.0,0.0,622600000.0,768800000.0,0.125,768800000.0,622600000.0,596400000.0,1.79,1.78,1.79,1836900000.0,1681525000.0,1836900000.0,11144866220.0,18.0,14.496,-264000000.0,-1.101,1.0,1318500000.0,0.214,945100000.0,26200000.0,4286100000.0,3566950000.0,965100000.0,37400000.0,0.0,37400000.0,4049700000.0,1970400000.0,2079300000.0,10181966220.0,-1900000.0,-615500000.0,-91100000.0,983200000.0,0.0,881400000.0,-1019900000.0,0.0,138400000.0,-1800000.0,430000000.0,430000000.0,430000000.0,0.0,4800000.0,0.07,713700000.0,604800000.0,664200000.0,0.0,5.543,23.679,23.927,1243500000.0,0.0,42.83,1.655,1.669,1765500000.0,2644700000.0,6151400000.0,6151400000.0,116800000.0,0.082,0.256,0.175,0.101,110400000.0,596900000.0,1.0,237729774.0,239700000.0,240900000.0,25.663,4957800000.0,133500000.0,166400000.0,165600000.0,20.683,1517900000.0
16,FTI1,MRT,2012-09-30,2012-09-30,2012-09-30,2021-09-19,-409800000.0,5536700000.0,4831950000.0,3563300000.0,1973400000.0,1.203,7.227,-367500000.0,566200000.0,566200000.0,4572500000.0,413900000.0,1.959,2.19,1529100000.0,37700000.0,1491400000.0,1529100000.0,515000000.0,128300000.0,0.0,0.0,0.0,578800000.0,707100000.0,0.122,707100000.0,578800000.0,557900000.0,1.71,1.69,1.71,1730900000.0,1578450000.0,1730900000.0,11978104017.0,21.0,16.94,-326700000.0,-1.364,1.0,1238500000.0,0.213,807400000.0,20900000.0,3873300000.0,2976400000.0,963300000.0,37100000.0,0.0,37100000.0,3790500000.0,1818900000.0,1971600000.0,11037204017.0,229800000.0,-328600000.0,-99400000.0,995500000.0,0.0,886100000.0,-698400000.0,0.0,40800000.0,1300000.0,408800000.0,408800000.0,408800000.0,0.0,5100000.0,0.07,678900000.0,559600000.0,528200000.0,0.0,6.377,26.999,27.076,992600000.0,0.0,46.3,1.899,1.908,1563500000.0,2524300000.0,5811000000.0,5811000000.0,111400000.0,0.085,0.259,0.194,0.1,103800000.0,567500000.0,1.0,238384536.0,239500000.0,240700000.0,24.263,4729300000.0,146000000.0,149100000.0,238400000.0,19.747,1744400000.0
17,FTI1,MRT,2012-06-30,2012-06-30,2012-06-30,2021-09-19,-462100000.0,5013500000.0,4463025000.0,3125500000.0,1888000000.0,1.273,6.659,-360100000.0,275300000.0,275300000.0,4453600000.0,435100000.0,1.695,2.126,1216200000.0,102100000.0,1114100000.0,1216200000.0,447900000.0,121600000.0,0.0,0.0,0.0,608100000.0,729700000.0,0.128,729700000.0,608100000.0,590800000.0,1.8,1.78,1.8,1599400000.0,1522350000.0,1599400000.0,9760325867.0,16.0,13.376,-424900000.0,-1.769,1.0,1225600000.0,0.216,807600000.0,17300000.0,3302700000.0,2567100000.0,881300000.0,32200000.0,0.0,32200000.0,3400400000.0,1844100000.0,1556300000.0,9380225867.0,-152700000.0,-328600000.0,-128400000.0,752200000.0,0.0,608400000.0,-689100000.0,0.0,-64800000.0,-7200000.0,431000000.0,431000000.0,431000000.0,0.0,4100000.0,0.076,630000000.0,595600000.0,550200000.0,0.0,5.865,21.764,21.794,910700000.0,0.0,39.23,1.652,1.659,1566900000.0,2425400000.0,5679200000.0,5679200000.0,105400000.0,0.097,0.283,0.237,0.107,90000000.0,524600000.0,1.0,239108485.0,240200000.0,241500000.0,23.644,4205900000.0,151900000.0,159800000.0,227300000.0,17.51,1281400000.0
18,FTI1,MRT,2012-03-31,2012-03-31,2012-03-31,2021-09-19,-403300000.0,4506600000.0,4259650000.0,2916600000.0,1590000000.0,1.271,6.493,-324500000.0,361600000.0,361600000.0,4227200000.0,417500000.0,1.733,1.882,741700000.0,28600000.0,713100000.0,741700000.0,423000000.0,112500000.0,0.0,0.0,0.0,583800000.0,696300000.0,0.129,696300000.0,583800000.0,570800000.0,1.72,1.71,1.72,1558900000.0,1511450000.0,1558900000.0,12333873987.0,21.0,17.713,-208200000.0,-0.867,1.0,1186500000.0,0.219,397700000.0,13000000.0,2805700000.0,2290050000.0,788300000.0,166300000.0,0.0,166300000.0,2933700000.0,1683300000.0,1250400000.0,12054273987.0,-15200000.0,0.0,-114000000.0,323900000.0,0.0,196500000.0,-325400000.0,0.0,116300000.0,-2600000.0,413400000.0,413400000.0,413400000.0,0.0,4100000.0,0.076,601600000.0,584900000.0,562400000.0,0.0,7.733,29.159,29.314,848700000.0,0.0,50.42,2.227,2.236,1330300000.0,2313500000.0,5413700000.0,5413700000.0,100700000.0,0.097,0.274,0.255,0.108,82800000.0,500900000.0,1.0,239077231.0,240100000.0,241300000.0,22.548,4108900000.0,142500000.0,157400000.0,216300000.0,17.113,1233300000.0
19,FTI1,MRT,2011-12-31,2011-12-31,2011-12-31,2021-09-19,-443800000.0,4271000000.0,4105950000.0,2787900000.0,1483100000.0,1.242,5.906,-271800000.0,344000000.0,344000000.0,3966200000.0,403500000.0,1.249,1.989,623600000.0,587600000.0,36000000.0,623600000.0,450200000.0,107800000.0,0.0,0.0,0.0,560100000.0,667900000.0,0.131,667900000.0,560100000.0,549100000.0,1.66,1.64,1.66,1424600000.0,1480825000.0,1424600000.0,12639031568.0,23.0,18.924,-107000000.0,-0.444,1.0,1132800000.0,0.222,393800000.0,11000000.0,1923900000.0,2088850000.0,712200000.0,161400000.0,0.0,161400000.0,2833300000.0,2232900000.0,600400000.0,12445431568.0,28500000.0,0.0,-114000000.0,264000000.0,0.0,141000000.0,-273700000.0,0.0,164800000.0,-3600000.0,399800000.0,399800000.0,399800000.0,0.0,3700000.0,0.078,570400000.0,562400000.0,546800000.0,0.0,8.736,31.129,31.464,767900000.0,0.0,52.23,2.441,2.471,1341600000.0,2214700000.0,5099000000.0,5099000000.0,90500000.0,0.097,0.27,0.268,0.11,77800000.0,479900000.0,1.0,238281286.0,241200000.0,243200000.0,21.14,3877200000.0,166100000.0,149300000.0,234700000.0,16.075,555000000.0
20,FTI1,MRT,2011-09-30,2011-09-30,2011-09-30,2021-09-19,-300800000.0,4061000000.0,3949250000.0,2691600000.0,1369400000.0,1.19,6.241,-233500000.0,336400000.0,336400000.0,3605200000.0,403300000.0,1.664,1.688,530000000.0,7900000.0,522100000.0,530000000.0,502000000.0,103000000.0,0.0,0.0,0.0,553800000.0,656800000.0,0.14,656800000.0,553800000.0,543200000.0,1.66,1.65,1.66,1506500000.0,1452600000.0,1506500000.0,9075339430.0,16.0,13.818,-52000000.0,-0.215,1.0,1096100000.0,0.233,400600000.0,10600000.0,2236100000.0,2053200000.0,722500000.0,150800000.0,0.0,150800000.0,2542700000.0,1617900000.0,924800000.0,9030539430.0,-175700000.0,0.0,-66600000.0,-46400000.0,0.0,-120900000.0,-233200000.0,0.0,181500000.0,-3100000.0,399900000.0,399900000.0,399900000.0,700000.0,3400000.0,0.085,541700000.0,554400000.0,455200000.0,0.0,5.994,22.582,22.651,715900000.0,0.0,37.6,1.921,1.931,1234000000.0,2115500000.0,4701300000.0,4701300000.0,80900000.0,0.101,0.275,0.27,0.118,67400000.0,460800000.0,1.0,240173921.0,241400000.0,243300000.0,19.475,3660400000.0,104800000.0,143300000.0,218200000.0,15.163,1073700000.0
21,FTI1,MRT,2011-06-30,2011-06-30,2011-06-30,2021-09-19,-185600000.0,4200000000.0,3839600000.0,2758600000.0,1441400000.0,1.139,6.432,-175400000.0,428000000.0,428000000.0,3348000000.0,363000000.0,1.696,1.692,472800000.0,7000000.0,465800000.0,472800000.0,570200000.0,100700000.0,0.0,0.0,0.0,499900000.0,600600000.0,0.137,600600000.0,499900000.0,489900000.0,1.5,1.48,1.5,1555800000.0,1388325000.0,1555800000.0,10809435536.0,22.0,17.998,204100000.0,0.844,1.0,1026100000.0,0.235,423700000.0,10000000.0,2194500000.0,1959025000.0,695000000.0,152200000.0,0.0,152200000.0,2633100000.0,1626600000.0,1006500000.0,10764235536.0,24200000.0,0.0,-46600000.0,-132100000.0,0.0,-185300000.0,-175500000.0,0.0,379500000.0,5500000.0,359800000.0,359800000.0,359800000.0,400000.0,3200000.0,0.082,533100000.0,493000000.0,469300000.0,0.0,6.919,29.917,29.86,692700000.0,0.0,44.79,2.461,2.477,1187300000.0,1994400000.0,4374100000.0,4374100000.0,73000000.0,0.094,0.259,0.255,0.114,67200000.0,460100000.0,1.0,240326759.0,241900000.0,243800000.0,18.082,3776300000.0,101600000.0,130100000.0,219200000.0,15.611,1132000000.0
22,FTI1,MRT,2011-03-31,2011-03-31,2011-03-31,2021-09-19,-211100000.0,3891800000.0,3624550000.0,2532000000.0,1359800000.0,1.147,5.94,-130600000.0,376800000.0,376800000.0,3140700000.0,364200000.0,1.671,1.702,422000000.0,7400000.0,414600000.0,422000000.0,560400000.0,98100000.0,0.0,0.0,0.0,504300000.0,602400000.0,0.145,602400000.0,504300000.0,494000000.0,1.5,1.48,1.5,1436400000.0,1279725000.0,1436400000.0,11398800287.0,23.0,18.922,177800000.0,0.735,1.0,1016500000.0,0.245,420500000.0,10300000.0,2000900000.0,1878550000.0,616500000.0,149000000.0,0.0,149000000.0,2444300000.0,1515600000.0,928700000.0,11351000287.0,7800000.0,0.0,-113400000.0,-52900000.0,0.0,-172000000.0,-130600000.0,0.0,308400000.0,2000000.0,361700000.0,361700000.0,361700000.0,400000.0,2500000.0,0.087,514400000.0,502100000.0,416600000.0,0.0,7.902,31.382,31.493,642500000.0,0.0,47.24,2.73,2.748,1101200000.0,1900100000.0,4157200000.0,4157200000.0,70400000.0,0.1,0.283,0.268,0.121,64000000.0,444000000.0,1.0,240283664.0,241800000.0,243800000.0,17.193,3471300000.0,117500000.0,132300000.0,200600000.0,14.356,1016400000.0
23,FTI1,MRT,2010-12-31,2010-12-31,2010-12-31,2021-09-19,-252100000.0,3644200000.0,3493200000.0,2345300000.0,1298900000.0,1.181,5.398,-109400000.0,315500000.0,315500000.0,3074000000.0,377900000.0,1.568,1.77,363300000.0,12200000.0,351100000.0,363300000.0,556400000.0,101300000.0,0.0,0.0,0.0,546200000.0,647500000.0,0.157,647500000.0,546200000.0,535100000.0,1.55,1.53,1.55,1311700000.0,1201725000.0,1311700000.0,10709970513.0,20.0,16.54,85900000.0,0.353,1.0,1051600000.0,0.255,415300000.0,11100000.0,1781300000.0,1780975000.0,566500000.0,148200000.0,0.0,148200000.0,2321900000.0,1495400000.0,826500000.0,10643470513.0,-145200000.0,0.0,-162100000.0,-57900000.0,0.0,-230800000.0,-109400000.0,0.0,195300000.0,-300000.0,375500000.0,375500000.0,375500000.0,400000.0,2400000.0,0.091,500000000.0,551600000.0,344100000.0,0.0,8.114,28.345,28.681,609000000.0,0.0,44.455,2.58,2.618,1103400000.0,1814900000.0,4125600000.0,4125600000.0,68000000.0,0.107,0.312,0.307,0.132,66000000.0,432000000.0,1.0,239421224.0,243000000.0,245300000.0,16.978,3228900000.0,129700000.0,159600000.0,197400000.0,13.288,849900000.0
24,FTI1,MRT,2010-09-30,2010-09-30,2010-09-30,2021-09-19,-203700000.0,3622400000.0,3471250000.0,2337000000.0,1285400000.0,1.205,5.173,-96800000.0,512100000.0,512100000.0,3144000000.0,370700000.0,1.655,1.892,578600000.0,11600000.0,567000000.0,578600000.0,537000000.0,105400000.0,0.0,0.0,0.0,548400000.0,653800000.0,0.156,653800000.0,548400000.0,536500000.0,1.515,1.495,1.515,1249400000.0,1149500000.0,1249400000.0,8391688478.0,15.0,12.835,216200000.0,0.895,1.0,1039000000.0,0.248,417000000.0,11900000.0,1859400000.0,1677525000.0,546400000.0,141700000.0,0.0,141700000.0,2363500000.0,1412500000.0,951000000.0,8195288478.0,114700000.0,-162600000.0,-182300000.0,254700000.0,0.0,61400000.0,-259400000.0,0.0,313000000.0,-300000.0,369400000.0,369400000.0,369400000.0,-600000.0,1300000.0,0.088,487400000.0,551600000.0,300700000.0,0.0,6.559,22.185,22.538,580900000.0,0.0,34.145,1.959,1.971,1003300000.0,1715600000.0,4183000000.0,4183000000.0,66000000.0,0.106,0.321,0.327,0.131,128100000.0,421400000.0,1.0,240014306.0,241500000.0,243600000.0,17.321,3205400000.0,74100000.0,167100000.0,113300000.0,13.273,924500000.0
25,FTI1,MRT,2010-06-30,2010-06-30,2010-06-30,2021-09-19,-285100000.0,3339800000.0,3423425000.0,2106600000.0,1233200000.0,1.259,4.59,-91200000.0,403800000.0,403800000.0,3256700000.0,381500000.0,1.672,1.969,600200000.0,14700000.0,585500000.0,600200000.0,450500000.0,105200000.0,0.0,0.0,0.0,568400000.0,673600000.0,0.156,673600000.0,568400000.0,556200000.0,1.545,1.53,1.545,1121400000.0,1088975000.0,1121400000.0,6506820186.0,11.0,9.66,236500000.0,0.968,1.0,1054700000.0,0.245,403400000.0,12200000.0,1872600000.0,1558525000.0,525900000.0,142700000.0,0.0,142700000.0,2208300000.0,1260200000.0,948100000.0,6403020186.0,147600000.0,-162600000.0,-179200000.0,266700000.0,0.0,74100000.0,-253800000.0,0.0,327700000.0,-400000.0,380000000.0,380000000.0,380000000.0,-700000.0,1500000.0,0.088,473700000.0,581000000.0,276500000.0,0.0,5.71,16.85,17.042,548500000.0,0.0,26.33,1.485,1.492,924800000.0,1634600000.0,4311400000.0,4311400000.0,63200000.0,0.111,0.349,0.365,0.132,112100000.0,410500000.0,1.0,243183448.0,244300000.0,246600000.0,17.648,2936400000.0,68600000.0,176200000.0,77000000.0,12.02,846400000.0
26,FTI1,MRT,2010-03-31,2010-03-31,2010-03-31,2021-09-19,-252800000.0,3366400000.0,3389250000.0,2103200000.0,1263200000.0,1.299,4.588,-84900000.0,369000000.0,369000000.0,3366300000.0,391500000.0,1.459,1.986,472800000.0,10200000.0,462600000.0,472800000.0,540700000.0,102300000.0,0.0,0.0,0.0,579200000.0,681500000.0,0.155,681500000.0,579200000.0,567100000.0,1.585,1.56,1.585,1124400000.0,1034000000.0,1124400000.0,7843364164.0,14.0,11.509,302500000.0,1.234,1.0,1036400000.0,0.235,417800000.0,12100000.0,1610600000.0,1439750000.0,544400000.0,144000000.0,0.0,144000000.0,2232600000.0,1441800000.0,790800000.0,7883964164.0,-42500000.0,-162600000.0,-158400000.0,-25400000.0,0.0,-195900000.0,-247500000.0,0.0,387400000.0,13500000.0,389800000.0,389800000.0,389800000.0,-800000.0,1700000.0,0.089,456800000.0,579600000.0,292900000.0,0.0,7.012,20.226,20.388,565700000.0,0.0,32.315,1.791,1.799,918200000.0,1538300000.0,4402700000.0,4402700000.0,54900000.0,0.115,0.377,0.402,0.132,98400000.0,401900000.0,1.0,243972278.0,245100000.0,247600000.0,17.963,2948600000.0,65500000.0,177300000.0,116700000.0,12.03,661400000.0
27,FTI1,MRT,2009-12-31,2009-12-31,2009-12-31,2021-09-19,-225800000.0,3556400000.0,3414500000.0,2268100000.0,1288300000.0,1.29,4.438,-91100000.0,460700000.0,460700000.0,3434500000.0,363300000.0,1.318,2.217,420100000.0,28500000.0,391600000.0,420100000.0,670400000.0,93000000.0,0.0,0.0,0.0,528800000.0,621800000.0,0.141,621800000.0,528800000.0,516900000.0,1.46,1.44,1.46,1102800000.0,937625000.0,1102800000.0,6988533517.0,13.0,11.239,503400000.0,2.026,1.0,970900000.0,0.22,427300000.0,11900000.0,1367500000.0,1428750000.0,591800000.0,141800000.0,0.0,141800000.0,2444600000.0,1721000000.0,723600000.0,7066533517.0,120600000.0,-162600000.0,-152600000.0,-80200000.0,0.0,-237600000.0,-253700000.0,0.0,594500000.0,17400000.0,361800000.0,361800000.0,361800000.0,-500000.0,1500000.0,0.082,440800000.0,530100000.0,343900000.0,0.0,6.408,19.532,19.808,581900000.0,0.0,28.92,1.604,1.631,879200000.0,1438900000.0,4405400000.0,4405400000.0,51300000.0,0.106,0.386,0.37,0.12,78900000.0,389500000.0,1.0,244347632.0,248500000.0,251400000.0,17.728,3129100000.0,116700000.0,155100000.0,155900000.0,12.592,547100000.0
28,FTI1,MRT,2009-09-30,2009-09-30,2009-09-30,2021-09-19,-240100000.0,3431100000.0,3420625000.0,2325300000.0,1105800000.0,1.301,4.085,-104100000.0,397400000.0,397400000.0,3494500000.0,361500000.0,1.322,2.396,319400000.0,9500000.0,309900000.0,319400000.0,761400000.0,83900000.0,0.0,0.0,0.0,522800000.0,606700000.0,0.136,606700000.0,522800000.0,509000000.0,1.45,1.42,1.45,1007300000.0,834525000.0,1007300000.0,6471393878.0,12.0,10.667,355300000.0,1.441,1.0,955800000.0,0.215,211400000.0,13800000.0,1383400000.0,1480275000.0,609400000.0,140500000.0,0.0,140500000.0,2413900000.0,1758300000.0,655600000.0,6396993878.0,91400000.0,-121300000.0,-132900000.0,-53800000.0,0.0,-154000000.0,-225400000.0,0.0,459400000.0,11400000.0,359900000.0,359900000.0,359900000.0,2400000.0,1600000.0,0.081,421700000.0,534100000.0,350500000.0,0.0,6.351,17.774,18.014,564200000.0,0.0,26.12,1.437,1.447,935100000.0,1345700000.0,4450300000.0,4450300000.0,46800000.0,0.105,0.431,0.353,0.117,57000000.0,374900000.0,1.0,244907882.0,246600000.0,249400000.0,18.047,3219700000.0,115000000.0,149100000.0,91600000.0,13.056,567000000.0
29,FTI1,MRT,2009-06-30,2009-06-30,2009-06-30,2021-09-19,-290300000.0,3203100000.0,3387600000.0,2135600000.0,1067500000.0,1.325,3.641,-120900000.0,256200000.0,256200000.0,3547000000.0,352400000.0,1.276,2.543,330600000.0,25000000.0,305600000.0,330600000.0,727600000.0,79400000.0,0.0,0.0,0.0,516200000.0,595600000.0,0.133,595600000.0,516200000.0,503600000.0,1.405,1.375,1.405,901500000.0,795425000.0,901500000.0,4726656468.0,9.0,7.936,136200000.0,0.55,1.0,942500000.0,0.21,206000000.0,12600000.0,1397500000.0,1471450000.0,630000000.0,139700000.0,0.0,139700000.0,2292300000.0,1674000000.0,618300000.0,4644356468.0,-22000000.0,-121300000.0,-249400000.0,8000000.0,0.0,-48200000.0,-236100000.0,0.0,257100000.0,5200000.0,351000000.0,351000000.0,351000000.0,12500000.0,1400000.0,0.078,404600000.0,537900000.0,372600000.0,0.0,5.152,13.232,13.374,544800000.0,0.0,18.79,1.034,1.036,963400000.0,1257600000.0,4489500000.0,4489500000.0,45900000.0,0.104,0.441,0.351,0.115,57000000.0,358700000.0,1.0,247171712.0,247600000.0,251000000.0,18.132,2997100000.0,127200000.0,152600000.0,55900000.0,12.105,461600000.0
30,FTI1,MRT,2009-03-31,2009-03-31,2009-03-31,2021-09-19,-392300000.0,3467400000.0,3561650000.0,2308900000.0,1158500000.0,1.281,2.934,-144200000.0,411500000.0,411500000.0,3625100000.0,351900000.0,1.293,3.681,493800000.0,15300000.0,478500000.0,493800000.0,746200000.0,76200000.0,0.0,0.0,0.0,508100000.0,584300000.0,0.128,584300000.0,508100000.0,497900000.0,1.385,1.36,1.385,738900000.0,855450000.0,738900000.0,4098451560.0,8.0,7.014,93900000.0,0.373,1.0,938700000.0,0.206,197300000.0,10200000.0,1566600000.0,1511500000.0,605900000.0,138900000.0,0.0,138900000.0,2720000000.0,1785800000.0,934200000.0,3943551560.0,152700000.0,-121300000.0,-275200000.0,263900000.0,0.0,187000000.0,-267000000.0,0.0,238100000.0,-5400000.0,350800000.0,350800000.0,350800000.0,5000000.0,1100000.0,0.077,407800000.0,530900000.0,463800000.0,0.0,5.337,11.242,11.325,514200000.0,0.0,15.685,0.864,0.865,846700000.0,1151400000.0,4563800000.0,4563800000.0,46000000.0,0.098,0.41,0.336,0.111,57000000.0,361800000.0,1.0,251421840.0,251800000.0,255600000.0,18.125,3270100000.0,119800000.0,147100000.0,400000.0,12.987,523100000.0
31,FTI1,MRT,2008-12-31,2008-12-31,2008-12-31,2021-09-19,-408400000.0,3580900000.0,3624500000.0,2438300000.0,1142600000.0,1.256,2.701,-161600000.0,340100000.0,340100000.0,3623100000.0,362700000.0,1.242,4.175,495000000.0,23000000.0,472000000.0,495000000.0,770300000.0,72600000.0,0.0,0.0,0.0,521400000.0,594000000.0,0.131,594000000.0,521400000.0,513300000.0,1.415,1.39,1.415,690400000.0,938450000.0,690400000.0,3038702938.0,6.0,5.116,89000000.0,0.348,1.0,927800000.0,0.204,198900000.0,8100000.0,1573600000.0,1458775000.0,559300000.0,151200000.0,0.0,151200000.0,2882200000.0,1963300000.0,918900000.0,2979702938.0,210600000.0,-121300000.0,-319200000.0,369400000.0,0.0,252700000.0,-287600000.0,0.0,250600000.0,-5100000.0,361300000.0,361300000.0,361300000.0,-8400000.0,1400000.0,0.079,397000000.0,530800000.0,439800000.0,0.0,4.316,8.247,8.42,494900000.0,0.0,11.915,0.655,0.669,996100000.0,1081000000.0,4550900000.0,4550900000.0,45300000.0,0.1,0.385,0.357,0.115,57000000.0,351700000.0,1.0,250079978.0,255600000.0,259400000.0,17.805,3382000000.0,136200000.0,152000000.0,100000.0,13.232,475000000.0
32,FTI1,MRT,2008-09-30,2008-09-30,2008-09-30,2021-09-19,-153000000.0,3299000000.0,3532050000.0,2280000000.0,1019000000.0,1.25,3.35,-188600000.0,306000000.0,306000000.0,3523200000.0,362400000.0,1.273,2.877,365000000.0,13200000.0,351800000.0,365000000.0,805800000.0,71900000.0,0.0,0.0,0.0,530100000.0,602000000.0,0.136,602000000.0,530100000.0,522100000.0,1.4,1.375,1.4,850900000.0,1021275000.0,850900000.0,5968877922.0,11.0,9.915,324400000.0,1.277,1.0,893100000.0,0.202,219500000.0,8000000.0,1348100000.0,1350525000.0,589200000.0,24800000.0,0.0,24800000.0,2448100000.0,1790400000.0,657700000.0,5931277922.0,66100000.0,-19500000.0,-354900000.0,-31900000.0,0.0,-234200000.0,-219900000.0,0.0,513000000.0,7200000.0,359900000.0,359900000.0,359900000.0,-16700000.0,2500000.0,0.081,387200000.0,505900000.0,429200000.0,0.0,6.971,16.48,16.625,511700000.0,0.0,23.275,1.343,1.339,926400000.0,993500000.0,4416300000.0,4416300000.0,43500000.0,0.102,0.352,0.393,0.12,0.0,343700000.0,1.0,254834712.0,254000000.0,258000000.0,17.387,3079500000.0,130700000.0,162200000.0,126300000.0,12.124,489600000.0
33,FTI1,MRT,2008-06-30,2008-06-30,2008-06-30,2021-09-19,26900000.0,3899300000.0,3505350000.0,2671100000.0,1228200000.0,1.189,4.445,-186400000.0,278200000.0,278200000.0,3339500000.0,358000000.0,1.272,2.416,315800000.0,12800000.0,303000000.0,315800000.0,839400000.0,54900000.0,0.0,0.0,0.0,515900000.0,570800000.0,0.137,570800000.0,515900000.0,505500000.0,1.375,1.35,1.375,1141600000.0,1046000000.0,1141600000.0,9815072304.0,19.0,17.195,462800000.0,1.802,1.0,828600000.0,0.199,280000000.0,10400000.0,1557700000.0,1372100000.0,782200000.0,36700000.0,0.0,36700000.0,2757700000.0,2099200000.0,658500000.0,9851272304.0,110800000.0,-19500000.0,-216300000.0,-116400000.0,0.0,-326700000.0,-228800000.0,0.0,649200000.0,17100000.0,355900000.0,355900000.0,355900000.0,-39800000.0,2100000.0,0.085,381100000.0,447500000.0,567000000.0,0.0,8.629,27.68,27.975,647800000.0,0.0,38.465,2.363,2.37,985500000.0,958900000.0,4168100000.0,4168100000.0,41300000.0,0.102,0.34,0.376,0.124,0.0,339800000.0,1.0,256110030.0,256800000.0,260800000.0,16.231,3619300000.0,62000000.0,149600000.0,102900000.0,14.094,571900000.0
34,FTI1,MRT,2008-03-31,2008-03-31,2008-03-31,2021-09-19,3000000.0,3718800000.0,3274150000.0,2473300000.0,1245500000.0,1.264,4.116,-189200000.0,258800000.0,258800000.0,3320400000.0,324500000.0,1.207,2.473,222600000.0,8500000.0,214100000.0,222600000.0,914200000.0,58100000.0,0.0,0.0,0.0,480400000.0,538500000.0,0.13,538500000.0,480400000.0,466200000.0,1.245,1.22,1.245,1070900000.0,973400000.0,1070900000.0,7392855411.0,15.0,13.729,539100000.0,2.072,1.0,818600000.0,0.198,277000000.0,14200000.0,1355700000.0,1354100000.0,731100000.0,33400000.0,0.0,33400000.0,2647900000.0,2049900000.0,598000000.0,7393055411.0,173100000.0,-64400000.0,-192800000.0,-112000000.0,0.0,-303000000.0,-268900000.0,0.0,728300000.0,16700000.0,322900000.0,322900000.0,322900000.0,-32000000.0,1600000.0,0.078,400000000.0,418600000.0,533100000.0,0.0,6.904,22.896,22.847,617600000.0,0.0,28.445,1.786,1.788,994500000.0,853100000.0,4139000000.0,4139000000.0,44400000.0,0.099,0.332,0.355,0.116,0.0,355600000.0,1.0,259907028.0,260200000.0,264000000.0,15.907,3441800000.0,57200000.0,143300000.0,80400000.0,13.228,423400000.0
35,FTI1,MRT,2007-12-31,2007-12-31,2007-12-31,2021-09-19,-47200000.0,3211100000.0,2993100000.0,2290400000.0,920700000.0,1.219,3.891,-116600000.0,129500000.0,129500000.0,2921900000.0,303900000.0,1.243,2.143,129300000.0,7200000.0,122100000.0,129300000.0,665300000.0,61800000.0,0.0,0.0,0.0,453400000.0,515200000.0,0.141,515200000.0,453400000.0,437300000.0,1.155,1.13,1.155,1021700000.0,906625000.0,1021700000.0,7534656279.0,17.0,14.625,467300000.0,1.78,1.0,727000000.0,0.199,227400000.0,16100000.0,1140600000.0,1373675000.0,533200000.0,33400000.0,0.0,33400000.0,2189400000.0,1842900000.0,346500000.0,7376056279.0,50000000.0,-64400000.0,-268200000.0,-98400000.0,0.0,-355600000.0,-193100000.0,0.0,583900000.0,14800000.0,302800000.0,302800000.0,302800000.0,-42200000.0,1100000.0,0.083,351400000.0,375600000.0,405600000.0,0.0,7.219,24.359,24.545,452300000.0,0.0,28.35,2.021,2.04,775700000.0,771600000.0,3648900000.0,3648900000.0,40800000.0,0.101,0.334,0.33,0.124,0.0,310600000.0,1.0,260178352.0,262600000.0,267600000.0,13.895,2983700000.0,65300000.0,134500000.0,91900000.0,11.362,447500000.0
36,FTI1,MRT,2007-09-30,2007-09-30,2007-09-30,2021-09-19,-58800000.0,3192200000.0,2812275000.0,2154800000.0,1037400000.0,1.151,3.647,-62500000.0,239900000.0,239900000.0,2623600000.0,315600000.0,1.302,2.361,398500000.0,105500000.0,293000000.0,398500000.0,682000000.0,39300000.0,0.0,0.0,0.0,418300000.0,457600000.0,0.141,457600000.0,418300000.0,402800000.0,1.19,1.165,1.19,949800000.0,872700000.0,949800000.0,7736520154.0,18.0,16.907,280800000.0,1.078,1.0,612200000.0,0.189,261400000.0,15500000.0,1434400000.0,1396125000.0,703300000.0,33700000.0,0.0,33700000.0,2242400000.0,1655000000.0,587400000.0,7471020154.0,181200000.0,-44900000.0,-282200000.0,175500000.0,0.0,-84500000.0,-86900000.0,0.0,343300000.0,9300000.0,315600000.0,315600000.0,315600000.0,-98800000.0,0.0,0.098,305000000.0,307200000.0,451700000.0,0.0,7.866,23.672,24.227,509900000.0,0.0,28.83,2.309,2.32,983800000.0,681200000.0,3235800000.0,3235800000.0,36800000.0,0.112,0.362,0.3,0.129,0.0,268200000.0,1.0,259140484.0,260400000.0,265200000.0,12.426,2930800000.0,79800000.0,87200000.0,56900000.0,11.255,499800000.0
37,FTI1,MRT,2007-06-30,2007-06-30,2007-06-30,2021-09-19,-76300000.0,2974500000.0,2601175000.0,2010100000.0,964400000.0,1.264,3.269,-60200000.0,167400000.0,167400000.0,2656600000.0,297900000.0,1.343,2.494,432900000.0,75500000.0,357400000.0,432900000.0,628900000.0,54100000.0,0.0,0.0,0.0,388400000.0,442500000.0,0.135,442500000.0,388400000.0,374800000.0,1.115,1.085,1.115,851200000.0,848975000.0,851200000.0,5394260365.0,14.0,12.19,214600000.0,0.824,1.0,631000000.0,0.192,258100000.0,13600000.0,1485700000.0,1321750000.0,698800000.0,30700000.0,0.0,30700000.0,2123300000.0,1496200000.0,627100000.0,5144160365.0,54000000.0,-54400000.0,-311600000.0,166900000.0,0.0,-135800000.0,-89600000.0,0.0,274800000.0,4600000.0,297900000.0,297900000.0,297900000.0,-88900000.0,0.0,0.091,330400000.0,300600000.0,460700000.0,0.0,6.043,17.268,17.762,470400000.0,0.0,19.805,1.565,1.569,996600000.0,602900000.0,3287600000.0,3287600000.0,39100000.0,0.115,0.351,0.294,0.118,0.0,291300000.0,1.0,259740488.0,260400000.0,265600000.0,12.625,2716400000.0,76700000.0,76900000.0,54900000.0,10.432,513900000.0
38,FTI1,MRT,2007-03-31,2007-03-31,2007-03-31,2021-09-19,-97000000.0,2594600000.0,2427875000.0,1760800000.0,833800000.0,1.272,2.986,-53900000.0,85700000.0,85700000.0,2506000000.0,290600000.0,1.44,2.228,335800000.0,4400000.0,331400000.0,335800000.0,509100000.0,50700000.0,0.0,0.0,0.0,369000000.0,419700000.0,0.136,419700000.0,369000000.0,356800000.0,1.073,1.042,1.073,803800000.0,843600000.0,803800000.0,4851673878.0,13.0,11.56,132500000.0,0.492,1.0,581800000.0,0.188,188100000.0,12200000.0,1434000000.0,1238625000.0,663400000.0,28200000.0,0.0,28200000.0,1790800000.0,1222600000.0,568200000.0,4712773878.0,-21000000.0,-9500000.0,-254800000.0,70600000.0,0.0,-171400000.0,-39300000.0,0.0,186400000.0,3300000.0,290600000.0,290600000.0,290600000.0,-108800000.0,0.0,0.094,319000000.0,262800000.0,396100000.0,0.0,5.863,16.217,16.253,439300000.0,0.0,17.44,1.526,1.52,878300000.0,530100000.0,3087800000.0,3087800000.0,36800000.0,0.12,0.344,0.298,0.12,0.0,282100000.0,1.0,270227860.0,269200000.0,274000000.0,11.47,2406500000.0,85900000.0,66200000.0,51600000.0,8.939,538200000.0
39,FTI1,MRT,2006-12-31,2006-12-31,2006-12-31,2021-09-19,-112200000.0,2487800000.0,2324400000.0,1692100000.0,795700000.0,1.254,3.234,-112700000.0,79500000.0,79500000.0,2370000000.0,276300000.0,1.4,1.808,218400000.0,5800000.0,212600000.0,218400000.0,444900000.0,47900000.0,0.0,0.0,0.0,350800000.0,398700000.0,0.137,398700000.0,350800000.0,339000000.0,1.01,0.985,1.01,886000000.0,828850000.0,886000000.0,4356711185.0,12.0,10.927,48700000.0,0.178,1.0,545400000.0,0.187,187400000.0,11800000.0,1230400000.0,1146975000.0,584400000.0,26000000.0,0.0,26000000.0,1601800000.0,1208900000.0,392900000.0,4192611185.0,-73400000.0,-9500000.0,-115800000.0,-38100000.0,0.0,-141800000.0,-95800000.0,0.0,161400000.0,2800000.0,276300000.0,276300000.0,276300000.0,-113800000.0,0.0,0.095,304000000.0,241400000.0,420400000.0,0.0,4.732,15.174,15.255,444400000.0,0.0,15.408,1.438,1.448,898100000.0,469500000.0,2915400000.0,2915400000.0,33000000.0,0.119,0.333,0.306,0.12,0.0,271000000.0,1.0,272114956.0,274000000.0,280600000.0,10.64,2300400000.0,72100000.0,62700000.0,40900000.0,8.396,483200000.0
40,FTI1,MRT,2006-09-30,2006-09-30,2006-09-30,2021-09-19,-83900000.0,2347800000.0,2226350000.0,1609800000.0,738000000.0,1.592,3.113,-124200000.0,58700000.0,58700000.0,2766000000.0,204500000.0,1.355,1.746,222800000.0,5100000.0,217700000.0,222800000.0,410900000.0,68000000.0,0.0,0.0,0.0,349500000.0,417500000.0,0.118,417500000.0,349500000.0,339300000.0,0.745,0.725,0.745,854900000.0,782225000.0,854900000.0,3832175896.0,11.0,9.179,-25300000.0,-0.092,1.0,777800000.0,0.219,186800000.0,10200000.0,1136900000.0,1080450000.0,602000000.0,23000000.0,0.0,23000000.0,1492900000.0,1188200000.0,304700000.0,3679875896.0,-80900000.0,0.0,-96600000.0,29600000.0,0.0,-55100000.0,-125700000.0,0.0,98900000.0,1000000.0,204500000.0,204500000.0,204500000.0,-1000000.0,0.0,0.058,455400000.0,322400000.0,376800000.0,0.0,4.304,17.995,18.02,416000000.0,0.0,13.425,1.038,1.04,837100000.0,366700000.0,3543800000.0,3543800000.0,44000000.0,0.092,0.261,0.323,0.099,0.0,381200000.0,1.0,274106212.0,274600000.0,281600000.0,12.905,2161000000.0,72900000.0,134800000.0,49800000.0,7.87,421600000.0
41,FTI1,MRT,2006-06-30,2006-06-30,2006-06-30,2021-09-19,-85800000.0,2281300000.0,2135550000.0,1570200000.0,711100000.0,1.587,3.019,-37800000.0,113400000.0,113400000.0,2668200000.0,189200000.0,1.43,1.75,265700000.0,4400000.0,261300000.0,265700000.0,345700000.0,66600000.0,0.0,0.0,0.0,322600000.0,389200000.0,0.115,389200000.0,322600000.0,312200000.0,0.685,0.672,0.685,829700000.0,747775000.0,829700000.0,4769816349.0,15.0,12.255,35700000.0,0.13,1.0,720500000.0,0.213,182300000.0,10400000.0,1153200000.0,1011275000.0,557700000.0,22300000.0,0.0,22300000.0,1451600000.0,1098100000.0,353500000.0,4611816349.0,28000000.0,9500000.0,-48600000.0,15900000.0,0.0,-17000000.0,-29300000.0,0.0,73500000.0,800000.0,189200000.0,189200000.0,189200000.0,2500000.0,0.0,0.056,420000000.0,300500000.0,378600000.0,0.0,5.558,24.375,24.62,393800000.0,0.0,16.865,1.361,1.368,787700000.0,305700000.0,3388700000.0,3388700000.0,43800000.0,0.089,0.253,0.319,0.095,0.0,371400000.0,1.0,273454868.0,274800000.0,281600000.0,12.332,2099000000.0,77700000.0,123000000.0,53600000.0,7.638,472100000.0
42,FTI1,MRT,2006-03-31,2006-03-31,2006-03-31,2021-09-19,-94300000.0,2180700000.0,2049850000.0,1497400000.0,683300000.0,1.586,2.71,-19600000.0,106700000.0,106700000.0,2576600000.0,153100000.0,1.376,1.928,264700000.0,4500000.0,260200000.0,264700000.0,365700000.0,65300000.0,0.0,0.0,0.0,268200000.0,333500000.0,0.103,333500000.0,268200000.0,258900000.0,0.555,0.545,0.555,744800000.0,706075000.0,744800000.0,3614418293.0,13.0,10.838,-11300000.0,-0.041,1.0,675400000.0,0.208,183300000.0,9300000.0,1067400000.0,963625000.0,526800000.0,21600000.0,0.0,21600000.0,1435900000.0,1088000000.0,347900000.0,3511418293.0,34300000.0,9500000.0,-70300000.0,98600000.0,0.0,37800000.0,-10200000.0,0.0,8300000.0,-1600000.0,153100000.0,153100000.0,153100000.0,22200000.0,0.0,0.047,409600000.0,265800000.0,371500000.0,0.0,4.715,22.935,23.072,372200000.0,0.0,12.805,1.08,1.082,763900000.0,240200000.0,3252000000.0,3252000000.0,45600000.0,0.075,0.217,0.278,0.082,0.0,361500000.0,1.0,274222436.0,274800000.0,281600000.0,11.834,1997400000.0,75100000.0,105800000.0,40300000.0,7.269,409400000.0
43,FTI1,MRT,2005-12-31,2005-12-31,2005-12-31,2021-09-19,-108500000.0,2095600000.0,1973600000.0,1431400000.0,664200000.0,1.574,2.534,1700000.0,152900000.0,152900000.0,2512000000.0,106100000.0,1.353,1.996,255900000.0,3300000.0,252600000.0,255900000.0,347000000.0,64700000.0,0.0,0.0,0.0,192000000.0,256700000.0,0.083,256700000.0,192000000.0,183000000.0,0.385,0.375,0.385,699500000.0,683050000.0,699500000.0,3008139643.0,16.0,11.719,-28700000.0,-0.104,1.0,595000000.0,0.192,176100000.0,9000000.0,964300000.0,896850000.0,441100000.0,22300000.0,0.0,22300000.0,1396100000.0,1058200000.0,337900000.0,2955139643.0,28800000.0,9500000.0,-42800000.0,93100000.0,0.0,54600000.0,8800000.0,0.0,-30400000.0,-4200000.0,106100000.0,106100000.0,106100000.0,26100000.0,0.0,0.034,401500000.0,193500000.0,358600000.0,0.0,4.225,27.852,27.87,352500000.0,0.0,10.73,0.951,0.953,711400000.0,193200000.0,3107000000.0,3107000000.0,47200000.0,0.054,0.155,0.214,0.062,0.0,354300000.0,1.0,275409100.0,276000000.0,283200000.0,11.257,1919500000.0,79600000.0,76900000.0,35700000.0,6.955,373200000.0
44,FTI1,MRT,2005-09-30,2005-09-30,2005-09-30,2021-09-19,-86100000.0,1984600000.0,1923175000.0,1342600000.0,642000000.0,1.493,2.602,22400000.0,139600000.0,139600000.0,2358700000.0,132300000.0,1.354,1.768,192600000.0,2600000.0,190000000.0,192600000.0,0.0,64700000.0,0.0,0.0,0.0,155200000.0,219900000.0,0.077,219900000.0,155200000.0,148100000.0,0.485,0.473,0.485,717100000.0,673725000.0,717100000.0,3052154995.0,20.0,13.88,87700000.0,0.318,1.0,513100000.0,0.179,186100000.0,7100000.0,860200000.0,842950000.0,468200000.0,19200000.0,0.0,19200000.0,1267500000.0,991300000.0,276200000.0,2887854995.0,103800000.0,22300000.0,-7500000.0,-10200000.0,0.0,-13800000.0,45800000.0,0.0,65300000.0,900000.0,132300000.0,132300000.0,132300000.0,-25100000.0,0.0,0.046,381700000.0,131400000.0,310400000.0,0.0,4.027,21.828,21.706,332600000.0,0.0,10.527,1.006,1.01,657100000.0,162200000.0,2871800000.0,2871800000.0,50300000.0,0.069,0.196,0.184,0.054,0.0,355900000.0,1.0,274315364.0,275600000.0,283200000.0,10.42,1798500000.0,70000000.0,15800000.0,25800000.0,6.526,351300000.0
45,FTI1,MRT,2005-06-30,2005-06-30,2005-06-30,2021-09-19,-84600000.0,1938500000.0,1852325000.0,1248000000.0,690500000.0,1.509,2.402,-41100000.0,85400000.0,85400000.0,2293100000.0,108600000.0,1.306,1.924,249700000.0,5400000.0,244300000.0,249700000.0,0.0,63800000.0,0.0,0.0,0.0,129900000.0,193700000.0,0.069,193700000.0,129900000.0,123000000.0,0.4,0.39,0.4,662900000.0,630500000.0,662900000.0,2305499877.0,18.0,11.902,-92400000.0,-0.335,1.0,502600000.0,0.18,184300000.0,6900000.0,962600000.0,822175000.0,418400000.0,82500000.0,0.0,82500000.0,1275600000.0,955900000.0,319700000.0,2211499877.0,-16100000.0,23200000.0,7800000.0,36000000.0,0.0,45800000.0,-16800000.0,400000.0,-51300000.0,700000.0,108600000.0,108600000.0,108600000.0,-25100000.0,0.0,0.039,398100000.0,104500000.0,345600000.0,0.0,3.336,20.364,19.981,323100000.0,0.0,7.992,0.791,0.789,651400000.0,116500000.0,2795700000.0,2795700000.0,49600000.0,0.059,0.172,0.158,0.046,0.0,346900000.0,1.0,276696888.0,276000000.0,282800000.0,10.129,1754200000.0,70600000.0,14400000.0,36100000.0,6.356,292100000.0
46,FTI1,MRT,2005-03-31,2005-03-31,2005-03-31,2021-09-19,-80700000.0,1875700000.0,1786400000.0,1195500000.0,680200000.0,1.486,2.361,-36200000.0,72400000.0,72400000.0,2161800000.0,103300000.0,1.213,1.874,166400000.0,2100000.0,164300000.0,166400000.0,0.0,62200000.0,0.0,0.0,0.0,129200000.0,191400000.0,0.072,191400000.0,129200000.0,121700000.0,0.382,0.372,0.382,652700000.0,587675000.0,652700000.0,2332384910.0,18.0,12.186,49100000.0,0.178,1.0,492900000.0,0.186,183900000.0,7500000.0,800300000.0,753400000.0,392200000.0,76200000.0,0.0,76200000.0,1223000000.0,985500000.0,237500000.0,2293384910.0,34100000.0,24400000.0,32400000.0,-79400000.0,0.0,-44700000.0,-10900000.0,200000.0,85300000.0,2400000.0,103300000.0,103300000.0,103300000.0,-25100000.0,0.0,0.039,389300000.0,103600000.0,335700000.0,0.0,3.514,22.201,21.715,322600000.0,0.0,8.295,0.864,0.864,634000000.0,87100000.0,2654700000.0,2654700000.0,47100000.0,0.058,0.176,0.171,0.049,0.0,338400000.0,1.0,276477988.0,276400000.0,276400000.0,9.605,1691800000.0,65300000.0,18400000.0,64600000.0,6.121,210000000.0
47,FTI1,MRT,2004-12-31,2004-12-31,2004-12-31,2021-09-19,-61000000.0,1893900000.0,1727250000.0,1217100000.0,676800000.0,1.468,2.449,-39600000.0,124100000.0,124100000.0,2028200000.0,116700000.0,1.223,1.86,163100000.0,2700000.0,160400000.0,163100000.0,297500000.0,62700000.0,0.0,0.0,0.0,151500000.0,214200000.0,0.084,214200000.0,151500000.0,143200000.0,0.432,0.42,0.432,662200000.0,538550000.0,662200000.0,2369226785.0,16.0,11.061,87400000.0,0.323,1.0,507600000.0,0.2,188800000.0,8300000.0,748700000.0,751525000.0,316300000.0,76600000.0,0.0,76600000.0,1231700000.0,995400000.0,236300000.0,2202026785.0,95100000.0,22300000.0,38600000.0,-58400000.0,0.0,-19200000.0,-16600000.0,0.0,127000000.0,3900000.0,116700000.0,116700000.0,116700000.0,-25100000.0,0.0,0.046,382700000.0,124900000.0,368800000.0,0.0,3.325,18.869,18.634,332800000.0,0.0,8.05,0.868,0.858,671700000.0,87100000.0,2535800000.0,2535800000.0,46200000.0,0.068,0.217,0.202,0.06,0.0,329200000.0,1.0,273543700.0,270400000.0,277200000.0,9.378,1705100000.0,47000000.0,26500000.0,60300000.0,6.306,221700000.0
48,FTI1,MRT,2004-09-30,2004-09-30,2004-09-30,2021-09-19,-112800000.0,1701200000.0,1653050000.0,1077600000.0,623600000.0,1.556,2.004,-38300000.0,35800000.0,35800000.0,2073800000.0,80800000.0,1.193,2.126,203000000.0,30400000.0,172600000.0,203000000.0,0.0,63100000.0,0.0,0.0,0.0,121900000.0,185000000.0,0.072,185000000.0,121900000.0,113500000.0,0.3,0.297,0.3,544200000.0,483825000.0,544200000.0,2365896829.0,19.0,12.789,27600000.0,0.102,1.0,497800000.0,0.194,188200000.0,8400000.0,777100000.0,751950000.0,299600000.0,32900000.0,16200000.0,16700000.0,1157000000.0,903100000.0,253900000.0,2253896829.0,-14600000.0,-2500000.0,32300000.0,-65200000.0,0.0,-32900000.0,-43500000.0,0.0,65900000.0,-3400000.0,80800000.0,80800000.0,80800000.0,0.0,0.0,0.031,377800000.0,120000000.0,292000000.0,0.0,4.142,27.895,27.833,318400000.0,0.0,8.35,0.876,0.882,641200000.0,29900000.0,2571600000.0,2571600000.0,47900000.0,0.049,0.167,0.162,0.047,0.0,331500000.0,1.0,269927764.0,271600000.0,278800000.0,9.468,1513000000.0,81300000.0,32700000.0,65000000.0,5.571,174500000.0
49,FTI1,MRT,2004-06-30,2004-06-30,2004-06-30,2021-09-19,-118300000.0,1674800000.0,1602225000.0,1019200000.0,655600000.0,1.518,1.829,-43600000.0,101500000.0,101500000.0,1945500000.0,77400000.0,1.116,2.407,213500000.0,40600000.0,172900000.0,213500000.0,0.0,62000000.0,0.0,0.0,0.0,117500000.0,179500000.0,0.074,179500000.0,117500000.0,108300000.0,0.29,0.288,0.29,491600000.0,438575000.0,491600000.0,2143034918.0,18.0,11.939,120600000.0,0.449,1.0,486200000.0,0.2,186000000.0,9200000.0,687500000.0,748550000.0,288600000.0,34500000.0,0.0,34500000.0,1183200000.0,913300000.0,269900000.0,1935734918.0,38200000.0,-47300000.0,18200000.0,-48700000.0,0.0,-30500000.0,-91100000.0,-400000.0,164200000.0,-3500000.0,77400000.0,77400000.0,77400000.0,0.0,0.0,0.032,369300000.0,116900000.0,275100000.0,0.0,3.938,25.009,24.828,319700000.0,0.0,7.2,0.796,0.796,561900000.0,7900000.0,2431700000.0,2431700000.0,47600000.0,0.048,0.176,0.157,0.048,0.0,324000000.0,1.0,268852072.0,268800000.0,276000000.0,9.047,1488800000.0,0.0,30900000.0,67900000.0,5.539,105900000.0
50,FTI1,MRT,2004-03-31,2004-03-31,2004-03-31,2021-09-19,-119400000.0,1639100000.0,1547850000.0,983900000.0,655200000.0,1.531,1.707,-48800000.0,38300000.0,38300000.0,1893000000.0,74400000.0,1.138,2.593,245600000.0,44500000.0,201100000.0,245600000.0,0.0,62000000.0,0.0,0.0,0.0,113600000.0,175600000.0,0.074,175600000.0,113600000.0,103700000.0,0.28,0.28,0.28,456200000.0,399750000.0,456200000.0,2000952557.0,18.0,11.395,50100000.0,0.188,1.0,477100000.0,0.201,189000000.0,9900000.0,792800000.0,724225000.0,303200000.0,33600000.0,0.0,33600000.0,1182900000.0,864600000.0,318300000.0,1808452557.0,3700000.0,-48500000.0,12900000.0,-9300000.0,0.0,3600000.0,-95600000.0,0.0,98900000.0,-3200000.0,74400000.0,74400000.0,74400000.0,0.0,0.0,0.031,364000000.0,113100000.0,256600000.0,0.0,3.964,24.307,24.134,323500000.0,0.0,6.758,0.763,0.762,562500000.0,-16200000.0,2370100000.0,2370100000.0,47500000.0,0.048,0.186,0.157,0.048,0.0,318800000.0,1.0,267621540.0,267200000.0,273600000.0,8.87,1450100000.0,88700000.0,29300000.0,67000000.0,5.427,119300000.0
51,FTI1,MRT,2003-12-31,2003-12-31,2003-12-31,2021-09-19,-105300000.0,1597100000.0,1483825000.0,949000000.0,648100000.0,1.555,1.677,-52200000.0,29000000.0,29000000.0,1845900000.0,68900000.0,1.117,2.603,221500000.0,20400000.0,201100000.0,221500000.0,0.0,57700000.0,0.0,0.0,0.0,105700000.0,163400000.0,0.071,163400000.0,105700000.0,95600000.0,0.26,0.258,0.26,443300000.0,361025000.0,443300000.0,1761188012.0,17.0,10.778,93000000.0,0.352,1.0,461200000.0,0.2,189400000.0,10100000.0,750400000.0,696750000.0,286800000.0,31800000.0,0.0,31800000.0,1153800000.0,849800000.0,304000000.0,1543288012.0,-3400000.0,-46400000.0,7000000.0,-20300000.0,0.0,-13300000.0,-132800000.0,0.0,145200000.0,-2500000.0,68900000.0,68900000.0,68900000.0,0.0,0.0,0.03,355600000.0,105600000.0,272400000.0,0.0,3.481,22.399,22.404,327900000.0,0.0,5.825,0.669,0.668,544100000.0,-29600000.0,2307100000.0,2307100000.0,45300000.0,0.046,0.191,0.152,0.046,0.0,312600000.0,1.0,264942148.0,264400000.0,267600000.0,8.726,1407700000.0,78200000.0,26700000.0,62300000.0,5.324,99200000.0
52,FTI1,MRT,2003-09-30,2003-09-30,2003-09-30,2021-09-19,-147100000.0,1497900000.0,1427675000.0,886200000.0,611700000.0,1.576,1.372,-40500000.0,50400000.0,50400000.0,1803600000.0,65800000.0,1.15,3.124,268300000.0,33200000.0,235100000.0,268300000.0,0.0,54300000.0,0.0,0.0,0.0,101400000.0,155700000.0,0.069,155700000.0,101400000.0,90200000.0,0.25,0.253,0.25,363200000.0,326150000.0,363200000.0,1604568097.0,16.0,10.306,116700000.0,0.441,1.0,446300000.0,0.198,181700000.0,11200000.0,763500000.0,689425000.0,294200000.0,30200000.0,0.0,30200000.0,1134700000.0,770600000.0,364100000.0,1412568097.0,11800000.0,-43900000.0,8600000.0,-9500000.0,0.0,-900000.0,-139900000.0,-2000000.0,157200000.0,1200000.0,65800000.0,65800000.0,65800000.0,0.0,0.0,0.029,345500000.0,100800000.0,468100000.0,0.0,3.889,21.468,21.42,317700000.0,0.0,5.355,0.628,0.63,466800000.0,-35000000.0,2249900000.0,2249900000.0,43900000.0,0.046,0.202,0.147,0.045,0.0,301600000.0,1.0,263784892.0,264800000.0,,8.497,1316200000.0,60700000.0,24400000.0,42100000.0,4.971,115600000.0
53,FTI1,MRT,2003-06-30,2003-06-30,2003-06-30,2021-09-19,-147900000.0,1457300000.0,1379625000.0,894200000.0,563100000.0,1.606,1.272,-40300000.0,63300000.0,63300000.0,1782800000.0,64000000.0,0.96,3.333,255300000.0,204800000.0,50500000.0,255300000.0,0.0,52500000.0,0.0,0.0,0.0,100100000.0,152600000.0,0.069,152600000.0,100100000.0,88000000.0,0.245,0.245,0.245,336300000.0,305575000.0,336300000.0,1601431489.0,16.0,10.494,99300000.0,0.376,1.0,432400000.0,0.195,127700000.0,12100000.0,590200000.0,672875000.0,295900000.0,29100000.0,0.0,29100000.0,1121000000.0,931400000.0,189600000.0,1387831489.0,55900000.0,0.0,4000000.0,0.0,0.0,-400000.0,-76400000.0,-1700000.0,139600000.0,800000.0,64000000.0,64000000.0,64000000.0,0.0,0.0,0.029,332300000.0,100100000.0,473400000.0,0.0,4.127,21.685,21.48,315600000.0,0.0,5.263,0.627,0.628,464000000.0,-55300000.0,2215200000.0,2215200000.0,44700000.0,0.046,0.209,0.149,0.045,0.0,287600000.0,1.0,263720948.0,264400000.0,,8.378,1329600000.0,67600000.0,24000000.0,40000000.0,5.029,-37200000.0
54,FTI1,MRT,2003-03-31,2003-03-31,2003-03-31,2021-09-19,-159200000.0,1383000000.0,1359225000.0,820000000.0,563000000.0,1.58,1.143,-44900000.0,34600000.0,34600000.0,1722200000.0,60700000.0,1.035,3.59,248200000.0,97700000.0,150500000.0,248200000.0,0.0,49000000.0,0.0,0.0,0.0,96600000.0,145600000.0,0.068,145600000.0,96600000.0,83700000.0,0.232,0.233,0.232,301300000.0,292150000.0,301300000.0,1470695885.0,15.0,10.101,111500000.0,0.423,1.0,425400000.0,0.198,121400000.0,12900000.0,682900000.0,697050000.0,306900000.0,29600000.0,0.0,29600000.0,1081700000.0,792300000.0,289400000.0,1268195885.0,32400000.0,0.0,4400000.0,-15100000.0,0.0,-15100000.0,-104000000.0,-1600000.0,156400000.0,700000.0,60700000.0,60700000.0,60700000.0,0.0,0.0,0.028,328600000.0,96800000.0,462900000.0,0.0,4.209,20.893,20.69,320200000.0,0.0,4.8,0.591,0.589,402800000.0,-78200000.0,2147600000.0,2147600000.0,46100000.0,0.045,0.208,0.139,0.045,0.0,282500000.0,1.0,264207476.0,263600000.0,,8.147,1261600000.0,73000000.0,23000000.0,39500000.0,4.786,27700000.0
55,FTI1,MRT,2002-12-31,2002-12-31,2002-12-31,2021-09-19,-145600000.0,1372500000.0,1335925000.0,818400000.0,554100000.0,1.551,1.162,-42300000.0,32400000.0,32400000.0,1654200000.0,-136000000.0,1.115,3.518,234900000.0,59500000.0,175400000.0,234900000.0,0.0,48600000.0,0.0,0.0,0.0,-99700000.0,-51100000.0,-0.025,-51100000.0,-99700000.0,-113800000.0,-0.52,-0.507,-0.52,303800000.0,277875000.0,303800000.0,1566215014.0,-16.0,-30.65,76700000.0,0.293,1.0,417300000.0,0.201,119900000.0,14100000.0,721100000.0,699625000.0,278900000.0,29400000.0,0.0,29400000.0,1068700000.0,734000000.0,334700000.0,1335715014.0,4400000.0,0.0,1000000.0,-40100000.0,0.0,-43500000.0,-66400000.0,-2500000.0,119000000.0,600000.0,-136000000.0,-136000000.0,-136000000.0,0.0,0.0,-0.066,322600000.0,94700000.0,235000000.0,0.0,4.397,-9.821,-9.822,306100000.0,0.0,5.107,0.645,0.645,419200000.0,-87400000.0,2071500000.0,2071500000.0,47800000.0,-0.102,-0.489,-0.143,-0.048,0.0,274800000.0,1.0,261520316.0,261520316.0,,7.921,1252600000.0,74600000.0,22200000.0,47700000.0,4.79,84400000.0
56,FTI1,MRT,2002-09-30,2002-09-30,2002-09-30,2021-09-19,-132600000.0,1305700000.0,1352275000.0,822500000.0,483200000.0,1.507,1.074,-71000000.0,38600000.0,38600000.0,1627800000.0,-132800000.0,1.136,3.648,269100000.0,83600000.0,185500000.0,269100000.0,0.0,50400000.0,0.0,0.0,0.0,-93000000.0,-42600000.0,-0.021,-42600000.0,-93000000.0,-108800000.0,-0.51,-0.51,-0.51,280900000.0,306475000.0,280900000.0,1342433203.0,-14.0,-31.513,72700000.0,0.278,1.0,409900000.0,0.201,114600000.0,15800000.0,697300000.0,683100000.0,296800000.0,27700000.0,0.0,27700000.0,1024800000.0,724300000.0,300500000.0,1096233203.0,-50400000.0,0.0,1000000.0,-63400000.0,0.0,-113300000.0,-73400000.0,-2400000.0,143700000.0,-600000.0,-132800000.0,-132800000.0,-132800000.0,0.0,0.0,-0.065,309900000.0,100000000.0,413500000.0,0.0,3.903,-8.255,-8.216,295100000.0,0.0,4.19,0.538,0.538,403000000.0,-111900000.0,2037700000.0,2037700000.0,48900000.0,-0.098,-0.433,-0.136,-0.046,0.0,277800000.0,1.0,261630836.0,261600000.0,,7.789,1191100000.0,38500000.0,24000000.0,23600000.0,4.553,98200000.0
57,FTI1,MRT,2002-06-30,2002-06-30,2002-06-30,2021-09-19,-119100000.0,1375700000.0,1397700000.0,871900000.0,503800000.0,1.421,1.082,-67200000.0,7400000.0,7400000.0,1566100000.0,-138200000.0,1.076,3.868,253600000.0,103100000.0,150500000.0,253600000.0,0.0,49700000.0,0.0,0.0,0.0,-97900000.0,-48200000.0,-0.024,-48200000.0,-97900000.0,-115800000.0,-0.53,-0.53,-0.53,282600000.0,333300000.0,282600000.0,1616794865.0,-17.0,-33.543,88700000.0,0.34,1.0,420200000.0,0.212,124900000.0,17900000.0,686900000.0,682950000.0,312100000.0,27300000.0,0.0,27300000.0,1093100000.0,810100000.0,283000000.0,1357594865.0,-4100000.0,0.0,1000000.0,-9500000.0,0.0,-46700000.0,-105200000.0,-16400000.0,155900000.0,-1500000.0,-138200000.0,-138200000.0,-138200000.0,0.0,0.0,-0.07,325700000.0,94500000.0,454400000.0,0.0,4.804,-9.823,-9.792,291100000.0,0.0,5.19,0.683,0.682,427600000.0,-128800000.0,1986300000.0,1986300000.0,50000000.0,-0.099,-0.415,-0.143,-0.049,0.0,286200000.0,1.0,261578972.0,261200000.0,,7.605,1250800000.0,43700000.0,22400000.0,30300000.0,4.789,61800000.0
58,FTI1,MRT,2002-03-31,2002-03-31,2002-03-31,2021-09-19,-138300000.0,1289800000.0,1405800000.0,798900000.0,490900000.0,1.367,0.936,-61800000.0,2200000.0,2200000.0,1506000000.0,-145800000.0,1.101,4.282,261400000.0,78700000.0,182700000.0,261400000.0,0.0,55200000.0,0.0,0.0,0.0,-104800000.0,-49600000.0,-0.026,-49600000.0,-104800000.0,-121200000.0,-0.557,-0.56,-0.557,244200000.0,353100000.0,244200000.0,1545879271.0,-15.0,-31.167,35900000.0,0.138,1.0,416100000.0,0.216,130100000.0,16400000.0,693200000.0,663775000.0,305800000.0,28200000.0,0.0,28200000.0,1045600000.0,725700000.0,319900000.0,1300879271.0,-9800000.0,-2600000.0,207800000.0,230000000.0,0.0,-29700000.0,-68400000.0,-4000000.0,97700000.0,-1900000.0,-145800000.0,-145800000.0,-145800000.0,0.0,0.0,-0.076,328400000.0,87700000.0,430400000.0,0.0,5.327,-8.922,-8.945,276200000.0,0.0,4.982,0.677,0.676,407700000.0,-146500000.0,1922100000.0,1922100000.0,53900000.0,-0.104,-0.413,-0.158,-0.055,0.0,285000000.0,1.0,261089668.0,260800000.0,,7.37,1159700000.0,46900000.0,24600000.0,30700000.0,4.447,73200000.0
59,FTI1,MRT,2001-12-31,2001-12-31,2001-12-31,2021-09-19,-146600000.0,1437900000.0,1435275000.0,755100000.0,682800000.0,1.343,1.608,-58500000.0,28000000.0,28000000.0,1504700000.0,34700000.0,1.109,2.438,273000000.0,78900000.0,194100000.0,273000000.0,0.0,57800000.0,0.0,0.0,0.0,72900000.0,130700000.0,0.068,130700000.0,72900000.0,58800000.0,0.133,0.133,0.133,418200000.0,455125000.0,418200000.0,1313050000.0,18.0,10.046,17800000.0,0.068,1.0,423200000.0,0.22,347100000.0,14100000.0,655000000.0,609700000.0,269600000.0,27100000.0,0.0,27100000.0,1019700000.0,680800000.0,338900000.0,1069250000.0,10200000.0,-2600000.0,207200000.0,232400000.0,0.0,7600000.0,-64400000.0,-3300000.0,76300000.0,-2000000.0,34700000.0,34700000.0,34700000.0,0.0,0.0,0.018,347400000.0,75800000.0,369400000.0,0.0,2.557,30.814,30.921,275300000.0,0.0,4.112,0.555,0.555,380600000.0,42300000.0,1927900000.0,1927900000.0,54900000.0,0.024,0.076,0.12,0.038,0.0,292500000.0,1.0,260000000.0,260000000.0,,7.415,1090800000.0,29800000.0,24100000.0,41800000.0,4.195,74300000.0
60,FTI1,MRT,2001-09-30,2001-09-30,2001-09-30,2021-09-19,-143200000.0,1487400000.0,1419225000.0,822000000.0,665400000.0,1.315,1.493,-37700000.0,89000000.0,89000000.0,1433200000.0,36500000.0,1.189,2.832,332800000.0,82600000.0,250200000.0,332800000.0,0.0,56400000.0,0.0,0.0,0.0,72100000.0,128500000.0,0.069,128500000.0,72100000.0,61000000.0,,,,388200000.0,509975000.0,388200000.0,1002650000.0,14.0,7.803,13900000.0,0.053,1.0,433600000.0,0.232,343100000.0,11100000.0,696700000.0,559475000.0,276800000.0,27000000.0,0.0,27000000.0,1099200000.0,691400000.0,407800000.0,750750000.0,64200000.0,-2600000.0,207200000.0,262600000.0,0.0,-70300000.0,88900000.0,129200000.0,51600000.0,-700000.0,36500000.0,36500000.0,36500000.0,0.0,0.0,0.02,357600000.0,76000000.0,361700000.0,,1.934,20.568,,256400000.0,0.0,2.888,0.402,0.402,352000000.0,20900000.0,1866800000.0,1866800000.0,58600000.0,0.026,0.072,0.129,0.039,0.0,282200000.0,1.0,260000000.0,260000000.0,,7.18,1144300000.0,37400000.0,24500000.0,41700000.0,4.401,130600000.0
61,FTI1,MRT,2001-06-30,2001-06-30,2001-06-30,2021-09-19,-153300000.0,1408100000.0,,760600000.0,647500000.0,,1.392,-35000000.0,11500000.0,11500000.0,1414900000.0,41900000.0,1.088,2.892,263400000.0,82700000.0,180700000.0,263400000.0,0.0,60700000.0,0.0,0.0,0.0,75600000.0,136300000.0,0.074,136300000.0,75600000.0,67400000.0,,,,361800000.0,,361800000.0,1361950000.0,18.0,9.992,-62600000.0,-0.241,1.0,430500000.0,0.233,350700000.0,8200000.0,610200000.0,,277800000.0,26600000.0,0.0,26600000.0,1046300000.0,699100000.0,347200000.0,1342250000.0,-16800000.0,-4600000.0,207200000.0,252900000.0,0.0,-59200000.0,77600000.0,117200000.0,-27600000.0,-4000000.0,41900000.0,41900000.0,41900000.0,0.0,0.0,0.023,351300000.0,79200000.0,392400000.0,,3.71,32.035,,254500000.0,0.0,5.162,0.727,0.727,355600000.0,9500000.0,1845400000.0,1845400000.0,57000000.0,,,,0.041,0.0,283800000.0,1.0,260000000.0,260000000.0,,7.098,1057400000.0,26600000.0,25500000.0,39200000.0,4.067,61500000.0
62,FTI1,MRT,2001-03-31,2001-03-28,2001-03-28,2021-09-19,-126900000.0,1407700000.0,1390700000.0,739800000.0,667900000.0,1.339,2.509,,12000000.0,12000000.0,1415100000.0,50000000.0,1.254,1.158,31700000.0,31700000.0,0.0,31700000.0,0.0,,0.0,,0.0,78100000.0,,,,78100000.0,70900000.0,,,,652300000.0,644950000.0,652300000.0,,,,,,1.0,447600000.0,0.24,360600000.0,7200000.0,476900000.0,465500000.0,278800000.0,30000000.0,0.0,30000000.0,755400000.0,589900000.0,165500000.0,,,,,,,,,,,,50000000.0,50000000.0,50000000.0,0.0,0.0,0.027,366600000.0,81000000.0,333900000.0,,,,,254100000.0,0.0,,,,315600000.0,,1862700000.0,1862700000.0,55500000.0,0.036,0.078,0.168,0.042,,289300000.0,1.0,260000000.0,260000000.0,,7.164,1047100000.0,41300000.0,20900000.0,33200000.0,4.027,149900000.0
63,FTI1,MRT,2000-12-31,2000-12-31,2000-12-31,2021-09-19,-114400000.0,1373700000.0,1423450000.0,693300000.0,680400000.0,1.317,,-11500000.0,17800000.0,17800000.0,1421300000.0,67900000.0,1.217,1.154,41100000.0,41100000.0,0.0,41100000.0,0.0,59100000.0,0.0,,0.0,97200000.0,156300000.0,0.083,156300000.0,97200000.0,90600000.0,,,,637600000.0,679900000.0,637600000.0,,,,-3500000.0,,1.0,453900000.0,0.242,373100000.0,6600000.0,454100000.0,481550000.0,254800000.0,29900000.0,0.0,29900000.0,736100000.0,569800000.0,166300000.0,,-22300000.0,-47400000.0,0.0,29000000.0,0.0,-88900000.0,63400000.0,122300000.0,8000000.0,-1600000.0,67900000.0,67900000.0,67900000.0,0.0,0.0,0.036,359200000.0,94700000.0,328300000.0,,,,,257300000.0,0.0,,,,328900000.0,0.0,1875200000.0,1875200000.0,56700000.0,0.048,0.1,0.202,0.052,0.0,291200000.0,1.0,,,,,1000600000.0,37900000.0,22700000.0,34000000.0,,123500000.0
64,FTI1,MRT,2000-09-30,2000-09-30,2000-09-30,2021-09-19,,,,,,,,,,,,,,,,,,,,,,,0.0,,,,,,,,,,,,,,,,,,1.0,,,,,,,,,,,,,,,,,,,,,,,,,,,,,,,,,,,,,,,,,,,,,,,,,,,,,,1.0,,,,,,,,,,
65,FTI1,MRT,2000-06-30,2000-06-30,2000-06-30,2021-09-19,,,,,,,,,,,,,,,,,,,,,,,0.0,,,,,,,,,,,,,,,,,,1.0,,,,,,,,,,,,,,,,,,,,,,,,,,,,,,,,,,,,,,,,,,,,,,,,,,,,,,1.0,,,,,,,,,,
66,FTI1,MRT,2000-03-31,2000-03-31,2000-03-31,2021-09-19,-114400000.0,1373700000.0,,693300000.0,680400000.0,,,,17800000.0,17800000.0,,,1.217,1.154,41100000.0,41100000.0,0.0,41100000.0,0.0,,0.0,,0.0,,,,,,,,,,637600000.0,,637600000.0,,,,,,1.0,,,373100000.0,,454100000.0,,254800000.0,29900000.0,0.0,29900000.0,736100000.0,569800000.0,166300000.0,,,,,,,,,,,,,,,,,,,,328300000.0,,,,,257300000.0,,,,,328900000.0,,,,,,,,,,,1.0,,,,,1000600000.0,37900000.0,,34000000.0,,123500000.0
67,FTI1,MRT,1999-12-31,1999-12-31,1999-12-31,2021-09-19,-79800000.0,1473200000.0,,658400000.0,814800000.0,,,18500000.0,40100000.0,40100000.0,1479800000.0,71000000.0,1.142,1.04,12000000.0,12000000.0,0.0,12000000.0,0.0,62300000.0,0.0,,0.0,108000000.0,170300000.0,0.087,170300000.0,108000000.0,104500000.0,,,,722200000.0,,722200000.0,,,,171200000.0,,1.0,473300000.0,0.242,359700000.0,3500000.0,509000000.0,,250800000.0,151500000.0,0.0,151500000.0,751000000.0,576400000.0,174600000.0,,14700000.0,-49100000.0,0.0,-11100000.0,0.0,-133900000.0,-6500000.0,24100000.0,152700000.0,9800000.0,71000000.0,71000000.0,71000000.0,5500000.0,0.0,0.036,363800000.0,109500000.0,367500000.0,,,,,280600000.0,0.0,,,,267500000.0,,1953100000.0,1953100000.0,51800000.0,,,,0.055,0.0,302400000.0,1.0,,,,,1113500000.0,49000000.0,33500000.0,18400000.0,,82000000.0
68,FTI1,MRT,1998-12-31,1998-12-31,1998-12-31,2021-09-19,,,,,,,,-22400000.0,,,1669300000.0,87200000.0,,,,,,,,66600000.0,,,0.0,133900000.0,200500000.0,0.092,200500000.0,133900000.0,125800000.0,,,,,,,,,,174000000.0,,1.0,516200000.0,0.236,,8100000.0,,,,,,,,,,,-1700000.0,-82800000.0,0.0,-10600000.0,0.0,-65400000.0,-128600000.0,-23400000.0,196400000.0,-1200000.0,87200000.0,87200000.0,87200000.0,0.0,0.0,0.04,388500000.0,127700000.0,,,,,,,0.0,,,,,,2185500000.0,2185500000.0,50700000.0,,,,0.061,0.0,337800000.0,1.0,,,,,,,38600000.0,,,
