None,ticker,dimension,calendardate,datekey,reportperiod,lastupdated,accoci,assets,assetsavg,assetsc,assetsnc,assetturnover,bvps,capex,cashneq,cashnequsd,cor,consolinc,currentratio,de,debt,debtc,debtnc,debtusd,deferredrev,depamor,deposits,divyield,dps,ebit,ebitda,ebitdamargin,ebitdausd,ebitusd,ebt,eps,epsdil,epsusd,equity,equityavg,equityusd,ev,evebit,evebitda,fcf,fcfps,fxusd,gp,grossmargin,intangibles,intexp,invcap,invcapavg,inventory,investments,investmentsc,investmentsnc,liabilities,liabilitiesc,liabilitiesnc,marketcap,ncf,ncfbus,ncfcommon,ncfdebt,ncfdiv,ncff,ncfi,ncfinv,ncfo,ncfx,netinc,netinccmn,netinccmnusd,netincdis,netincnci,netmargin,opex,opinc,payables,payoutratio,pb,pe,pe1,ppnenet,prefdivis,price,ps,ps1,receivables,retearn,revenue,revenueusd,rnd,roa,roe,roic,ros,sbcomp,sgna,sharefactor,sharesbas,shareswa,shareswadil,sps,tangibles,taxassets,taxexp,taxliabilities,tbvps,workingcapital
0,DOV,MRY,2020-12-31,2020-12-31,2020-12-31,2021-10-19,0.0,9152074000.0,9049107750.0,2619187000.0,6532887000.0,0.739,23.504,-158485000.0,513075000.0,513075000.0,4209741000.0,683451000.0,1.506,1.703,3108829000.0,0.0,3108829000.0,3108829000.0,184845000.0,279051000.0,0.0,0.016,1.97,953671000.0,1232722000.0,0.184,1232722000.0,953671000.0,841734000.0,4.74,4.7,4.74,3385773000.0,3175600500.0,3385773000.0,20903256499.0,22.0,16.957,946325000.0,6.569,1.0,2474019000.0,0.37,5156314000.0,111937000.0,4852716000.0,4862349250.0,835804000.0,0.0,0.0,0.0,5766301000.0,1738798000.0,4027503000.0,18193041499.0,115822000.0,-320386000.0,-106279000.0,-84700000.0,-284312000.0,-506290000.0,-481379000.0,0.0,1104810000.0,-1319000.0,683451000.0,683451000.0,683451000.0,0.0,0.0,0.102,1541032000.0,932987000.0,853942000.0,0.416,5.373,26.619,26.635,897326000.0,0.0,126.25,2.722,2.721,1137223000.0,8608284000.0,6683760000.0,6683760000.0,0.0,0.076,0.215,0.196,0.143,25026000.0,1541032000.0,1.0,144103299.0,144050000,145393000.0,46.399,3995760000.0,0.0,158283000.0,366030000.0,27.739,880389000.0
1,DOV,MRY,2019-12-31,2019-12-31,2019-12-31,2021-10-19,-216026000.0,8669477000.0,8693184750.0,2548430000.0,6121047000.0,0.821,20.886,-182636000.0,397253000.0,397253000.0,4515459000.0,677918000.0,1.458,1.859,3070416000.0,84700000.0,2985716000.0,3070416000.0,104901000.0,272287000.0,0.0,0.017,1.94,968827000.0,1241114000.0,0.174,1241114000.0,968827000.0,843009000.0,4.67,4.61,4.67,3032660000.0,2960756750.0,3032660000.0,19494300650.0,20.0,15.707,762670000.0,5.253,1.0,2620938000.0,0.367,4838361000.0,125818000.0,4756188000.0,4804543000.0,806141000.0,0.0,0.0,0.0,5636817000.0,1748091000.0,3888726000.0,16743403650.0,1032000.0,-191469000.0,-143280000.0,-93293000.0,-282197000.0,-558042000.0,-384255000.0,0.0,945306000.0,-1977000.0,677918000.0,677918000.0,677918000.0,0.0,0.0,0.095,1646044000.0,974894000.0,920593000.0,0.415,5.521,24.698,24.681,842318000.0,0.0,115.26,2.346,2.345,1217190000.0,8211257000.0,7136397000.0,7136397000.0,0.0,0.078,0.229,0.202,0.136,29702000.0,1599098000.0,1.0,145266386.0,145198000,146992000.0,49.149,3831116000.0,0.0,165091000.0,391784000.0,26.385,800339000.0
2,DOV,MRY,2018-12-31,2018-12-31,2018-12-31,2021-10-19,-243096000.0,8365771000.0,8960937750.0,2503754000.0,5862017000.0,0.78,18.473,-165086000.0,396221000.0,396221000.0,4432562000.0,570267000.0,1.37,2.022,3163978000.0,220318000.0,2943660000.0,3163978000.0,0.0,282580000.0,0.0,0.027,1.9,835472000.0,1118052000.0,0.16,1118052000.0,835472000.0,704500000.0,3.8,3.75,3.8,2768666000.0,3200703250.0,2768666000.0,13453608220.0,16.0,12.033,633549000.0,4.227,1.0,2559556000.0,0.366,4811584000.0,130972000.0,4494523000.0,4803672750.0,748796000.0,0.0,0.0,0.0,5597105000.0,1827421000.0,3769684000.0,10382303220.0,-357743000.0,-64620000.0,-894977000.0,-360722000.0,-283570000.0,-897838000.0,-269185000.0,0.0,798635000.0,10645000.0,570267000.0,570267000.0,570267000.0,20878000.0,0.0,0.082,1716444000.0,843112000.0,969531000.0,0.5,3.75,18.206,18.671,806497000.0,0.0,70.95,1.485,1.521,1231859000.0,7815486000.0,6992118000.0,6992118000.0,0.0,0.064,0.178,0.174,0.119,23698000.0,1716444000.0,1.0,146332674.0,149874000,152133000.0,46.653,3554187000.0,0.0,134233000.0,407483000.0,23.715,676333000.0
3,DOV,MRY,2017-12-31,2017-12-31,2017-12-31,2021-10-19,-194759000.0,10658359000.0,10420620000.0,2790147000.0,7868212000.0,0.655,28.154,-158294000.0,753964000.0,753964000.0,4291839000.0,811665000.0,1.303,1.432,3567804000.0,581102000.0,2986702000.0,3567804000.0,0.0,283278000.0,0.0,0.018,1.82,1085765000.0,1369043000.0,0.201,1369043000.0,1085765000.0,940817000.0,5.21,5.15,5.21,4383180000.0,4171179750.0,4383180000.0,18880439179.0,17.0,13.791,677340000.0,4.351,1.0,2529047000.0,0.371,4968996000.0,144948000.0,6361225000.0,5323674500.0,677043000.0,0.0,0.0,0.0,6275179000.0,2141978000.0,4133201000.0,15733342179.0,404818000.0,345478000.0,-105023000.0,-182596000.0,-283959000.0,-594141000.0,161851000.0,0.0,835634000.0,1474000.0,811665000.0,811665000.0,811665000.0,-65002000.0,0.0,0.119,1519026000.0,1010021000.0,882007000.0,0.349,3.589,19.384,19.384,787940000.0,0.0,100.99,2.307,2.305,1183514000.0,8455501000.0,6820886000.0,6820886000.0,0.0,0.078,0.195,0.204,0.159,24073000.0,1722161000.0,1.0,155791090.0,155685000,157744000.0,43.812,5689363000.0,0.0,129152000.0,471395000.0,36.544,648169000.0
4,DOV,MRY,2016-12-31,2016-12-31,2016-12-31,2021-10-19,-359326000.0,10115991000.0,9343565250.0,2589191000.0,7526800000.0,0.647,24.478,-124355000.0,349146000.0,349146000.0,3815672000.0,508892000.0,1.334,1.662,3621187000.0,414550000.0,3206637000.0,3621187000.0,0.0,249672000.0,0.0,0.023,1.72,827377000.0,1077049000.0,0.178,1077049000.0,827377000.0,691408000.0,3.28,3.25,3.28,3799746000.0,3750128500.0,3799746000.0,14253124272.0,17.0,13.233,738587000.0,4.758,1.0,2227552000.0,0.369,6365600000.0,135969000.0,5082114000.0,4653471000.0,870487000.0,0.0,0.0,0.0,6316245000.0,1940318000.0,4375927000.0,11640138272.0,-13039000.0,-1355330000.0,8431000.0,909344000.0,-267739000.0,633736000.0,-1504973000.0,0.0,862942000.0,-4744000.0,508892000.0,508892000.0,508892000.0,-6764000.0,0.0,0.084,1421982000.0,805570000.0,830318000.0,0.524,3.063,22.873,22.845,945670000.0,0.0,74.93,1.926,1.925,1265201000.0,7927795000.0,6043224000.0,6043224000.0,0.0,0.054,0.136,0.178,0.137,18650000.0,1518580000.0,1.0,155346834.0,155231000,156636000.0,38.931,3750391000.0,0.0,182516000.0,750526000.0,24.16,648873000.0
5,DOV,MRY,2015-12-31,2015-12-31,2015-12-31,2021-10-19,-254573000.0,8606076000.0,8549604500.0,2419010000.0,6187066000.0,0.814,23.123,-139647000.0,362185000.0,362185000.0,4388167000.0,869829000.0,1.769,1.361,2754777000.0,151122000.0,2603655000.0,2754777000.0,0.0,327089000.0,0.0,0.027,1.64,1206234000.0,1533323000.0,0.22,1533323000.0,1206234000.0,1074558000.0,5.52,5.46,5.52,3644575000.0,3595617750.0,3644575000.0,11524519921.0,10.0,7.516,695466000.0,4.412,1.0,2568144000.0,0.369,5150612000.0,131676000.0,4480874000.0,4292992250.0,802895000.0,0.0,0.0,0.0,4961501000.0,1367182000.0,3594319000.0,9500944921.0,-319396000.0,121471000.0,-596140000.0,-232748000.0,-257969000.0,-1091886000.0,-36562000.0,-17752000.0,835113000.0,-26061000.0,869829000.0,869829000.0,869829000.0,-273948000.0,0.0,0.125,1647382000.0,920762000.0,650880000.0,0.297,2.607,10.923,11.107,854269000.0,0.0,61.31,1.366,1.389,1120490000.0,7686642000.0,6956311000.0,6956311000.0,0.0,0.102,0.242,0.281,0.173,30697000.0,1647382000.0,1.0,154965665.0,157619000,159172000.0,44.134,3455464000.0,0.0,204729000.0,582237000.0,21.923,1051828000.0
6,DOV,MRY,2014-12-31,2014-12-31,2014-12-31,2021-10-19,-158931000.0,9030291000.0,8862235250.0,2833969000.0,6196322000.0,0.875,22.201,-151660000.0,681581000.0,681581000.0,4778479000.0,775235000.0,1.39,1.44,3030997000.0,777956000.0,2253041000.0,3030997000.0,0.0,307188000.0,0.0,0.022,1.55,1222991000.0,1530179000.0,0.197,1530179000.0,1222991000.0,1091302000.0,4.65,4.59,4.65,3700725000.0,3816842000.0,3700725000.0,13876874734.0,11.0,9.069,824264000.0,4.945,1.0,2974249000.0,0.384,4861077000.0,131689000.0,4479781000.0,4826461750.0,863737000.0,0.0,0.0,0.0,5329566000.0,2038849000.0,3290717000.0,11859785734.0,-122301000.0,-610906000.0,-580740000.0,244934000.0,-258487000.0,-255489000.0,-802310000.0,0.0,975924000.0,-40426000.0,775235000.0,775235000.0,775235000.0,2905000.0,0.0,0.1,1758765000.0,1215484000.0,615332000.0,0.333,3.205,15.298,15.424,837069000.0,0.0,71.72,1.53,1.542,1186746000.0,7074782000.0,7752728000.0,7752728000.0,0.0,0.087,0.203,0.253,0.158,31628000.0,1758765000.0,1.0,165362322.0,166692000,168842000.0,46.509,4169214000.0,0.0,316067000.0,515184000.0,25.011,795120000.0
7,DOV,MRY,2013-12-31,2013-12-31,2013-12-31,2021-10-19,67723000.0,10855181000.0,10526120250.0,2717972000.0,8137209000.0,0.68,31.397,-117893000.0,803882000.0,803882000.0,4376505000.0,1003129000.0,2.025,1.019,2828479000.0,229278000.0,2599201000.0,2828479000.0,0.0,278033000.0,0.0,0.015,1.45,1372242000.0,1650275000.0,0.231,1650275000.0,1372242000.0,1251588000.0,5.86,5.78,5.86,5377396000.0,5101118500.0,5377396000.0,18569578243.0,14.0,11.252,1034674000.0,6.041,1.0,2778591000.0,0.388,4367491000.0,120654000.0,7170039000.0,5532273250.0,715311000.0,0.0,0.0,0.0,5477785000.0,1342248000.0,4135537000.0,16447111243.0,3806000.0,-246381000.0,-418949000.0,19530000.0,-247820000.0,-678542000.0,-468868000.0,0.0,1152567000.0,-1351000.0,1003129000.0,1003129000.0,1003129000.0,-205602000.0,0.0,0.14,1616921000.0,1161670000.0,522713000.0,0.247,3.059,16.396,16.474,787849000.0,0.0,96.54,2.299,2.311,1076641000.0,7954536000.0,7155096000.0,7155096000.0,0.0,0.095,0.197,0.248,0.192,30480000.0,1616921000.0,1.0,170365768.0,171271000,173547000.0,41.776,6487690000.0,60101000.0,248459000.0,502320000.0,37.88,1375724000.0
8,DOV,MRY,2012-12-31,2012-12-31,2012-12-31,2021-10-19,-54906000.0,10443943000.0,9964268000.0,3027844000.0,7416099000.0,0.665,27.48,-137170000.0,800076000.0,800076000.0,4046659000.0,811070000.0,1.524,1.123,2800116000.0,610766000.0,2189350000.0,2800116000.0,0.0,229934000.0,0.0,0.02,1.33,1213329000.0,1443263000.0,0.218,1443263000.0,1213329000.0,1092060000.0,4.47,4.41,4.47,4919230000.0,5082959250.0,4919230000.0,13164006787.0,11.0,9.121,1129743000.0,6.311,1.0,2579989000.0,0.389,5740070000.0,121269000.0,4717285000.0,4610471000.0,872841000.0,0.0,0.0,0.0,5524713000.0,1986628000.0,3538085000.0,11762809787.0,-406679000.0,-1080433000.0,-682893000.0,603918000.0,-240959000.0,-342942000.0,-1352776000.0,0.0,1266913000.0,22126000.0,811070000.0,811070000.0,811070000.0,-160995000.0,0.0,0.122,1520961000.0,1059028000.0,651358000.0,0.298,2.391,14.503,14.7,1167052000.0,0.0,65.71,1.775,1.775,1225898000.0,7199227000.0,6626648000.0,6626648000.0,0.0,0.081,0.16,0.263,0.183,30884000.0,1520961000.0,1.0,179010954.0,179010954,,37.018,4703873000.0,49935000.0,280990000.0,493164000.0,26.277,1041216000.0
9,DOV,MRY,2011-12-31,2011-12-31,2011-12-31,2021-10-19,-47510000.0,9500552000.0,9463942250.0,3248178000.0,6252374000.0,0.779,26.525,-253313000.0,1206755000.0,1206755000.0,4524351000.0,895243000.0,2.849,0.927,2187252000.0,1022000.0,2186230000.0,2187252000.0,0.0,290477000.0,0.0,0.02,1.18,1247844000.0,1538321000.0,0.209,1538321000.0,1247844000.0,1132319000.0,4.82,4.74,4.82,4930555000.0,4866690500.0,4930555000.0,12031056516.0,10.0,7.821,826189000.0,4.445,1.0,2844803000.0,0.386,4691480000.0,115525000.0,4649565000.0,4424999750.0,733807000.0,0.0,0.0,0.0,4569997000.0,1140004000.0,3429993000.0,10761049516.0,19394000.0,-865316000.0,-202662000.0,371315000.0,-219154000.0,-50501000.0,-1025757000.0,124410000.0,1079502000.0,16150000.0,895243000.0,895243000.0,895243000.0,-122057000.0,0.0,0.121,1720954000.0,1123849000.0,515847000.0,0.245,2.183,12.02,12.044,970703000.0,0.0,58.05,1.46,1.464,1118848000.0,6629116000.0,7369154000.0,7369154000.0,0.0,0.095,0.184,0.282,0.169,25130000.0,1720954000.0,1.0,185375530.0,185882000,188887000.0,39.644,4809072000.0,40376000.0,237076000.0,378921000.0,25.872,2108174000.0
10,DOV,MRY,2010-12-31,2010-12-31,2010-12-31,2021-10-19,50161000.0,8558743000.0,8255631500.0,3131625000.0,5427118000.0,0.74,24.22,-153111000.0,1189079000.0,1189079000.0,3686861000.0,700104000.0,2.735,0.891,1807476000.0,16590000.0,1790886000.0,1807476000.0,0.0,229237000.0,0.0,0.018,1.07,1000100000.0,1229337000.0,0.201,1229337000.0,1000100000.0,893729000.0,3.75,3.7,3.75,4526562000.0,4260922500.0,4526562000.0,11891626494.0,12.0,9.673,789781000.0,4.226,1.0,2422646000.0,0.397,3906759000.0,106371000.0,4125333000.0,3908112250.0,657962000.0,121734000.0,121734000.0,0.0,4032181000.0,1145048000.0,2887133000.0,10917876494.0,469173000.0,-99918000.0,-43834000.0,-60855000.0,-200099000.0,-304788000.0,-178753000.0,86585000.0,942892000.0,9822000.0,700104000.0,700104000.0,700104000.0,-80607000.0,0.0,0.115,1499597000.0,923049000.0,438288000.0,0.285,2.412,15.595,15.587,785624000.0,0.0,58.45,1.787,1.788,1023099000.0,5953027000.0,6109507000.0,6109507000.0,0.0,0.085,0.164,0.256,0.164,20407000.0,1499597000.0,1.0,186790017.0,186897000,189170000.0,32.689,4651984000.0,82934000.0,193625000.0,392083000.0,24.891,1986577000.0
11,DOV,MRY,2009-12-31,2009-12-31,2009-12-31,2021-10-19,84842000.0,7882403000.0,7730500250.0,2522707000.0,5359696000.0,0.691,21.939,-91355000.0,714365000.0,714365000.0,3331187000.0,356438000.0,2.603,0.93,1860884000.0,35624000.0,1825260000.0,1860884000.0,0.0,231363000.0,0.0,0.025,1.02,577896000.0,809259000.0,0.151,809259000.0,577896000.0,477424000.0,1.91,1.91,1.91,4083608000.0,3950335500.0,4083608000.0,9010171197.0,16.0,11.134,701760000.0,3.77,1.0,2013144000.0,0.377,4300965000.0,100472000.0,3758781000.0,3845268000.0,570858000.0,223809000.0,223809000.0,0.0,3798795000.0,969176000.0,2829619000.0,7746811197.0,166547000.0,-218423000.0,26578000.0,-225157000.0,-189874000.0,-388453000.0,-258638000.0,57594000.0,793115000.0,20523000.0,356438000.0,356438000.0,356438000.0,16985000.0,0.0,0.067,1422015000.0,591129000.0,357004000.0,0.534,1.897,21.734,21.785,828922000.0,0.0,41.61,1.45,1.449,878754000.0,5453022000.0,5344331000.0,5344331000.0,0.0,0.046,0.09,0.15,0.108,17158000.0,1422015000.0,1.0,186176669.0,186136000,186736000.0,28.712,3581438000.0,69999000.0,120986000.0,331338000.0,19.241,1553531000.0
12,DOV,MRY,2008-12-31,2008-12-31,2008-12-31,2021-10-19,10816000.0,7883238000.0,8197481500.0,2630119000.0,5253119000.0,0.923,20.123,-162547000.0,547409000.0,547409000.0,4838881000.0,590831000.0,2.098,1.078,2085673000.0,224944000.0,1860729000.0,2085673000.0,0.0,261154000.0,0.0,0.027,0.9,938129000.0,1199283000.0,0.158,1199283000.0,938129000.0,842092000.0,3.13,3.12,3.13,3792866000.0,3912541750.0,3792866000.0,7815279730.0,8.0,6.517,840277000.0,4.458,1.0,2730007000.0,0.361,4207975000.0,96037000.0,3960013000.0,4057550750.0,636121000.0,279460000.0,279460000.0,0.0,4090372000.0,1253514000.0,2836858000.0,6121962730.0,-58696000.0,-10987000.0,-386840000.0,-4993000.0,-169071000.0,-560904000.0,-454799000.0,-279460000.0,1002824000.0,-45817000.0,590831000.0,590831000.0,590831000.0,103927000.0,0.0,0.078,1700677000.0,1029330000.0,373436000.0,0.288,1.614,10.362,10.518,872134000.0,0.0,32.92,0.809,0.82,1013174000.0,5286458000.0,7568888000.0,7568888000.0,0.0,0.072,0.151,0.231,0.124,25246000.0,1700677000.0,1.0,185964846.0,188481000,189269000.0,40.157,3675263000.0,73687000.0,251261000.0,349410000.0,19.499,1376605000.0
13,DOV,MRY,2007-12-31,2007-12-31,2007-12-31,2021-10-19,217648000.0,8068407000.0,7918155750.0,2544631000.0,5523776000.0,0.924,19.601,-149458000.0,606105000.0,606105000.0,4697768000.0,661080000.0,1.516,1.045,2090652000.0,638649000.0,1452003000.0,2090652000.0,0.0,243776000.0,0.0,0.017,0.77,993286000.0,1237062000.0,0.169,1237062000.0,993286000.0,903697000.0,3.28,3.26,3.28,3946173000.0,3927940000.0,3946173000.0,10939017301.0,11.0,8.843,731777000.0,3.635,1.0,2619502000.0,0.358,4311379000.0,89589000.0,3562834000.0,3527928000.0,673944000.0,0.0,0.0,0.0,4122234000.0,1678741000.0,2443493000.0,9418935301.0,233384000.0,-182644000.0,-508892000.0,317609000.0,-154390000.0,-345673000.0,-336353000.0,0.0,881235000.0,34175000.0,661080000.0,661080000.0,661080000.0,8670000.0,0.0,0.09,1614005000.0,1005497000.0,416215000.0,0.235,2.387,14.248,14.052,892237000.0,0.0,46.09,1.287,1.268,1104090000.0,4870460000.0,7317270000.0,7317270000.0,0.0,0.083,0.168,0.282,0.136,26292000.0,1614005000.0,1.0,204359629.0,201330000,202918000.0,36.345,3757028000.0,76115000.0,242617000.0,344330000.0,18.661,865890000.0
14,DOV,MRY,2006-12-31,2006-12-31,2006-12-31,2021-10-19,48852000.0,7626657000.0,7141421250.0,2238711000.0,5387946000.0,0.899,18.702,-173021000.0,374845000.0,374845000.0,4127528000.0,561782000.0,1.546,1.001,1771040000.0,290549000.0,1480491000.0,1771040000.0,0.0,195840000.0,0.0,0.014,0.71,857960000.0,1053800000.0,0.164,1053800000.0,857960000.0,780956000.0,2.76,2.73,2.76,3811022000.0,3697261500.0,3811022000.0,11211476682.0,13.0,10.639,722105000.0,3.544,1.0,2292000000.0,0.357,4208416000.0,77004000.0,3366408000.0,3455109250.0,694631000.0,0.0,0.0,0.0,3815635000.0,1448028000.0,2367607000.0,10008086682.0,188059000.0,-670875000.0,44982000.0,228107000.0,-144799000.0,128290000.0,-855134000.0,0.0,895126000.0,19777000.0,561782000.0,561782000.0,561782000.0,33898000.0,0.0,0.088,1389183000.0,902817000.0,401137000.0,0.257,2.626,17.815,17.761,815188000.0,0.0,49.02,1.559,1.556,1040286000.0,4421927000.0,6419528000.0,6419528000.0,0.0,0.079,0.152,0.248,0.134,26017000.0,1389183000.0,1.0,204163335.0,203773000,205497000.0,31.503,3418241000.0,64369000.0,219174000.0,512442000.0,16.775,790683000.0
15,DOV,MRY,2005-12-31,2005-12-31,2005-12-31,2021-10-19,57778000.0,6580492000.0,6330996500.0,1705778000.0,4874714000.0,0.811,16.403,-114606000.0,185832000.0,185832000.0,3303174000.0,510142000.0,1.541,0.976,1538335000.0,194162000.0,1344173000.0,1538335000.0,0.0,148538000.0,0.0,0.016,0.66,738318000.0,886856000.0,0.173,886856000.0,738318000.0,666075000.0,2.51,2.5,2.51,3329523000.0,3226073750.0,3329523000.0,9766581397.0,13.0,11.013,579728000.0,2.856,1.0,1831654000.0,0.357,3251863000.0,72243000.0,3574440000.0,3010379500.0,573265000.0,0.0,0.0,0.0,3250969000.0,1106692000.0,2144277000.0,8206030397.0,-122549000.0,-930372000.0,-32709000.0,441226000.0,-133913000.0,274604000.0,-1074249000.0,0.0,694334000.0,-17238000.0,510142000.0,510142000.0,510142000.0,-77639000.0,0.0,0.099,1183711000.0,647943000.0,329362000.0,0.263,2.465,16.086,16.131,706744000.0,0.0,40.49,1.598,1.601,850084000.0,4004944000.0,5134828000.0,5134828000.0,0.0,0.081,0.158,0.245,0.144,0.0,1183711000.0,1.0,202668076.0,202979000,204177000.0,25.297,3328629000.0,46881000.0,155933000.0,451459000.0,16.399,599086000.0
16,DOV,MRY,2004-12-31,2004-12-31,2004-12-31,2021-10-19,195220000.0,5762847000.0,5479105250.0,2030829000.0,3732018000.0,0.818,15.342,-75088000.0,329055000.0,329055000.0,2878130000.0,412755000.0,1.569,0.848,1092328000.0,339265000.0,753063000.0,1092328000.0,0.0,134731000.0,0.0,0.015,0.62,603595000.0,738326000.0,0.165,738326000.0,603595000.0,542452000.0,2.03,2.02,2.03,3118682000.0,2928207000.0,3118682000.0,9245309005.0,15.0,12.522,517860000.0,2.548,1.0,1601260000.0,0.357,2567161000.0,61143000.0,2664774000.0,2721561250.0,736150000.0,0.0,0.0,0.0,2644165000.0,1294185000.0,1349980000.0,8529056005.0,-19368000.0,-428624000.0,8432000.0,14629000.0,-126059000.0,-102998000.0,-523289000.0,0.0,592948000.0,13971000.0,412755000.0,412755000.0,412755000.0,-50337000.0,0.0,0.092,1053100000.0,548160000.0,324840000.0,0.305,2.735,20.664,20.66,727045000.0,0.0,41.94,1.904,1.903,864426000.0,3628715000.0,4479390000.0,4479390000.0,0.0,0.075,0.141,0.222,0.135,0.0,1053100000.0,1.0,203363281.0,203275000,204786000.0,22.036,3195686000.0,47969000.0,129697000.0,473832000.0,15.721,736644000.0
17,DOV,MRY,2003-12-31,2003-12-31,2003-12-31,2021-10-19,119673000.0,5159511000.0,4792446750.0,1849640000.0,3309871000.0,0.869,13.539,-81218000.0,370379000.0,370379000.0,2739902000.0,292927000.0,2.031,0.881,1067584000.0,63669000.0,1003915000.0,1067584000.0,0.0,148376000.0,0.0,0.014,0.57,436137000.0,584513000.0,0.14,584513000.0,436137000.0,373867000.0,1.45,1.44,1.45,2742671000.0,2579992250.0,2742671000.0,8725445268.0,20.0,14.928,504519000.0,2.491,1.0,1426290000.0,0.342,2219788000.0,62270000.0,2726127000.0,2718231250.0,639339000.0,0.0,0.0,0.0,2416840000.0,910801000.0,1506039000.0,8050108268.0,82912000.0,-348700000.0,3698000.0,13524000.0,-115503000.0,-98281000.0,-438908000.0,0.0,585737000.0,34364000.0,292927000.0,292927000.0,292927000.0,-22813000.0,0.0,0.07,1003225000.0,423065000.0,283814000.0,0.393,2.935,27.482,27.414,717875000.0,0.0,39.75,1.932,1.933,747567000.0,3342020000.0,4166192000.0,4166192000.0,0.0,0.061,0.114,0.16,0.105,0.0,1003225000.0,1.0,202518447.0,202576000,203614000.0,20.566,2939723000.0,44547000.0,80940000.0,375337000.0,14.512,938839000.0
18,DOV,MRY,2002-12-31,2002-12-31,2002-12-31,2021-10-19,-38609000.0,4437116000.0,4355284500.0,1604695000.0,2832421000.0,0.931,11.822,-79741000.0,293824000.0,293824000.0,2722674000.0,-121261000.0,2.402,0.853,1054060000.0,23761000.0,1030299000.0,1054060000.0,0.0,156946000.0,0.0,0.019,0.54,-951000.0,155995000.0,0.038,155995000.0,-951000.0,-65738000.0,-0.6,-0.6,-0.6,2394834000.0,2329918250.0,2394834000.0,6800165694.0,-7151.0,43.592,316098000.0,1.56,1.0,1330919000.0,0.328,1830311000.0,64787000.0,2698857000.0,2686923000.0,573540000.0,0.0,0.0,0.0,2042282000.0,668184000.0,1374098000.0,5899675694.0,121864000.0,-82893000.0,-9096000.0,-21538000.0,-109436000.0,-140070000.0,-162634000.0,0.0,395839000.0,23521000.0,-121261000.0,-121261000.0,-121261000.0,36058000.0,0.0,-0.03,996209000.0,334710000.0,191142000.0,-0.9,2.464,-48.653,-48.6,676196000.0,0.0,29.16,1.455,1.457,641824000.0,3164596000.0,4053593000.0,4053593000.0,0.0,-0.028,-0.052,0.0,0.0,0.0,996209000.0,1.0,202320840.0,202571000,203346000.0,20.011,2606805000.0,56554000.0,55523000.0,208555000.0,12.869,936511000.0
19,DOV,MRY,2001-12-31,2001-12-31,2001-12-31,2021-10-19,-149723000.0,4623932000.0,4843815750.0,1573345000.0,3050587000.0,0.872,12.415,-147343000.0,175331000.0,175331000.0,2869782000.0,248537000.0,2.007,0.835,1075257000.0,43513000.0,1031744000.0,1075257000.0,0.0,207845000.0,0.0,0.014,0.52,398453000.0,606298000.0,0.144,606298000.0,398453000.0,323235000.0,1.22,1.22,1.22,2519281000.0,2517666500.0,2519281000.0,8541872062.0,21.0,14.089,493438000.0,2.432,1.0,1353463000.0,0.32,2079266000.0,75218000.0,2660690000.0,2755905750.0,639018000.0,997000.0,997000.0,0.0,2104651000.0,783902000.0,1320749000.0,7503663062.0,-5069000.0,-273170000.0,-28210000.0,-411056000.0,-105563000.0,-544829000.0,-420513000.0,0.0,640781000.0,-8026000.0,248537000.0,248537000.0,248537000.0,-70301000.0,0.0,0.059,1039581000.0,313882000.0,202042000.0,0.426,2.978,30.191,30.385,738213000.0,0.0,37.07,1.777,1.781,663839000.0,3395293000.0,4223245000.0,4223245000.0,0.0,0.051,0.099,0.145,0.094,0.0,1039581000.0,1.0,202418750.0,202925000,204013000.0,20.812,2544666000.0,57534000.0,74698000.0,279883000.0,12.54,789443000.0
20,DOV,MRY,2000-12-31,2000-12-31,2000-12-31,2021-10-19,-109579000.0,4893763000.0,4662635000.0,1908674000.0,2985089000.0,1.086,12.029,-176862000.0,180648000.0,180648000.0,3204051000.0,519612000.0,1.216,1.004,1474383000.0,842537000.0,631846000.0,1474383000.0,0.0,184224000.0,0.0,0.012,0.48,845097000.0,1029321000.0,0.203,1029321000.0,845097000.0,748042000.0,2.56,2.56,2.56,2441575000.0,2283227750.0,2441575000.0,9494497678.0,11.0,9.224,358894000.0,1.768,1.0,1860754000.0,0.367,1973066000.0,97055000.0,2644905000.0,2441230250.0,750599000.0,5341000.0,5341000.0,0.0,2452188000.0,1569527000.0,882661000.0,8237515678.0,43212000.0,-425739000.0,3129000.0,505622000.0,-97468000.0,411283000.0,-588416000.0,14185000.0,535756000.0,-4097000.0,519612000.0,519612000.0,519612000.0,6089000.0,0.0,0.103,1046838000.0,813916000.0,266729000.0,0.188,3.374,15.853,15.844,715244000.0,0.0,40.56,1.626,1.625,869510000.0,3252319000.0,5064805000.0,5064805000.0,0.0,0.111,0.228,0.346,0.167,0.0,1046838000.0,1.0,203094568.0,202971000,204677000.0,24.953,2920697000.0,0.0,228430000.0,111295000.0,14.39,339147000.0
21,DOV,MRY,1999-12-31,1999-12-31,1999-12-31,2021-10-19,-79939000.0,4131940000.0,3978409250.0,1611562000.0,2520378000.0,1.063,9.752,-120298000.0,138038000.0,138038000.0,2693079000.0,928992000.0,1.215,1.027,905925000.0,297900000.0,608025000.0,905925000.0,0.0,170537000.0,0.0,0.01,0.44,1181420000.0,1351957000.0,0.32,1351957000.0,1181420000.0,1128383000.0,4.44,4.44,4.44,2038756000.0,2084972250.0,2038756000.0,9860703825.0,8.0,7.294,311250000.0,1.489,1.0,1535386000.0,0.363,1820717000.0,53037000.0,1752624000.0,1669758500.0,639379000.0,0.0,0.0,0.0,2093184000.0,1326486000.0,766698000.0,9240719825.0,41205000.0,-534915000.0,-664149000.0,-142877000.0,-91808000.0,-898834000.0,-655213000.0,0.0,431548000.0,-6982000.0,928992000.0,928992000.0,928992000.0,-543435000.0,0.0,0.22,929635000.0,605751000.0,253650000.0,0.099,4.533,9.947,10.221,646475000.0,0.0,45.38,2.185,2.244,750917000.0,2830175000.0,4228465000.0,4228465000.0,0.0,0.234,0.446,0.708,0.279,0.0,929635000.0,1.0,203629789.0,209063000,210679000.0,20.226,2311223000.0,0.0,199391000.0,431305000.0,11.055,285076000.0
22,DOV,MRY,1998-12-31,1998-12-31,1998-12-31,2021-10-19,-27192000.0,3627276000.0,3677014000.0,1304524000.0,2322752000.0,1.082,8.577,-119860000.0,96774000.0,96774000.0,2551381000.0,378845000.0,1.318,0.898,1043679000.0,433589000.0,610090000.0,1043679000.0,0.0,167687000.0,0.0,0.011,0.4,601840000.0,769527000.0,0.193,769527000.0,601840000.0,541094000.0,1.7,1.7,1.7,1910884000.0,1864119500.0,1910884000.0,9107908539.0,15.0,11.836,376366000.0,1.689,1.0,1426285000.0,0.359,1446151000.0,60746000.0,2138283000.0,2012623500.0,559267000.0,0.0,0.0,0.0,1716392000.0,989747000.0,726645000.0,8150076539.0,-6337000.0,-549094000.0,-95369000.0,338156000.0,-89189000.0,153598000.0,-646975000.0,21979000.0,496226000.0,1986000.0,378845000.0,378845000.0,378845000.0,-52448000.0,0.0,0.095,894325000.0,531960000.0,187738000.0,0.235,4.265,21.513,21.547,571963000.0,0.0,36.63,2.049,2.052,575630000.0,1992991000.0,3977666000.0,3977666000.0,0.0,0.103,0.203,0.299,0.151,0.0,894325000.0,1.0,222497312.0,222793000,224386000.0,17.854,2181125000.0,0.0,162249000.0,50479000.0,9.79,314777000.0
23,DOV,MRY,1997-12-31,1997-12-31,1997-12-31,2021-10-19,-32104000.0,3080234000.0,3102577000.0,1296955000.0,1783279000.0,1.183,7.633,-115887000.0,103111000.0,103111000.0,2342268000.0,405431000.0,1.291,0.808,698747000.0,436117000.0,262630000.0,698747000.0,0.0,155204000.0,0.0,0.01,0.36,618954000.0,774158000.0,0.211,774158000.0,618954000.0,572791000.0,1.82,1.82,1.82,1703584000.0,1595216250.0,1703584000.0,8657878697.0,14.0,11.184,303692000.0,1.361,1.0,1327300000.0,0.362,1044969000.0,46163000.0,1626141000.0,1566934250.0,496464000.0,21929000.0,21929000.0,0.0,1376650000.0,1004760000.0,371890000.0,8034869697.0,-63221000.0,-251587000.0,13022000.0,-61602000.0,-80347000.0,-131599000.0,-452040000.0,-84566000.0,419579000.0,-3780000.0,405431000.0,405431000.0,405431000.0,-57084000.0,0.0,0.11,807793000.0,519507000.0,191587000.0,0.198,4.716,19.818,19.852,522344000.0,0.0,36.13,2.19,2.197,616168000.0,1703335000.0,3669568000.0,3669568000.0,0.0,0.131,0.254,0.395,0.169,0.0,807793000.0,1.0,222387758.0,223181000,226815000.0,16.442,2035265000.0,0.0,167360000.0,72040000.0,9.119,292195000.0
24,DOV,MRY,1996-12-31,1996-12-31,1996-12-31,2021-10-19,5563000.0,2993379000.0,,1489813000.0,1503566000.0,,6.576,-109627000.0,199956000.0,199956000.0,2076921000.0,390223000.0,1.308,1.009,745360000.0,492405000.0,252955000.0,745360000.0,0.0,110484000.0,0.0,0.013,0.32,597476000.0,707960000.0,0.22,707960000.0,597476000.0,555813000.0,1.72,1.72,1.72,1489703000.0,,1489703000.0,,,,243015000.0,1.073,1.0,1138652000.0,0.354,973440000.0,41663000.0,1426238000.0,,499870000.0,17839000.0,17839000.0,0.0,1503676000.0,1139105000.0,364571000.0,5691730820.0,69240000.0,-158786000.0,7446000.0,63627000.0,-72402000.0,-2829000.0,-322344000.0,-53931000.0,352642000.0,2432000.0,390223000.0,390223000.0,390223000.0,-53704000.0,0.0,0.121,686101000.0,452551000.0,202763000.0,0.186,3.821,14.586,14.68,494933000.0,0.0,25.25,1.77,1.779,715495000.0,1470009000.0,3215573000.0,3215573000.0,0.0,,,,0.186,0.0,686101000.0,1.0,225415082.0,226524000,230518000.0,14.195,2019939000.0,0.0,165590000.0,55498000.0,8.917,350708000.0
25,DOV,MRY,1995-12-31,1995-12-31,1995-12-31,2021-10-19,,,,,,,,-87261000.0,,,2564344000.0,278311000.0,,,,,,,,107836000.0,,0.015,0.28,457224000.0,565060000.0,0.151,565060000.0,457224000.0,417111000.0,1.23,1.22,1.23,,,,,,,216311000.0,0.953,1.0,1181533000.0,0.315,,40113000.0,,,,,,,,,,,31394000.0,-292427000.0,9944000.0,137617000.0,-63545000.0,84766000.0,-355765000.0,23923000.0,303572000.0,-1179000.0,278311000.0,278311000.0,278311000.0,0.0,0.0,0.074,743133000.0,438400000.0,,0.228,,,14.992,,0.0,18.44,,1.117,,,3745877000.0,3745877000.0,0.0,,,,0.122,0.0,743133000.0,1.0,,226906000,227815000.0,16.508,,,138800000.0,,,
0,DOV,MRQ,2021-09-30,2021-09-30,2021-09-30,2021-10-19,0.0,9902983000.0,,3299415000.0,6603568000.0,,27.031,-47444000.0,739144000.0,739144000.0,1263690000.0,263756000.0,1.645,1.545,3060184000.0,0.0,3060184000.0,3060184000.0,195509000.0,72911000.0,0.0,0.013,0.5,353952000.0,426863000.0,0.211,426863000.0,353952000.0,327519000.0,1.83,1.81,1.83,3891818000.0,,3891818000.0,24867812082.0,20.0,15.94,303885000.0,2.111,1.0,754579000.0,0.374,5189931000.0,26433000.0,5028211000.0,,1055831000.0,0.0,0.0,0.0,6011165000.0,2005881000.0,4005284000.0,22385925082.0,137785000.0,-90100000.0,-1770000.0,0.0,-72107000.0,-74610000.0,-135439000.0,0.0,351329000.0,-3495000.0,263756000.0,263756000.0,263756000.0,0.0,0.0,0.131,412553000.0,342026000.0,1047824000.0,0.273,5.752,23.736,23.74,906268000.0,0.0,155.5,2.908,2.908,1351144000.0,,2018269000.0,2018269000.0,0.0,,,,,6660000.0,412553000.0,1.0,143960933.0,143976000,145440000.0,14.018,4713052000.0,0.0,63763000.0,407368000.0,32.735,1293534000.0
1,DOV,MRQ,2021-06-30,2021-06-30,2021-06-30,2021-10-19,0.0,9630000000.0,,3059532000.0,6570468000.0,,25.839,-41728000.0,601359000.0,601359000.0,1259504000.0,264508000.0,1.609,1.589,3083246000.0,0.0,3083246000.0,3083246000.0,189317000.0,71519000.0,0.0,0.013,0.495,350005000.0,421524000.0,0.207,421524000.0,350005000.0,323344000.0,1.84,1.82,1.84,3719304000.0,,3719304000.0,24202309163.0,20.0,16.337,218345000.0,1.517,1.0,772172000.0,0.38,5175800000.0,26661000.0,5034676000.0,,977831000.0,0.0,0.0,0.0,5910696000.0,1901411000.0,4009285000.0,21675447163.0,64847000.0,-81187000.0,-2615000.0,0.0,-71354000.0,-75949000.0,-121631000.0,0.0,260073000.0,2354000.0,264508000.0,264508000.0,264508000.0,0.0,0.0,0.13,428042000.0,344130000.0,1006557000.0,0.269,5.828,24.64,24.648,895551000.0,0.0,150.6,2.918,2.918,1329051000.0,,2031676000.0,2031676000.0,0.0,,,,,6872000.0,428042000.0,1.0,143927272.0,143941000,145118000.0,14.115,4454200000.0,0.0,58836000.0,392045000.0,30.945,1158121000.0
2,DOV,MRQ,2021-03-31,2021-03-31,2021-03-31,2021-10-19,0.0,9270893000.0,,2815085000.0,6455808000.0,,24.339,-25415000.0,536512000.0,536512000.0,1146353000.0,232769000.0,1.586,1.649,3063374000.0,0.0,3063374000.0,3063374000.0,195201000.0,73806000.0,0.0,0.014,0.495,316073000.0,389879000.0,0.209,389879000.0,316073000.0,289250000.0,1.62,1.61,1.62,3499144000.0,,3499144000.0,22294375241.0,22.0,16.979,151769000.0,1.056,1.0,721548000.0,0.386,5086609000.0,26823000.0,4935784000.0,,900607000.0,0.0,0.0,0.0,5771749000.0,1775362000.0,3996387000.0,19698621241.0,23437000.0,0.0,-52090000.0,0.0,-71344000.0,-124239000.0,-29572000.0,0.0,177184000.0,64000.0,232769000.0,232769000.0,232769000.0,0.0,0.0,0.125,408998000.0,312550000.0,911074000.0,0.306,5.63,26.622,26.679,881131000.0,0.0,137.13,2.857,2.859,1240516000.0,,1867901000.0,1867901000.0,0.0,,,,,11521000.0,408998000.0,1.0,143649247.0,143765000,144938000.0,12.993,4184284000.0,0.0,56481000.0,393538000.0,29.105,1039723000.0
3,DOV,MRQ,2020-12-31,2020-12-31,2020-12-31,2021-10-19,0.0,9152074000.0,,2619187000.0,6532887000.0,,23.52,-40011000.0,513075000.0,513075000.0,1128941000.0,182106000.0,1.506,1.703,3108829000.0,0.0,3108829000.0,3108829000.0,184845000.0,73207000.0,0.0,0.016,0.495,248642000.0,321849000.0,0.181,321849000.0,248642000.0,220408000.0,1.26,1.25,1.26,3385773000.0,,3385773000.0,20903256499.0,22.0,16.957,377880000.0,2.625,1.0,651449000.0,0.366,5156314000.0,28234000.0,4852716000.0,,835804000.0,0.0,0.0,0.0,5766301000.0,1738798000.0,4027503000.0,18193041499.0,85574000.0,-77112000.0,-31913000.0,-90511000.0,-71284000.0,-222954000.0,-118381000.0,0.0,417891000.0,9018000.0,182106000.0,182106000.0,182106000.0,0.0,0.0,0.102,405520000.0,245929000.0,853942000.0,0.393,5.373,26.619,26.635,897326000.0,0.0,126.25,2.722,2.721,1137223000.0,8608284000.0,1780390000.0,1780390000.0,0.0,,,,,9435000.0,405520000.0,1.0,144103299.0,143954000,145633000.0,12.368,3995760000.0,0.0,38302000.0,366030000.0,27.757,880389000.0
4,DOV,MRQ,2020-09-30,2020-09-30,2020-09-30,2021-10-19,0.0,8985971000.0,,2604984000.0,6380987000.0,,22.54,-42189000.0,427501000.0,427501000.0,1089527000.0,200300000.0,1.475,1.768,3137716000.0,90500000.0,3047216000.0,3137716000.0,0.0,69489000.0,0.0,0.018,0.495,278721000.0,348210000.0,0.199,348210000.0,278721000.0,250997000.0,1.39,1.38,1.39,3246421000.0,,3246421000.0,18454565568.0,20.0,15.268,297058000.0,2.062,1.0,658729000.0,0.377,5032705000.0,27724000.0,4897110000.0,,838539000.0,0.0,0.0,0.0,5739550000.0,1766371000.0,3973179000.0,15597727568.0,-221531000.0,-21285000.0,-10233000.0,-414489000.0,-71458000.0,-496832000.0,-64724000.0,0.0,339247000.0,778000.0,200300000.0,200300000.0,200300000.0,0.0,0.0,0.115,381831000.0,276898000.0,899814000.0,0.356,4.805,23.299,23.349,879620000.0,0.0,108.34,2.335,2.336,1203429000.0,,1748256000.0,1748256000.0,0.0,,,,,7371000.0,381831000.0,1.0,143970164.0,144032000,145289000.0,12.138,3953266000.0,0.0,50697000.0,363851000.0,27.447,838613000.0
5,DOV,MRQ,2020-06-30,2020-06-30,2020-06-30,2021-10-19,0.0,9114133000.0,,2799445000.0,6314688000.0,,21.462,-37345000.0,649032000.0,649032000.0,947577000.0,124766000.0,1.324,1.95,3505870000.0,505000000.0,3000870000.0,3505870000.0,0.0,67603000.0,0.0,0.02,0.49,185540000.0,253143000.0,0.169,253143000.0,185540000.0,156829000.0,0.87,0.86,0.87,3089527000.0,,3089527000.0,16853634092.0,18.0,13.852,234464000.0,1.629,1.0,551598000.0,0.368,5004685000.0,28711000.0,4852525000.0,,885972000.0,0.0,0.0,0.0,6024606000.0,2113761000.0,3910845000.0,13899523092.0,140125000.0,-30418000.0,-1198000.0,5000000.0,-70671000.0,-67458000.0,-67763000.0,0.0,271809000.0,3537000.0,124766000.0,124766000.0,124766000.0,0.0,0.0,0.083,366740000.0,184858000.0,912588000.0,0.563,4.499,20.587,20.677,858274000.0,0.0,96.56,2.057,2.057,1142583000.0,,1499175000.0,1499175000.0,0.0,,,,,4968000.0,366740000.0,1.0,143947008.0,143955000,144995000.0,10.414,4109448000.0,0.0,32063000.0,403020000.0,28.547,685684000.0
6,DOV,MRQ,2020-03-31,2020-03-31,2020-03-31,2021-10-19,0.0,8944253000.0,,2706000000.0,6238253000.0,,20.662,-38940000.0,508907000.0,508907000.0,1043696000.0,176279000.0,1.292,2.001,3463018000.0,500000000.0,2963018000.0,3463018000.0,0.0,68752000.0,0.0,0.023,0.49,240768000.0,309520000.0,0.187,309520000.0,240768000.0,213500000.0,1.22,1.21,1.22,2980681000.0,,2980681000.0,14788056495.0,14.0,11.265,36923000.0,0.256,1.0,612243000.0,0.37,4956957000.0,27268000.0,4847046000.0,,852075000.0,0.0,0.0,0.0,5963572000.0,2094361000.0,3869211000.0,12114893495.0,111654000.0,-191571000.0,-62935000.0,415300000.0,-70899000.0,280954000.0,-230511000.0,0.0,75863000.0,-14652000.0,176279000.0,176279000.0,176279000.0,0.0,0.0,0.106,386941000.0,225302000.0,947006000.0,0.402,4.064,16.186,16.267,841813000.0,0.0,83.94,1.714,1.713,1222154000.0,,1655939000.0,1655939000.0,0.0,,,,,3252000.0,386941000.0,1.0,144328014.0,144259000,145782000.0,11.479,3987296000.0,0.0,37221000.0,406881000.0,27.64,611639000.0
7,DOV,MRQ,2019-12-31,2019-12-31,2019-12-31,2021-10-19,-216026000.0,8669477000.0,,2548430000.0,6121047000.0,,20.92,-48198000.0,397253000.0,397253000.0,1124274000.0,168122000.0,1.458,1.859,3070416000.0,84700000.0,2985716000.0,3070416000.0,104901000.0,69993000.0,0.0,0.017,0.49,227868000.0,297861000.0,0.168,297861000.0,227868000.0,197022000.0,1.16,1.14,1.16,3032660000.0,,3032660000.0,19494300650.0,20.0,15.707,313010000.0,2.159,1.0,651315000.0,0.367,4838361000.0,30846000.0,4756188000.0,,806141000.0,0.0,0.0,0.0,5636817000.0,1748091000.0,3888726000.0,16743403650.0,56721000.0,0.0,-90989000.0,-55643000.0,-71125000.0,-255612000.0,-48198000.0,0.0,361208000.0,-677000.0,168122000.0,168122000.0,168122000.0,0.0,0.0,0.095,403223000.0,248092000.0,920593000.0,0.422,5.521,24.698,24.681,842318000.0,0.0,115.26,2.346,2.345,1217190000.0,8211257000.0,1775589000.0,1775589000.0,0.0,,,,,5209000.0,403223000.0,1.0,145266386.0,144964000,146809000.0,12.248,3831116000.0,0.0,28900000.0,391784000.0,26.428,800339000.0
8,DOV,MRQ,2019-09-30,2019-09-30,2019-09-30,2021-10-19,0.0,8669301000.0,,2585992000.0,6083309000.0,,20.758,-45979000.0,340532000.0,340532000.0,1151857000.0,206006000.0,1.417,1.873,3091429000.0,182700000.0,2908729000.0,3091429000.0,0.0,66787000.0,0.0,0.019,0.49,289340000.0,356127000.0,0.195,356127000.0,289340000.0,257930000.0,1.42,1.4,1.42,3017643000.0,,3017643000.0,17462650883.0,19.0,14.289,304886000.0,2.097,1.0,673488000.0,0.369,4840558000.0,31410000.0,4754338000.0,,816563000.0,0.0,0.0,0.0,5651658000.0,1825302000.0,3826356000.0,14479783883.0,19206000.0,-383000.0,-31082000.0,-175000000.0,-71342000.0,-277901000.0,-48612000.0,0.0,350865000.0,-5146000.0,206006000.0,206006000.0,206006000.0,0.0,0.0,0.113,390775000.0,282713000.0,952708000.0,0.345,4.798,22.23,22.273,820582000.0,0.0,99.56,2.02,2.019,1269150000.0,,1825345000.0,1825345000.0,0.0,,,,,7876000.0,390775000.0,1.0,145437765.0,145372000,147051000.0,12.556,3828743000.0,0.0,51924000.0,412363000.0,26.338,760690000.0
9,DOV,MRQ,2019-06-30,2019-06-30,2019-06-30,2021-10-19,0.0,8776050000.0,,2623251000.0,6152799000.0,,20.33,-51507000.0,321326000.0,321326000.0,1138113000.0,198085000.0,1.342,1.97,3304193000.0,357700000.0,2946493000.0,3304193000.0,0.0,67769000.0,0.0,0.019,0.48,281493000.0,349262000.0,0.193,349262000.0,281493000.0,249739000.0,1.36,1.35,1.36,2955271000.0,,2955271000.0,17606217587.0,20.0,15.2,157202000.0,1.081,1.0,672593000.0,0.371,4924940000.0,31754000.0,4878862000.0,,849266000.0,0.0,0.0,0.0,5820779000.0,1955115000.0,3865664000.0,14562009587.0,78312000.0,-18248000.0,-1601000.0,11457000.0,-69921000.0,-60596000.0,-69755000.0,0.0,208709000.0,-46000.0,198085000.0,198085000.0,198085000.0,0.0,0.0,0.109,396634000.0,275959000.0,960432000.0,0.353,4.927,24.163,24.32,815003000.0,0.0,100.2,2.053,2.054,1288755000.0,,1810706000.0,1810706000.0,0.0,,,,,8435000.0,396634000.0,1.0,145329437.0,145366000,147179000.0,12.456,3851110000.0,0.0,51654000.0,412231000.0,26.493,668136000.0
10,DOV,MRQ,2019-03-31,2019-03-31,2019-03-31,2021-10-19,0.0,8657911000.0,,2529466000.0,6128445000.0,,19.557,-36952000.0,243014000.0,243014000.0,1101215000.0,105705000.0,1.299,2.051,3287222000.0,346255000.0,2940967000.0,3287222000.0,0.0,67738000.0,0.0,0.02,0.48,170126000.0,237864000.0,0.138,237864000.0,170126000.0,138318000.0,0.73,0.72,0.73,2837453000.0,,2837453000.0,16363187156.0,20.0,14.938,-12428000.0,-0.086,1.0,623542000.0,0.362,4926413000.0,31808000.0,4828784000.0,,828298000.0,0.0,0.0,0.0,5820458000.0,1946922000.0,3873536000.0,13595430156.0,-153207000.0,-172838000.0,-19608000.0,125893000.0,-69809000.0,36067000.0,-217690000.0,0.0,24524000.0,3892000.0,105705000.0,105705000.0,105705000.0,0.0,0.0,0.061,455412000.0,168130000.0,952162000.0,0.658,4.791,24.967,25.489,797682000.0,0.0,93.8,1.92,1.922,1272053000.0,,1724757000.0,1724757000.0,0.0,,,,,8182000.0,408466000.0,1.0,144940620.0,145087000,146911000.0,11.888,3731498000.0,0.0,32613000.0,418298000.0,25.719,582544000.0
11,DOV,MRQ,2018-12-31,2018-12-31,2018-12-31,2021-10-19,-243096000.0,8365771000.0,,2503754000.0,5862017000.0,,18.968,-35211000.0,396221000.0,396221000.0,1163979000.0,141569000.0,1.37,2.022,3163978000.0,220318000.0,2943660000.0,3163978000.0,0.0,76562000.0,0.0,0.027,0.48,202284000.0,278846000.0,0.154,278846000.0,202284000.0,170269000.0,0.96,0.96,0.96,2768666000.0,,2768666000.0,13453608220.0,16.0,12.033,344740000.0,2.362,1.0,644971000.0,0.357,4811584000.0,32015000.0,4494523000.0,,748796000.0,0.0,0.0,0.0,5597105000.0,1827421000.0,3769684000.0,10382303220.0,186944000.0,1868000.0,42237000.0,-78339000.0,-70444000.0,-148525000.0,-59060000.0,0.0,379951000.0,6663000.0,141569000.0,141569000.0,141569000.0,16406000.0,0.0,0.078,426198000.0,218773000.0,969531000.0,0.5,3.75,18.206,18.671,806497000.0,0.0,70.95,1.485,1.521,1231859000.0,7815486000.0,1808950000.0,1808950000.0,0.0,,,,,7852000.0,426198000.0,1.0,146332674.0,145965000,148245000.0,12.393,3554187000.0,0.0,28700000.0,407483000.0,24.35,676333000.0
12,DOV,MRQ,2018-09-30,2018-09-30,2018-09-30,2021-10-19,0.0,8461770000.0,,2459049000.0,6002721000.0,,18.65,-35922000.0,209277000.0,209277000.0,1100883000.0,157305000.0,1.301,2.079,3280582000.0,298659000.0,2981923000.0,3280582000.0,0.0,68090000.0,0.0,0.021,0.48,224208000.0,292298000.0,0.167,292298000.0,224208000.0,193016000.0,1.07,1.05,1.07,2747934000.0,,2747934000.0,16092957567.0,17.0,13.217,208022000.0,1.412,1.0,646520000.0,0.37,4915448000.0,31192000.0,4727322000.0,,803981000.0,0.0,0.0,0.0,5713836000.0,1890305000.0,3823531000.0,13076201567.0,-33537000.0,0.0,-171035000.0,14033000.0,-70804000.0,-232476000.0,-35922000.0,0.0,243944000.0,-5537000.0,157305000.0,157305000.0,157305000.0,0.0,0.0,0.09,426445000.0,220075000.0,948640000.0,0.449,4.759,18.032,18.677,806737000.0,0.0,88.53,1.885,1.881,1283775000.0,,1747403000.0,1747403000.0,0.0,,,,,5443000.0,426445000.0,1.0,147703621.0,147344000,149457000.0,11.859,3546322000.0,0.0,35711000.0,446142000.0,24.068,568744000.0
13,DOV,MRQ,2018-06-30,2018-06-30,2018-06-30,2021-10-19,0.0,8473170000.0,,2447728000.0,6025442000.0,,18.72,-51435000.0,242814000.0,242814000.0,1132858000.0,139959000.0,1.349,1.983,3259570000.0,284630000.0,2974940000.0,3259570000.0,0.0,69303000.0,0.0,0.026,0.47,217065000.0,286368000.0,0.159,286368000.0,217065000.0,184940000.0,0.92,0.91,0.92,2840591000.0,,2840591000.0,14413446008.0,15.0,11.444,107770000.0,0.71,1.0,665236000.0,0.37,4943970000.0,32125000.0,4732029000.0,,764053000.0,0.0,0.0,0.0,5632579000.0,1813927000.0,3818652000.0,11322414008.0,-124408000.0,-172000.0,-706259000.0,-141482000.0,-69631000.0,-227734000.0,-51606000.0,0.0,159205000.0,6633000.0,139959000.0,139959000.0,139959000.0,26497000.0,0.0,0.078,428775000.0,236461000.0,938425000.0,0.511,3.986,15.162,15.187,805009000.0,0.0,73.2,1.632,1.601,1281260000.0,,1798094000.0,1798094000.0,0.0,,,,,3658000.0,428775000.0,1.0,154677787.0,151744000,153938000.0,11.85,3529200000.0,0.0,44981000.0,446818000.0,23.258,633801000.0
14,DOV,MRQ,2018-03-31,2018-03-31,2018-03-31,2021-10-19,0.0,10543040000.0,,2951999000.0,7591041000.0,,28.771,-42518000.0,367222000.0,367222000.0,1034842000.0,131435000.0,1.419,1.372,3458254000.0,426251000.0,3032003000.0,3458254000.0,0.0,68625000.0,0.0,0.019,0.47,191916000.0,260541000.0,0.159,260541000.0,191916000.0,156276000.0,0.85,0.84,0.85,4445622000.0,,4445622000.0,17981408104.0,18.0,14.119,-26983000.0,-0.175,1.0,602829000.0,0.368,6292667000.0,35640000.0,5260817000.0,,972893000.0,0.0,0.0,0.0,6097418000.0,2080588000.0,4016830000.0,15167568104.0,-386742000.0,-66316000.0,-59920000.0,-154934000.0,-72691000.0,-289103000.0,-122597000.0,0.0,15535000.0,2886000.0,131435000.0,131435000.0,131435000.0,-22025000.0,0.0,0.08,435026000.0,167803000.0,997704000.0,0.553,3.412,19.676,19.842,1030645000.0,0.0,98.22,2.206,2.207,1414941000.0,,1637671000.0,1637671000.0,0.0,,,,,6745000.0,435026000.0,1.0,154424436.0,154520000,157090000.0,10.598,4250373000.0,0.0,24841000.0,561925000.0,27.507,871411000.0
15,DOV,MRQ,2017-12-31,2017-12-31,2017-12-31,2021-10-19,-194759000.0,10658359000.0,,2790147000.0,7868212000.0,,28.145,-33921000.0,753964000.0,753964000.0,1102637000.0,296448000.0,1.303,1.432,3567804000.0,581102000.0,2986702000.0,3567804000.0,0.0,71117000.0,0.0,0.018,0.47,307270000.0,378387000.0,0.216,378387000.0,307270000.0,270907000.0,1.9,1.88,1.9,4383180000.0,,4383180000.0,18880439179.0,17.0,13.791,347716000.0,2.233,1.0,649893000.0,0.371,4968996000.0,36363000.0,6361225000.0,,677043000.0,0.0,0.0,0.0,6275179000.0,2141978000.0,4133201000.0,15733342179.0,431925000.0,249871000.0,-91211000.0,97331000.0,-73410000.0,-86940000.0,169466000.0,0.0,381637000.0,-1146000.0,296448000.0,296448000.0,296448000.0,-6803000.0,0.0,0.169,352092000.0,297801000.0,882007000.0,0.247,3.589,19.384,19.384,787940000.0,0.0,100.99,2.307,2.305,1183514000.0,8455501000.0,1752530000.0,1752530000.0,0.0,,,,,4195000.0,465134000.0,1.0,155791090.0,155736000,158281000.0,11.253,5689363000.0,0.0,-25541000.0,471395000.0,36.532,648169000.0
16,DOV,MRQ,2017-09-30,2017-09-30,2017-09-30,2021-10-19,0.0,10493390000.0,,2868771000.0,7624619000.0,,27.451,-47584000.0,322039000.0,322039000.0,1098582000.0,178912000.0,1.324,1.454,3469136000.0,484088000.0,2985048000.0,3469136000.0,0.0,72533000.0,0.0,0.02,0.47,261605000.0,334138000.0,0.191,334138000.0,261605000.0,226233000.0,1.15,1.14,1.15,4275690000.0,,4275690000.0,17463404392.0,17.0,14.105,208181000.0,1.337,1.0,649193000.0,0.371,6374879000.0,35372000.0,5098352000.0,,982196000.0,0.0,0.0,0.0,6217700000.0,2167256000.0,4050444000.0,14232555392.0,20451000.0,0.0,-1784000.0,-122483000.0,-73367000.0,-197635000.0,-47584000.0,0.0,255765000.0,5384000.0,178912000.0,178912000.0,178912000.0,-19457000.0,0.0,0.102,410040000.0,239153000.0,976257000.0,0.409,3.329,21.042,21.009,1012765000.0,0.0,91.39,2.25,2.25,1446556000.0,,1747775000.0,1747775000.0,0.0,,,,,3017000.0,410040000.0,1.0,155734275.0,155757000,157555000.0,11.221,4118511000.0,0.0,47321000.0,629274000.0,26.442,701515000.0
17,DOV,MRQ,2017-06-30,2017-06-30,2017-06-30,2021-10-19,0.0,10292423000.0,,2759584000.0,7532839000.0,,26.155,-34948000.0,301588000.0,301588000.0,1083263000.0,164058000.0,1.246,1.527,3532437000.0,606965000.0,2925472000.0,3532437000.0,0.0,44030000.0,0.0,0.022,0.44,256497000.0,300527000.0,0.173,300527000.0,256497000.0,219643000.0,1.05,1.04,1.05,4072434000.0,,4072434000.0,15708681093.0,16.0,13.029,84358000.0,0.542,1.0,654108000.0,0.376,6321941000.0,36854000.0,4985985000.0,,962070000.0,0.0,0.0,0.0,6219989000.0,2215346000.0,4004643000.0,12487823093.0,-113942000.0,-24790000.0,-3151000.0,-141544000.0,-68666000.0,-216273000.0,-40956000.0,0.0,119306000.0,-2590000.0,164058000.0,164058000.0,164058000.0,-21583000.0,0.0,0.094,421270000.0,232838000.0,954115000.0,0.419,3.066,19.899,19.856,978621000.0,0.0,80.22,1.987,1.987,1395745000.0,,1737371000.0,1737371000.0,0.0,,,,,4056000.0,421270000.0,1.0,155669697.0,155703000,157513000.0,11.158,3970482000.0,0.0,55585000.0,644084000.0,25.5,544238000.0
18,DOV,MRQ,2017-03-31,2017-03-31,2017-03-31,2021-10-19,0.0,10238308000.0,,2761919000.0,7476389000.0,,25.417,-41841000.0,415530000.0,415530000.0,1152198000.0,172247000.0,1.191,1.59,3636388000.0,748426000.0,2887962000.0,3636388000.0,0.0,95598000.0,0.0,0.022,0.44,268381000.0,363979000.0,0.201,363979000.0,268381000.0,231972000.0,1.11,1.09,1.11,3953415000.0,,3953415000.0,15766651850.0,17.0,13.233,37085000.0,0.238,1.0,661174000.0,0.365,6290827000.0,36409000.0,4849136000.0,,942176000.0,0.0,0.0,0.0,6284893000.0,2319203000.0,3965690000.0,12494610850.0,66384000.0,120397000.0,-8877000.0,-15900000.0,-68516000.0,-93293000.0,80925000.0,0.0,78926000.0,-174000.0,172247000.0,172247000.0,172247000.0,0.0,0.0,0.095,396167000.0,265007000.0,880755000.0,0.396,3.16,21.476,21.427,946376000.0,0.0,80.35,2.004,2.005,1299427000.0,,1813372000.0,1813372000.0,0.0,,,,,12805000.0,486260000.0,1.0,155502313.0,155540000,157399000.0,11.659,3947481000.0,0.0,59725000.0,719935000.0,25.379,442716000.0
19,DOV,MRQ,2016-12-31,2016-12-31,2016-12-31,2021-10-19,-359326000.0,10115991000.0,,2589191000.0,7526800000.0,,24.455,-18558000.0,349146000.0,349146000.0,651556000.0,161162000.0,1.334,1.662,3621187000.0,414550000.0,3206637000.0,3621187000.0,0.0,-13749000.0,0.0,0.023,0.44,253192000.0,239443000.0,0.233,239443000.0,253192000.0,218109000.0,1.04,1.03,1.04,3799746000.0,,3799746000.0,14253124272.0,17.0,13.233,271438000.0,1.747,1.0,375287000.0,0.365,6365600000.0,35083000.0,5082114000.0,,870487000.0,0.0,0.0,0.0,6316245000.0,1940318000.0,4375927000.0,11640138272.0,-165609000.0,-900802000.0,14627000.0,554069000.0,-67980000.0,484416000.0,-943591000.0,0.0,289996000.0,3570000.0,161162000.0,161162000.0,161162000.0,-6764000.0,0.0,0.157,132142000.0,243145000.0,830318000.0,0.423,3.063,22.873,22.845,945670000.0,0.0,74.93,1.926,1.925,1265201000.0,7927795000.0,1026843000.0,1026843000.0,0.0,,,,,859000.0,216679000.0,1.0,155346834.0,155378000,156858000.0,6.609,3750391000.0,0.0,56947000.0,750526000.0,24.137,648873000.0
20,DOV,MRQ,2016-09-30,2016-09-30,2016-09-30,2021-10-19,0.0,9298283000.0,,2738967000.0,6559316000.0,,24.397,-38949000.0,514755000.0,514755000.0,1075975000.0,130084000.0,1.448,1.454,3127741000.0,513980000.0,2613761000.0,3127741000.0,0.0,86723000.0,0.0,0.023,0.44,214965000.0,301688000.0,0.177,301688000.0,214965000.0,181176000.0,0.84,0.83,0.84,3788900000.0,,3788900000.0,14126182465.0,18.0,12.394,192716000.0,1.241,1.0,631788000.0,0.37,5515692000.0,33789000.0,4504506000.0,,828286000.0,0.0,0.0,0.0,5509383000.0,1891071000.0,3618312000.0,11430099465.0,259615000.0,-26592000.0,-2722000.0,169719000.0,-68506000.0,98491000.0,-66110000.0,0.0,231665000.0,-4431000.0,130084000.0,130084000.0,130084000.0,0.0,0.0,0.076,421042000.0,210746000.0,748799000.0,0.524,3.017,23.348,23.23,839430000.0,0.0,73.64,1.703,1.704,1199137000.0,,1707763000.0,1707763000.0,0.0,,,,,3431000.0,421042000.0,1.0,155215908.0,155300000,156798000.0,10.997,3782591000.0,0.0,51092000.0,611856000.0,24.357,847896000.0
21,DOV,MRQ,2016-06-30,2016-06-30,2016-06-30,2021-10-19,0.0,8979092000.0,,2379756000.0,6599336000.0,,23.932,-30237000.0,255140000.0,255140000.0,1055132000.0,118290000.0,1.451,1.418,2951223000.0,344157000.0,2607066000.0,2951223000.0,0.0,88094000.0,0.0,0.024,0.42,198278000.0,286372000.0,0.17,286372000.0,198278000.0,164499000.0,0.76,0.76,0.76,3713735000.0,,3713735000.0,13527691003.0,16.0,11.348,177631000.0,1.145,1.0,631213000.0,0.374,5534393000.0,33779000.0,4500415000.0,,833907000.0,0.0,0.0,0.0,5265357000.0,1640367000.0,3624990000.0,10754911003.0,11420000.0,-39178000.0,-822000.0,-61543000.0,-65313000.0,-127678000.0,-69415000.0,0.0,207868000.0,645000.0,118290000.0,118290000.0,118290000.0,0.0,0.0,0.07,436610000.0,194603000.0,723693000.0,0.553,2.896,19.713,19.637,853584000.0,0.0,69.32,1.584,1.584,1180146000.0,,1686345000.0,1686345000.0,0.0,,,,,2973000.0,437411000.0,1.0,155148745.0,155180000,156595000.0,10.867,3444699000.0,0.0,46209000.0,614535000.0,22.198,739389000.0
22,DOV,MRQ,2016-03-31,2016-03-31,2016-03-31,2021-10-19,0.0,8980895000.0,,2345756000.0,6635139000.0,,23.849,-36611000.0,243720000.0,243720000.0,1033009000.0,99356000.0,1.423,1.428,3016500000.0,405858000.0,2610642000.0,3016500000.0,0.0,88604000.0,0.0,0.026,0.42,160942000.0,249546000.0,0.154,249546000.0,160942000.0,127624000.0,0.64,0.64,0.64,3698133000.0,,3698133000.0,12378034152.0,11.0,8.756,96802000.0,0.624,1.0,589264000.0,0.363,5578017000.0,33318000.0,4526849000.0,,849830000.0,0.0,0.0,0.0,5282762000.0,1648809000.0,3633953000.0,9971755152.0,-118465000.0,-388758000.0,-2652000.0,247099000.0,-65940000.0,178507000.0,-425857000.0,0.0,133413000.0,-4528000.0,99356000.0,99356000.0,99356000.0,0.0,0.0,0.061,432220000.0,157044000.0,706191000.0,0.656,2.696,13.126,13.209,858984000.0,0.0,64.33,1.453,1.453,1167313000.0,,1622273000.0,1622273000.0,0.0,,,,,11387000.0,443448000.0,1.0,155009407.0,155064000,156161000.0,10.462,3402878000.0,0.0,28268000.0,612855000.0,21.945,696947000.0
23,DOV,MRQ,2015-12-31,2015-12-31,2015-12-31,2021-10-19,-254573000.0,8606076000.0,,2419010000.0,6187066000.0,,23.52,-37839000.0,362185000.0,362185000.0,1080791000.0,141825000.0,1.769,1.361,2754777000.0,151122000.0,2603655000.0,2754777000.0,0.0,91706000.0,0.0,0.027,0.42,210409000.0,302115000.0,0.178,302115000.0,210409000.0,174741000.0,0.93,0.91,0.93,3644575000.0,,3644575000.0,11524519921.0,10.0,7.516,256507000.0,1.655,1.0,613809000.0,0.362,5150612000.0,35668000.0,4480874000.0,,802895000.0,0.0,0.0,0.0,4961501000.0,1367182000.0,3594319000.0,9500944921.0,-300488000.0,-561343000.0,5206000.0,84128000.0,-65225000.0,19080000.0,-615584000.0,-17752000.0,294346000.0,1670000.0,141825000.0,141825000.0,141825000.0,-5251000.0,0.0,0.084,414365000.0,199444000.0,650880000.0,0.452,2.607,10.923,11.107,854269000.0,0.0,61.31,1.366,1.389,1120490000.0,7686642000.0,1694600000.0,1694600000.0,0.0,,,,,5172000.0,414365000.0,1.0,154965665.0,154955000,156352000.0,10.936,3455464000.0,0.0,32916000.0,582237000.0,22.3,1051828000.0
24,DOV,MRQ,2015-09-30,2015-09-30,2015-09-30,2021-10-19,0.0,8478820000.0,,2814829000.0,5663991000.0,,22.964,-37768000.0,662673000.0,662673000.0,1114974000.0,186098000.0,1.687,1.377,2686248000.0,461305000.0,2224943000.0,2686248000.0,0.0,77174000.0,0.0,0.028,0.42,276902000.0,354076000.0,0.198,354076000.0,276902000.0,244919000.0,1.2,1.19,1.2,3566304000.0,,3566304000.0,10958538716.0,9.0,6.95,162809000.0,1.048,1.0,672608000.0,0.376,4672092000.0,31983000.0,4161604000.0,,810715000.0,0.0,0.0,0.0,4912516000.0,1668699000.0,3243817000.0,8946692716.0,67505000.0,4314000.0,-100215000.0,79266000.0,-65085000.0,-86034000.0,-33454000.0,0.0,200577000.0,-13584000.0,186098000.0,186098000.0,186098000.0,385000.0,0.0,0.104,395688000.0,276920000.0,622807000.0,0.35,2.509,9.971,10.156,824032000.0,0.0,57.18,1.236,1.227,1193844000.0,,1787582000.0,1787582000.0,0.0,,,,,6674000.0,395688000.0,1.0,156465420.0,155300000,156560000.0,11.511,3806728000.0,63373000.0,58821000.0,586554000.0,24.512,1146130000.0
25,DOV,MRQ,2015-06-30,2015-06-30,2015-06-30,2021-10-19,0.0,8466817000.0,,2737125000.0,5729692000.0,,22.645,-42125000.0,595168000.0,595168000.0,1104060000.0,332396000.0,1.696,1.357,2607014000.0,381951000.0,2225063000.0,2607014000.0,0.0,78027000.0,0.0,0.023,0.4,429891000.0,507918000.0,0.289,507918000.0,429891000.0,397903000.0,2.1,2.07,2.1,3592482000.0,,3592482000.0,13560534762.0,10.0,8.205,164016000.0,1.034,1.0,654568000.0,0.372,4731832000.0,31988000.0,4133126000.0,,844355000.0,0.0,0.0,0.0,4874335000.0,1613705000.0,3260630000.0,11255644762.0,56682000.0,500000000.0,-301501000.0,-243611000.0,-63217000.0,-608329000.0,455091000.0,0.0,206141000.0,3779000.0,332396000.0,332396000.0,332396000.0,-176762000.0,0.0,0.189,402695000.0,251873000.0,606346000.0,0.19,3.133,11.935,12.038,827908000.0,0.0,70.18,1.508,1.492,1149414000.0,,1758628000.0,1758628000.0,0.0,,,,,5464000.0,402695000.0,1.0,160382513.0,158640000,160398000.0,11.086,3734985000.0,67224000.0,65507000.0,658011000.0,23.544,1123420000.0
26,DOV,MRQ,2015-03-31,2015-03-31,2015-03-31,2021-10-19,0.0,8646705000.0,,2671551000.0,5975154000.0,,22.141,-21915000.0,538486000.0,538486000.0,1088342000.0,209510000.0,1.499,1.416,2843376000.0,625502000.0,2217874000.0,2843376000.0,0.0,80182000.0,0.0,0.023,0.4,289032000.0,369214000.0,0.215,369214000.0,289032000.0,256995000.0,1.3,1.28,1.3,3579110000.0,,3579110000.0,13619095869.0,11.0,8.735,112134000.0,0.694,1.0,627159000.0,0.366,4773176000.0,32037000.0,4396365000.0,,861952000.0,0.0,0.0,0.0,5067595000.0,1782054000.0,3285541000.0,11269679869.0,-143095000.0,178500000.0,-199630000.0,-152531000.0,-64442000.0,-416603000.0,157385000.0,0.0,134049000.0,-17926000.0,209510000.0,209510000.0,209510000.0,-92320000.0,0.0,0.122,434634000.0,192525000.0,584100000.0,0.308,3.149,13.667,13.769,821736000.0,0.0,69.12,1.47,1.458,1133213000.0,,1715501000.0,1715501000.0,0.0,,,,,13387000.0,434634000.0,1.0,163045137.0,161650000,163323000.0,10.612,3873529000.0,65678000.0,47485000.0,610936000.0,23.962,889497000.0
27,DOV,MRQ,2014-12-31,2014-12-31,2014-12-31,2021-10-19,-158931000.0,9030291000.0,,2833969000.0,6196322000.0,,22.488,-52826000.0,681581000.0,681581000.0,1254079000.0,169294000.0,1.39,1.44,3030997000.0,777956000.0,2253041000.0,3030997000.0,0.0,81286000.0,0.0,0.022,0.4,264288000.0,345574000.0,0.175,345574000.0,264288000.0,228446000.0,1.03,1.02,1.03,3700725000.0,,3700725000.0,13876874734.0,11.0,9.069,371946000.0,2.26,1.0,723868000.0,0.366,4861077000.0,35842000.0,4479781000.0,,863737000.0,0.0,0.0,0.0,5329566000.0,2038849000.0,3290717000.0,11859785734.0,-24653000.0,-423468000.0,-186620000.0,322527000.0,-65854000.0,49020000.0,-476635000.0,0.0,424772000.0,-21810000.0,169294000.0,169294000.0,169294000.0,2541000.0,0.0,0.086,460377000.0,263491000.0,615332000.0,0.388,3.205,15.298,15.424,837069000.0,0.0,71.72,1.53,1.542,1186746000.0,7074782000.0,1977947000.0,1977947000.0,0.0,,,,,6918000.0,460377000.0,1.0,165362322.0,164565000,166085000.0,12.019,4169214000.0,0.0,59152000.0,515184000.0,25.335,795120000.0
28,DOV,MRQ,2014-09-30,2014-09-30,2014-09-30,2021-10-19,0.0,8959186000.0,,3116331000.0,5842855000.0,,23.623,-25427000.0,706234000.0,706234000.0,1235153000.0,231844000.0,2.236,1.284,2723323000.0,153066000.0,2570257000.0,2723323000.0,0.0,74481000.0,0.0,0.019,0.4,355455000.0,429936000.0,0.214,429936000.0,355455000.0,324224000.0,1.4,1.38,1.4,3921939000.0,,3921939000.0,15478619266.0,12.0,10.133,265123000.0,1.597,1.0,774422000.0,0.385,4773549000.0,31231000.0,4808762000.0,,908048000.0,0.0,0.0,0.0,5037247000.0,1393964000.0,3643283000.0,13378914266.0,158846000.0,-48833000.0,-73923000.0,100952000.0,-66203000.0,-38534000.0,-76290000.0,0.0,290550000.0,-16880000.0,231844000.0,231844000.0,231844000.0,-6161000.0,0.0,0.115,426160000.0,348262000.0,649805000.0,0.286,3.411,16.726,16.805,818730000.0,0.0,80.33,1.834,1.829,1338586000.0,,2009575000.0,2009575000.0,0.0,,,,,8297000.0,426160000.0,1.0,166549412.0,166021000,168343000.0,12.104,4185637000.0,58164000.0,92380000.0,541299000.0,25.211,1722367000.0
29,DOV,MRQ,2014-06-30,2014-06-30,2014-06-30,2021-10-19,0.0,8795074000.0,,2903529000.0,5891545000.0,,23.405,-41910000.0,547388000.0,547388000.0,1194537000.0,213959000.0,2.357,1.257,2647093000.0,50749000.0,2596344000.0,2647093000.0,0.0,75548000.0,0.0,0.016,0.375,338886000.0,414434000.0,0.211,414434000.0,338886000.0,306925000.0,1.29,1.27,1.29,3896626000.0,,3896626000.0,17335560730.0,14.0,11.105,221694000.0,1.332,1.0,768099000.0,0.391,4630245000.0,31961000.0,5032834000.0,,890606000.0,0.0,0.0,0.0,4898448000.0,1231700000.0,3666748000.0,15142170730.0,61349000.0,-28735000.0,-25458000.0,-26298000.0,-62445000.0,-114201000.0,-90009000.0,0.0,263604000.0,1955000.0,213959000.0,213959000.0,213959000.0,-3378000.0,0.0,0.109,438824000.0,329275000.0,625513000.0,0.291,3.886,18.087,18.337,821589000.0,0.0,90.95,2.096,2.096,1303431000.0,,1962636000.0,1962636000.0,0.0,,,,,7912000.0,438824000.0,1.0,166488958.0,166488958,,11.788,4164829000.0,60739000.0,92966000.0,506416000.0,25.016,1671829000.0
30,DOV,MRQ,2014-03-31,2014-03-31,2014-03-31,2021-10-19,0.0,8664390000.0,,2701709000.0,5962681000.0,,22.045,-31497000.0,486039000.0,486039000.0,1094710000.0,160138000.0,2.194,1.312,2679429000.0,77095000.0,2602334000.0,2679429000.0,0.0,75873000.0,0.0,0.018,0.375,264362000.0,340235000.0,0.189,340235000.0,264362000.0,231707000.0,0.94,0.93,0.94,3748078000.0,,3748078000.0,15923568418.0,12.0,9.897,-34499000.0,-0.203,1.0,707860000.0,0.393,4641901000.0,32655000.0,4984470000.0,,840490000.0,0.0,0.0,0.0,4916312000.0,1231409000.0,3684903000.0,13898971418.0,-317843000.0,-109870000.0,-294739000.0,-152247000.0,-63985000.0,-151774000.0,-159376000.0,0.0,-3002000.0,-3691000.0,160138000.0,160138000.0,160138000.0,9903000.0,0.0,0.089,433404000.0,274456000.0,607616000.0,0.399,3.708,14.58,14.598,817818000.0,0.0,81.75,1.932,1.932,1238368000.0,,1802570000.0,1802570000.0,0.0,,,,,8501000.0,433404000.0,1.0,170017999.0,170017999,,10.602,4022489000.0,62216000.0,71569000.0,546972000.0,23.659,1470300000.0
31,DOV,MRQ,2013-12-31,2013-12-31,2013-12-31,2021-10-19,67723000.0,10855181000.0,,2717972000.0,8137209000.0,,31.397,-28312000.0,803882000.0,803882000.0,933689000.0,193963000.0,2.025,1.019,2828479000.0,229278000.0,2599201000.0,2828479000.0,0.0,62923000.0,0.0,0.015,0.375,280055000.0,342978000.0,0.226,342978000.0,280055000.0,250153000.0,1.15,1.13,1.15,5377396000.0,,5377396000.0,18569578243.0,14.0,11.252,393445000.0,2.297,1.0,584808000.0,0.385,4367491000.0,29902000.0,7170039000.0,,715311000.0,0.0,0.0,0.0,5477785000.0,1342248000.0,4135537000.0,16447111243.0,64058000.0,-131147000.0,-17917000.0,-41778000.0,-63709000.0,-154707000.0,-201810000.0,0.0,421757000.0,-1182000.0,193963000.0,193963000.0,193963000.0,-47942000.0,0.0,0.128,356600000.0,228208000.0,522713000.0,0.326,3.059,16.396,16.474,787849000.0,0.0,96.54,2.299,2.311,1076641000.0,7954536000.0,1518497000.0,1518497000.0,0.0,,,,,7096000.0,356600000.0,1.0,170365768.0,171271000,,8.866,6487690000.0,60101000.0,56190000.0,502320000.0,37.88,1375724000.0
32,DOV,MRQ,2013-09-30,2013-09-30,2013-09-30,2021-10-19,0.0,10665130000.0,,3263170000.0,7401960000.0,,30.962,-39109000.0,739824000.0,739824000.0,1183864000.0,269114000.0,1.617,1.018,2862291000.0,672135000.0,2190156000.0,2862291000.0,0.0,72599000.0,0.0,0.016,0.375,390785000.0,463384000.0,0.239,463384000.0,390785000.0,360549000.0,1.58,1.56,1.58,5284425000.0,,5284425000.0,17581140638.0,13.0,11.661,306187000.0,1.794,1.0,756347000.0,0.39,5711461000.0,30236000.0,5057599000.0,,949618000.0,0.0,0.0,0.0,5380705000.0,2018537000.0,3362168000.0,15331498638.0,133874000.0,-49973000.0,-54896000.0,6290000.0,-63873000.0,-112479000.0,-110359000.0,0.0,345296000.0,11416000.0,269114000.0,269114000.0,269114000.0,-42879000.0,0.0,0.139,408264000.0,348083000.0,677994000.0,0.237,2.901,15.822,15.956,1148784000.0,0.0,89.83,2.484,2.484,1437513000.0,,1940211000.0,1940211000.0,0.0,,,,,7081000.0,408264000.0,1.0,170672366.0,170672366,,11.368,4953669000.0,66358000.0,91435000.0,528149000.0,29.024,1244633000.0
33,DOV,MRQ,2013-06-30,2013-06-30,2013-06-30,2021-10-19,0.0,10349256000.0,,3048885000.0,7300371000.0,,29.11,-27854000.0,605950000.0,605950000.0,1176593000.0,330049000.0,1.544,1.078,2855592000.0,665781000.0,2189811000.0,2855592000.0,0.0,71809000.0,0.0,0.018,0.35,390542000.0,462351000.0,0.239,462351000.0,390542000.0,360310000.0,1.93,1.91,1.93,4980872000.0,,4980872000.0,15608643132.0,12.0,10.428,281585000.0,1.646,1.0,755818000.0,0.391,5670351000.0,30232000.0,4953448000.0,,917217000.0,0.0,0.0,0.0,5368384000.0,1975099000.0,3393285000.0,13287883132.0,34591000.0,-65261000.0,-61912000.0,-36831000.0,-59941000.0,-158684000.0,-113061000.0,0.0,309439000.0,-3103000.0,330049000.0,330049000.0,330049000.0,-71991000.0,0.0,0.171,435620000.0,320198000.0,664058000.0,0.181,2.668,14.122,14.435,1137645000.0,0.0,77.66,2.099,2.099,1398829000.0,,1932411000.0,1932411000.0,0.0,,,,,7955000.0,435620000.0,1.0,171103311.0,171103311,,11.294,4678905000.0,63813000.0,30261000.0,502776000.0,27.345,1073786000.0
34,DOV,MRQ,2013-03-31,2013-03-31,2013-03-31,2021-10-19,0.0,10234914000.0,,2919863000.0,7315051000.0,,27.26,-22618000.0,571359000.0,571359000.0,1082359000.0,210003000.0,1.496,1.149,2892119000.0,702598000.0,2189521000.0,2892119000.0,0.0,70702000.0,0.0,0.019,0.35,310860000.0,381562000.0,0.216,381562000.0,310860000.0,280576000.0,1.21,1.2,1.21,4761781000.0,,4761781000.0,14730677004.0,12.0,10.204,53457000.0,0.306,1.0,681618000.0,0.386,5656209000.0,30284000.0,4948007000.0,,905952000.0,0.0,0.0,0.0,5473133000.0,1951458000.0,3521675000.0,12730637004.0,-228717000.0,0.0,-284224000.0,91849000.0,-60297000.0,-252672000.0,-43638000.0,0.0,76075000.0,-8482000.0,210003000.0,210003000.0,210003000.0,-42790000.0,0.0,0.119,416437000.0,265181000.0,648409000.0,0.289,2.674,15.431,15.775,1141477000.0,0.0,72.88,1.978,1.978,1309446000.0,,1763977000.0,1763977000.0,0.0,,,,,8348000.0,416437000.0,1.0,174679432.0,174679432,,10.098,4578705000.0,67208000.0,70573000.0,515077000.0,26.212,968405000.0
35,DOV,MRQ,2012-12-31,2012-12-31,2012-12-31,2021-10-19,-54906000.0,10443943000.0,,3027844000.0,7416099000.0,,27.48,60887000.0,800076000.0,800076000.0,289472000.0,159860000.0,1.524,1.123,2800116000.0,610766000.0,2189350000.0,2800116000.0,0.0,-31226000.0,0.0,0.02,0.35,231569000.0,200343000.0,0.374,200343000.0,231569000.0,200445000.0,0.91,0.9,0.91,4919230000.0,,4919230000.0,13164006787.0,11.0,9.121,639502000.0,3.572,1.0,246668000.0,0.46,5740070000.0,31124000.0,4717285000.0,,872841000.0,0.0,0.0,0.0,5524713000.0,1986628000.0,3538085000.0,11762809787.0,5977000.0,-726163000.0,-327379000.0,604517000.0,-61826000.0,192304000.0,-779923000.0,0.0,578615000.0,14981000.0,159860000.0,159860000.0,159860000.0,-134680000.0,0.0,0.298,148940000.0,97728000.0,651358000.0,0.385,2.391,14.503,14.7,1167052000.0,0.0,65.71,1.775,1.775,1225898000.0,7199227000.0,536140000.0,536140000.0,0.0,,,,,7295000.0,148940000.0,1.0,179010954.0,179010954,,2.995,4703873000.0,49935000.0,40585000.0,493164000.0,26.277,1041216000.0
36,DOV,MRQ,2012-09-30,2012-09-30,2012-09-30,2021-10-19,0.0,9910145000.0,,3277107000.0,6633038000.0,,28.515,-62979000.0,794099000.0,794099000.0,1287466000.0,241046000.0,2.568,0.901,2195296000.0,3134000.0,2192162000.0,2195296000.0,0.0,90315000.0,0.0,0.022,0.35,362206000.0,452521000.0,0.216,452521000.0,362206000.0,331807000.0,1.33,1.31,1.33,5212666000.0,,5212666000.0,12284367220.0,9.0,7.362,234807000.0,1.284,1.0,810139000.0,0.386,5391887000.0,30399000.0,4643476000.0,,923389000.0,0.0,0.0,0.0,4697479000.0,1275979000.0,3421500000.0,10875180220.0,8134000.0,0.0,-175943000.0,-469000.0,-63419000.0,-239831000.0,-58630000.0,0.0,297786000.0,8809000.0,241046000.0,241046000.0,241046000.0,-7716000.0,0.0,0.115,451943000.0,358196000.0,607164000.0,0.263,2.086,11.7,11.711,1113918000.0,0.0,59.49,1.447,1.447,1412311000.0,,2097605000.0,2097605000.0,0.0,,,,,7483000.0,451943000.0,1.0,182806862.0,182806862,,11.474,4518258000.0,40297000.0,90761000.0,519954000.0,24.716,2001128000.0
37,DOV,MRQ,2012-06-30,2012-06-30,2012-06-30,2021-10-19,0.0,9804405000.0,,3205314000.0,6599091000.0,,27.833,-68806000.0,785965000.0,785965000.0,1261187000.0,214101000.0,2.54,0.919,2195152000.0,3402000.0,2191750000.0,2195152000.0,0.0,89535000.0,0.0,0.024,0.315,319594000.0,409129000.0,0.201,409129000.0,319594000.0,289879000.0,1.17,1.15,1.17,5110264000.0,,5110264000.0,11138414503.0,9.0,7.055,185401000.0,1.01,1.0,777102000.0,0.381,5391943000.0,29715000.0,4559940000.0,,921040000.0,0.0,0.0,0.0,4694141000.0,1261709000.0,3432432000.0,9843123503.0,-114011000.0,-57756000.0,-150326000.0,-72000.0,-57771000.0,-208169000.0,-148505000.0,0.0,254207000.0,-11544000.0,214101000.0,214101000.0,214101000.0,-8945000.0,0.0,0.105,466089000.0,311013000.0,620598000.0,0.269,1.926,11.436,11.455,1086151000.0,0.0,53.61,1.303,1.303,1320245000.0,,2038289000.0,2038289000.0,0.0,,,,,7532000.0,466089000.0,1.0,183606109.0,183606109,,11.101,4412462000.0,40089000.0,75778000.0,534452000.0,24.032,1943605000.0
38,DOV,MRQ,2012-03-31,2012-03-31,2012-03-31,2021-10-19,0.0,9698579000.0,,3238769000.0,6459810000.0,,27.713,-66272000.0,899976000.0,899976000.0,1208534000.0,196063000.0,2.686,0.906,2195267000.0,3510000.0,2191757000.0,2195267000.0,0.0,81310000.0,0.0,0.019,0.315,299960000.0,381270000.0,0.195,381270000.0,299960000.0,269929000.0,1.07,1.05,1.07,5089677000.0,,5089677000.0,12539850894.0,10.0,7.963,70033000.0,0.381,1.0,746080000.0,0.382,5267053000.0,30031000.0,4521183000.0,,880443000.0,0.0,0.0,0.0,4608902000.0,1205634000.0,3403268000.0,11559353894.0,-306779000.0,-296514000.0,-29245000.0,-58000.0,-57943000.0,-87246000.0,-365718000.0,0.0,136305000.0,9880000.0,196063000.0,196063000.0,196063000.0,-9654000.0,0.0,0.1,453989000.0,292091000.0,603544000.0,0.294,2.271,12.895,12.977,1068946000.0,0.0,62.94,1.539,1.539,1273690000.0,,1954614000.0,1954614000.0,0.0,,,,,8574000.0,453989000.0,1.0,183656719.0,183656719,,10.643,4431526000.0,38400000.0,73866000.0,503290000.0,24.129,2033135000.0
39,DOV,MRQ,2011-12-31,2011-12-31,2011-12-31,2021-10-19,-47510000.0,9500552000.0,,3248178000.0,6252374000.0,,26.682,-71965000.0,1206755000.0,1206755000.0,872726000.0,278289000.0,2.849,0.927,2187252000.0,1022000.0,2186230000.0,2187252000.0,0.0,70146000.0,0.0,0.02,0.315,355467000.0,425613000.0,0.299,425613000.0,355467000.0,326478000.0,1.51,1.48,1.51,4930555000.0,,4930555000.0,12031056516.0,10.0,7.821,280230000.0,1.516,1.0,550774000.0,0.387,4691480000.0,28989000.0,4649565000.0,,733807000.0,0.0,0.0,0.0,4569997000.0,1140004000.0,3429993000.0,10761049516.0,291359000.0,199760000.0,-109661000.0,-1503000.0,-58108000.0,-169272000.0,118931000.0,18211000.0,352195000.0,-10495000.0,278289000.0,278289000.0,278289000.0,-142530000.0,0.0,0.195,342488000.0,208286000.0,515847000.0,0.209,2.183,12.02,12.044,970703000.0,0.0,58.05,1.46,1.464,1118848000.0,6629116000.0,1423500000.0,1423500000.0,0.0,,,,,5105000.0,342488000.0,1.0,185375530.0,184790000,187288000.0,7.703,4809072000.0,40376000.0,48189000.0,378921000.0,26.025,2108174000.0
40,DOV,MRQ,2011-09-30,2011-09-30,2011-09-30,2021-10-19,0.0,9513036000.0,,3292748000.0,6220288000.0,,26.265,-62607000.0,917024000.0,917024000.0,1332324000.0,172280000.0,2.559,0.95,2187031000.0,559000.0,2186472000.0,2187031000.0,0.0,84275000.0,0.0,0.024,0.315,278436000.0,362711000.0,0.17,362711000.0,278436000.0,248375000.0,0.93,0.91,0.93,4879206000.0,,4879206000.0,9505254644.0,8.0,6.712,327445000.0,1.763,1.0,806282000.0,0.377,5094121000.0,30061000.0,4402268000.0,,848934000.0,0.0,0.0,0.0,4633830000.0,1286654000.0,3347176000.0,8668687644.0,-483156000.0,-645268000.0,-28737000.0,-46840000.0,-58441000.0,-134018000.0,-709669000.0,0.0,390052000.0,-29521000.0,172280000.0,172280000.0,172280000.0,51158000.0,0.0,0.081,476640000.0,329642000.0,591939000.0,0.339,1.777,10.632,10.639,992641000.0,0.0,46.6,1.233,1.231,1339826000.0,,2138606000.0,2138606000.0,0.0,,,,,6018000.0,476640000.0,1.0,186023340.0,185770000,188436000.0,11.512,4418915000.0,72136000.0,76095000.0,523528000.0,23.787,2006094000.0
41,DOV,MRQ,2011-06-30,2011-06-30,2011-06-30,2021-10-19,0.0,9482038000.0,,3753415000.0,5728623000.0,,26.351,-70449000.0,1397419000.0,1397419000.0,1218974000.0,249769000.0,2.97,0.93,2233986000.0,47748000.0,2186238000.0,2233986000.0,0.0,68425000.0,0.0,0.016,0.275,336691000.0,405116000.0,0.203,405116000.0,336691000.0,308534000.0,1.34,1.32,1.34,4912957000.0,,4912957000.0,13497538251.0,12.0,9.711,140750000.0,0.755,1.0,775996000.0,0.389,4655463000.0,28157000.0,4399176000.0,,882512000.0,0.0,0.0,0.0,4569081000.0,1263966000.0,3305115000.0,12650063251.0,21504000.0,-681000.0,-54950000.0,8126000.0,-51264000.0,-98088000.0,-90771000.0,-18211000.0,211199000.0,-836000.0,249769000.0,249769000.0,249769000.0,-10571000.0,0.0,0.125,448399000.0,327597000.0,596315000.0,0.205,2.575,14.594,14.581,936797000.0,0.0,67.8,1.889,1.888,1323470000.0,,1994970000.0,1994970000.0,0.0,,,,,5974000.0,448399000.0,1.0,186579104.0,186443000,189705000.0,10.7,4826575000.0,78505000.0,58765000.0,486897000.0,25.888,2489449000.0
42,DOV,MRQ,2011-03-31,2011-03-31,2011-03-31,2021-10-19,0.0,9360143000.0,,3591317000.0,5768826000.0,,25.416,-48292000.0,1378119000.0,1378119000.0,1100327000.0,194905000.0,2.819,0.973,2225594000.0,39603000.0,2185991000.0,2225594000.0,0.0,67631000.0,0.0,0.017,0.275,277250000.0,344881000.0,0.19,344881000.0,277250000.0,248932000.0,1.04,1.03,1.04,4744044000.0,,4744044000.0,12883924085.0,12.0,9.772,77764000.0,0.417,1.0,711751000.0,0.393,4684778000.0,28318000.0,4248990000.0,,845230000.0,0.0,0.0,0.0,4616099000.0,1273850000.0,3342249000.0,12263474085.0,189687000.0,-419127000.0,-9314000.0,411532000.0,-51341000.0,350877000.0,-344248000.0,124410000.0,126056000.0,57002000.0,194905000.0,194905000.0,194905000.0,-20114000.0,0.0,0.108,453427000.0,258324000.0,591989000.0,0.264,2.585,15.585,15.578,905649000.0,0.0,65.74,1.891,1.892,1213348000.0,,1812078000.0,1812078000.0,0.0,,,,,8033000.0,453427000.0,1.0,186545088.0,186659000,190090000.0,9.708,4675365000.0,81317000.0,54027000.0,555699000.0,25.048,2317467000.0
43,DOV,MRQ,2010-12-31,2010-12-31,2010-12-31,2021-10-19,50161000.0,8558743000.0,,3131625000.0,5427118000.0,,24.227,-39916000.0,1189079000.0,1189079000.0,621240000.0,198348000.0,2.735,0.891,1807476000.0,16590000.0,1790886000.0,1807476000.0,0.0,48321000.0,0.0,0.018,0.275,255109000.0,303430000.0,0.279,303430000.0,255109000.0,229184000.0,1.07,1.04,1.07,4526562000.0,,4526562000.0,11891626494.0,12.0,9.673,385260000.0,2.062,1.0,464517000.0,0.428,3906759000.0,25925000.0,4125333000.0,,657962000.0,121734000.0,121734000.0,0.0,4032181000.0,1145048000.0,2887133000.0,10917876494.0,317643000.0,-59220000.0,-25857000.0,-33041000.0,-51463000.0,-110361000.0,-13834000.0,93097000.0,425176000.0,16662000.0,198348000.0,198348000.0,198348000.0,-91264000.0,0.0,0.183,300952000.0,163565000.0,438288000.0,0.257,2.412,15.595,15.587,785624000.0,0.0,58.45,1.787,1.788,1023099000.0,5953027000.0,1085757000.0,1085757000.0,0.0,,,,,3882000.0,300952000.0,1.0,186790017.0,186837000,189986000.0,5.811,4651984000.0,82934000.0,30836000.0,392083000.0,24.899,1986577000.0
44,DOV,MRQ,2010-09-30,2010-09-30,2010-09-30,2021-10-19,0.0,8353575000.0,,3102841000.0,5250734000.0,,23.432,-38229000.0,866090000.0,866090000.0,1111364000.0,223759000.0,2.588,0.909,1839840000.0,50180000.0,1789660000.0,1839840000.0,0.0,48903000.0,0.0,0.02,0.275,287531000.0,336434000.0,0.187,336434000.0,287531000.0,261196000.0,1.2,1.19,1.2,4375264000.0,,4375264000.0,10881082693.0,12.0,9.613,162656000.0,0.871,1.0,690794000.0,0.383,4240640000.0,26335000.0,3887700000.0,,725312000.0,214742000.0,214742000.0,0.0,3978311000.0,1198985000.0,2779326000.0,9745552693.0,127078000.0,-35213000.0,3690000.0,-41277000.0,-51359000.0,-88946000.0,-38023000.0,39793000.0,200885000.0,53162000.0,223759000.0,223759000.0,223759000.0,-4450000.0,0.0,0.124,397927000.0,292867000.0,490572000.0,0.229,2.227,16.221,16.214,840374000.0,0.0,52.21,1.56,1.56,1181599000.0,,1802158000.0,1802158000.0,0.0,,,,,3562000.0,397927000.0,1.0,186660653.0,186721000,188565000.0,9.652,4112935000.0,57006000.0,37437000.0,402447000.0,22.027,1903856000.0
45,DOV,MRQ,2010-06-30,2010-06-30,2010-06-30,2021-10-19,0.0,8083307000.0,,2846066000.0,5237241000.0,,21.867,-38883000.0,738817000.0,738817000.0,1097998000.0,169870000.0,2.259,0.979,1874347000.0,83705000.0,1790642000.0,1874347000.0,0.0,66073000.0,0.0,0.025,0.26,267574000.0,333647000.0,0.187,333647000.0,267574000.0,240632000.0,0.91,0.9,0.91,4085273000.0,,4085273000.0,9102502711.0,11.0,8.75,191907000.0,1.027,1.0,688698000.0,0.385,4222026000.0,26942000.0,3736962000.0,,671682000.0,234720000.0,234720000.0,0.0,3998034000.0,1259849000.0,2738185000.0,7804664711.0,48522000.0,-11485000.0,-12414000.0,-114037000.0,-48581000.0,-175032000.0,21317000.0,71685000.0,230790000.0,-28553000.0,169870000.0,169870000.0,169870000.0,2023000.0,0.0,0.095,423809000.0,264889000.0,493474000.0,0.286,1.91,16.128,16.135,819827000.0,0.0,41.79,1.313,1.313,1076132000.0,,1786696000.0,1786696000.0,0.0,,,,,5941000.0,423809000.0,1.0,186759146.0,186823000,188720000.0,9.564,3861281000.0,68038000.0,70762000.0,400796000.0,20.668,1586217000.0
46,DOV,MRQ,2010-03-31,2010-03-31,2010-03-31,2021-10-19,0.0,8026901000.0,,2755702000.0,5271199000.0,,21.682,-36083000.0,690295000.0,690295000.0,971113000.0,108127000.0,2.323,0.979,1988133000.0,162937000.0,1825196000.0,1988133000.0,0.0,65940000.0,0.0,0.022,0.26,190871000.0,256811000.0,0.162,256811000.0,190871000.0,163702000.0,0.58,0.58,0.58,4056591000.0,,4056591000.0,9899620890.0,15.0,11.081,49958000.0,0.267,1.0,612157000.0,0.387,4255831000.0,27169000.0,3882454000.0,,619528000.0,321709000.0,321709000.0,0.0,3970310000.0,1186454000.0,2783856000.0,8753101890.0,-24070000.0,6000000.0,-9253000.0,127500000.0,-48696000.0,69551000.0,-148213000.0,-117990000.0,86041000.0,-31449000.0,108127000.0,108127000.0,108127000.0,13358000.0,0.0,0.068,409169000.0,202988000.0,437597000.0,0.448,2.158,21.29,21.25,822636000.0,0.0,46.75,1.578,1.576,990405000.0,,1583270000.0,1583270000.0,0.0,,,,,7022000.0,409169000.0,1.0,187232126.0,187093000,187886000.0,8.462,3771070000.0,74186000.0,55575000.0,383051000.0,20.156,1569248000.0
47,DOV,MRQ,2009-12-31,2009-12-31,2009-12-31,2021-10-19,84842000.0,7882403000.0,,2522707000.0,5359696000.0,,21.918,-21100000.0,714365000.0,714365000.0,595879000.0,99048000.0,2.603,0.93,1860884000.0,35624000.0,1825260000.0,1860884000.0,0.0,39463000.0,0.0,0.025,0.26,165591000.0,205054000.0,0.191,205054000.0,165591000.0,138656000.0,0.53,0.53,0.53,4083608000.0,,4083608000.0,9010171197.0,16.0,11.134,233765000.0,1.255,1.0,479424000.0,0.446,4300965000.0,26935000.0,3758781000.0,,570858000.0,223809000.0,223809000.0,0.0,3798795000.0,969176000.0,2829619000.0,7746811197.0,116452000.0,-176534000.0,21281000.0,1535000.0,-48443000.0,-25627000.0,-101572000.0,101930000.0,254865000.0,-11214000.0,99048000.0,99048000.0,99048000.0,4922000.0,0.0,0.092,311539000.0,167885000.0,357004000.0,0.491,1.897,21.734,21.785,828922000.0,0.0,41.61,1.45,1.449,878754000.0,5453022000.0,1075303000.0,1075303000.0,0.0,,,,,2232000.0,311539000.0,1.0,186176669.0,186313000,187981000.0,5.771,3581438000.0,69999000.0,39608000.0,331338000.0,19.223,1553531000.0
48,DOV,MRQ,2009-09-30,2009-09-30,2009-09-30,2021-10-19,0.0,7772311000.0,,2589568000.0,5182743000.0,,21.705,-20531000.0,597504000.0,597504000.0,941345000.0,106884000.0,2.745,0.924,1860864000.0,33875000.0,1826989000.0,1860864000.0,0.0,64340000.0,0.0,0.026,0.26,180444000.0,244784000.0,0.163,244784000.0,180444000.0,154145000.0,0.57,0.57,0.57,4040414000.0,,4040414000.0,8499828840.0,14.0,9.958,229081000.0,1.231,1.0,558266000.0,0.372,4173083000.0,26299000.0,3919135000.0,,567322000.0,332000000.0,332000000.0,0.0,3731897000.0,943453000.0,2788444000.0,7214603840.0,-96056000.0,-8976000.0,1331000.0,-119877000.0,-48398000.0,-166944000.0,-204786000.0,-174937000.0,249612000.0,26062000.0,106884000.0,106884000.0,106884000.0,600000.0,0.0,0.071,378125000.0,180141000.0,363665000.0,0.456,1.786,19.08,19.094,843313000.0,0.0,38.76,1.203,1.203,935948000.0,,1499611000.0,1499611000.0,0.0,,,,,3887000.0,378125000.0,1.0,186135290.0,186148000,186358000.0,8.056,3599228000.0,77581000.0,47261000.0,344067000.0,19.335,1646115000.0
49,DOV,MRQ,2009-06-30,2009-06-30,2009-06-30,2021-10-19,0.0,7670454000.0,,2480318000.0,5190136000.0,,20.981,-23000000.0,693560000.0,693560000.0,897021000.0,97080000.0,2.479,0.965,1978785000.0,134044000.0,1844741000.0,1978785000.0,0.0,63735000.0,0.0,0.03,0.25,123041000.0,186776000.0,0.134,186776000.0,123041000.0,98201000.0,0.52,0.52,0.52,3903908000.0,,3903908000.0,7663032040.0,11.0,8.022,157542000.0,0.847,1.0,493310000.0,0.355,4173566000.0,24840000.0,3781623000.0,,592160000.0,142544000.0,142544000.0,0.0,3766546000.0,1000490000.0,2766056000.0,6155283040.0,193250000.0,-33018000.0,2729000.0,-29304000.0,-46530000.0,-73105000.0,66526000.0,122626000.0,180542000.0,19287000.0,97080000.0,97080000.0,97080000.0,3794000.0,0.0,0.07,364962000.0,128348000.0,348971000.0,0.481,1.577,13.414,13.397,849466000.0,0.0,33.09,0.953,0.953,872193000.0,,1390331000.0,1390331000.0,0.0,,,,,5076000.0,364962000.0,1.0,186016411.0,186070000,186292000.0,7.472,3496888000.0,74015000.0,1121000.0,342572000.0,18.793,1479828000.0
50,DOV,MRQ,2009-03-31,2009-03-31,2009-03-31,2021-10-19,0.0,7596833000.0,,2415914000.0,5180919000.0,,20.286,-26724000.0,500310000.0,500310000.0,896942000.0,53425000.0,2.39,1.013,2008059000.0,146652000.0,1861407000.0,2008059000.0,0.0,63825000.0,0.0,0.036,0.25,108820000.0,172645000.0,0.125,172645000.0,108820000.0,86422000.0,0.29,0.29,0.29,3773412000.0,,3773412000.0,6445306831.0,8.0,6.0,81372000.0,0.437,1.0,482143000.0,0.35,4172105000.0,22398000.0,3921533000.0,,617568000.0,262640000.0,262640000.0,0.0,3823421000.0,1010944000.0,2812477000.0,4907042831.0,-47099000.0,105000.0,1237000.0,-77511000.0,-46503000.0,-122777000.0,-18806000.0,7975000.0,108096000.0,-13612000.0,53425000.0,53425000.0,53425000.0,7669000.0,0.0,0.039,367390000.0,114753000.0,345967000.0,0.862,1.3,9.872,9.88,850597000.0,0.0,26.38,0.693,0.693,872998000.0,,1379085000.0,1379085000.0,0.0,,,,,5963000.0,367390000.0,1.0,186013754.0,186011000,186121000.0,7.414,3424728000.0,78115000.0,32997000.0,346727000.0,18.411,1404970000.0
51,DOV,MRQ,2008-12-31,2008-12-31,2008-12-31,2021-10-19,10816000.0,7883238000.0,,2630119000.0,5253119000.0,,20.398,-35648000.0,547409000.0,547409000.0,1120149000.0,120727000.0,2.098,1.078,2085673000.0,224944000.0,1860729000.0,2085673000.0,0.0,63270000.0,0.0,0.027,0.25,186066000.0,249336000.0,0.144,249336000.0,186066000.0,166772000.0,0.65,0.65,0.65,3792866000.0,,3792866000.0,7815279730.0,8.0,6.517,220804000.0,1.187,1.0,606499000.0,0.351,4207975000.0,19294000.0,3960013000.0,,636121000.0,279460000.0,279460000.0,0.0,4090372000.0,1253514000.0,2836858000.0,6121962730.0,-28523000.0,76091000.0,1244000.0,-183593000.0,-46500000.0,-228849000.0,-20209000.0,-60101000.0,256452000.0,-35917000.0,120727000.0,120727000.0,120727000.0,48855000.0,0.0,0.07,375378000.0,231121000.0,373436000.0,0.385,1.614,10.362,10.518,872134000.0,0.0,32.92,0.809,0.82,1013174000.0,5286458000.0,1726648000.0,1726648000.0,0.0,,,,,3364000.0,375378000.0,1.0,185964846.0,185946000,185483000.0,9.286,3675263000.0,73687000.0,46045000.0,349410000.0,19.765,1376605000.0
52,DOV,MRQ,2008-09-30,2008-09-30,2008-09-30,2021-10-19,0.0,8316482000.0,,2826853000.0,5489629000.0,,20.988,-46404000.0,575932000.0,575932000.0,1261433000.0,187650000.0,1.839,1.125,2269249000.0,408074000.0,1861175000.0,2269249000.0,0.0,67170000.0,0.0,0.021,0.25,279310000.0,346480000.0,0.176,346480000.0,279310000.0,253386000.0,1.01,1.0,1.01,3914100000.0,,3914100000.0,9216963552.0,9.0,7.208,305525000.0,1.638,1.0,704343000.0,0.358,4323696000.0,25924000.0,4149075000.0,,695922000.0,219359000.0,219359000.0,0.0,4402382000.0,1537028000.0,2865354000.0,7617194552.0,-166681000.0,4673000.0,-97240000.0,-73084000.0,-46271000.0,-216595000.0,-260741000.0,-219359000.0,351929000.0,-41274000.0,187650000.0,187650000.0,187650000.0,2685000.0,0.0,0.095,434992000.0,269351000.0,469767000.0,0.248,1.946,11.621,11.822,896327000.0,0.0,40.55,0.986,0.979,1194472000.0,,1965776000.0,1965776000.0,0.0,,,,,7849000.0,434992000.0,1.0,187846968.0,186488000,187706000.0,10.541,3992786000.0,67595000.0,65736000.0,350743000.0,21.41,1289825000.0
53,DOV,MRQ,2008-06-30,2008-06-30,2008-06-30,2021-10-19,0.0,8386761000.0,,2836099000.0,5550662000.0,,20.924,-39964000.0,742613000.0,742613000.0,1271359000.0,135276000.0,1.834,1.12,2342382000.0,462890000.0,1879492000.0,2342382000.0,0.0,65402000.0,0.0,0.017,0.2,240268000.0,305670000.0,0.152,305670000.0,240268000.0,212880000.0,0.72,0.71,0.72,3956607000.0,,3956607000.0,10708804107.0,11.0,8.519,201634000.0,1.066,1.0,739619000.0,0.368,4367808000.0,27388000.0,4072301000.0,,709097000.0,0.0,0.0,0.0,4430154000.0,1546421000.0,2883733000.0,9160018107.0,103264000.0,-69389000.0,-148133000.0,157932000.0,-37912000.0,-28113000.0,-110724000.0,0.0,241598000.0,503000.0,135276000.0,135276000.0,135276000.0,51634000.0,0.0,0.067,446531000.0,293088000.0,486084000.0,0.278,2.315,14.259,14.702,913079000.0,0.0,48.37,1.201,1.2,1237237000.0,,2010978000.0,2010978000.0,0.0,,,,,5664000.0,446531000.0,1.0,189373953.0,189094000,190589000.0,10.635,4018953000.0,67325000.0,77604000.0,332351000.0,21.254,1289678000.0
54,DOV,MRQ,2008-03-31,2008-03-31,2008-03-31,2021-10-19,0.0,8203445000.0,,2653265000.0,5550180000.0,,20.718,-40531000.0,635690000.0,635690000.0,1185941000.0,147176000.0,2.004,1.058,2184476000.0,288461000.0,1896015000.0,2184476000.0,0.0,65312000.0,0.0,0.019,0.2,232483000.0,297795000.0,0.16,297795000.0,232483000.0,209052000.0,0.76,0.76,0.76,3986594000.0,,3986594000.0,9506927415.0,9.0,7.481,112314000.0,0.584,1.0,679545000.0,0.364,4379723000.0,23431000.0,4048814000.0,,711746000.0,0.0,0.0,0.0,4216851000.0,1323694000.0,2893157000.0,8018687415.0,33244000.0,-22362000.0,-142711000.0,93752000.0,-38388000.0,-87347000.0,-63125000.0,0.0,152845000.0,30871000.0,147176000.0,147176000.0,147176000.0,753000.0,0.0,0.079,443776000.0,235769000.0,457113000.0,0.263,2.011,11.804,12.252,901827000.0,0.0,41.78,1.078,1.081,1151301000.0,,1865486000.0,1865486000.0,0.0,,,,,8369000.0,443776000.0,1.0,191926458.0,192424000,193257000.0,9.695,3823722000.0,76734000.0,61876000.0,365903000.0,19.871,1329571000.0
55,DOV,MRQ,2007-12-31,2007-12-31,2007-12-31,2021-10-19,217648000.0,8068407000.0,,2544631000.0,5523776000.0,,20.173,-38084000.0,606105000.0,606105000.0,1207494000.0,185364000.0,1.516,1.045,2090652000.0,638649000.0,1452003000.0,2090652000.0,0.0,63909000.0,0.0,0.017,0.2,264924000.0,328833000.0,0.175,328833000.0,264924000.0,242388000.0,0.94,0.94,0.94,3946173000.0,,3946173000.0,10939017301.0,11.0,8.843,295350000.0,1.51,1.0,676094000.0,0.359,4311379000.0,22536000.0,3562834000.0,,673944000.0,0.0,0.0,0.0,4122234000.0,1678741000.0,2443493000.0,9418935301.0,160132000.0,-39510000.0,-196860000.0,125158000.0,-38900000.0,-110602000.0,-78176000.0,0.0,333434000.0,15476000.0,185364000.0,185364000.0,185364000.0,-10232000.0,0.0,0.098,419613000.0,256481000.0,416215000.0,0.213,2.387,14.248,14.052,892237000.0,0.0,46.09,1.287,1.268,1104090000.0,4870460000.0,1883588000.0,1883588000.0,0.0,,,,,5161000.0,419613000.0,1.0,204359629.0,195615000,196927000.0,9.629,3757028000.0,76115000.0,57024000.0,344330000.0,19.206,865890000.0
56,DOV,MRQ,2007-09-30,2007-09-30,2007-09-30,2021-10-19,0.0,7949063000.0,,2495274000.0,5453789000.0,,19.458,-35902000.0,446023000.0,446023000.0,1196748000.0,174590000.0,1.546,1.034,1966105000.0,511650000.0,1454455000.0,1966105000.0,0.0,61776000.0,0.0,0.015,0.2,262996000.0,324772000.0,0.174,324772000.0,262996000.0,240528000.0,0.87,0.86,0.87,3908150000.0,,3908150000.0,11769762026.0,13.0,10.256,197806000.0,0.985,1.0,668358000.0,0.358,4306958000.0,22468000.0,3547679000.0,,719729000.0,0.0,0.0,0.0,4040913000.0,1614508000.0,2426405000.0,10423162026.0,38947000.0,-55595000.0,-286233000.0,208364000.0,-39737000.0,-117606000.0,-90656000.0,0.0,233708000.0,13501000.0,174590000.0,174590000.0,174590000.0,7537000.0,0.0,0.094,395651000.0,272707000.0,432260000.0,0.23,2.667,17.54,17.449,859386000.0,0.0,50.95,1.452,1.426,1172081000.0,,1865106000.0,1865106000.0,0.0,,,,,6684000.0,395651000.0,1.0,204576291.0,200850000,202469000.0,9.286,3642105000.0,73179000.0,65938000.0,413488000.0,18.133,880766000.0
57,DOV,MRQ,2007-06-30,2007-06-30,2007-06-30,2021-10-19,0.0,7807817000.0,,2432513000.0,5375304000.0,,19.555,-33876000.0,409863000.0,409863000.0,1170526000.0,172195000.0,1.785,0.953,1756463000.0,290789000.0,1465674000.0,1756463000.0,0.0,59678000.0,0.0,0.014,0.185,259678000.0,319356000.0,0.175,319356000.0,259678000.0,236994000.0,0.84,0.84,0.84,3997599000.0,,3997599000.0,11961055053.0,14.0,10.836,217742000.0,1.065,1.0,653617000.0,0.358,4321327000.0,22684000.0,3470562000.0,,740728000.0,0.0,0.0,0.0,3810218000.0,1362528000.0,2447690000.0,10455834053.0,-37492000.0,1185000.0,-22568000.0,-194291000.0,-37866000.0,-254725000.0,-36034000.0,0.0,251618000.0,1649000.0,172195000.0,172195000.0,172195000.0,2476000.0,0.0,0.094,391508000.0,262109000.0,436837000.0,0.22,2.616,17.807,17.822,887849000.0,0.0,51.15,1.511,1.511,1119522000.0,,1824143000.0,1824143000.0,0.0,,,,,6461000.0,391508000.0,1.0,204415133.0,204431000,206145000.0,8.923,3486490000.0,76993000.0,64799000.0,442267000.0,17.055,1069985000.0
58,DOV,MRQ,2007-03-31,2007-03-31,2007-03-31,2021-10-19,0.0,7847336000.0,,2451271000.0,5396065000.0,,18.878,-41596000.0,444354000.0,444354000.0,1096955000.0,128931000.0,1.66,1.033,1949575000.0,468661000.0,1480914000.0,1949575000.0,0.0,58413000.0,0.0,0.015,0.185,203930000.0,262343000.0,0.153,262343000.0,203930000.0,182092000.0,0.63,0.63,0.63,3859838000.0,,3859838000.0,11389019553.0,15.0,11.512,20879000.0,0.102,1.0,622393000.0,0.362,4345151000.0,21838000.0,3530637000.0,,742444000.0,0.0,0.0,0.0,3987498000.0,1476769000.0,2510729000.0,9991595553.0,71797000.0,-88724000.0,-3231000.0,178378000.0,-37887000.0,137260000.0,-131487000.0,0.0,62475000.0,3549000.0,128931000.0,128931000.0,128931000.0,5560000.0,0.0,0.075,413183000.0,209210000.0,427816000.0,0.294,2.589,20.521,20.508,867356000.0,0.0,48.81,1.479,1.477,1106140000.0,,1719348000.0,1719348000.0,0.0,,,,,7986000.0,413183000.0,1.0,204703863.0,204457000,206182000.0,8.409,3502185000.0,72454000.0,53161000.0,436968000.0,17.129,974502000.0
59,DOV,MRQ,2006-12-31,2006-12-31,2006-12-31,2021-10-19,48852000.0,7626657000.0,,2238711000.0,5387946000.0,,18.663,-48450000.0,374845000.0,374845000.0,1189456000.0,118520000.0,1.546,1.001,1771040000.0,290549000.0,1480491000.0,1771040000.0,0.0,55391000.0,0.0,0.014,0.185,185702000.0,241093000.0,0.136,241093000.0,185702000.0,166614000.0,0.58,0.57,0.58,3811022000.0,,3811022000.0,11211476682.0,13.0,10.639,246132000.0,1.205,1.0,579966000.0,0.328,4208416000.0,19088000.0,3366408000.0,,694631000.0,0.0,0.0,0.0,3815635000.0,1448028000.0,2367607000.0,10008086682.0,32341000.0,-433644000.0,21560000.0,229216000.0,-37846000.0,212930000.0,-482568000.0,0.0,294582000.0,7397000.0,118520000.0,118520000.0,118520000.0,39268000.0,0.0,0.067,353687000.0,226279000.0,401137000.0,0.319,2.626,17.815,17.761,815188000.0,0.0,49.02,1.559,1.556,1040286000.0,4421927000.0,1769422000.0,1769422000.0,0.0,,,,,6047000.0,353687000.0,1.0,204163335.0,204205000,206106000.0,8.665,3418241000.0,64369000.0,48094000.0,512442000.0,16.739,790683000.0
60,DOV,MRQ,2006-09-30,2006-09-30,2006-09-30,2021-10-19,0.0,7324741000.0,,2222502000.0,5102239000.0,,18.639,-44639000.0,339173000.0,339173000.0,1032203000.0,167525000.0,1.896,0.929,1542563000.0,51360000.0,1491203000.0,1542563000.0,0.0,45923000.0,0.0,0.015,0.185,235148000.0,281071000.0,0.175,281071000.0,235148000.0,217964000.0,0.82,0.82,0.82,3796373000.0,,3796373000.0,10764971675.0,13.0,10.453,234032000.0,1.149,1.0,573044000.0,0.357,3695749000.0,17184000.0,3660185000.0,,713009000.0,0.0,0.0,0.0,3528368000.0,1172197000.0,2356171000.0,9655223675.0,69762000.0,-286062000.0,5357000.0,156487000.0,-37689000.0,124155000.0,-336311000.0,0.0,278671000.0,3247000.0,167525000.0,167525000.0,167525000.0,-12237000.0,0.0,0.104,347431000.0,225613000.0,404785000.0,0.226,2.543,17.26,17.314,805820000.0,0.0,47.44,1.612,1.614,1037855000.0,,1605247000.0,1605247000.0,0.0,,,,,6039000.0,347431000.0,1.0,203524951.0,203682000,205313000.0,7.881,3628992000.0,63404000.0,50439000.0,554797000.0,17.817,1050305000.0
61,DOV,MRQ,2006-06-30,2006-06-30,2006-06-30,2021-10-19,0.0,6860193000.0,,2022326000.0,4837867000.0,,17.812,-48315000.0,271794000.0,271794000.0,1045397000.0,71911000.0,1.91,0.889,1381542000.0,37838000.0,1343704000.0,1381542000.0,0.0,46962000.0,0.0,0.014,0.17,157857000.0,204819000.0,0.123,204819000.0,157857000.0,138610000.0,0.35,0.35,0.35,3631845000.0,,3631845000.0,11210260290.0,14.0,11.584,167686000.0,0.822,1.0,614944000.0,0.37,3381825000.0,19247000.0,3529245000.0,,634895000.0,0.0,0.0,0.0,3228348000.0,1058871000.0,2169477000.0,10078331290.0,-8258000.0,-90738000.0,-14822000.0,-41581000.0,-34685000.0,-91088000.0,-141400000.0,0.0,216001000.0,8229000.0,71911000.0,71911000.0,71911000.0,86848000.0,0.0,0.043,366126000.0,248818000.0,399489000.0,0.486,2.775,19.587,19.538,752670000.0,0.0,49.43,1.754,1.754,1001246000.0,,1660341000.0,1660341000.0,0.0,,,,,6710000.0,366126000.0,1.0,203890983.0,203897000,205615000.0,8.143,3478368000.0,54773000.0,66699000.0,486773000.0,17.059,963455000.0
62,DOV,MRQ,2006-03-31,2006-03-31,2006-03-31,2021-10-19,0.0,6754094000.0,,2189091000.0,4565003000.0,,17.46,-31617000.0,290347000.0,290347000.0,962304000.0,203828000.0,1.872,0.903,1422276000.0,78482000.0,1343794000.0,1422276000.0,0.0,47564000.0,0.0,0.014,0.17,282125000.0,329689000.0,0.218,329689000.0,282125000.0,260640000.0,1.0,0.99,1.0,3549806000.0,,3549806000.0,11219625673.0,13.0,10.884,74255000.0,0.365,1.0,547909000.0,0.363,3451847000.0,21485000.0,3264599000.0,,705672000.0,0.0,0.0,0.0,3204288000.0,1169577000.0,2034711000.0,9872373673.0,94214000.0,139569000.0,32887000.0,-116015000.0,-34579000.0,-117707000.0,105145000.0,0.0,105872000.0,904000.0,203828000.0,203828000.0,203828000.0,-72538000.0,0.0,0.135,335492000.0,212417000.0,433269000.0,0.17,2.781,16.031,16.026,811077000.0,0.0,48.56,1.821,1.822,1066922000.0,,1510213000.0,1510213000.0,0.0,,,,,7221000.0,335492000.0,1.0,203302588.0,203316000,204960000.0,7.428,3302247000.0,58976000.0,56812000.0,534370000.0,16.242,1019514000.0
63,DOV,MRQ,2005-12-31,2005-12-31,2005-12-31,2021-10-19,57778000.0,6580492000.0,,1705778000.0,4874714000.0,,16.422,-33828000.0,185832000.0,185832000.0,762721000.0,116127000.0,1.541,0.976,1538335000.0,194162000.0,1344173000.0,1538335000.0,0.0,37184000.0,0.0,0.016,0.17,177075000.0,214259000.0,0.177,214259000.0,177075000.0,152438000.0,0.57,0.57,0.57,3329523000.0,,3329523000.0,9766581397.0,13.0,11.013,258632000.0,1.276,1.0,449336000.0,0.371,3251863000.0,24637000.0,3574440000.0,,573265000.0,0.0,0.0,0.0,3250969000.0,1106692000.0,2144277000.0,8206030397.0,-121517000.0,4099000.0,4924000.0,-345405000.0,-34479000.0,-374960000.0,-39272000.0,0.0,292460000.0,255000.0,116127000.0,116127000.0,116127000.0,-7748000.0,0.0,0.096,283347000.0,165989000.0,329362000.0,0.298,2.465,16.086,16.131,706744000.0,0.0,40.49,1.598,1.601,850084000.0,4004944000.0,1212057000.0,1212057000.0,0.0,,,,,0.0,283347000.0,1.0,202668076.0,202745000,204000000.0,5.978,3328629000.0,46881000.0,36311000.0,451459000.0,16.418,599086000.0
64,DOV,MRQ,2005-09-30,2005-09-30,2005-09-30,2021-10-19,0.0,6804795000.0,,2219234000.0,4585561000.0,,16.133,-27310000.0,323242000.0,323242000.0,882538000.0,122680000.0,1.416,1.082,1883793000.0,543910000.0,1339883000.0,1883793000.0,0.0,37350000.0,0.0,0.016,0.17,181649000.0,218999000.0,0.16,218999000.0,181649000.0,165399000.0,0.61,0.6,0.61,3268163000.0,,3268163000.0,8992407860.0,13.0,10.943,154787000.0,0.764,1.0,482059000.0,0.353,3485505000.0,16250000.0,3313138000.0,,746065000.0,0.0,0.0,0.0,3536632000.0,1566703000.0,1969929000.0,8259717860.0,-43975000.0,-914667000.0,5050000.0,745652000.0,-34447000.0,716255000.0,-948395000.0,0.0,182097000.0,6068000.0,122680000.0,122680000.0,122680000.0,362000.0,0.0,0.09,301005000.0,181054000.0,376437000.0,0.279,2.527,16.818,16.855,806540000.0,0.0,40.79,1.773,1.774,1024758000.0,,1364597000.0,1364597000.0,0.0,,,,,0.0,301005000.0,1.0,202493696.0,202572000,203918000.0,6.736,3319290000.0,125169000.0,42719000.0,455480000.0,16.386,652531000.0
65,DOV,MRQ,2005-06-30,2005-06-30,2005-06-30,2021-10-19,0.0,5932523000.0,,2291808000.0,3640715000.0,,15.607,-28418000.0,399671000.0,399671000.0,864273000.0,173201000.0,1.607,0.873,1132361000.0,380710000.0,751651000.0,1132361000.0,0.0,33528000.0,0.0,0.018,0.16,234322000.0,267850000.0,0.201,267850000.0,234322000.0,219081000.0,0.85,0.85,0.85,3167596000.0,,3167596000.0,8270365621.0,12.0,10.131,149598000.0,0.737,1.0,469046000.0,0.352,2685239000.0,15241000.0,2553604000.0,,795032000.0,0.0,0.0,0.0,2764927000.0,1426370000.0,1338557000.0,7411623621.0,-11062000.0,80864000.0,-45468000.0,-137214000.0,-32395000.0,-215077000.0,40816000.0,0.0,178016000.0,-14817000.0,173201000.0,173201000.0,173201000.0,-63728000.0,0.0,0.13,304163000.0,164883000.0,411808000.0,0.188,2.34,15.166,15.158,741552000.0,0.0,36.38,1.584,1.578,970425000.0,,1333319000.0,1333319000.0,0.0,,,,,0.0,304163000.0,1.0,203727972.0,202959000,203984000.0,6.569,3247284000.0,126680000.0,45880000.0,507564000.0,16.0,865438000.0
66,DOV,MRQ,2005-03-31,2005-03-31,2005-03-31,2021-10-19,0.0,6006176000.0,,2306932000.0,3699244000.0,,15.414,-25050000.0,411830000.0,411830000.0,901015000.0,98134000.0,1.507,0.913,1270572000.0,515129000.0,755443000.0,1270572000.0,0.0,40476000.0,0.0,0.017,0.16,146471000.0,186947000.0,0.137,186947000.0,146471000.0,130353000.0,0.48,0.48,0.48,3139013000.0,,3139013000.0,8432462109.0,14.0,11.121,16711000.0,0.082,1.0,466740000.0,0.341,2733618000.0,16118000.0,2600336000.0,,813254000.0,0.0,0.0,0.0,2867163000.0,1530964000.0,1336199000.0,7697741109.0,54005000.0,-100668000.0,2785000.0,178193000.0,-32592000.0,148386000.0,-127398000.0,0.0,41761000.0,-8744000.0,98134000.0,98134000.0,98134000.0,-2713000.0,0.0,0.072,327222000.0,139518000.0,409061000.0,0.333,2.452,17.995,17.995,750119000.0,0.0,37.79,1.634,1.634,964565000.0,,1367755000.0,1367755000.0,0.0,,,,,0.0,327222000.0,1.0,203697833.0,203650000,204904000.0,6.716,3272558000.0,117283000.0,32219000.0,494627000.0,16.07,775968000.0
67,DOV,MRQ,2004-12-31,2004-12-31,2004-12-31,2021-10-19,195220000.0,5762847000.0,,2030829000.0,3732018000.0,,15.332,-20027000.0,329055000.0,329055000.0,338060000.0,97115000.0,1.569,0.848,1092328000.0,339265000.0,753063000.0,1092328000.0,0.0,22536000.0,0.0,0.015,0.16,125445000.0,147981000.0,0.249,147981000.0,125445000.0,110251000.0,0.48,0.48,0.48,3118682000.0,,3118682000.0,9245309005.0,15.0,12.522,212358000.0,1.044,1.0,255101000.0,0.43,2567161000.0,15194000.0,2664774000.0,,736150000.0,0.0,0.0,0.0,2644165000.0,1294185000.0,1349980000.0,8529056005.0,43465000.0,-183003000.0,2443000.0,67365000.0,-32552000.0,37256000.0,-222607000.0,0.0,232385000.0,17830000.0,97115000.0,97115000.0,97115000.0,-33058000.0,0.0,0.164,166037000.0,89064000.0,324840000.0,0.333,2.735,20.664,20.66,727045000.0,0.0,41.94,1.904,1.903,864426000.0,3628715000.0,593161000.0,593161000.0,0.0,,,,,0.0,166037000.0,1.0,203363281.0,203413000,204882000.0,2.916,3195686000.0,47969000.0,13136000.0,473832000.0,15.71,736644000.0
68,DOV,MRQ,2004-09-30,2004-09-30,2004-09-30,2021-10-19,0.0,5520063000.0,,2108395000.0,3411668000.0,,14.54,-14536000.0,306643000.0,306643000.0,911447000.0,120264000.0,1.981,0.867,1022896000.0,22837000.0,1000059000.0,1022896000.0,0.0,37179000.0,0.0,0.016,0.16,176382000.0,213561000.0,0.154,213561000.0,176382000.0,160449000.0,0.59,0.59,0.59,2956464000.0,,2956464000.0,8556212751.0,15.0,11.603,135008000.0,0.664,1.0,472438000.0,0.341,2402684000.0,15933000.0,2769330000.0,,756601000.0,0.0,0.0,0.0,2563599000.0,1064302000.0,1499297000.0,7903319751.0,-63104000.0,-184371000.0,500000.0,-693000.0,-32535000.0,-32728000.0,-198907000.0,0.0,149544000.0,3369000.0,120264000.0,120264000.0,120264000.0,-7620000.0,0.0,0.087,305321000.0,167117000.0,370139000.0,0.271,2.673,20.164,20.14,750023000.0,0.0,38.87,1.599,1.599,931919000.0,,1383885000.0,1383885000.0,0.0,,,,,0.0,305321000.0,1.0,203326981.0,203335000,204714000.0,6.806,3117379000.0,113232000.0,40185000.0,463369000.0,15.331,1044093000.0
69,DOV,MRQ,2004-06-30,2004-06-30,2004-06-30,2021-10-19,0.0,5375705000.0,,2084086000.0,3291619000.0,,14.06,-21018000.0,370696000.0,370696000.0,889226000.0,112264000.0,2.01,0.881,1023589000.0,22480000.0,1001109000.0,1023589000.0,0.0,36815000.0,0.0,0.014,0.15,172920000.0,209735000.0,0.154,209735000.0,172920000.0,157596000.0,0.55,0.55,0.55,2857883000.0,,2857883000.0,9164327214.0,17.0,13.367,58718000.0,0.289,1.0,476493000.0,0.349,2255993000.0,15324000.0,2735948000.0,,720476000.0,0.0,0.0,0.0,2517822000.0,1036657000.0,1481165000.0,8556967214.0,-51883000.0,-76250000.0,1126000.0,-14352000.0,-30493000.0,-43719000.0,-97268000.0,0.0,79736000.0,137000.0,112264000.0,112264000.0,112264000.0,-4216000.0,0.0,0.082,307978000.0,168515000.0,332060000.0,0.273,2.994,24.033,23.92,701914000.0,0.0,42.1,1.828,1.828,891226000.0,,1365719000.0,1365719000.0,0.0,,,,,0.0,307978000.0,1.0,203253378.0,203263000,204787000.0,6.719,3119712000.0,101688000.0,45332000.0,442380000.0,15.348,1047429000.0
70,DOV,MRQ,2004-03-31,2004-03-31,2004-03-31,2021-10-19,0.0,5257806000.0,,1993702000.0,3264104000.0,,13.688,-19507000.0,422533000.0,422533000.0,806515000.0,83112000.0,2.052,0.891,1029893000.0,23842000.0,1006051000.0,1029893000.0,0.0,38201000.0,0.0,0.015,0.15,131678000.0,169879000.0,0.137,169879000.0,131678000.0,116998000.0,0.41,0.41,0.41,2779799000.0,,2779799000.0,8574198522.0,18.0,13.748,111776000.0,0.55,1.0,435865000.0,0.351,2177442000.0,14680000.0,2716193000.0,,666938000.0,0.0,0.0,0.0,2478007000.0,971531000.0,1506476000.0,7876993522.0,52154000.0,15000000.0,4363000.0,-37691000.0,-30479000.0,-63807000.0,-4507000.0,0.0,131283000.0,-7365000.0,83112000.0,83112000.0,83112000.0,697000.0,0.0,0.067,303177000.0,132688000.0,300964000.0,0.366,2.834,24.882,24.694,701476000.0,0.0,38.77,1.786,1.785,801280000.0,,1242380000.0,1242380000.0,0.0,,,,,0.0,303177000.0,1.0,203172389.0,203088000,204763000.0,6.117,3080364000.0,102951000.0,33886000.0,444725000.0,15.168,1022171000.0
71,DOV,MRQ,2003-12-31,2003-12-31,2003-12-31,2021-10-19,119673000.0,5159511000.0,,1849640000.0,3309871000.0,,13.526,-20789000.0,370379000.0,370379000.0,634074000.0,76319000.0,2.031,0.881,1067584000.0,63669000.0,1003915000.0,1067584000.0,0.0,37808000.0,0.0,0.014,0.15,106451000.0,144259000.0,0.152,144259000.0,106451000.0,91769000.0,0.38,0.37,0.38,2742671000.0,,2742671000.0,8725445268.0,20.0,14.928,328801000.0,1.621,1.0,316836000.0,0.333,2219788000.0,14682000.0,2726127000.0,,639339000.0,0.0,0.0,0.0,2416840000.0,910801000.0,1506039000.0,8050108268.0,-26845000.0,-326960000.0,748000.0,-12133000.0,-30424000.0,-41809000.0,-356739000.0,0.0,349590000.0,28650000.0,76319000.0,76319000.0,76319000.0,-10719000.0,0.0,0.08,216454000.0,100382000.0,283814000.0,0.395,2.935,27.482,27.414,717875000.0,0.0,39.75,1.932,1.933,747567000.0,3342020000.0,950910000.0,950910000.0,0.0,,,,,0.0,216454000.0,1.0,202518447.0,202777000,204358000.0,4.689,2939723000.0,44547000.0,15450000.0,375337000.0,14.497,938839000.0
72,DOV,MRQ,2003-09-30,2003-09-30,2003-09-30,2021-10-19,0.0,4927790000.0,,2081750000.0,2846040000.0,,12.835,-17309000.0,404379000.0,404379000.0,739635000.0,84355000.0,2.102,0.895,1079716000.0,73683000.0,1006033000.0,1079716000.0,0.0,36876000.0,0.0,0.016,0.15,124820000.0,161696000.0,0.144,161696000.0,124820000.0,109377000.0,0.42,0.42,0.42,2599955000.0,,2599955000.0,7885033768.0,23.0,15.821,74024000.0,0.365,1.0,383274000.0,0.341,1881957000.0,15443000.0,2730880000.0,,630199000.0,0.0,0.0,0.0,2327835000.0,990290000.0,1337545000.0,7165875768.0,98441000.0,841000.0,2233000.0,53654000.0,-30392000.0,25495000.0,-16468000.0,0.0,91333000.0,-7188000.0,84355000.0,84355000.0,84355000.0,-9120000.0,0.0,0.075,265117000.0,118157000.0,262945000.0,0.357,2.756,30.936,31.026,700107000.0,0.0,35.37,1.735,1.735,778096000.0,,1122909000.0,1122909000.0,0.0,,,,,0.0,265117000.0,1.0,202597562.0,202568000,204017000.0,5.543,3045833000.0,63492000.0,25022000.0,353958000.0,15.036,1091460000.0
73,DOV,MRQ,2003-06-30,2003-06-30,2003-06-30,2021-10-19,0.0,4601886000.0,,1791809000.0,2810077000.0,,12.553,-23976000.0,306905000.0,306905000.0,715438000.0,72782000.0,2.516,0.81,1026063000.0,24324000.0,1001739000.0,1026063000.0,0.0,36791000.0,0.0,0.018,0.135,111024000.0,147815000.0,0.135,147815000.0,111024000.0,95358000.0,0.36,0.36,0.36,2542409000.0,,2542409000.0,6828818534.0,21.0,14.509,70163000.0,0.346,1.0,378562000.0,0.346,1885681000.0,15666000.0,2723088000.0,,641872000.0,0.0,0.0,0.0,2059477000.0,712275000.0,1347202000.0,6067623534.0,12301000.0,-7385000.0,243000.0,-29325000.0,-27348000.0,-56430000.0,-31361000.0,0.0,94139000.0,12086000.0,72782000.0,72782000.0,72782000.0,-1191000.0,0.0,0.067,265476000.0,113086000.0,251048000.0,0.375,2.387,29.784,29.96,707379000.0,0.0,29.96,1.491,1.491,731151000.0,,1094000000.0,1094000000.0,0.0,,,,,0.0,265476000.0,1.0,202524150.0,202527000,203337000.0,5.402,2716205000.0,64919000.0,22576000.0,203420000.0,13.412,1079534000.0
74,DOV,MRQ,2003-03-31,2003-03-31,2003-03-31,2021-10-19,-32520000.0,4480600000.0,,1707054000.0,2773546000.0,,12.028,-19144000.0,294193000.0,294193000.0,650755000.0,59471000.0,2.487,0.84,1055388000.0,24382000.0,1031006000.0,1055388000.0,0.0,36901000.0,0.0,0.022,0.135,93842000.0,130743000.0,0.131,130743000.0,93842000.0,77363000.0,0.29,0.29,0.29,2434934000.0,,2434934000.0,5664699151.0,19.0,12.405,31531000.0,0.156,1.0,347618000.0,0.348,1862573000.0,16479000.0,2692830000.0,,613236000.0,539000.0,539000.0,0.0,2045666000.0,686392000.0,1359274000.0,4905087151.0,-985000.0,-15196000.0,474000.0,1328000.0,-27339000.0,-25537000.0,-34340000.0,0.0,50675000.0,816000.0,59471000.0,59471000.0,59471000.0,-1782000.0,0.0,0.06,256178000.0,91440000.0,231395000.0,0.466,2.014,26.351,26.615,695896000.0,0.0,24.22,1.209,1.208,689641000.0,3196728000.0,998373000.0,998373000.0,0.0,,,,,0.0,256178000.0,1.0,202522178.0,202431000,202949000.0,4.932,2618027000.0,64976000.0,17892000.0,206521000.0,12.933,1020662000.0
75,DOV,MRQ,2002-12-31,2002-12-31,2002-12-31,2021-10-19,-38609000.0,4437116000.0,,1604695000.0,2832421000.0,,11.836,-10668000.0,293824000.0,293824000.0,613342000.0,15029000.0,2.402,0.853,1054060000.0,23761000.0,1030299000.0,1054060000.0,0.0,37911000.0,0.0,0.019,0.135,20235000.0,58146000.0,0.064,58146000.0,20235000.0,4582000.0,0.07,0.07,0.07,2394834000.0,,2394834000.0,6800165694.0,-7151.0,43.592,201196000.0,0.994,1.0,301390000.0,0.329,1830311000.0,15653000.0,2698857000.0,,573540000.0,0.0,0.0,0.0,2042282000.0,668184000.0,1374098000.0,5899675694.0,123226000.0,-32066000.0,-172000.0,-19008000.0,-27324000.0,-54938000.0,-42734000.0,0.0,211864000.0,6730000.0,15029000.0,15029000.0,15029000.0,20598000.0,0.0,0.016,253886000.0,47504000.0,191142000.0,1.929,2.464,-48.653,-48.6,676196000.0,0.0,29.16,1.455,1.457,641824000.0,3164596000.0,914732000.0,914732000.0,0.0,,,,,0.0,253886000.0,1.0,202320840.0,202343000,202761000.0,4.521,2606805000.0,56554000.0,-10447000.0,208555000.0,12.883,936511000.0
76,DOV,MRQ,2002-09-30,2002-09-30,2002-09-30,2021-10-19,-89460000.0,4365841000.0,,1730076000.0,2635765000.0,,11.621,-23633000.0,174331000.0,174331000.0,711894000.0,56442000.0,2.278,0.854,1074821000.0,44712000.0,1030109000.0,1074821000.0,0.0,40461000.0,0.0,0.021,0.135,93497000.0,133958000.0,0.126,133958000.0,93497000.0,78871000.0,0.28,0.28,0.28,2354874000.0,,2354874000.0,6107297102.0,338.0,25.785,71596000.0,0.353,1.0,350557000.0,0.33,1846849000.0,14626000.0,2660148000.0,,629045000.0,301000.0,301000.0,0.0,2010967000.0,759334000.0,1251633000.0,5144865102.0,57889000.0,-1345000.0,-13146000.0,-4189000.0,-27365000.0,-36266000.0,-24978000.0,0.0,95229000.0,16791000.0,56442000.0,56442000.0,56442000.0,2049000.0,0.0,0.053,251230000.0,99327000.0,205245000.0,0.482,2.185,-45.633,-45.321,722182000.0,0.0,25.38,1.296,1.295,746709000.0,3176891000.0,1062451000.0,1062451000.0,0.0,,,,,0.0,251230000.0,1.0,202713361.0,202631000,203197000.0,5.243,2518992000.0,32908000.0,22429000.0,182736000.0,12.431,970742000.0
77,DOV,MRQ,2002-06-30,2002-06-30,2002-06-30,2021-10-19,-95518000.0,4315958000.0,,1647074000.0,2668884000.0,,11.51,-24309000.0,116417000.0,116417000.0,727056000.0,55201000.0,2.246,0.85,1078849000.0,44161000.0,1034688000.0,1078849000.0,0.0,38978000.0,0.0,0.015,0.135,94819000.0,133797000.0,0.124,133797000.0,94819000.0,76820000.0,0.27,0.27,0.27,2332635000.0,,2332635000.0,8140694635.0,-165.0,48.66,66012000.0,0.326,1.0,354785000.0,0.328,1847730000.0,17999000.0,2697350000.0,,646472000.0,444000.0,444000.0,0.0,1983323000.0,733310000.0,1250013000.0,7096871635.0,-48802000.0,-3658000.0,2013000.0,-130586000.0,-27385000.0,-155958000.0,-27967000.0,0.0,90321000.0,0.0,55201000.0,55201000.0,55201000.0,10111000.0,0.0,0.051,250371000.0,104414000.0,233201000.0,0.5,3.042,-42.604,-42.683,736208000.0,0.0,35.0,1.779,1.778,733969000.0,3147814000.0,1081841000.0,1081841000.0,0.0,,,,,0.0,250371000.0,1.0,202767761.0,202655000,203713000.0,5.338,2468228000.0,43988000.0,21619000.0,134846000.0,12.179,913764000.0
78,DOV,MRQ,2002-03-31,2002-03-31,2002-03-31,2021-10-19,-160468000.0,4302223000.0,,1668800000.0,2633423000.0,,11.04,-21131000.0,165648000.0,165648000.0,670382000.0,-247933000.0,1.993,0.923,1209471000.0,177299000.0,1032172000.0,1209471000.0,0.0,39596000.0,0.0,0.013,0.135,-207825000.0,-168229000.0,-0.169,-168229000.0,-207825000.0,-226011000.0,-1.22,-1.22,-1.22,2237330000.0,,2237330000.0,9210785891.0,182.0,34.867,-22706000.0,-0.112,1.0,324187000.0,0.326,1817555000.0,18186000.0,2691337000.0,,651486000.0,635000.0,635000.0,0.0,2064893000.0,837154000.0,1227739000.0,8309627891.0,-10449000.0,-45824000.0,2209000.0,132245000.0,-27362000.0,107092000.0,-66955000.0,0.0,-1575000.0,0.0,-247933000.0,-247933000.0,-247933000.0,3300000.0,0.0,-0.249,240722000.0,83465000.0,207992000.0,-0.111,3.714,-105.879,-105.128,740347000.0,0.0,41.0,2.073,2.073,704472000.0,3119999000.0,994569000.0,994569000.0,0.0,,,,,0.0,240722000.0,1.0,202673851.0,202660000,203818000.0,4.908,2484668000.0,47055000.0,21922000.0,150969000.0,12.26,831646000.0
79,DOV,MRQ,2001-12-31,2001-12-31,2001-12-31,2021-10-19,-149723000.0,4623932000.0,,1573345000.0,3050587000.0,,12.444,-18474000.0,175331000.0,175331000.0,563691000.0,23546000.0,2.007,0.835,1075257000.0,43513000.0,1031744000.0,1075257000.0,0.0,99728000.0,0.0,0.014,0.135,37600000.0,137328000.0,0.165,137328000.0,37600000.0,33146000.0,0.11,0.12,0.11,2519281000.0,,2519281000.0,8541872062.0,21.0,14.089,121717000.0,0.601,1.0,267193000.0,0.322,2079266000.0,4454000.0,2660690000.0,,639018000.0,997000.0,997000.0,0.0,2104651000.0,783902000.0,1320749000.0,7503663062.0,-45939000.0,-5055000.0,929000.0,-188974000.0,-27344000.0,-215389000.0,-23529000.0,0.0,140191000.0,-8026000.0,23546000.0,23546000.0,23546000.0,22403000.0,0.0,0.028,197169000.0,70024000.0,202042000.0,1.227,2.978,30.191,30.385,738213000.0,0.0,37.07,1.777,1.781,663839000.0,3395293000.0,830884000.0,830884000.0,0.0,,,,,0.0,197169000.0,1.0,202418750.0,202442000,203422000.0,4.104,2544666000.0,57534000.0,9600000.0,279883000.0,12.57,789443000.0
80,DOV,MRQ,2001-09-30,2001-09-30,2001-09-30,2021-10-19,-129624000.0,4828102000.0,,1834424000.0,2993678000.0,,12.519,-28187000.0,221781000.0,221781000.0,773310000.0,2607000.0,1.77,0.9,1259990000.0,221341000.0,1038649000.0,1259990000.0,0.0,38206000.0,0.0,0.017,0.135,26196000.0,64402000.0,0.06,64402000.0,26196000.0,4757000.0,0.02,0.01,0.02,2540899000.0,,2540899000.0,7179278133.0,13.0,9.706,121819000.0,0.6,1.0,307695000.0,0.285,2150524000.0,21439000.0,2679403000.0,,744495000.0,521000.0,521000.0,0.0,2287203000.0,1036384000.0,1250819000.0,6115306133.0,-138050000.0,-31849000.0,-21946000.0,-167911000.0,-27421000.0,-217278000.0,-60036000.0,0.0,150006000.0,0.0,2607000.0,2607000.0,2607000.0,3102000.0,0.0,0.002,283154000.0,24541000.0,224335000.0,6.75,2.407,17.002,17.608,775055000.0,0.0,30.11,1.379,1.378,762885000.0,3399091000.0,1081005000.0,1081005000.0,0.0,,,,,0.0,283154000.0,1.0,203098842.0,202958000,203924000.0,5.326,2677578000.0,0.0,2150000.0,200146000.0,13.193,798040000.0
81,DOV,MRQ,2001-06-30,2001-06-30,2001-06-30,2021-10-19,-164607000.0,5004101000.0,,2021844000.0,2982257000.0,,12.57,-39552000.0,360030000.0,360030000.0,735830000.0,143298000.0,1.658,0.96,1424002000.0,391003000.0,1032999000.0,1424002000.0,0.0,36042000.0,0.0,0.013,0.125,194627000.0,230669000.0,0.209,230669000.0,194627000.0,171606000.0,0.7,0.7,0.7,2552636000.0,,2552636000.0,9021337052.0,12.0,9.892,207643000.0,1.022,1.0,365352000.0,0.332,2111096000.0,23021000.0,2737702000.0,,784444000.0,1180000.0,1180000.0,0.0,2451465000.0,1219275000.0,1232190000.0,7652865052.0,190335000.0,-153905000.0,-6392000.0,-117530000.0,-25386000.0,-149308000.0,-193457000.0,0.0,247195000.0,0.0,143298000.0,143298000.0,143298000.0,-94665000.0,0.0,0.13,275118000.0,90234000.0,213394000.0,0.179,2.998,15.684,15.688,769207000.0,0.0,37.65,1.613,1.611,769302000.0,3423905000.0,1101182000.0,1101182000.0,0.0,,,,,0.0,275118000.0,1.0,203263348.0,203078000,204238000.0,5.422,2893005000.0,0.0,28308000.0,218813000.0,14.246,802569000.0
82,DOV,MRQ,2001-03-31,2001-03-31,2001-03-31,2021-10-19,-147650000.0,4919128000.0,,1939676000.0,2979452000.0,,12.094,-61130000.0,169768000.0,169768000.0,796951000.0,79086000.0,1.56,1.001,1538240000.0,504948000.0,1033292000.0,1538240000.0,0.0,33869000.0,0.0,0.014,0.125,140030000.0,173899000.0,0.144,173899000.0,140030000.0,113726000.0,0.39,0.39,0.39,2457850000.0,,2457850000.0,8579175181.0,11.0,8.909,42259000.0,0.208,1.0,413223000.0,0.341,2098145000.0,26304000.0,2945828000.0,,794056000.0,1812000.0,1812000.0,0.0,2461278000.0,1243627000.0,1217651000.0,7286191181.0,-11415000.0,-82361000.0,-801000.0,63359000.0,-25412000.0,37146000.0,-143491000.0,0.0,103389000.0,0.0,79086000.0,79086000.0,79086000.0,-1141000.0,0.0,0.065,284140000.0,129083000.0,252100000.0,0.321,2.964,15.136,15.122,787458000.0,0.0,35.84,1.45,1.45,864052000.0,3305992000.0,1210174000.0,1210174000.0,0.0,,,,,0.0,284140000.0,1.0,203297745.0,203222000,204468000.0,5.955,2820983000.0,0.0,34640000.0,137309000.0,13.881,696049000.0
83,DOV,MRQ,2000-12-31,2000-12-31,2000-12-31,2021-10-19,-109579000.0,4893763000.0,,1908674000.0,2985089000.0,,12.023,-42325000.0,180648000.0,180648000.0,661825000.0,134693000.0,1.216,1.004,1474383000.0,842537000.0,631846000.0,1474383000.0,0.0,82866000.0,0.0,0.012,0.125,187868000.0,270734000.0,0.259,270734000.0,187868000.0,159258000.0,0.6,0.61,0.6,2441575000.0,,2441575000.0,9494497678.0,11.0,9.224,154914000.0,0.763,1.0,381951000.0,0.366,1973066000.0,28610000.0,2644905000.0,,750599000.0,5341000.0,5341000.0,0.0,2452188000.0,1569527000.0,882661000.0,8237515678.0,-29610000.0,-113426000.0,11000.0,-36821000.0,-25392000.0,-62202000.0,-155751000.0,0.0,197239000.0,-4097000.0,134693000.0,134693000.0,134693000.0,-7506000.0,0.0,0.129,213048000.0,168903000.0,266729000.0,0.208,3.374,15.853,15.844,715244000.0,0.0,40.56,1.626,1.625,869510000.0,3252319000.0,1043776000.0,1043776000.0,0.0,,,,,0.0,213048000.0,1.0,203094568.0,203073000,204500000.0,5.14,2920697000.0,0.0,24565000.0,111295000.0,14.382,339147000.0
84,DOV,MRQ,2000-09-30,2000-09-30,2000-09-30,2021-10-19,-124971000.0,4791325000.0,,2012307000.0,2779018000.0,,11.404,-57190000.0,210860000.0,210860000.0,876243000.0,130867000.0,1.206,1.07,1467842000.0,838548000.0,629294000.0,1467842000.0,0.0,9284000.0,0.0,0.01,0.125,227386000.0,236670000.0,0.17,236670000.0,227386000.0,200379000.0,0.71,0.71,0.71,2315207000.0,,2315207000.0,10822209091.0,13.0,11.139,146079000.0,0.72,1.0,514243000.0,0.37,1945135000.0,27007000.0,2434449000.0,,768887000.0,0.0,0.0,0.0,2476118000.0,1668723000.0,807395000.0,9532316091.0,75149000.0,-102630000.0,327000.0,41037000.0,-25385000.0,15979000.0,-145635000.0,14185000.0,203269000.0,0.0,130867000.0,130867000.0,130867000.0,13595000.0,0.0,0.094,288813000.0,225430000.0,282822000.0,0.176,4.117,18.842,18.265,706684000.0,0.0,46.94,1.887,1.887,936130000.0,3143018000.0,1390486000.0,1390486000.0,0.0,,,,,0.0,288813000.0,1.0,203074480.0,203021000,204842000.0,6.849,2846190000.0,0.0,69512000.0,143532000.0,14.019,343584000.0
85,DOV,MRQ,2000-06-30,2000-06-30,2000-06-30,2021-10-19,-99216000.0,4562086000.0,,1847979000.0,2714107000.0,,11.01,-42116000.0,135711000.0,135711000.0,871839000.0,136733000.0,1.221,1.041,1425604000.0,795586000.0,630018000.0,1425604000.0,0.0,48621000.0,0.0,0.011,0.115,233085000.0,281706000.0,0.204,281706000.0,233085000.0,209412000.0,0.67,0.67,0.67,2234947000.0,,2234947000.0,9502322439.0,12.0,9.633,76985000.0,0.379,1.0,507421000.0,0.368,1926916000.0,23673000.0,2411961000.0,,715837000.0,0.0,0.0,0.0,2327139000.0,1513102000.0,814037000.0,8233694439.0,14836000.0,-70526000.0,649000.0,31703000.0,-23352000.0,9000000.0,-112642000.0,0.0,119101000.0,0.0,136733000.0,136733000.0,136733000.0,0.0,0.0,0.099,280898000.0,226523000.0,276258000.0,0.172,3.684,16.581,16.355,673074000.0,0.0,40.56,1.711,1.711,901596000.0,3037536000.0,1379260000.0,1379260000.0,0.0,,,,,0.0,280898000.0,1.0,203000356.0,202993000,204926000.0,6.795,2635170000.0,0.0,72679000.0,118440000.0,12.982,334877000.0
86,DOV,MRQ,2000-03-31,2000-03-31,2000-03-31,2021-10-19,-78038000.0,4403366000.0,,1760416000.0,2642950000.0,,10.558,-35231000.0,120875000.0,120875000.0,794144000.0,117319000.0,1.197,1.057,1389503000.0,755208000.0,634295000.0,1389503000.0,0.0,43453000.0,0.0,0.009,0.115,196758000.0,240211000.0,0.192,240211000.0,196758000.0,178993000.0,0.58,0.57,0.58,2141182000.0,,2141182000.0,10483305756.0,14.0,11.563,-19084000.0,-0.094,1.0,457139000.0,0.365,1927271000.0,17765000.0,2273606000.0,,705122000.0,0.0,0.0,0.0,2262184000.0,1471117000.0,791067000.0,9715418756.0,-17163000.0,-139157000.0,2142000.0,469703000.0,-23339000.0,448506000.0,-174388000.0,0.0,16147000.0,0.0,117319000.0,117319000.0,117319000.0,0.0,0.0,0.094,264079000.0,193060000.0,264959000.0,0.198,4.537,21.44,20.908,651514000.0,0.0,47.88,2.154,2.153,841743000.0,2924155000.0,1251283000.0,1251283000.0,0.0,,,,,0.0,264079000.0,1.0,202911837.0,202797000,204440000.0,6.17,2476095000.0,0.0,61674000.0,141212000.0,12.21,289299000.0
87,DOV,MRQ,1999-12-31,1999-12-31,1999-12-31,2021-10-19,-79939000.0,4131940000.0,,1611562000.0,2520378000.0,,10.066,-33387000.0,138038000.0,138038000.0,643928000.0,120989000.0,1.215,1.027,905925000.0,297900000.0,608025000.0,905925000.0,0.0,29375000.0,0.0,0.01,0.115,183605000.0,212980000.0,0.207,212980000.0,183605000.0,168777000.0,0.61,0.61,0.61,2038756000.0,,2038756000.0,9860703825.0,8.0,7.294,137569000.0,0.679,1.0,386401000.0,0.375,1820717000.0,14828000.0,1752624000.0,,639379000.0,0.0,0.0,0.0,2093184000.0,1326486000.0,766698000.0,9240719825.0,-36649000.0,-1375994000.0,-671364000.0,102964000.0,-23300000.0,-591700000.0,-779609000.0,629772000.0,170956000.0,-6982000.0,120989000.0,120989000.0,120989000.0,-19497000.0,0.0,0.117,220040000.0,166361000.0,253650000.0,0.189,4.533,9.947,10.221,646475000.0,0.0,45.38,2.185,2.244,750917000.0,2830175000.0,1030329000.0,1030329000.0,0.0,,,,,0.0,220040000.0,1.0,203629789.0,202538000,204388000.0,5.087,2311223000.0,0.0,47788000.0,431305000.0,11.411,285076000.0
88,DOV,MRQ,1999-09-30,1999-09-30,1999-09-30,2021-10-19,-63793000.0,3930295000.0,,1618353000.0,2311942000.0,,9.694,-33086000.0,174628000.0,174628000.0,734564000.0,121535000.0,1.354,0.967,794612000.0,185211000.0,609401000.0,794612000.0,0.0,51248000.0,0.0,0.011,0.115,200336000.0,251584000.0,0.219,251584000.0,200336000.0,188079000.0,0.62,0.62,0.62,1998058000.0,,1998058000.0,9000220882.0,8.0,6.741,99713000.0,0.484,1.0,415967000.0,0.362,1664232000.0,12257000.0,1690659000.0,,612947000.0,0.0,0.0,0.0,1932237000.0,1195388000.0,736849000.0,8519800882.0,-56078000.0,-24216000.0,1304000.0,83148000.0,-23703000.0,60749000.0,-249626000.0,-192324000.0,132799000.0,0.0,121535000.0,121535000.0,121535000.0,0.0,0.0,0.106,234261000.0,181706000.0,213722000.0,0.185,4.264,9.437,9.596,596595000.0,0.0,40.88,2.02,1.998,748993000.0,2732486000.0,1150531000.0,1150531000.0,0.0,,,,,0.0,234261000.0,1.0,208410002.0,206122000,207832000.0,5.582,2266063000.0,0.0,66544000.0,424267000.0,10.994,422965000.0
89,DOV,MRQ,1999-06-30,1999-06-30,1999-06-30,2021-10-19,-67576000.0,3856303000.0,,1587699000.0,2268604000.0,,9.904,-27520000.0,230706000.0,230706000.0,687705000.0,93310000.0,1.523,0.848,711126000.0,104384000.0,606742000.0,711126000.0,0.0,46732000.0,0.0,0.012,0.105,155154000.0,201886000.0,0.187,201886000.0,155154000.0,142825000.0,0.48,0.48,0.48,2086366000.0,,2086366000.0,7668826090.0,7.0,5.984,63583000.0,0.302,1.0,390145000.0,0.362,1647137000.0,12329000.0,1646803000.0,,607179000.0,0.0,0.0,0.0,1769937000.0,1042783000.0,727154000.0,7468418090.0,-289236000.0,1029343000.0,1361000.0,-3650000.0,-22120000.0,-24409000.0,813669000.0,-188154000.0,91103000.0,0.0,93310000.0,93310000.0,93310000.0,0.0,0.0,0.087,241615000.0,148530000.0,202993000.0,0.219,3.58,8.533,8.621,588627000.0,0.0,35.0,1.828,1.805,669500000.0,2634654000.0,1077850000.0,1077850000.0,0.0,,,,,0.0,241615000.0,1.0,213383374.0,210664000,212170000.0,5.116,2209166000.0,0.0,49515000.0,402190000.0,10.487,544916000.0
90,DOV,MRQ,1999-03-31,1999-03-31,1999-03-31,2021-10-19,-52282000.0,3995099000.0,,1819257000.0,2175842000.0,,10.219,-26305000.0,519942000.0,519942000.0,626882000.0,593158000.0,1.731,0.802,720350000.0,111168000.0,609182000.0,720350000.0,0.0,43182000.0,0.0,0.012,0.105,642325000.0,685507000.0,0.707,685507000.0,642325000.0,628702000.0,2.73,2.73,2.73,2216709000.0,,2216709000.0,8045513990.0,7.0,6.294,10385000.0,0.048,1.0,342873000.0,0.354,1555325000.0,13623000.0,1588948000.0,,607478000.0,0.0,0.0,0.0,1778390000.0,1051234000.0,727156000.0,7098608990.0,423168000.0,-164048000.0,4550000.0,-325339000.0,-22685000.0,-343474000.0,-439647000.0,-249294000.0,36690000.0,0.0,593158000.0,593158000.0,593158000.0,-523938000.0,0.0,0.612,233719000.0,109154000.0,193843000.0,0.038,3.202,8.048,8.159,587600000.0,0.0,32.88,1.767,1.776,611711000.0,2563464000.0,969755000.0,969755000.0,0.0,,,,,0.0,233719000.0,1.0,215894434.0,216928000,218326000.0,4.47,2439774000.0,0.0,35544000.0,428617000.0,11.247,768023000.0
91,DOV,MRQ,1998-12-31,1998-12-31,1998-12-31,2021-10-19,-27192000.0,3627276000.0,,1304524000.0,2322752000.0,,8.604,-33671000.0,96774000.0,96774000.0,652681000.0,94824000.0,1.318,0.898,1043679000.0,433589000.0,610090000.0,1043679000.0,0.0,45488000.0,0.0,0.011,0.105,150736000.0,196224000.0,0.193,196224000.0,150736000.0,133259000.0,0.43,0.43,0.43,1910884000.0,,1910884000.0,9107908539.0,15.0,11.836,139006000.0,0.626,1.0,366185000.0,0.359,1446151000.0,17477000.0,2138283000.0,,559267000.0,0.0,0.0,0.0,1716392000.0,989747000.0,726645000.0,8150076539.0,32935000.0,-21182000.0,-102504000.0,-12251000.0,-23359000.0,-138114000.0,-18038000.0,36815000.0,172677000.0,1986000.0,94824000.0,94824000.0,94824000.0,-12759000.0,0.0,0.093,230547000.0,135638000.0,187738000.0,0.244,4.265,21.513,21.547,571963000.0,0.0,36.63,2.049,2.052,575630000.0,1992991000.0,1018866000.0,1018866000.0,0.0,,,,,0.0,230547000.0,1.0,222497312.0,222088000,224224000.0,4.588,2181125000.0,0.0,38435000.0,50479000.0,9.821,314777000.0
92,DOV,MRQ,1998-09-30,1998-09-30,1998-09-30,2021-10-19,-22764000.0,3848149000.0,,1677530000.0,2170619000.0,,8.587,-28555000.0,92327000.0,92327000.0,649471000.0,93972000.0,1.4,1.007,1050159000.0,438849000.0,611310000.0,1050159000.0,0.0,43453000.0,0.0,0.013,0.105,154414000.0,197867000.0,0.194,197867000.0,154414000.0,136909000.0,0.42,0.42,0.42,1917216000.0,,1917216000.0,7922494496.0,14.0,10.726,147715000.0,0.662,1.0,369061000.0,0.362,1483984000.0,17505000.0,2123592000.0,,664860000.0,0.0,0.0,0.0,1930933000.0,1198405000.0,732528000.0,6889779496.0,-7152000.0,-5792000.0,1651000.0,-79609000.0,-23466000.0,-101424000.0,-69983000.0,-35636000.0,176270000.0,0.0,93972000.0,93972000.0,93972000.0,-8191000.0,0.0,0.092,224767000.0,144294000.0,208139000.0,0.25,3.594,17.929,17.953,634087000.0,0.0,30.88,2.087,2.088,852903000.0,1921527000.0,1018532000.0,1018532000.0,0.0,,,,,0.0,224767000.0,1.0,223114621.0,223282000,223936000.0,4.562,2364165000.0,0.0,42937000.0,41375000.0,10.588,479125000.0
93,DOV,MRQ,1998-06-30,1998-06-30,1998-06-30,2021-10-19,-38577000.0,3834437000.0,,1663210000.0,2171227000.0,,8.313,-32708000.0,99786000.0,99786000.0,650857000.0,100054000.0,1.328,1.068,1132501000.0,521141000.0,611360000.0,1132501000.0,0.0,41239000.0,0.0,0.011,0.095,157471000.0,198710000.0,0.197,198710000.0,157471000.0,143546000.0,0.45,0.45,0.45,1853931000.0,,1853931000.0,8302170813.0,14.0,11.054,30313000.0,0.136,1.0,358915000.0,0.355,1478692000.0,13925000.0,2135979000.0,,653293000.0,0.0,0.0,0.0,1980506000.0,1252481000.0,728025000.0,7637315813.0,-6938000.0,-405082000.0,1323000.0,362857000.0,-21189000.0,342991000.0,-413623000.0,24167000.0,63021000.0,0.0,100054000.0,100054000.0,100054000.0,-15346000.0,0.0,0.099,224508000.0,134407000.0,221779000.0,0.211,4.12,19.48,19.46,623740000.0,0.0,34.25,2.216,2.216,844724000.0,1851020000.0,1009772000.0,1009772000.0,0.0,,,,,0.0,224508000.0,1.0,222987323.0,223027000,224562000.0,4.528,2355745000.0,0.0,43492000.0,45223000.0,10.563,410729000.0
94,DOV,MRQ,1998-03-31,1998-03-31,1998-03-31,2021-10-19,-36767000.0,3398194000.0,,1610584000.0,1787610000.0,,7.965,-24926000.0,106282000.0,106282000.0,598372000.0,89995000.0,1.29,0.915,771137000.0,509490000.0,261647000.0,771137000.0,0.0,37507000.0,0.0,0.01,0.095,139219000.0,176726000.0,0.19,176726000.0,139219000.0,127380000.0,0.4,0.4,0.4,1774447000.0,,1774447000.0,9044545330.0,14.0,11.529,59332000.0,0.266,1.0,332124000.0,0.357,1162094000.0,11839000.0,1652640000.0,,610016000.0,24267000.0,24267000.0,0.0,1623747000.0,1248315000.0,375432000.0,8469878330.0,-25182000.0,-117038000.0,4161000.0,67159000.0,-21175000.0,50145000.0,-145331000.0,-3367000.0,84258000.0,0.0,89995000.0,89995000.0,89995000.0,-16152000.0,0.0,0.097,214503000.0,117621000.0,223825000.0,0.237,4.773,20.315,20.321,586701000.0,0.0,38.0,2.358,2.357,804726000.0,1772155000.0,930496000.0,930496000.0,0.0,,,,,0.0,214503000.0,1.0,222891535.0,222775000,224822000.0,4.177,2236100000.0,0.0,37385000.0,89700000.0,10.037,362269000.0
95,DOV,MRQ,1997-12-31,1997-12-31,1997-12-31,2021-10-19,-32104000.0,3080234000.0,,1296955000.0,1783279000.0,,7.656,-16935000.0,103111000.0,103111000.0,152172000.0,100260000.0,1.291,0.808,698747000.0,436117000.0,262630000.0,698747000.0,0.0,47176000.0,0.0,0.01,0.095,118140000.0,165316000.0,0.482,165316000.0,118140000.0,106658000.0,0.45,0.48,0.45,1703584000.0,,1703584000.0,8657878697.0,14.0,11.184,103529000.0,0.465,1.0,190860000.0,0.556,1044969000.0,11482000.0,1626141000.0,,496464000.0,21929000.0,21929000.0,0.0,1376650000.0,1004760000.0,371890000.0,8034869697.0,-18887000.0,-121102000.0,7689000.0,-91024000.0,-21144000.0,-107151000.0,-133039000.0,4998000.0,120464000.0,-3780000.0,100260000.0,100260000.0,100260000.0,-57084000.0,0.0,0.292,112449000.0,78411000.0,191587000.0,0.211,4.716,19.818,19.852,522344000.0,0.0,36.13,2.19,2.197,616168000.0,1703335000.0,343032000.0,343032000.0,0.0,,,,,0.0,112449000.0,1.0,222387758.0,222515000,226080000.0,1.542,2035265000.0,0.0,6398000.0,72040000.0,9.147,292195000.0
96,DOV,MRQ,1997-09-30,1997-09-30,1997-09-30,2021-10-19,-27030000.0,3244582000.0,,1607850000.0,1636732000.0,,7.311,-36925000.0,155621000.0,155621000.0,760246000.0,101756000.0,1.284,0.996,778630000.0,521557000.0,257073000.0,778630000.0,0.0,37604000.0,0.0,0.01,0.095,172688000.0,210292000.0,0.181,210292000.0,172688000.0,161034000.0,0.46,0.44,0.46,1625626000.0,,1625626000.0,8201538506.0,14.0,11.399,130032000.0,0.585,1.0,403498000.0,0.347,1023639000.0,11654000.0,1591562000.0,,544305000.0,21239000.0,21239000.0,0.0,1618956000.0,1252390000.0,366566000.0,7547329506.0,20677000.0,-75321000.0,169000.0,-12029000.0,-21146000.0,-33006000.0,-113274000.0,-1028000.0,166957000.0,0.0,101756000.0,101756000.0,101756000.0,0.0,0.0,0.087,234742000.0,168756000.0,222987000.0,0.207,4.643,19.58,19.675,541434000.0,0.0,33.94,2.15,2.15,825990000.0,1715976000.0,1163744000.0,1163744000.0,0.0,,,,,0.0,234742000.0,1.0,222372702.0,222365000,228350000.0,5.233,2220943000.0,0.0,59278000.0,62239000.0,9.988,355460000.0
97,DOV,MRQ,1997-06-30,1997-06-30,1997-06-30,2021-10-19,-21055000.0,3125864000.0,,1575543000.0,1550321000.0,,6.961,-34650000.0,134944000.0,134944000.0,758936000.0,124915000.0,1.295,1.016,789153000.0,534230000.0,254923000.0,789153000.0,0.0,35668000.0,0.0,0.011,0.085,196503000.0,232171000.0,0.201,232171000.0,196503000.0,184463000.0,0.56,0.55,0.56,1550362000.0,,1550362000.0,7502110455.0,12.0,9.845,16126000.0,0.072,1.0,395075000.0,0.342,975822000.0,12040000.0,1587773000.0,,527056000.0,19527000.0,19527000.0,0.0,1575502000.0,1216478000.0,359024000.0,6913959455.0,21578000.0,-8601000.0,1051000.0,87458000.0,-18896000.0,69613000.0,-98811000.0,-55560000.0,50776000.0,0.0,124915000.0,124915000.0,124915000.0,0.0,0.0,0.108,238086000.0,156989000.0,226011000.0,0.152,4.46,16.153,16.218,519632000.0,0.0,30.815,2.061,2.045,835146000.0,1635366000.0,1154011000.0,1154011000.0,0.0,,,,,0.0,238086000.0,1.0,224369932.0,222716000,225748000.0,5.182,2150042000.0,0.0,59548000.0,66380000.0,9.654,359065000.0
98,DOV,MRQ,1997-03-31,1997-03-31,1997-03-31,2021-10-19,-16101000.0,2959628000.0,,1432046000.0,1527582000.0,,6.669,-27377000.0,113366000.0,113366000.0,670914000.0,78500000.0,1.297,0.971,701517000.0,446382000.0,255135000.0,701517000.0,0.0,34756000.0,0.0,0.013,0.085,131623000.0,166379000.0,0.165,166379000.0,131623000.0,120636000.0,0.35,0.35,0.35,1501293000.0,,1501293000.0,,,,54005000.0,0.24,1.0,337867000.0,0.335,981443000.0,10987000.0,1462261000.0,,523726000.0,18208000.0,18208000.0,0.0,1458335000.0,1104075000.0,354260000.0,5917145902.0,-86589000.0,-46563000.0,4113000.0,-46007000.0,-19161000.0,-61055000.0,-106916000.0,-32976000.0,81382000.0,0.0,78500000.0,78500000.0,78500000.0,0.0,0.0,0.078,222516000.0,115351000.0,198128000.0,0.243,3.941,15.134,15.173,509121000.0,0.0,26.25,1.835,1.833,717594000.0,1529348000.0,1008781000.0,1008781000.0,0.0,,,,,0.0,222516000.0,1.0,225415082.0,225128000,227082000.0,4.481,1978185000.0,0.0,42136000.0,86423000.0,8.787,327971000.0
99,DOV,MRQ,1996-12-31,1996-12-31,1996-12-31,2021-10-19,5563000.0,2993379000.0,,1489813000.0,1503566000.0,,6.62,-23185000.0,199956000.0,199956000.0,65025000.0,80297000.0,1.308,1.009,745360000.0,492405000.0,252955000.0,745360000.0,0.0,18232000.0,0.0,0.013,0.085,92413000.0,110645000.0,0.604,110645000.0,92413000.0,82566000.0,0.355,,0.355,1489703000.0,,1489703000.0,,,,14851000.0,0.066,1.0,118264000.0,0.645,973440000.0,9847000.0,1426238000.0,,499870000.0,17839000.0,17839000.0,0.0,1503676000.0,1139105000.0,364571000.0,5691730820.0,64139000.0,-197529000.0,3143000.0,210736000.0,-19129000.0,193250000.0,-208918000.0,11796000.0,38036000.0,2432000.0,80297000.0,80297000.0,80297000.0,-53704000.0,0.0,0.438,76492000.0,41772000.0,202763000.0,0.239,3.821,14.586,14.68,494933000.0,0.0,25.25,1.77,1.779,715495000.0,1470009000.0,183289000.0,183289000.0,0.0,,,,,0.0,76492000.0,1.0,225415082.0,225018000,,0.815,2019939000.0,0.0,2269000.0,55498000.0,8.977,350708000.0
100,DOV,MRQ,1996-09-30,1996-09-30,1996-09-30,2021-10-19,,,,,,,,-24596000.0,,,672983000.0,144323000.0,,,,,,,,31797000.0,,0.013,0.085,221019000.0,252816000.0,0.25,252816000.0,221019000.0,211462000.0,0.635,,0.635,,,,,,,124404000.0,0.551,1.0,336405000.0,0.333,,9557000.0,,,,,,,,,,,18142000.0,79750000.0,467000.0,-106651000.0,-19125000.0,-125309000.0,-5549000.0,-60703000.0,149000000.0,0.0,144323000.0,144323000.0,144323000.0,0.0,0.0,0.143,198229000.0,138176000.0,,0.134,,,,,0.0,23.875,,,,,1009388000.0,1009388000.0,0.0,,,,,0.0,198229000.0,1.0,,225886000,,4.469,,,67139000.0,,,
101,DOV,MRQ,1996-06-30,1996-06-30,1996-06-30,2021-10-19,,,,,,,,-26161000.0,,,674637000.0,87858000.0,,,,,,,,30199000.0,,0.013,0.075,148463000.0,178662000.0,0.175,178662000.0,148463000.0,137730000.0,0.39,,0.39,,,,,,,30859000.0,0.136,1.0,348786000.0,0.341,,10733000.0,,,,,,,,,,,1883000.0,17842000.0,1367000.0,-28639000.0,-17080000.0,-44352000.0,-10785000.0,-2466000.0,57020000.0,0.0,87858000.0,87858000.0,87858000.0,0.0,0.0,0.086,204635000.0,144151000.0,,0.192,,,,,0.0,22.875,,,,,1023423000.0,1023423000.0,0.0,,,,,0.0,204635000.0,1.0,,227700000,,4.495,,,49872000.0,,,
102,DOV,MRQ,1996-03-31,1996-03-31,1996-03-31,2021-10-19,,,,,,,,-35685000.0,,,664276000.0,77745000.0,,,,,,,,30256000.0,,0.012,0.075,135581000.0,165837000.0,0.166,165837000.0,135581000.0,124055000.0,0.34,,0.34,,,,,,,72901000.0,0.32,1.0,335197000.0,0.335,,11526000.0,,,,,,,,,,,-14924000.0,-58849000.0,2469000.0,-11819000.0,-17068000.0,-26418000.0,-97092000.0,-2558000.0,108586000.0,0.0,77745000.0,77745000.0,77745000.0,0.0,0.0,0.078,206745000.0,128452000.0,,0.221,,,,,0.0,23.312,,,,,999473000.0,999473000.0,0.0,,,,,0.0,206745000.0,1.0,,227492000,,4.393,,,46310000.0,,,
0,DOV,MRT,2021-09-30,2021-09-30,2021-09-30,2021-10-19,0.0,9902983000.0,9488987500.0,3299415000.0,6603568000.0,0.811,27.031,-154598000.0,739144000.0,739144000.0,4798488000.0,943139000.0,1.645,1.545,3060184000.0,0.0,3060184000.0,3060184000.0,195509000.0,291443000.0,0.0,0.013,1.985,1268672000.0,1560115000.0,0.203,1560115000.0,1268672000.0,1160521000.0,6.55,6.49,6.55,3891818000.0,3624009750.0,3891818000.0,24867812082.0,20.0,15.94,1051879000.0,7.306,1.0,2899748000.0,0.377,5189931000.0,108151000.0,5028211000.0,4962846750.0,1055831000.0,0.0,0.0,0.0,6011165000.0,2005881000.0,4005284000.0,22385925082.0,311643000.0,-248399000.0,-88388000.0,-90511000.0,-286089000.0,-497752000.0,-405023000.0,0.0,1206477000.0,7941000.0,943139000.0,943139000.0,943139000.0,0.0,0.0,0.123,1655113000.0,1244635000.0,1047824000.0,0.303,5.752,23.736,23.74,906268000.0,0.0,155.5,2.908,2.908,1351144000.0,,7698236000.0,7698236000.0,0.0,0.099,0.26,0.256,0.165,34488000.0,1655113000.0,1.0,143960933.0,143976000,145440000.0,53.469,4713052000.0,0.0,217382000.0,407368000.0,32.735,1293534000.0
1,DOV,MRT,2021-06-30,2021-06-30,2021-06-30,2021-10-19,0.0,9630000000.0,9259734500.0,3059532000.0,6570468000.0,0.802,25.839,-149343000.0,601359000.0,601359000.0,4624325000.0,879683000.0,1.609,1.589,3083246000.0,0.0,3083246000.0,3083246000.0,189317000.0,288021000.0,0.0,0.013,1.98,1193441000.0,1481462000.0,0.199,1481462000.0,1193441000.0,1083999000.0,6.11,6.06,6.11,3719304000.0,3462660500.0,3719304000.0,24202309163.0,20.0,16.337,1045052000.0,7.26,1.0,2803898000.0,0.377,5175800000.0,109442000.0,5034676000.0,4930071500.0,977831000.0,0.0,0.0,0.0,5910696000.0,1901411000.0,4009285000.0,21675447163.0,-47673000.0,-179584000.0,-96851000.0,-505000000.0,-285440000.0,-919974000.0,-334308000.0,0.0,1194395000.0,12214000.0,879683000.0,879683000.0,879683000.0,0.0,0.0,0.118,1624391000.0,1179507000.0,1006557000.0,0.324,5.828,24.64,24.648,895551000.0,0.0,150.6,2.918,2.918,1329051000.0,,7428223000.0,7428223000.0,0.0,0.095,0.254,0.242,0.161,35199000.0,1624391000.0,1.0,143927272.0,143941000,145118000.0,51.606,4454200000.0,0.0,204316000.0,392045000.0,30.945,1158121000.0
2,DOV,MRT,2021-03-31,2021-03-31,2021-03-31,2021-10-19,0.0,9270893000.0,9130767750.0,2815085000.0,6455808000.0,0.755,24.339,-144960000.0,536512000.0,536512000.0,4312398000.0,739941000.0,1.586,1.649,3063374000.0,0.0,3063374000.0,3063374000.0,195201000.0,284105000.0,0.0,0.014,1.975,1028976000.0,1313081000.0,0.19,1313081000.0,1028976000.0,917484000.0,5.14,5.1,5.14,3499144000.0,3305216250.0,3499144000.0,22294375241.0,22.0,16.979,1061171000.0,7.381,1.0,2583324000.0,0.375,5086609000.0,111492000.0,4935784000.0,4884533750.0,900607000.0,0.0,0.0,0.0,5771749000.0,1775362000.0,3996387000.0,19698621241.0,27605000.0,-128815000.0,-95434000.0,-500000000.0,-284757000.0,-911483000.0,-280440000.0,0.0,1206131000.0,13397000.0,739941000.0,739941000.0,739941000.0,0.0,0.0,0.107,1563089000.0,1020235000.0,911074000.0,0.384,5.63,26.622,26.679,881131000.0,0.0,137.13,2.857,2.859,1240516000.0,,6895722000.0,6895722000.0,0.0,0.081,0.224,0.211,0.149,33295000.0,1563089000.0,1.0,143649247.0,143765000,144938000.0,47.965,4184284000.0,0.0,177543000.0,393538000.0,29.105,1039723000.0
3,DOV,MRT,2020-12-31,2020-12-31,2020-12-31,2021-10-19,0.0,9152074000.0,9049107750.0,2619187000.0,6532887000.0,0.739,23.504,-158485000.0,513075000.0,513075000.0,4209741000.0,683451000.0,1.506,1.703,3108829000.0,0.0,3108829000.0,3108829000.0,184845000.0,279051000.0,0.0,0.016,1.97,953671000.0,1232722000.0,0.184,1232722000.0,953671000.0,841734000.0,4.74,4.7,4.74,3385773000.0,3175600500.0,3385773000.0,20903256499.0,22.0,16.957,946325000.0,6.569,1.0,2474019000.0,0.37,5156314000.0,111937000.0,4852716000.0,4862349250.0,835804000.0,0.0,0.0,0.0,5766301000.0,1738798000.0,4027503000.0,18193041499.0,115822000.0,-320386000.0,-106279000.0,-84700000.0,-284312000.0,-506290000.0,-481379000.0,0.0,1104810000.0,-1319000.0,683451000.0,683451000.0,683451000.0,0.0,0.0,0.102,1541032000.0,932987000.0,853942000.0,0.416,5.373,26.619,26.635,897326000.0,0.0,126.25,2.722,2.721,1137223000.0,8608284000.0,6683760000.0,6683760000.0,0.0,0.076,0.215,0.196,0.143,25026000.0,1541032000.0,1.0,144103299.0,144050000,145393000.0,46.399,3995760000.0,0.0,158283000.0,366030000.0,27.739,880389000.0
4,DOV,MRT,2020-09-30,2020-09-30,2020-09-30,2021-10-19,0.0,8985971000.0,8928458500.0,2604984000.0,6380987000.0,0.748,22.54,-166672000.0,427501000.0,427501000.0,4205074000.0,669467000.0,1.475,1.768,3137716000.0,90500000.0,3047216000.0,3137716000.0,0.0,275837000.0,0.0,0.018,1.965,932897000.0,1208734000.0,0.181,1208734000.0,932897000.0,818348000.0,4.64,4.59,4.64,3246421000.0,3087322250.0,3246421000.0,18454565568.0,20.0,15.268,881455000.0,6.12,1.0,2473885000.0,0.37,5032705000.0,114549000.0,4897110000.0,4838217250.0,838539000.0,0.0,0.0,0.0,5739550000.0,1766371000.0,3973179000.0,15597727568.0,86969000.0,-243274000.0,-165355000.0,-49832000.0,-284153000.0,-538948000.0,-411196000.0,0.0,1048127000.0,-11014000.0,669467000.0,669467000.0,669467000.0,0.0,0.0,0.1,1538735000.0,935150000.0,899814000.0,0.423,4.805,23.299,23.349,879620000.0,0.0,108.34,2.335,2.336,1203429000.0,,6678959000.0,6678959000.0,0.0,0.075,0.217,0.193,0.14,20800000.0,1538735000.0,1.0,143970164.0,144032000,145289000.0,46.371,3953266000.0,0.0,148881000.0,363851000.0,27.447,838613000.0
5,DOV,MRT,2020-06-30,2020-06-30,2020-06-30,2021-10-19,0.0,9114133000.0,8849291000.0,2799445000.0,6314688000.0,0.763,21.462,-170462000.0,649032000.0,649032000.0,4267404000.0,675173000.0,1.324,1.95,3505870000.0,505000000.0,3000870000.0,3505870000.0,0.0,273135000.0,0.0,0.02,1.96,943516000.0,1216651000.0,0.18,1216651000.0,943516000.0,825281000.0,4.67,4.61,4.67,3089527000.0,3030127750.0,3089527000.0,16853634092.0,18.0,13.852,889283000.0,6.178,1.0,2488644000.0,0.368,5004685000.0,118235000.0,4852525000.0,4802524250.0,885972000.0,0.0,0.0,0.0,6024606000.0,2113761000.0,3910845000.0,13899523092.0,327706000.0,-222372000.0,-186204000.0,189657000.0,-284037000.0,-320017000.0,-395084000.0,0.0,1059745000.0,-16938000.0,675173000.0,675173000.0,675173000.0,0.0,0.0,0.1,1547679000.0,940965000.0,912588000.0,0.42,4.499,20.587,20.677,858274000.0,0.0,96.56,2.057,2.057,1142583000.0,,6756048000.0,6756048000.0,0.0,0.076,0.223,0.196,0.14,21305000.0,1547679000.0,1.0,143947008.0,143955000,144995000.0,46.932,4109448000.0,0.0,150108000.0,403020000.0,28.547,685684000.0
6,DOV,MRT,2020-03-31,2020-03-31,2020-03-31,2021-10-19,0.0,8944253000.0,8764770250.0,2706000000.0,6238253000.0,0.806,20.662,-184624000.0,508907000.0,508907000.0,4457940000.0,748492000.0,1.292,2.001,3463018000.0,500000000.0,2963018000.0,3463018000.0,0.0,273301000.0,0.0,0.023,1.95,1039469000.0,1312770000.0,0.186,1312770000.0,1039469000.0,918191000.0,5.16,5.1,5.16,2980681000.0,2996563750.0,2980681000.0,14788056495.0,14.0,11.265,812021000.0,5.629,1.0,2609639000.0,0.369,4956957000.0,121278000.0,4847046000.0,4809108500.0,852075000.0,0.0,0.0,0.0,5963572000.0,2094361000.0,3869211000.0,12114893495.0,265893000.0,-210202000.0,-186607000.0,196114000.0,-283287000.0,-313155000.0,-397076000.0,0.0,996645000.0,-20521000.0,748492000.0,748492000.0,748492000.0,0.0,0.0,0.106,1577573000.0,1032066000.0,947006000.0,0.378,4.064,16.186,16.267,841813000.0,0.0,83.94,1.714,1.713,1222154000.0,,7067579000.0,7067579000.0,0.0,0.085,0.25,0.216,0.147,24772000.0,1577573000.0,1.0,144328014.0,144259000,145782000.0,48.992,3987296000.0,0.0,169699000.0,406881000.0,27.64,611639000.0
7,DOV,MRT,2019-12-31,2019-12-31,2019-12-31,2021-10-19,-216026000.0,8669477000.0,8693184750.0,2548430000.0,6121047000.0,0.821,20.886,-182636000.0,397253000.0,397253000.0,4515459000.0,677918000.0,1.458,1.859,3070416000.0,84700000.0,2985716000.0,3070416000.0,104901000.0,272287000.0,0.0,0.017,1.94,968827000.0,1241114000.0,0.174,1241114000.0,968827000.0,843009000.0,4.67,4.61,4.67,3032660000.0,2960756750.0,3032660000.0,19494300650.0,20.0,15.707,762670000.0,5.253,1.0,2620938000.0,0.367,4838361000.0,125818000.0,4756188000.0,4804543000.0,806141000.0,0.0,0.0,0.0,5636817000.0,1748091000.0,3888726000.0,16743403650.0,1032000.0,-191469000.0,-143280000.0,-93293000.0,-282197000.0,-558042000.0,-384255000.0,0.0,945306000.0,-1977000.0,677918000.0,677918000.0,677918000.0,0.0,0.0,0.095,1646044000.0,974894000.0,920593000.0,0.415,5.521,24.698,24.681,842318000.0,0.0,115.26,2.346,2.345,1217190000.0,8211257000.0,7136397000.0,7136397000.0,0.0,0.078,0.229,0.202,0.136,29702000.0,1599098000.0,1.0,145266386.0,145198000,146992000.0,49.149,3831116000.0,0.0,165091000.0,391784000.0,26.385,800339000.0
8,DOV,MRT,2019-09-30,2019-09-30,2019-09-30,2021-10-19,0.0,8669301000.0,8617258250.0,2585992000.0,6083309000.0,0.832,20.758,-169649000.0,340532000.0,340532000.0,4555164000.0,651365000.0,1.417,1.873,3091429000.0,182700000.0,2908729000.0,3091429000.0,0.0,278856000.0,0.0,0.019,1.93,943243000.0,1222099000.0,0.17,1222099000.0,943243000.0,816256000.0,4.47,4.43,4.47,3017643000.0,2894758250.0,3017643000.0,17462650883.0,19.0,14.289,794400000.0,5.465,1.0,2614594000.0,0.365,4840558000.0,126987000.0,4754338000.0,4739126750.0,816563000.0,0.0,0.0,0.0,5651658000.0,1825302000.0,3826356000.0,14479783883.0,131255000.0,-189601000.0,-10054000.0,-115989000.0,-281516000.0,-450955000.0,-395117000.0,0.0,964049000.0,5363000.0,651365000.0,651365000.0,651365000.0,16406000.0,0.0,0.091,1669019000.0,945575000.0,952708000.0,0.432,4.798,22.23,22.273,820582000.0,0.0,99.56,2.02,2.019,1269150000.0,,7169758000.0,7169758000.0,0.0,0.076,0.225,0.199,0.132,32345000.0,1622073000.0,1.0,145437765.0,145372000,147051000.0,49.32,3828743000.0,0.0,164891000.0,412363000.0,26.338,760690000.0
9,DOV,MRT,2019-06-30,2019-06-30,2019-06-30,2021-10-19,0.0,8776050000.0,8565375500.0,2623251000.0,6152799000.0,0.828,20.33,-159592000.0,321326000.0,321326000.0,4504190000.0,602664000.0,1.342,1.97,3304193000.0,357700000.0,2946493000.0,3304193000.0,0.0,280159000.0,0.0,0.019,1.92,878111000.0,1158270000.0,0.163,1158270000.0,878111000.0,751342000.0,4.12,4.08,4.12,2955271000.0,2827331000.0,2955271000.0,17606217587.0,20.0,15.2,697536000.0,4.798,1.0,2587626000.0,0.365,4924940000.0,126769000.0,4878862000.0,4732372750.0,849266000.0,0.0,0.0,0.0,5820779000.0,1955115000.0,3865664000.0,14562009587.0,78512000.0,-189218000.0,-150007000.0,73044000.0,-280978000.0,-405530000.0,-382427000.0,0.0,857128000.0,4972000.0,602664000.0,602664000.0,602664000.0,16406000.0,0.0,0.085,1704689000.0,882937000.0,960432000.0,0.466,4.927,24.163,24.32,815003000.0,0.0,100.2,2.053,2.054,1288755000.0,,7091816000.0,7091816000.0,0.0,0.07,0.213,0.186,0.124,29912000.0,1657743000.0,1.0,145329437.0,145366000,147179000.0,48.786,3851110000.0,0.0,148678000.0,412231000.0,26.493,668136000.0
10,DOV,MRT,2019-03-31,2019-03-31,2019-03-31,2021-10-19,0.0,8657911000.0,8489655500.0,2529466000.0,6128445000.0,0.834,19.557,-159520000.0,243014000.0,243014000.0,4498935000.0,544538000.0,1.299,2.051,3287222000.0,346255000.0,2940967000.0,3287222000.0,0.0,281693000.0,0.0,0.02,1.91,813683000.0,1095376000.0,0.155,1095376000.0,813683000.0,686543000.0,3.68,3.64,3.68,2837453000.0,2798661000.0,2837453000.0,16363187156.0,20.0,14.938,648104000.0,4.467,1.0,2580269000.0,0.364,4926413000.0,127140000.0,4828784000.0,4695664500.0,828298000.0,0.0,0.0,0.0,5820458000.0,1946922000.0,3873536000.0,13595430156.0,-124208000.0,-171142000.0,-854665000.0,-79895000.0,-280688000.0,-572668000.0,-364278000.0,0.0,807624000.0,11651000.0,544538000.0,544538000.0,544538000.0,42903000.0,0.0,0.077,1736830000.0,843439000.0,952162000.0,0.519,4.791,24.967,25.489,797682000.0,0.0,93.8,1.92,1.922,1272053000.0,,7079204000.0,7079204000.0,0.0,0.064,0.195,0.173,0.115,25135000.0,1689884000.0,1.0,144940620.0,145087000,146911000.0,48.793,3731498000.0,0.0,142005000.0,418298000.0,25.719,582544000.0
11,DOV,MRT,2018-12-31,2018-12-31,2018-12-31,2021-10-19,-243096000.0,8365771000.0,8960937750.0,2503754000.0,5862017000.0,0.78,18.473,-165086000.0,396221000.0,396221000.0,4432562000.0,570267000.0,1.37,2.022,3163978000.0,220318000.0,2943660000.0,3163978000.0,0.0,282580000.0,0.0,0.027,1.9,835472000.0,1118052000.0,0.16,1118052000.0,835472000.0,704500000.0,3.8,3.75,3.8,2768666000.0,3200703250.0,2768666000.0,13453608220.0,16.0,12.033,633549000.0,4.227,1.0,2559556000.0,0.366,4811584000.0,130972000.0,4494523000.0,4803672750.0,748796000.0,0.0,0.0,0.0,5597105000.0,1827421000.0,3769684000.0,10382303220.0,-357743000.0,-64620000.0,-894977000.0,-360722000.0,-283570000.0,-897838000.0,-269185000.0,0.0,798635000.0,10645000.0,570267000.0,570267000.0,570267000.0,20878000.0,0.0,0.082,1716444000.0,843112000.0,969531000.0,0.5,3.75,18.206,18.671,806497000.0,0.0,70.95,1.485,1.521,1231859000.0,7815486000.0,6992118000.0,6992118000.0,0.0,0.064,0.178,0.174,0.119,23698000.0,1716444000.0,1.0,146332674.0,149874000,152133000.0,46.653,3554187000.0,0.0,134233000.0,407483000.0,23.715,676333000.0
12,DOV,MRT,2018-09-30,2018-09-30,2018-09-30,2021-10-19,0.0,8461770000.0,9534084750.0,2459049000.0,6002721000.0,0.727,18.65,-163796000.0,209277000.0,209277000.0,4371220000.0,725147000.0,1.301,2.079,3280582000.0,298659000.0,2981923000.0,3280582000.0,0.0,277135000.0,0.0,0.021,1.89,940459000.0,1217594000.0,0.176,1217594000.0,940459000.0,805139000.0,4.74,4.68,4.74,2747934000.0,3604331750.0,2747934000.0,16092957567.0,17.0,13.217,636525000.0,4.32,1.0,2564478000.0,0.37,4915448000.0,135320000.0,4727322000.0,5270348250.0,803981000.0,0.0,0.0,0.0,5713836000.0,1890305000.0,3823531000.0,13076201567.0,-112762000.0,183383000.0,-1028425000.0,-185052000.0,-286536000.0,-836253000.0,-40659000.0,0.0,800321000.0,2836000.0,725147000.0,725147000.0,725147000.0,-2331000.0,0.0,0.105,1642338000.0,922140000.0,948640000.0,0.399,4.759,18.032,18.677,806737000.0,0.0,88.53,1.885,1.881,1283775000.0,,6935698000.0,6935698000.0,0.0,0.076,0.201,0.178,0.136,20041000.0,1755380000.0,1.0,147703621.0,147344000,149457000.0,47.071,3546322000.0,0.0,79992000.0,446142000.0,24.068,568744000.0
13,DOV,MRT,2018-06-30,2018-06-30,2018-06-30,2021-10-19,0.0,8473170000.0,10041989750.0,2447728000.0,6025442000.0,0.691,18.72,-175458000.0,242814000.0,242814000.0,4368919000.0,746754000.0,1.349,1.983,3259570000.0,284630000.0,2974940000.0,3259570000.0,0.0,281578000.0,0.0,0.026,1.88,977856000.0,1259434000.0,0.182,1259434000.0,977856000.0,838356000.0,4.82,4.77,4.82,2840591000.0,3986270750.0,2840591000.0,14413446008.0,15.0,11.444,636684000.0,4.196,1.0,2567151000.0,0.37,4943970000.0,139500000.0,4732029000.0,5363105750.0,764053000.0,0.0,0.0,0.0,5632579000.0,1813927000.0,3818652000.0,11322414008.0,-58774000.0,183383000.0,-859174000.0,-321568000.0,-289099000.0,-801412000.0,-52321000.0,0.0,812142000.0,13757000.0,746754000.0,746754000.0,746754000.0,-21788000.0,0.0,0.108,1625933000.0,941218000.0,938425000.0,0.39,3.986,15.162,15.187,805009000.0,0.0,73.2,1.632,1.601,1281260000.0,,6936070000.0,6936070000.0,0.0,0.074,0.187,0.182,0.141,17615000.0,1738975000.0,1.0,154677787.0,151744000,153938000.0,45.709,3529200000.0,0.0,91602000.0,446818000.0,23.258,633801000.0
14,DOV,MRT,2018-03-31,2018-03-31,2018-03-31,2021-10-19,0.0,10543040000.0,10496803000.0,2951999000.0,7591041000.0,0.655,28.771,-158971000.0,367222000.0,367222000.0,4319324000.0,770853000.0,1.419,1.372,3458254000.0,426251000.0,3032003000.0,3458254000.0,0.0,256305000.0,0.0,0.019,1.85,1017288000.0,1273593000.0,0.185,1273593000.0,1017288000.0,873059000.0,4.95,4.9,4.95,4445622000.0,4294231500.0,4445622000.0,17981408104.0,18.0,14.119,613272000.0,3.969,1.0,2556023000.0,0.372,6292667000.0,144229000.0,5260817000.0,5426594750.0,972893000.0,0.0,0.0,0.0,6097418000.0,2080588000.0,4016830000.0,15167568104.0,-48308000.0,158765000.0,-156066000.0,-321630000.0,-288134000.0,-789951000.0,-41671000.0,0.0,772243000.0,4534000.0,770853000.0,770853000.0,770853000.0,-69868000.0,0.0,0.112,1618428000.0,937595000.0,997704000.0,0.374,3.412,19.676,19.842,1030645000.0,0.0,98.22,2.206,2.207,1414941000.0,,6875347000.0,6875347000.0,0.0,0.073,0.18,0.187,0.148,18013000.0,1731470000.0,1.0,154424436.0,154520000,157090000.0,44.495,4250373000.0,0.0,102206000.0,561925000.0,27.507,871411000.0
15,DOV,MRT,2017-12-31,2017-12-31,2017-12-31,2021-10-19,-194759000.0,10658359000.0,10420620000.0,2790147000.0,7868212000.0,0.655,28.154,-158294000.0,753964000.0,753964000.0,4291839000.0,811665000.0,1.303,1.432,3567804000.0,581102000.0,2986702000.0,3567804000.0,0.0,283278000.0,0.0,0.018,1.82,1085765000.0,1369043000.0,0.201,1369043000.0,1085765000.0,940817000.0,5.21,5.15,5.21,4383180000.0,4171179750.0,4383180000.0,18880439179.0,17.0,13.791,677340000.0,4.351,1.0,2529047000.0,0.371,4968996000.0,144948000.0,6361225000.0,5323674500.0,677043000.0,0.0,0.0,0.0,6275179000.0,2141978000.0,4133201000.0,15733342179.0,404818000.0,345478000.0,-105023000.0,-182596000.0,-283959000.0,-594141000.0,161851000.0,0.0,835634000.0,1474000.0,811665000.0,811665000.0,811665000.0,-65002000.0,0.0,0.119,1519026000.0,1010021000.0,882007000.0,0.349,3.589,19.384,19.384,787940000.0,0.0,100.99,2.307,2.305,1183514000.0,8455501000.0,6820886000.0,6820886000.0,0.0,0.078,0.195,0.204,0.159,24073000.0,1722161000.0,1.0,155791090.0,155685000,157744000.0,43.812,5689363000.0,0.0,129152000.0,471395000.0,36.544,648169000.0
16,DOV,MRT,2017-09-30,2017-09-30,2017-09-30,2021-10-19,0.0,10493390000.0,10285028000.0,2868771000.0,7624619000.0,0.615,27.451,-142931000.0,322039000.0,322039000.0,3985599000.0,676379000.0,1.324,1.454,3469136000.0,484088000.0,2985048000.0,3469136000.0,0.0,198412000.0,0.0,0.02,1.79,1039675000.0,1238087000.0,0.196,1238087000.0,1039675000.0,895957000.0,4.35,4.3,4.35,4275690000.0,4025321250.0,4275690000.0,17463404392.0,17.0,14.105,601062000.0,3.859,1.0,2339762000.0,0.37,6374879000.0,143718000.0,5098352000.0,5003896750.0,982196000.0,0.0,0.0,0.0,6217700000.0,2167256000.0,4050444000.0,14232555392.0,-192716000.0,-805195000.0,815000.0,274142000.0,-278529000.0,-22785000.0,-951206000.0,0.0,743993000.0,6190000.0,676379000.0,676379000.0,676379000.0,-47804000.0,0.0,0.107,1359619000.0,980143000.0,976257000.0,0.411,3.329,21.042,21.009,1012765000.0,0.0,91.39,2.25,2.25,1446556000.0,,6325361000.0,6325361000.0,0.0,0.066,0.168,0.208,0.164,20737000.0,1534249000.0,1.0,155734275.0,155757000,157555000.0,40.61,4118511000.0,0.0,219578000.0,629274000.0,26.442,701515000.0
17,DOV,MRT,2017-06-30,2017-06-30,2017-06-30,2021-10-19,0.0,10292423000.0,9986251250.0,2759584000.0,7532839000.0,0.629,26.155,-134296000.0,301588000.0,301588000.0,3962992000.0,627551000.0,1.246,1.527,3532437000.0,606965000.0,2925472000.0,3532437000.0,0.0,212602000.0,0.0,0.022,1.76,993035000.0,1205637000.0,0.192,1205637000.0,993035000.0,850900000.0,4.04,3.99,4.04,4072434000.0,3903623750.0,4072434000.0,15708681093.0,16.0,13.029,585597000.0,3.761,1.0,2322357000.0,0.369,6321941000.0,142135000.0,4985985000.0,4855435250.0,962070000.0,0.0,0.0,0.0,6219989000.0,2215346000.0,4004643000.0,12487823093.0,46448000.0,-831787000.0,-123000.0,566344000.0,-273668000.0,273341000.0,-969732000.0,0.0,719893000.0,-3625000.0,627551000.0,627551000.0,627551000.0,-28347000.0,0.0,0.1,1370621000.0,951736000.0,954115000.0,0.436,3.066,19.899,19.856,978621000.0,0.0,80.22,1.987,1.987,1395745000.0,,6285349000.0,6285349000.0,0.0,0.063,0.161,0.205,0.158,21151000.0,1545251000.0,1.0,155669697.0,155703000,157513000.0,40.368,3970482000.0,0.0,223349000.0,644084000.0,25.5,544238000.0
18,DOV,MRT,2017-03-31,2017-03-31,2017-03-31,2021-10-19,0.0,10238308000.0,9657918500.0,2761919000.0,7476389000.0,0.646,25.417,-129585000.0,415530000.0,415530000.0,3934861000.0,581783000.0,1.191,1.59,3636388000.0,748426000.0,2887962000.0,3636388000.0,0.0,256666000.0,0.0,0.022,1.74,934816000.0,1191482000.0,0.191,1191482000.0,934816000.0,795756000.0,3.75,3.71,3.75,3953415000.0,3813949000.0,3953415000.0,15766651850.0,17.0,13.233,678870000.0,4.365,1.0,2299462000.0,0.369,6290827000.0,139060000.0,4849136000.0,4734042750.0,942176000.0,0.0,0.0,0.0,6284893000.0,2319203000.0,3965690000.0,12494610850.0,171810000.0,-846175000.0,2206000.0,646345000.0,-270315000.0,361936000.0,-998191000.0,0.0,808455000.0,-390000.0,581783000.0,581783000.0,581783000.0,-6764000.0,0.0,0.093,1385961000.0,913501000.0,880755000.0,0.464,3.16,21.476,21.427,946376000.0,0.0,80.35,2.004,2.005,1299427000.0,,6234323000.0,6234323000.0,0.0,0.06,0.153,0.197,0.15,20068000.0,1561392000.0,1.0,155502313.0,155540000,157399000.0,40.082,3947481000.0,0.0,213973000.0,719935000.0,25.379,442716000.0
19,DOV,MRT,2016-12-31,2016-12-31,2016-12-31,2021-10-19,-359326000.0,10115991000.0,9343565250.0,2589191000.0,7526800000.0,0.647,24.478,-124355000.0,349146000.0,349146000.0,3815672000.0,508892000.0,1.334,1.662,3621187000.0,414550000.0,3206637000.0,3621187000.0,0.0,249672000.0,0.0,0.023,1.72,827377000.0,1077049000.0,0.178,1077049000.0,827377000.0,691408000.0,3.28,3.25,3.28,3799746000.0,3750128500.0,3799746000.0,14253124272.0,17.0,13.233,738587000.0,4.758,1.0,2227552000.0,0.369,6365600000.0,135969000.0,5082114000.0,4653471000.0,870487000.0,0.0,0.0,0.0,6316245000.0,1940318000.0,4375927000.0,11640138272.0,-13039000.0,-1355330000.0,8431000.0,909344000.0,-267739000.0,633736000.0,-1504973000.0,0.0,862942000.0,-4744000.0,508892000.0,508892000.0,508892000.0,-6764000.0,0.0,0.084,1421982000.0,805570000.0,830318000.0,0.524,3.063,22.873,22.845,945670000.0,0.0,74.93,1.926,1.925,1265201000.0,7927795000.0,6043224000.0,6043224000.0,0.0,0.054,0.136,0.178,0.137,18650000.0,1518580000.0,1.0,155346834.0,155231000,156636000.0,38.931,3750391000.0,0.0,182516000.0,750526000.0,24.16,648873000.0
20,DOV,MRT,2016-09-30,2016-09-30,2016-09-30,2021-10-19,0.0,9298283000.0,8966086500.0,2738967000.0,6559316000.0,0.748,24.397,-143636000.0,514755000.0,514755000.0,4244907000.0,489555000.0,1.448,1.454,3127741000.0,513980000.0,2613761000.0,3127741000.0,0.0,355127000.0,0.0,0.023,1.7,784594000.0,1139721000.0,0.17,1139721000.0,784594000.0,648040000.0,3.17,3.14,3.17,3788900000.0,3711335750.0,3788900000.0,14126182465.0,18.0,12.394,723656000.0,4.66,1.0,2466074000.0,0.367,5515692000.0,136554000.0,4504506000.0,4503161000.0,828286000.0,0.0,0.0,0.0,5509383000.0,1891071000.0,3618312000.0,11430099465.0,-147918000.0,-1015871000.0,-990000.0,439403000.0,-264984000.0,168400000.0,-1176966000.0,-17752000.0,867292000.0,-6644000.0,489555000.0,489555000.0,489555000.0,-5251000.0,0.0,0.073,1704237000.0,761837000.0,748799000.0,0.536,3.017,23.348,23.23,839430000.0,0.0,73.64,1.703,1.704,1199137000.0,,6710981000.0,6710981000.0,0.0,0.055,0.132,0.174,0.117,22963000.0,1716266000.0,1.0,155215908.0,155300000,156798000.0,43.213,3782591000.0,0.0,158485000.0,611856000.0,24.357,847896000.0
21,DOV,MRT,2016-06-30,2016-06-30,2016-06-30,2021-10-19,0.0,8979092000.0,8761220750.0,2379756000.0,6599336000.0,0.775,23.932,-142455000.0,255140000.0,255140000.0,4283906000.0,545569000.0,1.451,1.418,2951223000.0,344157000.0,2607066000.0,2951223000.0,0.0,345578000.0,0.0,0.024,1.68,846531000.0,1192109000.0,0.176,1192109000.0,846531000.0,711783000.0,3.53,3.5,3.53,3713735000.0,3655686750.0,3713735000.0,13527691003.0,16.0,11.348,693749000.0,4.471,1.0,2506894000.0,0.369,5534393000.0,134748000.0,4500415000.0,4417435500.0,833907000.0,0.0,0.0,0.0,5265357000.0,1640367000.0,3624990000.0,10754911003.0,-340028000.0,-984965000.0,-98483000.0,348950000.0,-261563000.0,-16125000.0,-1144310000.0,-17752000.0,836204000.0,-15797000.0,545569000.0,545569000.0,545569000.0,-4866000.0,0.0,0.08,1678883000.0,828011000.0,723693000.0,0.476,2.896,19.713,19.637,853584000.0,0.0,69.32,1.584,1.584,1180146000.0,,6790800000.0,6790800000.0,0.0,0.062,0.149,0.192,0.125,26206000.0,1690912000.0,1.0,155148745.0,155180000,156595000.0,43.761,3444699000.0,0.0,166214000.0,614535000.0,22.198,739389000.0
22,DOV,MRT,2016-03-31,2016-03-31,2016-03-31,2021-10-19,0.0,8980895000.0,8633152000.0,2345756000.0,6635139000.0,0.795,23.849,-154343000.0,243720000.0,243720000.0,4332834000.0,759675000.0,1.423,1.428,3016500000.0,405858000.0,2610642000.0,3016500000.0,0.0,335511000.0,0.0,0.026,1.66,1078144000.0,1413655000.0,0.206,1413655000.0,1078144000.0,945187000.0,4.87,4.81,4.87,3698133000.0,3625373500.0,3698133000.0,12378034152.0,11.0,8.756,680134000.0,4.386,1.0,2530249000.0,0.369,5578017000.0,132957000.0,4526849000.0,4325613250.0,849830000.0,0.0,0.0,0.0,5282762000.0,1648809000.0,3633953000.0,9971755152.0,-294766000.0,-445787000.0,-399162000.0,166882000.0,-259467000.0,-496776000.0,-619804000.0,-17752000.0,834477000.0,-12663000.0,759675000.0,759675000.0,759675000.0,-181628000.0,0.0,0.111,1644968000.0,885281000.0,706191000.0,0.341,2.696,13.126,13.209,858984000.0,0.0,64.33,1.453,1.453,1167313000.0,,6863083000.0,6863083000.0,0.0,0.088,0.21,0.249,0.157,28697000.0,1656196000.0,1.0,155009407.0,155064000,156161000.0,44.26,3402878000.0,0.0,185512000.0,612855000.0,21.945,696947000.0
23,DOV,MRT,2015-12-31,2015-12-31,2015-12-31,2021-10-19,-254573000.0,8606076000.0,8549604500.0,2419010000.0,6187066000.0,0.814,23.123,-139647000.0,362185000.0,362185000.0,4388167000.0,869829000.0,1.769,1.361,2754777000.0,151122000.0,2603655000.0,2754777000.0,0.0,327089000.0,0.0,0.027,1.64,1206234000.0,1533323000.0,0.22,1533323000.0,1206234000.0,1074558000.0,5.52,5.46,5.52,3644575000.0,3595617750.0,3644575000.0,11524519921.0,10.0,7.516,695466000.0,4.412,1.0,2568144000.0,0.369,5150612000.0,131676000.0,4480874000.0,4292992250.0,802895000.0,0.0,0.0,0.0,4961501000.0,1367182000.0,3594319000.0,9500944921.0,-319396000.0,121471000.0,-596140000.0,-232748000.0,-257969000.0,-1091886000.0,-36562000.0,-17752000.0,835113000.0,-26061000.0,869829000.0,869829000.0,869829000.0,-273948000.0,0.0,0.125,1647382000.0,920762000.0,650880000.0,0.297,2.607,10.923,11.107,854269000.0,0.0,61.31,1.366,1.389,1120490000.0,7686642000.0,6956311000.0,6956311000.0,0.0,0.102,0.242,0.281,0.173,30697000.0,1647382000.0,1.0,154965665.0,157619000,159172000.0,44.134,3455464000.0,0.0,204729000.0,582237000.0,21.923,1051828000.0
24,DOV,MRT,2015-09-30,2015-09-30,2015-09-30,2021-10-19,0.0,8478820000.0,8655658250.0,2814829000.0,5663991000.0,0.836,22.964,-154634000.0,662673000.0,662673000.0,4561455000.0,897298000.0,1.687,1.377,2686248000.0,461305000.0,2224943000.0,2686248000.0,0.0,316669000.0,0.0,0.028,1.62,1260113000.0,1576782000.0,0.218,1576782000.0,1260113000.0,1128263000.0,5.63,5.56,5.63,3566304000.0,3609655250.0,3566304000.0,10958538716.0,9.0,6.95,810905000.0,5.222,1.0,2678203000.0,0.37,4672092000.0,131850000.0,4161604000.0,4292719000.0,810715000.0,0.0,0.0,0.0,4912516000.0,1668699000.0,3243817000.0,8946692716.0,-43561000.0,259346000.0,-787966000.0,5651000.0,-258598000.0,-1061946000.0,102387000.0,0.0,965539000.0,-49541000.0,897298000.0,897298000.0,897298000.0,-266156000.0,0.0,0.124,1693394000.0,984809000.0,622807000.0,0.288,2.509,9.971,10.156,824032000.0,0.0,57.18,1.236,1.227,1193844000.0,,7239658000.0,7239658000.0,0.0,0.104,0.249,0.294,0.174,32443000.0,1693394000.0,1.0,156465420.0,155300000,156560000.0,46.617,3806728000.0,63373000.0,230965000.0,586554000.0,24.512,1146130000.0
25,DOV,MRT,2015-06-30,2015-06-30,2015-06-30,2021-10-19,0.0,8466817000.0,8775749750.0,2737125000.0,5729692000.0,0.85,22.645,-142293000.0,595168000.0,595168000.0,4681634000.0,943044000.0,1.696,1.357,2607014000.0,381951000.0,2225063000.0,2607014000.0,0.0,313976000.0,0.0,0.023,1.6,1338666000.0,1652642000.0,0.221,1652642000.0,1338666000.0,1207568000.0,5.83,5.75,5.83,3592482000.0,3698564000.0,3592482000.0,13560534762.0,10.0,8.205,913219000.0,5.757,1.0,2780017000.0,0.373,4731832000.0,131098000.0,4133126000.0,4454508500.0,844355000.0,0.0,0.0,0.0,4874335000.0,1613705000.0,3260630000.0,11255644762.0,47780000.0,206199000.0,-761674000.0,27337000.0,-259716000.0,-1014446000.0,59551000.0,0.0,1055512000.0,-52837000.0,943044000.0,943044000.0,943044000.0,-272702000.0,0.0,0.126,1723866000.0,1056151000.0,606346000.0,0.274,3.133,11.935,12.038,827908000.0,0.0,70.18,1.508,1.492,1149414000.0,,7461651000.0,7461651000.0,0.0,0.107,0.255,0.301,0.179,34066000.0,1723866000.0,1.0,160382513.0,158640000,160398000.0,47.035,3734985000.0,67224000.0,264524000.0,658011000.0,23.544,1123420000.0
26,DOV,MRT,2015-03-31,2015-03-31,2015-03-31,2021-10-19,0.0,8646705000.0,8857814000.0,2671551000.0,5975154000.0,0.865,22.141,-142078000.0,538486000.0,538486000.0,4772111000.0,824607000.0,1.499,1.416,2843376000.0,625502000.0,2217874000.0,2843376000.0,0.0,311497000.0,0.0,0.023,1.575,1247661000.0,1559158000.0,0.203,1559158000.0,1247661000.0,1116590000.0,5.02,4.95,5.02,3579110000.0,3774600000.0,3579110000.0,13619095869.0,11.0,8.735,970897000.0,6.006,1.0,2893548000.0,0.377,4773176000.0,131071000.0,4396365000.0,4679435500.0,861952000.0,0.0,0.0,0.0,5067595000.0,1782054000.0,3285541000.0,11269679869.0,52447000.0,-322536000.0,-485631000.0,244650000.0,-258944000.0,-520318000.0,-485549000.0,0.0,1112975000.0,-54661000.0,824607000.0,824607000.0,824607000.0,-99318000.0,0.0,0.108,1759995000.0,1133553000.0,584100000.0,0.314,3.149,13.667,13.769,821736000.0,0.0,69.12,1.47,1.458,1133213000.0,,7665659000.0,7665659000.0,0.0,0.093,0.218,0.267,0.163,36514000.0,1759995000.0,1.0,163045137.0,161650000,,47.421,3873529000.0,65678000.0,291983000.0,610936000.0,23.962,889497000.0
27,DOV,MRT,2014-12-31,2014-12-31,2014-12-31,2021-10-19,-158931000.0,9030291000.0,8862235250.0,2833969000.0,6196322000.0,0.875,22.201,-151660000.0,681581000.0,681581000.0,4778479000.0,775235000.0,1.39,1.44,3030997000.0,777956000.0,2253041000.0,3030997000.0,0.0,307188000.0,0.0,0.022,1.55,1222991000.0,1530179000.0,0.197,1530179000.0,1222991000.0,1091302000.0,4.65,4.59,4.65,3700725000.0,3816842000.0,3700725000.0,13876874734.0,11.0,9.069,824264000.0,4.945,1.0,2974249000.0,0.384,4861077000.0,131689000.0,4479781000.0,4826461750.0,863737000.0,0.0,0.0,0.0,5329566000.0,2038849000.0,3290717000.0,11859785734.0,-122301000.0,-610906000.0,-580740000.0,244934000.0,-258487000.0,-255489000.0,-802310000.0,0.0,975924000.0,-40426000.0,775235000.0,775235000.0,775235000.0,2905000.0,0.0,0.1,1758765000.0,1215484000.0,615332000.0,0.333,3.205,15.298,15.424,837069000.0,0.0,71.72,1.53,1.542,1186746000.0,7074782000.0,7752728000.0,7752728000.0,0.0,0.087,0.203,0.253,0.158,31628000.0,1758765000.0,1.0,165362322.0,166692000,168842000.0,46.509,4169214000.0,0.0,316067000.0,515184000.0,25.011,795120000.0
28,DOV,MRT,2014-09-30,2014-09-30,2014-09-30,2021-10-19,0.0,8959186000.0,9318457750.0,3116331000.0,5842855000.0,0.783,23.623,-127146000.0,706234000.0,706234000.0,4458089000.0,799904000.0,2.236,1.284,2723323000.0,153066000.0,2570257000.0,2723323000.0,0.0,288825000.0,0.0,0.019,1.525,1238758000.0,1527583000.0,0.209,1527583000.0,1238758000.0,1113009000.0,4.78,4.71,4.78,3921939000.0,4236009750.0,3921939000.0,15478619266.0,12.0,10.133,845763000.0,5.094,1.0,2835189000.0,0.389,4773549000.0,125749000.0,4808762000.0,5499026250.0,908048000.0,0.0,0.0,0.0,5037247000.0,1393964000.0,3643283000.0,13378914266.0,-33590000.0,-318585000.0,-412037000.0,-119371000.0,-256342000.0,-459216000.0,-527485000.0,0.0,972909000.0,-19798000.0,799904000.0,799904000.0,799904000.0,-47578000.0,0.0,0.11,1654988000.0,1180201000.0,649805000.0,0.319,3.411,16.726,16.805,818730000.0,0.0,80.33,1.834,1.829,1338586000.0,,7293278000.0,7293278000.0,0.0,0.086,0.189,0.225,0.17,31806000.0,1654988000.0,1.0,166549412.0,166021000,,43.93,4185637000.0,58164000.0,313105000.0,541299000.0,25.211,1722367000.0
29,DOV,MRT,2014-06-30,2014-06-30,2014-06-30,2021-10-19,0.0,8795074000.0,9744943750.0,2903529000.0,5891545000.0,0.741,23.405,-140828000.0,547388000.0,547388000.0,4406800000.0,837174000.0,2.357,1.257,2647093000.0,50749000.0,2596344000.0,2647093000.0,0.0,286943000.0,0.0,0.016,1.5,1274088000.0,1561031000.0,0.216,1561031000.0,1274088000.0,1149334000.0,4.96,4.89,4.96,3896626000.0,4576631250.0,3896626000.0,17335560730.0,14.0,11.105,886827000.0,5.327,1.0,2817114000.0,0.39,4630245000.0,124754000.0,5032834000.0,5561235500.0,890606000.0,0.0,0.0,0.0,4898448000.0,1231700000.0,3666748000.0,15142170730.0,-58562000.0,-319725000.0,-393010000.0,-214033000.0,-254012000.0,-533161000.0,-561554000.0,0.0,1027655000.0,8498000.0,837174000.0,837174000.0,837174000.0,-84296000.0,0.0,0.116,1637092000.0,1180022000.0,625513000.0,0.302,3.886,18.087,18.337,821589000.0,0.0,90.95,2.096,2.096,1303431000.0,,7223914000.0,7223914000.0,0.0,0.086,0.183,0.229,0.176,30590000.0,1637092000.0,1.0,166488958.0,166488958,,43.39,4164829000.0,60739000.0,312160000.0,506416000.0,25.016,1671829000.0
30,DOV,MRT,2014-03-31,2014-03-31,2014-03-31,2021-10-19,0.0,8664390000.0,10133489250.0,2701709000.0,5962681000.0,0.71,22.045,-126772000.0,486039000.0,486039000.0,4388856000.0,953264000.0,2.194,1.312,2679429000.0,77095000.0,2602334000.0,2679429000.0,0.0,283204000.0,0.0,0.018,1.475,1325744000.0,1608948000.0,0.224,1608948000.0,1325744000.0,1202719000.0,5.6,5.53,5.6,3748078000.0,4847692750.0,3748078000.0,15923568418.0,12.0,9.897,946718000.0,5.568,1.0,2804833000.0,0.39,4641901000.0,123025000.0,4984470000.0,5541389000.0,840490000.0,0.0,0.0,0.0,4916312000.0,1231409000.0,3684903000.0,13898971418.0,-85320000.0,-356251000.0,-429464000.0,-224566000.0,-251508000.0,-577644000.0,-584606000.0,0.0,1073490000.0,3440000.0,953264000.0,953264000.0,953264000.0,-152909000.0,0.0,0.133,1633888000.0,1170945000.0,607616000.0,0.263,3.708,14.58,14.598,817818000.0,0.0,81.75,1.932,1.932,1238368000.0,,7193689000.0,7193689000.0,0.0,0.094,0.197,0.239,0.184,30633000.0,1633888000.0,1.0,170017999.0,170017999,,42.311,4022489000.0,62216000.0,249455000.0,546972000.0,23.659,1470300000.0
31,DOV,MRT,2013-12-31,2013-12-31,2013-12-31,2021-10-19,67723000.0,10855181000.0,10526120250.0,2717972000.0,8137209000.0,0.68,31.397,-117893000.0,803882000.0,803882000.0,4376505000.0,1003129000.0,2.025,1.019,2828479000.0,229278000.0,2599201000.0,2828479000.0,0.0,278033000.0,0.0,0.015,1.45,1372242000.0,1650275000.0,0.231,1650275000.0,1372242000.0,1251588000.0,5.86,5.78,5.86,5377396000.0,5101118500.0,5377396000.0,18569578243.0,14.0,11.252,1034674000.0,6.041,1.0,2778591000.0,0.388,4367491000.0,120654000.0,7170039000.0,5532273250.0,715311000.0,0.0,0.0,0.0,5477785000.0,1342248000.0,4135537000.0,16447111243.0,3806000.0,-246381000.0,-418949000.0,19530000.0,-247820000.0,-678542000.0,-468868000.0,0.0,1152567000.0,-1351000.0,1003129000.0,1003129000.0,1003129000.0,-205602000.0,0.0,0.14,1616921000.0,1161670000.0,522713000.0,0.247,3.059,16.396,16.474,787849000.0,0.0,96.54,2.299,2.311,1076641000.0,7954536000.0,7155096000.0,7155096000.0,0.0,0.095,0.197,0.248,0.192,30480000.0,1616921000.0,1.0,170365768.0,171271000,173547000.0,41.776,6487690000.0,60101000.0,248459000.0,502320000.0,37.88,1375724000.0
32,DOV,MRT,2013-09-30,2013-09-30,2013-09-30,2021-10-19,0.0,10665130000.0,10423310750.0,3263170000.0,7401960000.0,0.592,30.962,-28694000.0,739824000.0,739824000.0,3732288000.0,969026000.0,1.617,1.018,2862291000.0,672135000.0,2190156000.0,2862291000.0,0.0,183884000.0,0.0,0.016,1.425,1323756000.0,1507640000.0,0.244,1507640000.0,1323756000.0,1201880000.0,5.63,5.57,5.63,5284425000.0,4986577000.0,5284425000.0,17581140638.0,13.0,11.661,1280731000.0,7.504,1.0,2440451000.0,0.395,5711461000.0,121876000.0,5057599000.0,4919084750.0,949618000.0,0.0,0.0,0.0,5380705000.0,2018537000.0,3362168000.0,15331498638.0,-54275000.0,-841397000.0,-728411000.0,665825000.0,-245937000.0,-331531000.0,-1046981000.0,0.0,1309425000.0,14812000.0,969026000.0,969026000.0,969026000.0,-292340000.0,0.0,0.157,1409261000.0,1031190000.0,677994000.0,0.253,2.901,15.822,15.956,1148784000.0,0.0,89.83,2.484,2.484,1437513000.0,,6172739000.0,6172739000.0,0.0,0.093,0.194,0.269,0.214,30679000.0,1409261000.0,1.0,170672366.0,170672366,,36.167,4953669000.0,66358000.0,232854000.0,528149000.0,29.024,1244633000.0
33,DOV,MRT,2013-06-30,2013-06-30,2013-06-30,2021-10-19,0.0,10349256000.0,10234564500.0,3048885000.0,7300371000.0,0.619,29.11,-52564000.0,605950000.0,605950000.0,3835890000.0,940958000.0,1.544,1.078,2855592000.0,665781000.0,2189811000.0,2855592000.0,0.0,201600000.0,0.0,0.018,1.4,1295177000.0,1496777000.0,0.236,1496777000.0,1295177000.0,1173138000.0,5.38,5.32,5.38,4980872000.0,4968637250.0,4980872000.0,15608643132.0,12.0,10.428,1209351000.0,7.068,1.0,2494243000.0,0.394,5670351000.0,122039000.0,4953448000.0,4815554000.0,917217000.0,0.0,0.0,0.0,5368384000.0,1975099000.0,3393285000.0,13287883132.0,-180015000.0,-791424000.0,-849458000.0,659066000.0,-245483000.0,-458883000.0,-995252000.0,0.0,1261915000.0,12205000.0,940958000.0,940958000.0,940958000.0,-257177000.0,0.0,0.149,1452940000.0,1041303000.0,664058000.0,0.26,2.668,14.122,14.435,1137645000.0,0.0,77.66,2.099,2.099,1398829000.0,,6330133000.0,6330133000.0,0.0,0.092,0.189,0.269,0.205,31081000.0,1452940000.0,1.0,171103311.0,171103311,,36.996,4678905000.0,63813000.0,232180000.0,502776000.0,27.345,1073786000.0
34,DOV,MRT,2013-03-31,2013-03-31,2013-03-31,2021-10-19,0.0,10234914000.0,10098351750.0,2919863000.0,7315051000.0,0.637,27.26,-93516000.0,571359000.0,571359000.0,3920484000.0,825010000.0,1.496,1.149,2892119000.0,702598000.0,2189521000.0,2892119000.0,0.0,219326000.0,0.0,0.019,1.365,1224229000.0,1443555000.0,0.224,1443555000.0,1224229000.0,1102707000.0,4.62,4.56,4.62,4761781000.0,5000985250.0,4761781000.0,14730677004.0,12.0,10.204,1113167000.0,6.373,1.0,2515527000.0,0.391,5656209000.0,121522000.0,4948007000.0,4717177000.0,905952000.0,0.0,0.0,0.0,5473133000.0,1951458000.0,3521675000.0,12730637004.0,-328617000.0,-783919000.0,-937872000.0,695825000.0,-243313000.0,-508368000.0,-1030696000.0,0.0,1206683000.0,3764000.0,825010000.0,825010000.0,825010000.0,-194131000.0,0.0,0.128,1483409000.0,1032118000.0,648409000.0,0.295,2.674,15.431,15.775,1141477000.0,0.0,72.88,1.978,1.978,1309446000.0,,6436011000.0,6436011000.0,0.0,0.082,0.165,0.26,0.19,30658000.0,1483409000.0,1.0,174679432.0,174679432,,36.845,4578705000.0,67208000.0,277697000.0,515077000.0,26.212,968405000.0
35,DOV,MRT,2012-12-31,2012-12-31,2012-12-31,2021-10-19,-54906000.0,10443943000.0,9964268000.0,3027844000.0,7416099000.0,0.665,27.48,-137170000.0,800076000.0,800076000.0,4046659000.0,811070000.0,1.524,1.123,2800116000.0,610766000.0,2189350000.0,2800116000.0,0.0,229934000.0,0.0,0.02,1.33,1213329000.0,1443263000.0,0.218,1443263000.0,1213329000.0,1092060000.0,4.47,4.41,4.47,4919230000.0,5082959250.0,4919230000.0,13164006787.0,11.0,9.121,1129743000.0,6.311,1.0,2579989000.0,0.389,5740070000.0,121269000.0,4717285000.0,4610471000.0,872841000.0,0.0,0.0,0.0,5524713000.0,1986628000.0,3538085000.0,11762809787.0,-406679000.0,-1080433000.0,-682893000.0,603918000.0,-240959000.0,-342942000.0,-1352776000.0,0.0,1266913000.0,22126000.0,811070000.0,811070000.0,811070000.0,-160995000.0,0.0,0.122,1520961000.0,1059028000.0,651358000.0,0.298,2.391,14.503,14.7,1167052000.0,0.0,65.71,1.775,1.775,1225898000.0,7199227000.0,6626648000.0,6626648000.0,0.0,0.081,0.16,0.263,0.183,30884000.0,1520961000.0,1.0,179010954.0,179010954,,37.018,4703873000.0,49935000.0,280990000.0,493164000.0,26.277,1041216000.0
36,DOV,MRT,2012-09-30,2012-09-30,2012-09-30,2021-10-19,0.0,9910145000.0,9728420250.0,3277107000.0,6633038000.0,0.772,28.515,-270022000.0,794099000.0,794099000.0,4629913000.0,929499000.0,2.568,0.901,2195296000.0,3134000.0,2192162000.0,2195296000.0,0.0,331306000.0,0.0,0.022,1.295,1337227000.0,1668533000.0,0.222,1668533000.0,1337227000.0,1218093000.0,5.08,4.99,5.08,5212666000.0,5085790500.0,5212666000.0,12284367220.0,9.0,7.362,770471000.0,4.215,1.0,2884095000.0,0.384,5391887000.0,119134000.0,4643476000.0,4593541000.0,923389000.0,0.0,0.0,0.0,4697479000.0,1275979000.0,3421500000.0,10875180220.0,-121297000.0,-154510000.0,-465175000.0,-2102000.0,-237241000.0,-704518000.0,-453922000.0,18211000.0,1040493000.0,-3350000.0,929499000.0,929499000.0,929499000.0,-168845000.0,0.0,0.124,1714509000.0,1169586000.0,607164000.0,0.255,2.086,11.7,11.711,1113918000.0,0.0,59.49,1.447,1.447,1412311000.0,,7514008000.0,7514008000.0,0.0,0.096,0.183,0.291,0.178,28694000.0,1714509000.0,1.0,182806862.0,182806862,,41.104,4518258000.0,40297000.0,288594000.0,519954000.0,24.716,2001128000.0
37,DOV,MRT,2012-06-30,2012-06-30,2012-06-30,2021-10-19,0.0,9804405000.0,9629143000.0,3205314000.0,6599091000.0,0.785,27.833,-269650000.0,785965000.0,785965000.0,4674771000.0,860733000.0,2.54,0.919,2195152000.0,3402000.0,2191750000.0,2195152000.0,0.0,325266000.0,0.0,0.024,1.26,1253457000.0,1578723000.0,0.209,1578723000.0,1253457000.0,1134661000.0,4.68,4.59,4.68,5110264000.0,5002425500.0,5110264000.0,11138414503.0,9.0,7.055,863109000.0,4.701,1.0,2880238000.0,0.381,5391943000.0,118796000.0,4559940000.0,4533239000.0,921040000.0,0.0,0.0,0.0,4694141000.0,1261709000.0,3432432000.0,9843123503.0,-612587000.0,-799778000.0,-317969000.0,-48473000.0,-232263000.0,-598705000.0,-1104961000.0,18211000.0,1132759000.0,-41680000.0,860733000.0,860733000.0,860733000.0,-109971000.0,0.0,0.114,1739206000.0,1141032000.0,620598000.0,0.269,1.926,11.436,11.455,1086151000.0,0.0,53.61,1.303,1.303,1320245000.0,,7555009000.0,7555009000.0,0.0,0.089,0.172,0.277,0.166,27229000.0,1739206000.0,1.0,183606109.0,183606109,,41.148,4412462000.0,40089000.0,273928000.0,534452000.0,24.032,1943605000.0
38,DOV,MRT,2012-03-31,2012-03-31,2012-03-31,2021-10-19,0.0,9698579000.0,9548551250.0,3238769000.0,6459810000.0,0.787,27.713,-271293000.0,899976000.0,899976000.0,4632558000.0,896401000.0,2.686,0.906,2195267000.0,3510000.0,2191757000.0,2195267000.0,0.0,304156000.0,0.0,0.019,1.22,1270554000.0,1574710000.0,0.21,1574710000.0,1270554000.0,1153316000.0,4.85,4.76,4.85,5089677000.0,4953098750.0,5089677000.0,12539850894.0,10.0,7.963,818458000.0,4.456,1.0,2879132000.0,0.383,5267053000.0,117238000.0,4521183000.0,4493048000.0,880443000.0,0.0,0.0,0.0,4608902000.0,1205634000.0,3403268000.0,11559353894.0,-477072000.0,-742703000.0,-222593000.0,-40275000.0,-225756000.0,-488624000.0,-1047227000.0,0.0,1089751000.0,-30972000.0,896401000.0,896401000.0,896401000.0,-111597000.0,0.0,0.119,1721516000.0,1157616000.0,603544000.0,0.252,2.271,12.895,12.977,1068946000.0,0.0,62.94,1.539,1.539,1273690000.0,,7511690000.0,7511690000.0,0.0,0.094,0.181,0.283,0.169,25671000.0,1721516000.0,1.0,183656719.0,183656719,,40.901,4431526000.0,38400000.0,256915000.0,503290000.0,24.129,2033135000.0
39,DOV,MRT,2011-12-31,2011-12-31,2011-12-31,2021-10-19,-47510000.0,9500552000.0,9463942250.0,3248178000.0,6252374000.0,0.779,26.525,-253313000.0,1206755000.0,1206755000.0,4524351000.0,895243000.0,2.849,0.927,2187252000.0,1022000.0,2186230000.0,2187252000.0,0.0,290477000.0,0.0,0.02,1.18,1247844000.0,1538321000.0,0.209,1538321000.0,1247844000.0,1132319000.0,4.82,4.74,4.82,4930555000.0,4866690500.0,4930555000.0,12031056516.0,10.0,7.821,826189000.0,4.445,1.0,2844803000.0,0.386,4691480000.0,115525000.0,4649565000.0,4424999750.0,733807000.0,0.0,0.0,0.0,4569997000.0,1140004000.0,3429993000.0,10761049516.0,19394000.0,-865316000.0,-202662000.0,371315000.0,-219154000.0,-50501000.0,-1025757000.0,124410000.0,1079502000.0,16150000.0,895243000.0,895243000.0,895243000.0,-122057000.0,0.0,0.121,1720954000.0,1123849000.0,515847000.0,0.245,2.183,12.02,12.044,970703000.0,0.0,58.05,1.46,1.464,1118848000.0,6629116000.0,7369154000.0,7369154000.0,0.0,0.095,0.184,0.282,0.169,25130000.0,1720954000.0,1.0,185375530.0,185882000,188887000.0,39.644,4809072000.0,40376000.0,237076000.0,378921000.0,25.872,2108174000.0
40,DOV,MRT,2011-09-30,2011-09-30,2011-09-30,2021-10-19,0.0,9513036000.0,9228490000.0,3292748000.0,6220288000.0,0.762,26.265,-221264000.0,917024000.0,917024000.0,4272865000.0,815302000.0,2.559,0.95,2187031000.0,559000.0,2186472000.0,2187031000.0,0.0,268652000.0,0.0,0.024,1.14,1147486000.0,1416138000.0,0.201,1416138000.0,1147486000.0,1035025000.0,4.38,4.3,4.38,4879206000.0,4765692250.0,4879206000.0,9505254644.0,8.0,6.712,931219000.0,5.013,1.0,2758546000.0,0.392,5094121000.0,112461000.0,4402268000.0,4293941750.0,848934000.0,0.0,0.0,0.0,4633830000.0,1286654000.0,3347176000.0,8668687644.0,45678000.0,-1124296000.0,-118858000.0,339777000.0,-212509000.0,8410000.0,-1158522000.0,199296000.0,1152483000.0,43307000.0,815302000.0,815302000.0,815302000.0,-70791000.0,0.0,0.116,1679418000.0,1079128000.0,591939000.0,0.26,1.777,10.632,10.639,992641000.0,0.0,46.6,1.233,1.231,1339826000.0,,7031411000.0,7031411000.0,0.0,0.088,0.171,0.267,0.163,23907000.0,1679418000.0,1.0,186023340.0,185770000,188436000.0,37.85,4418915000.0,72136000.0,219723000.0,523528000.0,23.787,2006094000.0
41,DOV,MRT,2011-06-30,2011-06-30,2011-06-30,2021-10-19,0.0,9482038000.0,8938624750.0,3753415000.0,5728623000.0,0.749,26.351,-196886000.0,1397419000.0,1397419000.0,4051905000.0,866781000.0,2.97,0.93,2233986000.0,47748000.0,2186238000.0,2233986000.0,0.0,233280000.0,0.0,0.016,1.1,1156581000.0,1389861000.0,0.208,1389861000.0,1156581000.0,1047846000.0,4.65,4.58,4.65,4912957000.0,4639706750.0,4912957000.0,13497538251.0,12.0,9.711,766430000.0,4.111,1.0,2643058000.0,0.395,4655463000.0,108735000.0,4399176000.0,4165299750.0,882512000.0,0.0,0.0,0.0,4569081000.0,1263966000.0,3305115000.0,12650063251.0,655912000.0,-514241000.0,-86431000.0,345340000.0,-205427000.0,53482000.0,-486876000.0,239089000.0,963316000.0,125990000.0,866781000.0,866781000.0,866781000.0,-126399000.0,0.0,0.129,1600705000.0,1042353000.0,596315000.0,0.237,2.575,14.594,14.581,936797000.0,0.0,67.8,1.889,1.888,1323470000.0,,6694963000.0,6694963000.0,0.0,0.097,0.187,0.278,0.173,21451000.0,1600705000.0,1.0,186579104.0,186443000,189705000.0,35.909,4826575000.0,78505000.0,181065000.0,486897000.0,25.888,2489449000.0
42,DOV,MRT,2011-03-31,2011-03-31,2011-03-31,2021-10-19,0.0,9360143000.0,8588942000.0,3591317000.0,5768826000.0,0.755,25.416,-165320000.0,1378119000.0,1378119000.0,3930929000.0,786882000.0,2.819,0.973,2225594000.0,39603000.0,2185991000.0,2225594000.0,0.0,230928000.0,0.0,0.017,1.085,1087464000.0,1318392000.0,0.203,1318392000.0,1087464000.0,979944000.0,4.22,4.16,4.22,4744044000.0,4432785750.0,4744044000.0,12883924085.0,12.0,9.772,817587000.0,4.38,1.0,2555760000.0,0.394,4684778000.0,107520000.0,4248990000.0,3999746250.0,845230000.0,0.0,0.0,0.0,4616099000.0,1273850000.0,3342249000.0,12263474085.0,682930000.0,-525045000.0,-43895000.0,223177000.0,-202744000.0,-23462000.0,-374788000.0,328985000.0,982907000.0,98273000.0,786882000.0,786882000.0,786882000.0,-113805000.0,0.0,0.121,1576115000.0,979645000.0,591989000.0,0.257,2.585,15.585,15.578,905649000.0,0.0,65.74,1.891,1.892,1213348000.0,,6486689000.0,6486689000.0,0.0,0.092,0.178,0.272,0.168,21418000.0,1576115000.0,1.0,186545088.0,186659000,190090000.0,34.752,4675365000.0,81317000.0,193062000.0,555699000.0,25.048,2317467000.0
43,DOV,MRT,2010-12-31,2010-12-31,2010-12-31,2021-10-19,50161000.0,8558743000.0,8255631500.0,3131625000.0,5427118000.0,0.74,24.22,-153111000.0,1189079000.0,1189079000.0,3686861000.0,700104000.0,2.735,0.891,1807476000.0,16590000.0,1790886000.0,1807476000.0,0.0,229237000.0,0.0,0.018,1.07,1000100000.0,1229337000.0,0.201,1229337000.0,1000100000.0,893729000.0,3.75,3.7,3.75,4526562000.0,4260922500.0,4526562000.0,11891626494.0,12.0,9.673,789781000.0,4.226,1.0,2422646000.0,0.397,3906759000.0,106371000.0,4125333000.0,3908112250.0,657962000.0,121734000.0,121734000.0,0.0,4032181000.0,1145048000.0,2887133000.0,10917876494.0,469173000.0,-99918000.0,-43834000.0,-60855000.0,-200099000.0,-304788000.0,-178753000.0,86585000.0,942892000.0,9822000.0,700104000.0,700104000.0,700104000.0,-80607000.0,0.0,0.115,1499597000.0,923049000.0,438288000.0,0.285,2.412,15.595,15.587,785624000.0,0.0,58.45,1.787,1.788,1023099000.0,5953027000.0,6109507000.0,6109507000.0,0.0,0.085,0.164,0.256,0.164,20407000.0,1499597000.0,1.0,186790017.0,186897000,189170000.0,32.689,4651984000.0,82934000.0,193625000.0,392083000.0,24.891,1986577000.0
44,DOV,MRT,2010-09-30,2010-09-30,2010-09-30,2021-10-19,0.0,8353575000.0,8086546500.0,3102841000.0,5250734000.0,0.773,23.432,-134295000.0,866090000.0,866090000.0,3776354000.0,600804000.0,2.588,0.909,1839840000.0,50180000.0,1789660000.0,1839840000.0,0.0,220379000.0,0.0,0.02,1.055,911567000.0,1131946000.0,0.181,1131946000.0,911567000.0,804186000.0,3.22,3.2,3.22,4375264000.0,4150184000.0,4375264000.0,10881082693.0,12.0,9.613,638286000.0,3.418,1.0,2471073000.0,0.396,4240640000.0,107381000.0,3887700000.0,3816474250.0,725312000.0,214742000.0,214742000.0,0.0,3978311000.0,1198985000.0,2779326000.0,9745552693.0,267982000.0,-217232000.0,3304000.0,-26279000.0,-197079000.0,-220054000.0,-266491000.0,95418000.0,772581000.0,-18054000.0,600804000.0,600804000.0,600804000.0,15853000.0,0.0,0.096,1542444000.0,928629000.0,490572000.0,0.328,2.227,16.221,16.214,840374000.0,0.0,52.21,1.56,1.56,1181599000.0,,6247427000.0,6247427000.0,0.0,0.074,0.145,0.239,0.146,18757000.0,1542444000.0,1.0,186660653.0,186721000,188565000.0,33.459,4112935000.0,57006000.0,203382000.0,402447000.0,22.027,1903856000.0
45,DOV,MRT,2010-06-30,2010-06-30,2010-06-30,2021-10-19,0.0,8083307000.0,7941230500.0,2846066000.0,5237241000.0,0.749,21.867,-116597000.0,738817000.0,738817000.0,3606335000.0,483929000.0,2.259,0.979,1874347000.0,83705000.0,1790642000.0,1874347000.0,0.0,235816000.0,0.0,0.025,1.04,804480000.0,1040296000.0,0.175,1040296000.0,804480000.0,697135000.0,2.59,2.58,2.59,4085273000.0,4066471500.0,4085273000.0,9102502711.0,11.0,8.75,704711000.0,3.772,1.0,2338545000.0,0.393,4222026000.0,107345000.0,3736962000.0,3824333000.0,671682000.0,234720000.0,234720000.0,0.0,3998034000.0,1259849000.0,2738185000.0,7804664711.0,44848000.0,-190995000.0,945000.0,-104879000.0,-194118000.0,-298052000.0,-433254000.0,-119312000.0,821308000.0,-45154000.0,483929000.0,483929000.0,483929000.0,20903000.0,0.0,0.081,1522642000.0,815903000.0,493474000.0,0.402,1.91,16.128,16.135,819827000.0,0.0,41.79,1.313,1.313,1076132000.0,,5944880000.0,5944880000.0,0.0,0.061,0.119,0.21,0.135,19082000.0,1522642000.0,1.0,186759146.0,186823000,188720000.0,31.821,3861281000.0,68038000.0,213206000.0,400796000.0,20.668,1586217000.0
46,DOV,MRT,2010-03-31,2010-03-31,2010-03-31,2021-10-19,0.0,8026901000.0,7838017250.0,2755702000.0,5271199000.0,0.708,21.682,-100714000.0,690295000.0,690295000.0,3405358000.0,411139000.0,2.323,0.979,1988133000.0,162937000.0,1825196000.0,1988133000.0,0.0,233478000.0,0.0,0.022,1.03,659947000.0,893425000.0,0.161,893425000.0,659947000.0,554704000.0,2.2,2.2,2.2,4056591000.0,4021130250.0,4056591000.0,9899620890.0,15.0,11.081,670346000.0,3.583,1.0,2143157000.0,0.386,4255831000.0,105243000.0,3882454000.0,3835498250.0,619528000.0,321709000.0,321709000.0,0.0,3970310000.0,1186454000.0,2783856000.0,8753101890.0,189576000.0,-212528000.0,16088000.0,-20146000.0,-192067000.0,-196125000.0,-388045000.0,-68371000.0,771060000.0,2686000.0,411139000.0,411139000.0,411139000.0,22674000.0,0.0,0.074,1463795000.0,679362000.0,437597000.0,0.468,2.158,21.29,21.25,822636000.0,0.0,46.75,1.578,1.576,990405000.0,,5548515000.0,5548515000.0,0.0,0.052,0.102,0.172,0.119,18217000.0,1463795000.0,1.0,187232126.0,187093000,187886000.0,29.656,3771070000.0,74186000.0,143565000.0,383051000.0,20.156,1569248000.0
47,DOV,MRT,2009-12-31,2009-12-31,2009-12-31,2021-10-19,84842000.0,7882403000.0,7730500250.0,2522707000.0,5359696000.0,0.691,21.939,-91355000.0,714365000.0,714365000.0,3331187000.0,356438000.0,2.603,0.93,1860884000.0,35624000.0,1825260000.0,1860884000.0,0.0,231363000.0,0.0,0.025,1.02,577896000.0,809259000.0,0.151,809259000.0,577896000.0,477424000.0,1.91,1.91,1.91,4083608000.0,3950335500.0,4083608000.0,9010171197.0,16.0,11.134,701760000.0,3.77,1.0,2013144000.0,0.377,4300965000.0,100472000.0,3758781000.0,3845268000.0,570858000.0,223809000.0,223809000.0,0.0,3798795000.0,969176000.0,2829619000.0,7746811197.0,166547000.0,-218423000.0,26578000.0,-225157000.0,-189874000.0,-388453000.0,-258638000.0,57594000.0,793115000.0,20523000.0,356438000.0,356438000.0,356438000.0,16985000.0,0.0,0.067,1422015000.0,591129000.0,357004000.0,0.534,1.897,21.734,21.785,828922000.0,0.0,41.61,1.45,1.449,878754000.0,5453022000.0,5344331000.0,5344331000.0,0.0,0.046,0.09,0.15,0.108,17158000.0,1422015000.0,1.0,186176669.0,186136000,186736000.0,28.712,3581438000.0,69999000.0,120986000.0,331338000.0,19.241,1553531000.0
48,DOV,MRT,2009-09-30,2009-09-30,2009-09-30,2021-10-19,0.0,7772311000.0,7730709000.0,2589568000.0,5182743000.0,0.776,21.705,-105903000.0,597504000.0,597504000.0,3855457000.0,378116000.0,2.745,0.924,1860864000.0,33875000.0,1826989000.0,1860864000.0,0.0,255170000.0,0.0,0.026,1.01,598371000.0,853541000.0,0.142,853541000.0,598371000.0,505540000.0,2.03,2.03,2.03,4040414000.0,3877650000.0,4040414000.0,8499828840.0,14.0,9.958,688799000.0,3.7,1.0,2140218000.0,0.357,4173083000.0,92831000.0,3919135000.0,3895576000.0,567322000.0,332000000.0,332000000.0,0.0,3731897000.0,943453000.0,2788444000.0,7214603840.0,21572000.0,34202000.0,6541000.0,-410285000.0,-187931000.0,-591675000.0,-177275000.0,-104437000.0,794702000.0,-4180000.0,378116000.0,378116000.0,378116000.0,60918000.0,0.0,0.063,1485855000.0,654363000.0,363665000.0,0.498,1.786,19.08,19.094,843313000.0,0.0,38.76,1.203,1.203,935948000.0,,5995675000.0,5995675000.0,0.0,0.049,0.098,0.154,0.1,18290000.0,1485855000.0,1.0,186135290.0,186148000,186358000.0,32.209,3599228000.0,77581000.0,127424000.0,344067000.0,19.335,1646115000.0
49,DOV,MRT,2009-06-30,2009-06-30,2009-06-30,2021-10-19,0.0,7670454000.0,7866751750.0,2480318000.0,5190136000.0,0.821,20.981,-131776000.0,693560000.0,693560000.0,4175545000.0,458882000.0,2.479,0.965,1978785000.0,134044000.0,1844741000.0,1978785000.0,0.0,258000000.0,0.0,0.03,1.0,697237000.0,955237000.0,0.148,955237000.0,697237000.0,604781000.0,2.47,2.46,2.47,3903908000.0,3846071500.0,3903908000.0,7663032040.0,11.0,8.022,765243000.0,4.113,1.0,2286295000.0,0.354,4173566000.0,92456000.0,3781623000.0,3953061000.0,592160000.0,142544000.0,142544000.0,0.0,3766546000.0,1000490000.0,2766056000.0,6155283040.0,-49053000.0,47851000.0,-92030000.0,-363492000.0,-185804000.0,-641326000.0,-233230000.0,-148859000.0,897019000.0,-71516000.0,458882000.0,458882000.0,458882000.0,63003000.0,0.0,0.071,1542722000.0,743573000.0,348971000.0,0.405,1.577,13.414,13.397,849466000.0,0.0,33.09,0.953,0.953,872193000.0,,6461840000.0,6461840000.0,0.0,0.058,0.119,0.176,0.108,22252000.0,1542722000.0,1.0,186016411.0,186070000,186292000.0,34.728,3496888000.0,74015000.0,145899000.0,342572000.0,18.793,1479828000.0
50,DOV,MRT,2009-03-31,2009-03-31,2009-03-31,2021-10-19,0.0,7596833000.0,8045828500.0,2415914000.0,5180919000.0,0.88,20.286,-148740000.0,500310000.0,500310000.0,4549883000.0,497078000.0,2.39,1.013,2008059000.0,146652000.0,1861407000.0,2008059000.0,0.0,259667000.0,0.0,0.036,0.95,814464000.0,1074131000.0,0.152,1074131000.0,814464000.0,719460000.0,2.67,2.65,2.67,3773412000.0,3859246250.0,3773412000.0,6445306831.0,8.0,6.0,809335000.0,4.351,1.0,2532604000.0,0.358,4172105000.0,95004000.0,3921533000.0,4025730500.0,617568000.0,262640000.0,262640000.0,0.0,3823421000.0,1010944000.0,2812477000.0,4907042831.0,-139039000.0,11480000.0,-242892000.0,-176256000.0,-177186000.0,-596334000.0,-410480000.0,-271485000.0,958075000.0,-90300000.0,497078000.0,497078000.0,497078000.0,110843000.0,0.0,0.07,1624291000.0,908313000.0,345967000.0,0.356,1.3,9.872,9.88,850597000.0,0.0,26.38,0.693,0.693,872998000.0,,7082487000.0,7082487000.0,0.0,0.062,0.129,0.202,0.115,22840000.0,1624291000.0,1.0,186013754.0,186011000,186121000.0,38.076,3424728000.0,78115000.0,222382000.0,346727000.0,18.411,1404970000.0
51,DOV,MRT,2008-12-31,2008-12-31,2008-12-31,2021-10-19,10816000.0,7883238000.0,8197481500.0,2630119000.0,5253119000.0,0.923,20.123,-162547000.0,547409000.0,547409000.0,4838881000.0,590831000.0,2.098,1.078,2085673000.0,224944000.0,1860729000.0,2085673000.0,0.0,261154000.0,0.0,0.027,0.9,938129000.0,1199283000.0,0.158,1199283000.0,938129000.0,842092000.0,3.13,3.12,3.13,3792866000.0,3912541750.0,3792866000.0,7815279730.0,8.0,6.517,840277000.0,4.458,1.0,2730007000.0,0.361,4207975000.0,96037000.0,3960013000.0,4057550750.0,636121000.0,279460000.0,279460000.0,0.0,4090372000.0,1253514000.0,2836858000.0,6121962730.0,-58696000.0,-10987000.0,-386840000.0,-4993000.0,-169071000.0,-560904000.0,-454799000.0,-279460000.0,1002824000.0,-45817000.0,590831000.0,590831000.0,590831000.0,103927000.0,0.0,0.078,1700677000.0,1029330000.0,373436000.0,0.288,1.614,10.362,10.518,872134000.0,0.0,32.92,0.809,0.82,1013174000.0,5286458000.0,7568888000.0,7568888000.0,0.0,0.072,0.151,0.231,0.124,25246000.0,1700677000.0,1.0,185964846.0,188481000,189269000.0,40.157,3675263000.0,73687000.0,251261000.0,349410000.0,19.499,1376605000.0
52,DOV,MRT,2008-09-30,2008-09-30,2008-09-30,2021-10-19,0.0,8316482000.0,8243773750.0,2826853000.0,5489629000.0,0.937,20.988,-164983000.0,575932000.0,575932000.0,4926227000.0,655466000.0,1.839,1.125,2269249000.0,408074000.0,1861175000.0,2269249000.0,0.0,261793000.0,0.0,0.021,0.85,1016985000.0,1278778000.0,0.166,1278778000.0,1016985000.0,917706000.0,3.43,3.41,3.43,3914100000.0,3950868500.0,3914100000.0,9216963552.0,9.0,7.208,914823000.0,4.906,1.0,2799601000.0,0.362,4323696000.0,99279000.0,4149075000.0,3958256000.0,695922000.0,219359000.0,219359000.0,0.0,4402382000.0,1537028000.0,2865354000.0,7617194552.0,129959000.0,-126588000.0,-584944000.0,303758000.0,-161471000.0,-442657000.0,-512766000.0,-219359000.0,1079806000.0,5576000.0,655466000.0,655466000.0,655466000.0,44840000.0,0.0,0.085,1744912000.0,1054689000.0,469767000.0,0.248,1.946,11.621,11.822,896327000.0,0.0,40.55,0.986,0.979,1194472000.0,,7725828000.0,7725828000.0,0.0,0.08,0.166,0.257,0.132,27043000.0,1744912000.0,1.0,187846968.0,186488000,187706000.0,41.428,3992786000.0,67595000.0,262240000.0,350743000.0,21.41,1289825000.0
53,DOV,MRT,2008-06-30,2008-06-30,2008-06-30,2021-10-19,0.0,8386761000.0,8151919000.0,2836099000.0,5550662000.0,0.935,20.924,-154481000.0,742613000.0,742613000.0,4861542000.0,642406000.0,1.834,1.12,2342382000.0,462890000.0,1879492000.0,2342382000.0,0.0,256399000.0,0.0,0.017,0.8,1000671000.0,1257070000.0,0.165,1257070000.0,1000671000.0,904848000.0,3.29,3.27,3.29,3956607000.0,3949381000.0,3956607000.0,10708804107.0,11.0,8.519,807104000.0,4.268,1.0,2763616000.0,0.362,4367808000.0,95823000.0,4072301000.0,3807907000.0,709097000.0,0.0,0.0,0.0,4430154000.0,1546421000.0,2883733000.0,9160018107.0,335587000.0,-186856000.0,-773937000.0,585206000.0,-154937000.0,-343668000.0,-342681000.0,0.0,961585000.0,60351000.0,642406000.0,642406000.0,642406000.0,49692000.0,0.0,0.084,1705571000.0,1058045000.0,486084000.0,0.243,2.315,14.259,14.702,913079000.0,0.0,48.37,1.201,1.2,1237237000.0,,7625158000.0,7625158000.0,0.0,0.079,0.163,0.263,0.131,25878000.0,1705571000.0,1.0,189373953.0,189094000,190589000.0,40.325,4018953000.0,67325000.0,262442000.0,332351000.0,21.254,1289678000.0
54,DOV,MRT,2008-03-31,2008-03-31,2008-03-31,2021-10-19,0.0,8203445000.0,8007183000.0,2653265000.0,5550180000.0,0.929,20.718,-148393000.0,635690000.0,635690000.0,4760709000.0,679325000.0,2.004,1.058,2184476000.0,288461000.0,1896015000.0,2184476000.0,0.0,250675000.0,0.0,0.019,0.785,1020081000.0,1270756000.0,0.171,1270756000.0,1020081000.0,928962000.0,3.41,3.4,3.41,3986594000.0,3959629000.0,3986594000.0,9506927415.0,9.0,7.481,823212000.0,4.278,1.0,2677614000.0,0.36,4379723000.0,91119000.0,4048814000.0,3657472250.0,711746000.0,0.0,0.0,0.0,4216851000.0,1323694000.0,2893157000.0,8018687415.0,194831000.0,-116282000.0,-648372000.0,232983000.0,-154891000.0,-570280000.0,-267991000.0,0.0,971605000.0,61497000.0,679325000.0,679325000.0,679325000.0,534000.0,0.0,0.091,1650548000.0,1027066000.0,457113000.0,0.23,2.011,11.804,12.252,901827000.0,0.0,41.78,1.078,1.081,1151301000.0,,7438323000.0,7438323000.0,0.0,0.085,0.172,0.279,0.137,26675000.0,1650548000.0,1.0,191926458.0,192424000,193257000.0,38.656,3823722000.0,76734000.0,249637000.0,365903000.0,19.871,1329571000.0
55,DOV,MRT,2007-12-31,2007-12-31,2007-12-31,2021-10-19,217648000.0,8068407000.0,7918155750.0,2544631000.0,5523776000.0,0.924,19.601,-149458000.0,606105000.0,606105000.0,4697768000.0,661080000.0,1.516,1.045,2090652000.0,638649000.0,1452003000.0,2090652000.0,0.0,243776000.0,0.0,0.017,0.77,993286000.0,1237062000.0,0.169,1237062000.0,993286000.0,903697000.0,3.28,3.26,3.28,3946173000.0,3927940000.0,3946173000.0,10939017301.0,11.0,8.843,731777000.0,3.635,1.0,2619502000.0,0.358,4311379000.0,89589000.0,3562834000.0,3527928000.0,673944000.0,0.0,0.0,0.0,4122234000.0,1678741000.0,2443493000.0,9418935301.0,233384000.0,-182644000.0,-508892000.0,317609000.0,-154390000.0,-345673000.0,-336353000.0,0.0,881235000.0,34175000.0,661080000.0,661080000.0,661080000.0,8670000.0,0.0,0.09,1614005000.0,1005497000.0,416215000.0,0.235,2.387,14.248,14.052,892237000.0,0.0,46.09,1.287,1.268,1104090000.0,4870460000.0,7317270000.0,7317270000.0,0.0,0.083,0.168,0.282,0.136,26292000.0,1614005000.0,1.0,204359629.0,201330000,202918000.0,36.345,3757028000.0,76115000.0,242617000.0,344330000.0,18.661,865890000.0
56,DOV,MRT,2007-09-30,2007-09-30,2007-09-30,2021-10-19,0.0,7949063000.0,7807718250.0,2495274000.0,5453789000.0,0.919,19.458,-159824000.0,446023000.0,446023000.0,4653685000.0,594236000.0,1.546,1.034,1966105000.0,511650000.0,1454455000.0,1966105000.0,0.0,235258000.0,0.0,0.015,0.755,912306000.0,1147564000.0,0.16,1147564000.0,912306000.0,826228000.0,2.92,2.9,2.92,3908150000.0,3894152250.0,3908150000.0,11769762026.0,13.0,10.256,682559000.0,3.398,1.0,2524334000.0,0.352,4306958000.0,86078000.0,3547679000.0,3478821500.0,719729000.0,0.0,0.0,0.0,4040913000.0,1614508000.0,2426405000.0,10423162026.0,105593000.0,-576778000.0,-290472000.0,421667000.0,-153336000.0,-22141000.0,-740745000.0,0.0,842383000.0,26096000.0,594236000.0,594236000.0,594236000.0,54841000.0,0.0,0.083,1554029000.0,970305000.0,432260000.0,0.259,2.667,17.54,17.449,859386000.0,0.0,50.95,1.452,1.426,1172081000.0,,7178019000.0,7178019000.0,0.0,0.076,0.153,0.262,0.127,27178000.0,1554029000.0,1.0,204576291.0,200850000,202469000.0,35.738,3642105000.0,73179000.0,231992000.0,413488000.0,18.133,880766000.0
57,DOV,MRT,2007-06-30,2007-06-30,2007-06-30,2021-10-19,0.0,7807817000.0,7651637750.0,2432513000.0,5375304000.0,0.904,19.555,-168561000.0,409863000.0,409863000.0,4489140000.0,587171000.0,1.785,0.953,1756463000.0,290789000.0,1465674000.0,1756463000.0,0.0,219405000.0,0.0,0.014,0.74,884458000.0,1103863000.0,0.16,1103863000.0,884458000.0,803664000.0,2.87,2.86,2.87,3997599000.0,3866208000.0,3997599000.0,11961055053.0,14.0,10.836,718785000.0,3.516,1.0,2429020000.0,0.351,4321327000.0,80794000.0,3470562000.0,3506948000.0,740728000.0,0.0,0.0,0.0,3810218000.0,1362528000.0,2447690000.0,10455834053.0,136408000.0,-807245000.0,1118000.0,369790000.0,-151288000.0,219620000.0,-986400000.0,0.0,887346000.0,15842000.0,587171000.0,587171000.0,587171000.0,35067000.0,0.0,0.085,1505809000.0,923211000.0,436837000.0,0.258,2.616,17.807,17.822,887849000.0,0.0,51.15,1.511,1.511,1119522000.0,,6918160000.0,6918160000.0,0.0,0.077,0.152,0.252,0.128,26533000.0,1505809000.0,1.0,204415133.0,204431000,206145000.0,33.841,3486490000.0,76993000.0,216493000.0,442267000.0,17.055,1069985000.0
58,DOV,MRT,2007-03-31,2007-03-31,2007-03-31,2021-10-19,0.0,7847336000.0,7414731750.0,2451271000.0,5396065000.0,0.911,18.878,-183000000.0,444354000.0,444354000.0,4364011000.0,486887000.0,1.66,1.033,1949575000.0,468661000.0,1480914000.0,1949575000.0,0.0,206689000.0,0.0,0.015,0.725,782637000.0,989326000.0,0.146,989326000.0,782637000.0,705280000.0,2.38,2.37,2.38,3859838000.0,3774769500.0,3859838000.0,11389019553.0,15.0,11.512,668729000.0,3.271,1.0,2390347000.0,0.354,4345151000.0,77357000.0,3530637000.0,3521618750.0,742444000.0,0.0,0.0,0.0,3987498000.0,1476769000.0,2510729000.0,9991595553.0,165642000.0,-899168000.0,8864000.0,522500000.0,-148107000.0,383257000.0,-1091766000.0,0.0,851729000.0,22422000.0,486887000.0,486887000.0,486887000.0,119439000.0,0.0,0.072,1480427000.0,909920000.0,427816000.0,0.305,2.589,20.521,20.508,867356000.0,0.0,48.81,1.479,1.477,1106140000.0,,6754358000.0,6754358000.0,0.0,0.066,0.129,0.222,0.116,26782000.0,1480427000.0,1.0,204703863.0,204457000,206182000.0,33.036,3502185000.0,72454000.0,218393000.0,436968000.0,17.129,974502000.0
59,DOV,MRT,2006-12-31,2006-12-31,2006-12-31,2021-10-19,48852000.0,7626657000.0,7141421250.0,2238711000.0,5387946000.0,0.899,18.702,-173021000.0,374845000.0,374845000.0,4127528000.0,561782000.0,1.546,1.001,1771040000.0,290549000.0,1480491000.0,1771040000.0,0.0,195840000.0,0.0,0.014,0.71,857960000.0,1053800000.0,0.164,1053800000.0,857960000.0,780956000.0,2.76,2.73,2.76,3811022000.0,3697261500.0,3811022000.0,11211476682.0,13.0,10.639,722105000.0,3.544,1.0,2292000000.0,0.357,4208416000.0,77004000.0,3366408000.0,3455109250.0,694631000.0,0.0,0.0,0.0,3815635000.0,1448028000.0,2367607000.0,10008086682.0,188059000.0,-670875000.0,44982000.0,228107000.0,-144799000.0,128290000.0,-855134000.0,0.0,895126000.0,19777000.0,561782000.0,561782000.0,561782000.0,33898000.0,0.0,0.088,1389183000.0,902817000.0,401137000.0,0.257,2.626,17.815,17.761,815188000.0,0.0,49.02,1.559,1.556,1040286000.0,4421927000.0,6419528000.0,6419528000.0,0.0,0.079,0.152,0.248,0.134,26017000.0,1389183000.0,1.0,204163335.0,203773000,205497000.0,31.503,3418241000.0,64369000.0,219174000.0,512442000.0,16.775,790683000.0
60,DOV,MRT,2006-09-30,2006-09-30,2006-09-30,2021-10-19,0.0,7324741000.0,6879880000.0,2222502000.0,5102239000.0,0.87,18.639,-158399000.0,339173000.0,339173000.0,3802625000.0,559391000.0,1.896,0.929,1542563000.0,51360000.0,1491203000.0,1542563000.0,0.0,177633000.0,0.0,0.015,0.695,852205000.0,1029838000.0,0.172,1029838000.0,852205000.0,769652000.0,2.74,2.73,2.74,3796373000.0,3576886750.0,3796373000.0,10764971675.0,13.0,10.453,734605000.0,3.607,1.0,2185233000.0,0.365,3695749000.0,82553000.0,3660185000.0,3507117250.0,713009000.0,0.0,0.0,0.0,3528368000.0,1172197000.0,2356171000.0,9655223675.0,34201000.0,-233132000.0,28346000.0,-346514000.0,-141432000.0,-459600000.0,-411838000.0,0.0,893004000.0,12635000.0,559391000.0,559391000.0,559391000.0,-5675000.0,0.0,0.093,1332396000.0,852837000.0,404785000.0,0.254,2.543,17.26,17.314,805820000.0,0.0,47.44,1.612,1.614,1037855000.0,,5987858000.0,5987858000.0,0.0,0.081,0.156,0.243,0.142,19970000.0,1332396000.0,1.0,203524951.0,203682000,205313000.0,29.398,3628992000.0,63404000.0,210261000.0,554797000.0,17.817,1050305000.0
61,DOV,MRT,2006-06-30,2006-06-30,2006-06-30,2021-10-19,0.0,6860193000.0,6749893500.0,2022326000.0,4837867000.0,0.851,17.812,-141070000.0,271794000.0,271794000.0,3652960000.0,514546000.0,1.91,0.889,1381542000.0,37838000.0,1343704000.0,1381542000.0,0.0,169060000.0,0.0,0.014,0.68,798706000.0,967766000.0,0.168,967766000.0,798706000.0,717087000.0,2.53,2.51,2.53,3631845000.0,3444834250.0,3631845000.0,11210260290.0,14.0,11.584,655360000.0,3.214,1.0,2094248000.0,0.364,3381825000.0,81619000.0,3529245000.0,3420355500.0,634895000.0,0.0,0.0,0.0,3228348000.0,1058871000.0,2169477000.0,10078331290.0,-79536000.0,-861737000.0,28039000.0,242651000.0,-138190000.0,132500000.0,-1023922000.0,0.0,796430000.0,15456000.0,514546000.0,514546000.0,514546000.0,6924000.0,0.0,0.09,1285970000.0,808278000.0,399489000.0,0.269,2.775,19.587,19.538,752670000.0,0.0,49.43,1.754,1.754,1001246000.0,,5747208000.0,5747208000.0,0.0,0.076,0.149,0.234,0.139,13931000.0,1285970000.0,1.0,203890983.0,203897000,205615000.0,28.187,3478368000.0,54773000.0,202541000.0,486773000.0,17.059,963455000.0
62,DOV,MRT,2006-03-31,2006-03-31,2006-03-31,2021-10-19,0.0,6754094000.0,6517976000.0,2189091000.0,4565003000.0,0.832,17.46,-121173000.0,290347000.0,290347000.0,3471836000.0,615836000.0,1.872,0.903,1422276000.0,78482000.0,1343794000.0,1422276000.0,0.0,155626000.0,0.0,0.014,0.67,875171000.0,1030797000.0,0.19,1030797000.0,875171000.0,797558000.0,3.03,3.01,3.03,3549806000.0,3328772000.0,3549806000.0,11219625673.0,13.0,10.884,637272000.0,3.134,1.0,1948350000.0,0.359,3451847000.0,77613000.0,3264599000.0,3176445250.0,705672000.0,0.0,0.0,0.0,3204288000.0,1169577000.0,2034711000.0,9872373673.0,-82340000.0,-690135000.0,-2607000.0,147018000.0,-135900000.0,8511000.0,-841706000.0,0.0,758445000.0,-7590000.0,615836000.0,615836000.0,615836000.0,-143652000.0,0.0,0.114,1224007000.0,724343000.0,433269000.0,0.221,2.781,16.031,16.026,811077000.0,0.0,48.56,1.821,1.822,1066922000.0,,5420186000.0,5420186000.0,0.0,0.094,0.185,0.276,0.161,7221000.0,1224007000.0,1.0,203302588.0,203316000,204960000.0,26.659,3302247000.0,58976000.0,181722000.0,534370000.0,16.242,1019514000.0
63,DOV,MRT,2005-12-31,2005-12-31,2005-12-31,2021-10-19,57778000.0,6580492000.0,6330996500.0,1705778000.0,4874714000.0,0.811,16.403,-114606000.0,185832000.0,185832000.0,3303174000.0,510142000.0,1.541,0.976,1538335000.0,194162000.0,1344173000.0,1538335000.0,0.0,148538000.0,0.0,0.016,0.66,738318000.0,886856000.0,0.173,886856000.0,738318000.0,666075000.0,2.51,2.5,2.51,3329523000.0,3226073750.0,3329523000.0,9766581397.0,13.0,11.013,579728000.0,2.856,1.0,1831654000.0,0.357,3251863000.0,72243000.0,3574440000.0,3010379500.0,573265000.0,0.0,0.0,0.0,3250969000.0,1106692000.0,2144277000.0,8206030397.0,-122549000.0,-930372000.0,-32709000.0,441226000.0,-133913000.0,274604000.0,-1074249000.0,0.0,694334000.0,-17238000.0,510142000.0,510142000.0,510142000.0,-77639000.0,0.0,0.099,1183711000.0,647943000.0,329362000.0,0.263,2.465,16.086,16.131,706744000.0,0.0,40.49,1.598,1.601,850084000.0,4004944000.0,5134828000.0,5134828000.0,0.0,0.081,0.158,0.245,0.144,0.0,1183711000.0,1.0,202668076.0,202979000,204177000.0,25.297,3328629000.0,46881000.0,155933000.0,451459000.0,16.399,599086000.0
64,DOV,MRT,2005-09-30,2005-09-30,2005-09-30,2021-10-19,0.0,6804795000.0,6126585250.0,2219234000.0,4585561000.0,0.76,16.133,-100805000.0,323242000.0,323242000.0,2985886000.0,491130000.0,1.416,1.082,1883793000.0,543910000.0,1339883000.0,1883793000.0,0.0,133890000.0,0.0,0.016,0.65,687887000.0,821777000.0,0.176,821777000.0,687887000.0,625084000.0,2.42,2.41,2.42,3268163000.0,3173363500.0,3268163000.0,8992407860.0,13.0,10.943,533454000.0,2.633,1.0,1672946000.0,0.359,3485505000.0,62803000.0,3313138000.0,2782963000.0,746065000.0,0.0,0.0,0.0,3536632000.0,1566703000.0,1969929000.0,8259717860.0,42433000.0,-1117474000.0,-35190000.0,853996000.0,-131986000.0,686820000.0,-1257584000.0,0.0,634259000.0,337000.0,491130000.0,491130000.0,491130000.0,-99137000.0,0.0,0.105,1098427000.0,574519000.0,376437000.0,0.269,2.527,16.818,16.855,806540000.0,0.0,40.79,1.773,1.774,1024758000.0,,4658832000.0,4658832000.0,0.0,0.08,0.155,0.247,0.148,0.0,1098427000.0,1.0,202493696.0,202572000,203918000.0,22.998,3319290000.0,125169000.0,133954000.0,455480000.0,16.386,652531000.0
65,DOV,MRT,2005-06-30,2005-06-30,2005-06-30,2021-10-19,0.0,5932523000.0,5805402250.0,2291808000.0,3640715000.0,0.806,15.607,-88031000.0,399671000.0,399671000.0,3014795000.0,488714000.0,1.607,0.873,1132361000.0,380710000.0,751651000.0,1132361000.0,0.0,133719000.0,0.0,0.018,0.64,682620000.0,816339000.0,0.175,816339000.0,682620000.0,620134000.0,2.4,2.4,2.4,3167596000.0,3095438750.0,3167596000.0,8270365621.0,12.0,10.131,513675000.0,2.531,1.0,1663325000.0,0.356,2685239000.0,62486000.0,2553604000.0,2647011000.0,795032000.0,0.0,0.0,0.0,2764927000.0,1426370000.0,1338557000.0,7411623621.0,23304000.0,-387178000.0,-39740000.0,107651000.0,-130074000.0,-62163000.0,-508096000.0,0.0,601706000.0,-2362000.0,488714000.0,488714000.0,488714000.0,-107119000.0,0.0,0.104,1102743000.0,560582000.0,411808000.0,0.267,2.34,15.166,15.158,741552000.0,0.0,36.38,1.584,1.578,970425000.0,,4678120000.0,4678120000.0,0.0,0.084,0.158,0.258,0.146,0.0,1102743000.0,1.0,203727972.0,202959000,203984000.0,23.05,3247284000.0,126680000.0,131420000.0,507564000.0,16.0,865438000.0
66,DOV,MRT,2005-03-31,2005-03-31,2005-03-31,2021-10-19,0.0,6006176000.0,5666197750.0,2306932000.0,3699244000.0,0.831,15.414,-80631000.0,411830000.0,411830000.0,3039748000.0,427777000.0,1.507,0.913,1270572000.0,515129000.0,755443000.0,1270572000.0,0.0,137006000.0,0.0,0.017,0.63,621218000.0,758224000.0,0.161,758224000.0,621218000.0,558649000.0,2.1,2.1,2.1,3139013000.0,3018010500.0,3139013000.0,8432462109.0,14.0,11.121,422795000.0,2.076,1.0,1670772000.0,0.355,2733618000.0,62569000.0,2600336000.0,2692597000.0,813254000.0,0.0,0.0,0.0,2867163000.0,1530964000.0,1336199000.0,7697741109.0,-17517000.0,-544292000.0,6854000.0,230513000.0,-128172000.0,109195000.0,-646180000.0,0.0,503426000.0,12592000.0,427777000.0,427777000.0,427777000.0,-47607000.0,0.0,0.091,1106558000.0,564214000.0,409061000.0,0.3,2.452,17.995,17.995,750119000.0,0.0,37.79,1.634,1.634,964565000.0,,4710520000.0,4710520000.0,0.0,0.075,0.142,0.231,0.132,0.0,1106558000.0,1.0,203697833.0,203650000,204904000.0,23.13,3272558000.0,117283000.0,130872000.0,494627000.0,16.07,775968000.0
67,DOV,MRT,2004-12-31,2004-12-31,2004-12-31,2021-10-19,195220000.0,5762847000.0,5479105250.0,2030829000.0,3732018000.0,0.818,15.342,-75088000.0,329055000.0,329055000.0,2878130000.0,412755000.0,1.569,0.848,1092328000.0,339265000.0,753063000.0,1092328000.0,0.0,134731000.0,0.0,0.015,0.62,603595000.0,738326000.0,0.165,738326000.0,603595000.0,542452000.0,2.03,2.02,2.03,3118682000.0,2928207000.0,3118682000.0,9245309005.0,15.0,12.522,517860000.0,2.548,1.0,1601260000.0,0.357,2567161000.0,61143000.0,2664774000.0,2721561250.0,736150000.0,0.0,0.0,0.0,2644165000.0,1294185000.0,1349980000.0,8529056005.0,-19368000.0,-428624000.0,8432000.0,14629000.0,-126059000.0,-102998000.0,-523289000.0,0.0,592948000.0,13971000.0,412755000.0,412755000.0,412755000.0,-50337000.0,0.0,0.092,1053100000.0,548160000.0,324840000.0,0.305,2.735,20.664,20.66,727045000.0,0.0,41.94,1.904,1.903,864426000.0,3628715000.0,4479390000.0,4479390000.0,0.0,0.075,0.141,0.222,0.135,0.0,1053100000.0,1.0,203363281.0,203275000,204786000.0,22.036,3195686000.0,47969000.0,129697000.0,473832000.0,15.721,736644000.0
68,DOV,MRT,2004-09-30,2004-09-30,2004-09-30,2021-10-19,0.0,5520063000.0,5328271250.0,2108395000.0,3411668000.0,0.928,14.54,-75850000.0,306643000.0,306643000.0,3241262000.0,391959000.0,1.981,0.867,1022896000.0,22837000.0,1000059000.0,1022896000.0,0.0,150003000.0,0.0,0.016,0.61,587431000.0,737434000.0,0.149,737434000.0,587431000.0,526812000.0,1.93,1.92,1.93,2956464000.0,2834204250.0,2956464000.0,8556212751.0,15.0,11.603,634303000.0,3.119,1.0,1701632000.0,0.344,2402684000.0,60619000.0,2769330000.0,2736899500.0,756601000.0,0.0,0.0,0.0,2563599000.0,1064302000.0,1499297000.0,7903319751.0,-89678000.0,-572581000.0,6737000.0,-64869000.0,-123931000.0,-182063000.0,-657421000.0,0.0,710153000.0,24791000.0,391959000.0,391959000.0,391959000.0,-21858000.0,0.0,0.079,1132930000.0,568702000.0,370139000.0,0.316,2.673,20.164,20.14,750023000.0,0.0,38.87,1.599,1.599,931919000.0,,4942894000.0,4942894000.0,0.0,0.074,0.138,0.215,0.119,0.0,1132930000.0,1.0,203326981.0,203335000,204714000.0,24.309,3117379000.0,113232000.0,134853000.0,463369000.0,15.331,1044093000.0
69,DOV,MRT,2004-06-30,2004-06-30,2004-06-30,2021-10-19,0.0,5375705000.0,5180203000.0,2084086000.0,3291619000.0,0.904,14.06,-78623000.0,370696000.0,370696000.0,3069450000.0,356050000.0,2.01,0.881,1023589000.0,22480000.0,1001109000.0,1023589000.0,0.0,149700000.0,0.0,0.014,0.6,535869000.0,685569000.0,0.146,685569000.0,535869000.0,475740000.0,1.76,1.75,1.76,2857883000.0,2745077000.0,2857883000.0,9164327214.0,17.0,13.367,573319000.0,2.821,1.0,1612468000.0,0.344,2255993000.0,60129000.0,2735948000.0,2727287000.0,720476000.0,0.0,0.0,0.0,2517822000.0,1036657000.0,1481165000.0,8556967214.0,71867000.0,-387369000.0,8470000.0,-10522000.0,-121788000.0,-123840000.0,-474982000.0,0.0,651942000.0,14234000.0,356050000.0,356050000.0,356050000.0,-23358000.0,0.0,0.076,1092726000.0,519742000.0,332060000.0,0.341,2.994,24.033,23.92,701914000.0,0.0,42.1,1.828,1.828,891226000.0,,4681918000.0,4681918000.0,0.0,0.069,0.13,0.196,0.114,0.0,1092726000.0,1.0,203253378.0,203263000,204787000.0,23.034,3119712000.0,101688000.0,119690000.0,442380000.0,15.348,1047429000.0
70,DOV,MRT,2004-03-31,2004-03-31,2004-03-31,2021-10-19,0.0,5257806000.0,4986748250.0,1993702000.0,3264104000.0,0.884,13.688,-81581000.0,422533000.0,422533000.0,2895662000.0,316568000.0,2.052,0.891,1029893000.0,23842000.0,1006051000.0,1029893000.0,0.0,149676000.0,0.0,0.015,0.585,473973000.0,623649000.0,0.141,623649000.0,473973000.0,413502000.0,1.57,1.56,1.57,2779799000.0,2666208500.0,2779799000.0,8574198522.0,18.0,13.748,584764000.0,2.879,1.0,1514537000.0,0.343,2177442000.0,60471000.0,2716193000.0,2724072000.0,666938000.0,0.0,0.0,0.0,2478007000.0,971531000.0,1506476000.0,7876993522.0,136051000.0,-318504000.0,7587000.0,-25495000.0,-118643000.0,-136551000.0,-409075000.0,0.0,666345000.0,26183000.0,316568000.0,316568000.0,316568000.0,-20333000.0,0.0,0.072,1050224000.0,464313000.0,300964000.0,0.373,2.834,24.882,24.694,701476000.0,0.0,38.77,1.786,1.785,801280000.0,,4410199000.0,4410199000.0,0.0,0.063,0.119,0.174,0.107,0.0,1050224000.0,1.0,203172389.0,203088000,204763000.0,21.716,3080364000.0,102951000.0,96934000.0,444725000.0,15.168,1022171000.0
71,DOV,MRT,2003-12-31,2003-12-31,2003-12-31,2021-10-19,119673000.0,5159511000.0,4792446750.0,1849640000.0,3309871000.0,0.869,13.539,-81218000.0,370379000.0,370379000.0,2739902000.0,292927000.0,2.031,0.881,1067584000.0,63669000.0,1003915000.0,1067584000.0,0.0,148376000.0,0.0,0.014,0.57,436137000.0,584513000.0,0.14,584513000.0,436137000.0,373867000.0,1.45,1.44,1.45,2742671000.0,2579992250.0,2742671000.0,8725445268.0,20.0,14.928,504519000.0,2.491,1.0,1426290000.0,0.342,2219788000.0,62270000.0,2726127000.0,2718231250.0,639339000.0,0.0,0.0,0.0,2416840000.0,910801000.0,1506039000.0,8050108268.0,82912000.0,-348700000.0,3698000.0,13524000.0,-115503000.0,-98281000.0,-438908000.0,0.0,585737000.0,34364000.0,292927000.0,292927000.0,292927000.0,-22813000.0,0.0,0.07,1003225000.0,423065000.0,283814000.0,0.393,2.935,27.482,27.414,717875000.0,0.0,39.75,1.932,1.933,747567000.0,3342020000.0,4166192000.0,4166192000.0,0.0,0.061,0.114,0.16,0.105,0.0,1003225000.0,1.0,202518447.0,202576000,203614000.0,20.566,2939723000.0,44547000.0,80940000.0,375337000.0,14.512,938839000.0
72,DOV,MRT,2003-09-30,2003-09-30,2003-09-30,2021-10-19,0.0,4927790000.0,4611848000.0,2081750000.0,2846040000.0,0.896,12.835,-71097000.0,404379000.0,404379000.0,2719170000.0,231637000.0,2.102,0.895,1079716000.0,73683000.0,1006033000.0,1079716000.0,0.0,148479000.0,0.0,0.016,0.555,349921000.0,498400000.0,0.121,498400000.0,349921000.0,286680000.0,1.14,1.14,1.14,2599955000.0,2493033000.0,2599955000.0,7885033768.0,23.0,15.821,376914000.0,1.861,1.0,1410844000.0,0.342,1881957000.0,63241000.0,2730880000.0,2711413750.0,630199000.0,0.0,0.0,0.0,2327835000.0,990290000.0,1337545000.0,7165875768.0,232983000.0,-53806000.0,2778000.0,6649000.0,-112403000.0,-111410000.0,-124903000.0,0.0,448011000.0,12444000.0,231637000.0,231637000.0,231637000.0,8505000.0,0.0,0.056,1040657000.0,370187000.0,262945000.0,0.487,2.756,30.936,31.026,700107000.0,0.0,35.37,1.735,1.735,778096000.0,,4130014000.0,4130014000.0,0.0,0.05,0.093,0.129,0.085,0.0,1040657000.0,1.0,202597562.0,202568000,204017000.0,20.388,3045833000.0,63492000.0,55043000.0,353958000.0,15.036,1091460000.0
73,DOV,MRT,2003-06-30,2003-06-30,2003-06-30,2021-10-19,0.0,4601886000.0,4471360750.0,1791809000.0,2810077000.0,0.91,12.553,-77421000.0,306905000.0,306905000.0,2691429000.0,203724000.0,2.516,0.81,1026063000.0,24324000.0,1001739000.0,1026063000.0,0.0,152064000.0,0.0,0.018,0.54,318598000.0,470662000.0,0.116,470662000.0,318598000.0,256174000.0,1.0,1.0,1.0,2542409000.0,2431762750.0,2542409000.0,6828818534.0,21.0,14.509,374486000.0,1.849,1.0,1378127000.0,0.339,1885681000.0,62424000.0,2723088000.0,2693730750.0,641872000.0,0.0,0.0,0.0,2059477000.0,712275000.0,1347202000.0,6067623534.0,192431000.0,-55992000.0,-12601000.0,-51194000.0,-109376000.0,-173171000.0,-133413000.0,0.0,451907000.0,36423000.0,203724000.0,203724000.0,203724000.0,19674000.0,0.0,0.05,1026770000.0,351357000.0,251048000.0,0.54,2.387,29.784,29.96,707379000.0,0.0,29.96,1.491,1.491,731151000.0,,4069556000.0,4069556000.0,0.0,0.046,0.084,0.118,0.078,0.0,1026770000.0,1.0,202524150.0,202527000,203337000.0,20.094,2716205000.0,64919000.0,52450000.0,203420000.0,13.412,1079534000.0
74,DOV,MRT,2003-03-31,2003-03-31,2003-03-31,2021-10-19,-32520000.0,4480600000.0,4399878750.0,1707054000.0,2773546000.0,0.922,12.028,-77754000.0,294193000.0,294193000.0,2703047000.0,186143000.0,2.487,0.84,1055388000.0,24382000.0,1031006000.0,1055388000.0,0.0,154251000.0,0.0,0.022,0.54,302393000.0,456644000.0,0.113,456644000.0,302393000.0,237636000.0,0.91,0.91,0.91,2434934000.0,2379319250.0,2434934000.0,5664699151.0,19.0,12.405,370335000.0,1.829,1.0,1354350000.0,0.334,1862573000.0,64757000.0,2692830000.0,2687296250.0,613236000.0,539000.0,539000.0,0.0,2045666000.0,686392000.0,1359274000.0,4905087151.0,131328000.0,-52265000.0,-10831000.0,-152455000.0,-109413000.0,-272699000.0,-130019000.0,0.0,448089000.0,24337000.0,186143000.0,186143000.0,186143000.0,30976000.0,0.0,0.046,1011665000.0,342685000.0,231395000.0,0.593,2.014,26.351,26.615,695896000.0,0.0,24.22,1.209,1.208,689641000.0,3196728000.0,4057397000.0,4057397000.0,0.0,0.042,0.078,0.113,0.075,0.0,1011665000.0,1.0,202522178.0,202431000,202949000.0,20.043,2618027000.0,64976000.0,51493000.0,206521000.0,12.933,1020662000.0
75,DOV,MRT,2002-12-31,2002-12-31,2002-12-31,2021-10-19,-38609000.0,4437116000.0,4355284500.0,1604695000.0,2832421000.0,0.931,11.822,-79741000.0,293824000.0,293824000.0,2722674000.0,-121261000.0,2.402,0.853,1054060000.0,23761000.0,1030299000.0,1054060000.0,0.0,156946000.0,0.0,0.019,0.54,-951000.0,155995000.0,0.038,155995000.0,-951000.0,-65738000.0,-0.6,-0.6,-0.6,2394834000.0,2329918250.0,2394834000.0,6800165694.0,-7151.0,43.592,316098000.0,1.56,1.0,1330919000.0,0.328,1830311000.0,64787000.0,2698857000.0,2686923000.0,573540000.0,0.0,0.0,0.0,2042282000.0,668184000.0,1374098000.0,5899675694.0,121864000.0,-82893000.0,-9096000.0,-21538000.0,-109436000.0,-140070000.0,-162634000.0,0.0,395839000.0,23521000.0,-121261000.0,-121261000.0,-121261000.0,36058000.0,0.0,-0.03,996209000.0,334710000.0,191142000.0,-0.9,2.464,-48.653,-48.6,676196000.0,0.0,29.16,1.455,1.457,641824000.0,3164596000.0,4053593000.0,4053593000.0,0.0,-0.028,-0.052,0.0,0.0,0.0,996209000.0,1.0,202320840.0,202571000,203346000.0,20.011,2606805000.0,56554000.0,55523000.0,208555000.0,12.869,936511000.0
76,DOV,MRT,2002-09-30,2002-09-30,2002-09-30,2021-10-19,-89460000.0,4365841000.0,4401988500.0,1730076000.0,2635765000.0,0.902,11.621,-87547000.0,174331000.0,174331000.0,2673023000.0,-112744000.0,2.278,0.854,1074821000.0,44712000.0,1030109000.0,1074821000.0,0.0,218763000.0,0.0,0.021,0.54,18091000.0,236854000.0,0.06,236854000.0,18091000.0,-37174000.0,-0.56,-0.55,-0.56,2354874000.0,2361030000.0,2354874000.0,6107297102.0,338.0,25.785,236619000.0,1.168,1.0,1296722000.0,0.327,1846849000.0,55265000.0,2660148000.0,2677381250.0,629045000.0,301000.0,301000.0,0.0,2010967000.0,759334000.0,1251633000.0,5144865102.0,-47301000.0,-55882000.0,-7995000.0,-191504000.0,-109456000.0,-300521000.0,-143429000.0,0.0,324166000.0,8765000.0,-112744000.0,-112744000.0,-112744000.0,37863000.0,0.0,-0.028,939492000.0,357230000.0,205245000.0,-0.964,2.185,-45.633,-45.321,722182000.0,0.0,25.38,1.296,1.295,746709000.0,3176891000.0,3969745000.0,3969745000.0,0.0,-0.026,-0.048,0.007,0.005,0.0,939492000.0,1.0,202713361.0,202631000,203197000.0,19.591,2518992000.0,32908000.0,75570000.0,182736000.0,12.431,970742000.0
77,DOV,MRT,2002-06-30,2002-06-30,2002-06-30,2021-10-19,-95518000.0,4315958000.0,4517553750.0,1647074000.0,2668884000.0,0.883,11.51,-92101000.0,116417000.0,116417000.0,2734439000.0,-166579000.0,2.246,0.85,1078849000.0,44161000.0,1034688000.0,1078849000.0,0.0,216508000.0,0.0,0.015,0.54,-49210000.0,167298000.0,0.042,167298000.0,-49210000.0,-111288000.0,-0.82,-0.82,-0.82,2332635000.0,2407536250.0,2332635000.0,8140694635.0,-165.0,48.66,286842000.0,1.415,1.0,1253860000.0,0.314,1847730000.0,62078000.0,2697350000.0,2682195000.0,646472000.0,444000.0,444000.0,0.0,1983323000.0,733310000.0,1250013000.0,7096871635.0,-243240000.0,-86386000.0,-16795000.0,-355226000.0,-109512000.0,-481533000.0,-178487000.0,0.0,378943000.0,-8026000.0,-166579000.0,-166579000.0,-166579000.0,38916000.0,0.0,-0.042,971416000.0,282444000.0,233201000.0,-0.659,3.042,-42.604,-42.683,736208000.0,0.0,35.0,1.779,1.778,733969000.0,3147814000.0,3988299000.0,3988299000.0,0.0,-0.037,-0.069,-0.018,-0.012,0.0,971416000.0,1.0,202767761.0,202655000,203713000.0,19.68,2468228000.0,43988000.0,55291000.0,134846000.0,12.179,913764000.0
78,DOV,MRT,2002-03-31,2002-03-31,2002-03-31,2021-10-19,-160468000.0,4302223000.0,4689589500.0,1668800000.0,2633423000.0,0.855,11.04,-107344000.0,165648000.0,165648000.0,2743213000.0,-78482000.0,1.993,0.923,1209471000.0,177299000.0,1032172000.0,1209471000.0,0.0,213572000.0,0.0,0.013,0.53,50598000.0,264170000.0,0.066,264170000.0,50598000.0,-16502000.0,-0.39,-0.39,-0.39,2237330000.0,2462536500.0,2237330000.0,9210785891.0,182.0,34.867,428473000.0,2.114,1.0,1264427000.0,0.316,1817555000.0,67100000.0,2691337000.0,2692283000.0,651486000.0,635000.0,635000.0,0.0,2064893000.0,837154000.0,1227739000.0,8309627891.0,-4103000.0,-236633000.0,-25200000.0,-342170000.0,-107513000.0,-474883000.0,-343977000.0,0.0,535817000.0,-8026000.0,-78482000.0,-78482000.0,-78482000.0,-65860000.0,0.0,-0.02,996163000.0,268264000.0,207992000.0,-1.359,3.714,-105.879,-105.128,740347000.0,0.0,41.0,2.073,2.073,704472000.0,3119999000.0,4007640000.0,4007640000.0,0.0,-0.017,-0.032,0.019,0.013,0.0,996163000.0,1.0,202673851.0,202660000,203818000.0,19.775,2484668000.0,47055000.0,61980000.0,150969000.0,12.26,831646000.0
79,DOV,MRT,2001-12-31,2001-12-31,2001-12-31,2021-10-19,-149723000.0,4623932000.0,4843815750.0,1573345000.0,3050587000.0,0.872,12.415,-147343000.0,175331000.0,175331000.0,2869782000.0,248537000.0,2.007,0.835,1075257000.0,43513000.0,1031744000.0,1075257000.0,0.0,207845000.0,0.0,0.014,0.52,398453000.0,606298000.0,0.144,606298000.0,398453000.0,323235000.0,1.22,1.22,1.22,2519281000.0,2517666500.0,2519281000.0,8541872062.0,21.0,14.089,493438000.0,2.432,1.0,1353463000.0,0.32,2079266000.0,75218000.0,2660690000.0,2755905750.0,639018000.0,997000.0,997000.0,0.0,2104651000.0,783902000.0,1320749000.0,7503663062.0,-5069000.0,-273170000.0,-28210000.0,-411056000.0,-105563000.0,-544829000.0,-420513000.0,0.0,640781000.0,-8026000.0,248537000.0,248537000.0,248537000.0,-70301000.0,0.0,0.059,1039581000.0,313882000.0,202042000.0,0.426,2.978,30.191,30.385,738213000.0,0.0,37.07,1.777,1.781,663839000.0,3395293000.0,4223245000.0,4223245000.0,0.0,0.051,0.099,0.145,0.094,0.0,1039581000.0,1.0,202418750.0,202925000,204013000.0,20.812,2544666000.0,57534000.0,74698000.0,279883000.0,12.54,789443000.0
80,DOV,MRT,2001-09-30,2001-09-30,2001-09-30,2021-10-19,-129624000.0,4828102000.0,4911273500.0,1834424000.0,2993678000.0,0.903,12.519,-171194000.0,221781000.0,221781000.0,2967916000.0,359684000.0,1.77,0.9,1259990000.0,221341000.0,1038649000.0,1259990000.0,0.0,190983000.0,0.0,0.017,0.51,548721000.0,739704000.0,0.167,739704000.0,548721000.0,449347000.0,1.71,1.71,1.71,2540899000.0,2498240000.0,2540899000.0,7179278133.0,13.0,9.706,526635000.0,2.595,1.0,1468221000.0,0.331,2150524000.0,99374000.0,2679403000.0,2751959500.0,744495000.0,521000.0,521000.0,0.0,2287203000.0,1036384000.0,1250819000.0,6115306133.0,11260000.0,-381541000.0,-29128000.0,-258903000.0,-103611000.0,-391642000.0,-552735000.0,0.0,697829000.0,-4097000.0,359684000.0,359684000.0,359684000.0,-100210000.0,0.0,0.081,1055460000.0,412761000.0,224335000.0,0.298,2.407,17.002,17.608,775055000.0,0.0,30.11,1.379,1.378,762885000.0,3399091000.0,4436137000.0,4436137000.0,0.0,0.073,0.144,0.199,0.124,0.0,1055460000.0,1.0,203098842.0,202958000,203924000.0,21.857,2677578000.0,0.0,89663000.0,200146000.0,13.193,798040000.0
81,DOV,MRT,2001-06-30,2001-06-30,2001-06-30,2021-10-19,-164607000.0,5004101000.0,4902079250.0,2021844000.0,2982257000.0,0.968,12.57,-200197000.0,360030000.0,360030000.0,3070849000.0,487944000.0,1.658,0.96,1424002000.0,391003000.0,1032999000.0,1424002000.0,0.0,162061000.0,0.0,0.013,0.5,749911000.0,911972000.0,0.192,911972000.0,749911000.0,644969000.0,2.4,2.41,2.4,2552636000.0,2441817000.0,2552636000.0,9021337052.0,12.0,9.892,550895000.0,2.713,1.0,1674769000.0,0.353,2111096000.0,104942000.0,2737702000.0,2690721000.0,784444000.0,1180000.0,1180000.0,0.0,2451465000.0,1219275000.0,1232190000.0,7652865052.0,224459000.0,-452322000.0,-6855000.0,-49955000.0,-101575000.0,-158385000.0,-638334000.0,14185000.0,751092000.0,-4097000.0,487944000.0,487944000.0,487944000.0,-89717000.0,0.0,0.103,1061119000.0,613650000.0,213394000.0,0.208,2.998,15.684,15.688,769207000.0,0.0,37.65,1.613,1.611,769302000.0,3423905000.0,4745618000.0,4745618000.0,0.0,0.1,0.2,0.279,0.158,0.0,1061119000.0,1.0,203263348.0,203078000,204238000.0,23.368,2893005000.0,0.0,157025000.0,218813000.0,14.246,802569000.0
82,DOV,MRT,2001-03-31,2001-03-31,2001-03-31,2021-10-19,-147650000.0,4919128000.0,4791575500.0,1939676000.0,2979452000.0,1.048,12.094,-202761000.0,169768000.0,169768000.0,3206858000.0,481379000.0,1.56,1.001,1538240000.0,504948000.0,1033292000.0,1538240000.0,0.0,174640000.0,0.0,0.014,0.49,788369000.0,963009000.0,0.192,963009000.0,788369000.0,682775000.0,2.37,2.38,2.37,2457850000.0,2362394750.0,2457850000.0,8579175181.0,11.0,8.909,420237000.0,2.068,1.0,1816838000.0,0.362,2098145000.0,105594000.0,2945828000.0,2609285750.0,794056000.0,1812000.0,1812000.0,0.0,2461278000.0,1243627000.0,1217651000.0,7286191181.0,48960000.0,-368943000.0,186000.0,99278000.0,-99541000.0,-77000.0,-557519000.0,14185000.0,622998000.0,-4097000.0,481379000.0,481379000.0,481379000.0,4948000.0,0.0,0.096,1066899000.0,749939000.0,252100000.0,0.207,2.964,15.136,15.122,787458000.0,0.0,35.84,1.45,1.45,864052000.0,3305992000.0,5023696000.0,5023696000.0,0.0,0.1,0.204,0.302,0.157,0.0,1066899000.0,1.0,203297745.0,203222000,204468000.0,24.72,2820983000.0,0.0,201396000.0,137309000.0,13.881,696049000.0
83,DOV,MRT,2000-12-31,2000-12-31,2000-12-31,2021-10-19,-109579000.0,4893763000.0,4662635000.0,1908674000.0,2985089000.0,1.086,12.029,-176862000.0,180648000.0,180648000.0,3204051000.0,519612000.0,1.216,1.004,1474383000.0,842537000.0,631846000.0,1474383000.0,0.0,184224000.0,0.0,0.012,0.48,845097000.0,1029321000.0,0.203,1029321000.0,845097000.0,748042000.0,2.56,2.56,2.56,2441575000.0,2283227750.0,2441575000.0,9494497678.0,11.0,9.224,358894000.0,1.768,1.0,1860754000.0,0.367,1973066000.0,97055000.0,2644905000.0,2441230250.0,750599000.0,5341000.0,5341000.0,0.0,2452188000.0,1569527000.0,882661000.0,8237515678.0,43212000.0,-425739000.0,3129000.0,505622000.0,-97468000.0,411283000.0,-588416000.0,14185000.0,535756000.0,-4097000.0,519612000.0,519612000.0,519612000.0,6089000.0,0.0,0.103,1046838000.0,813916000.0,266729000.0,0.188,3.374,15.853,15.844,715244000.0,0.0,40.56,1.626,1.625,869510000.0,3252319000.0,5064805000.0,5064805000.0,0.0,0.111,0.228,0.346,0.167,0.0,1046838000.0,1.0,203094568.0,202971000,204677000.0,24.953,2920697000.0,0.0,228430000.0,111295000.0,14.39,339147000.0
84,DOV,MRT,2000-09-30,2000-09-30,2000-09-30,2021-10-19,-124971000.0,4791325000.0,4472179250.0,2012307000.0,2779018000.0,1.13,11.404,-167924000.0,210860000.0,210860000.0,3186154000.0,505908000.0,1.206,1.07,1467842000.0,838548000.0,629294000.0,1467842000.0,0.0,130733000.0,0.0,0.01,0.47,840834000.0,971567000.0,0.192,971567000.0,840834000.0,757561000.0,2.57,2.56,2.57,2315207000.0,2182523000.0,2315207000.0,10822209091.0,13.0,11.139,341549000.0,1.682,1.0,1865204000.0,0.369,1945135000.0,83273000.0,2434449000.0,2218160000.0,768887000.0,0.0,0.0,0.0,2476118000.0,1668723000.0,807395000.0,9532316091.0,36173000.0,-1688307000.0,-668246000.0,645407000.0,-95376000.0,-118215000.0,-1212274000.0,643957000.0,509473000.0,-6982000.0,505908000.0,505908000.0,505908000.0,-5902000.0,0.0,0.1,1053830000.0,811374000.0,282822000.0,0.183,4.117,18.842,18.265,706684000.0,0.0,46.94,1.887,1.887,936130000.0,3143018000.0,5051358000.0,5051358000.0,0.0,0.113,0.232,0.379,0.166,0.0,1053830000.0,1.0,203074480.0,203021000,204842000.0,24.881,2846190000.0,0.0,251653000.0,143532000.0,14.019,343584000.0
85,DOV,MRT,2000-06-30,2000-06-30,2000-06-30,2021-10-19,-99216000.0,4562086000.0,4256921750.0,1847979000.0,2714107000.0,1.13,11.01,-143820000.0,135711000.0,135711000.0,3044475000.0,496576000.0,1.221,1.041,1425604000.0,795586000.0,630018000.0,1425604000.0,0.0,172697000.0,0.0,0.011,0.46,813784000.0,986481000.0,0.205,986481000.0,813784000.0,745261000.0,2.48,2.47,2.48,2234947000.0,2103235750.0,2234947000.0,9502322439.0,12.0,9.633,295183000.0,1.454,1.0,1766928000.0,0.367,1926916000.0,68523000.0,2411961000.0,2032212500.0,715837000.0,0.0,0.0,0.0,2327139000.0,1513102000.0,814037000.0,8233694439.0,-95054000.0,-1609893000.0,-667269000.0,687518000.0,-93694000.0,-73445000.0,-1316265000.0,437448000.0,439003000.0,-6982000.0,496576000.0,496576000.0,496576000.0,-19497000.0,0.0,0.103,999278000.0,767650000.0,276258000.0,0.185,3.684,16.581,16.355,673074000.0,0.0,40.56,1.711,1.711,901596000.0,3037536000.0,4811403000.0,4811403000.0,0.0,0.117,0.236,0.4,0.169,0.0,999278000.0,1.0,203000356.0,202993000,204926000.0,23.702,2635170000.0,0.0,248685000.0,118440000.0,12.982,334877000.0
86,DOV,MRT,2000-03-31,2000-03-31,2000-03-31,2021-10-19,-78038000.0,4403366000.0,4080476000.0,1760416000.0,2642950000.0,1.105,10.558,-129224000.0,120875000.0,120875000.0,2860341000.0,453153000.0,1.197,1.057,1389503000.0,755208000.0,634295000.0,1389503000.0,0.0,170808000.0,0.0,0.009,0.45,735853000.0,906661000.0,0.201,906661000.0,735853000.0,678674000.0,2.29,2.28,2.29,2141182000.0,2066090500.0,2141182000.0,10483305756.0,14.0,11.563,281781000.0,1.389,1.0,1649652000.0,0.366,1927271000.0,57179000.0,2273606000.0,1840923000.0,705122000.0,0.0,0.0,0.0,2262184000.0,1471117000.0,791067000.0,9715418756.0,-399126000.0,-510024000.0,-666557000.0,652165000.0,-92462000.0,-106854000.0,-389954000.0,249294000.0,411005000.0,-6982000.0,453153000.0,453153000.0,453153000.0,-19497000.0,0.0,0.1,959995000.0,689657000.0,264959000.0,0.197,4.537,21.44,20.908,651514000.0,0.0,47.88,2.154,2.153,841743000.0,2924155000.0,4509993000.0,4509993000.0,0.0,0.111,0.219,0.4,0.163,0.0,959995000.0,1.0,202911837.0,202797000,204440000.0,22.239,2476095000.0,0.0,225521000.0,141212000.0,12.21,289299000.0
87,DOV,MRT,1999-12-31,1999-12-31,1999-12-31,2021-10-19,-79939000.0,4131940000.0,3978409250.0,1611562000.0,2520378000.0,1.063,9.752,-120298000.0,138038000.0,138038000.0,2693079000.0,928992000.0,1.215,1.027,905925000.0,297900000.0,608025000.0,905925000.0,0.0,170537000.0,0.0,0.01,0.44,1181420000.0,1351957000.0,0.32,1351957000.0,1181420000.0,1128383000.0,4.44,4.44,4.44,2038756000.0,2084972250.0,2038756000.0,9860703825.0,8.0,7.294,311250000.0,1.489,1.0,1535386000.0,0.363,1820717000.0,53037000.0,1752624000.0,1669758500.0,639379000.0,0.0,0.0,0.0,2093184000.0,1326486000.0,766698000.0,9240719825.0,41205000.0,-534915000.0,-664149000.0,-142877000.0,-91808000.0,-898834000.0,-655213000.0,0.0,431548000.0,-6982000.0,928992000.0,928992000.0,928992000.0,-543435000.0,0.0,0.22,929635000.0,605751000.0,253650000.0,0.099,4.533,9.947,10.221,646475000.0,0.0,45.38,2.185,2.244,750917000.0,2830175000.0,4228465000.0,4228465000.0,0.0,0.234,0.446,0.708,0.279,0.0,929635000.0,1.0,203629789.0,209063000,210679000.0,20.226,2311223000.0,0.0,199391000.0,431305000.0,11.055,285076000.0
88,DOV,MRT,1999-09-30,1999-09-30,1999-09-30,2021-10-19,-63793000.0,3930295000.0,3852243250.0,1618353000.0,2311942000.0,1.095,9.694,-120582000.0,174628000.0,174628000.0,2701832000.0,902827000.0,1.354,0.967,794612000.0,185211000.0,609401000.0,794612000.0,0.0,186650000.0,0.0,0.011,0.43,1148551000.0,1335201000.0,0.317,1335201000.0,1148551000.0,1092865000.0,4.26,4.26,4.26,1998058000.0,2053004250.0,1998058000.0,9000220882.0,8.0,6.741,312687000.0,1.517,1.0,1515170000.0,0.359,1664232000.0,55686000.0,1690659000.0,1766173250.0,612947000.0,0.0,0.0,0.0,1932237000.0,1195388000.0,736849000.0,8519800882.0,110789000.0,819897000.0,-95289000.0,-258092000.0,-91867000.0,-445248000.0,106358000.0,-592957000.0,433269000.0,1986000.0,902827000.0,902827000.0,902827000.0,-536697000.0,0.0,0.214,940142000.0,575028000.0,213722000.0,0.101,4.264,9.437,9.596,596595000.0,0.0,40.88,2.02,1.998,748993000.0,2732486000.0,4217002000.0,4217002000.0,0.0,0.234,0.44,0.65,0.272,0.0,940142000.0,1.0,208410002.0,206122000,207832000.0,20.459,2266063000.0,0.0,190038000.0,424267000.0,10.994,422965000.0
89,DOV,MRT,1999-06-30,1999-06-30,1999-06-30,2021-10-19,-67576000.0,3856303000.0,3831706750.0,1587699000.0,2268604000.0,1.066,9.904,-116051000.0,230706000.0,230706000.0,2616739000.0,875264000.0,1.523,0.848,711126000.0,104384000.0,606742000.0,711126000.0,0.0,178855000.0,0.0,0.012,0.42,1102629000.0,1281484000.0,0.314,1281484000.0,1102629000.0,1041695000.0,4.06,4.06,4.06,2086366000.0,2032793750.0,2086366000.0,7668826090.0,7.0,5.984,360689000.0,1.712,1.0,1468264000.0,0.359,1647137000.0,60934000.0,1646803000.0,1874406500.0,607179000.0,0.0,0.0,0.0,1769937000.0,1042783000.0,727154000.0,7468418090.0,159715000.0,838321000.0,-94942000.0,-420849000.0,-91630000.0,-607421000.0,286001000.0,-436269000.0,476740000.0,1986000.0,875264000.0,875264000.0,875264000.0,-544888000.0,0.0,0.214,930648000.0,537616000.0,202993000.0,0.103,3.58,8.533,8.621,588627000.0,0.0,35.0,1.828,1.805,669500000.0,2634654000.0,4085003000.0,4085003000.0,0.0,0.228,0.431,0.588,0.27,0.0,930648000.0,1.0,213383374.0,210664000,212170000.0,19.391,2209166000.0,0.0,166431000.0,402190000.0,10.487,544916000.0
90,DOV,MRT,1999-03-31,1999-03-31,1999-03-31,2021-10-19,-52282000.0,3995099000.0,3826240250.0,1819257000.0,2175842000.0,1.05,10.219,-121239000.0,519942000.0,519942000.0,2579891000.0,882008000.0,1.731,0.802,720350000.0,111168000.0,609182000.0,720350000.0,0.0,173362000.0,0.0,0.012,0.41,1104946000.0,1278308000.0,0.318,1278308000.0,1104946000.0,1042416000.0,4.03,4.03,4.03,2216709000.0,1974685000.0,2216709000.0,8045513990.0,7.0,6.294,327419000.0,1.509,1.0,1437034000.0,0.358,1555325000.0,62530000.0,1588948000.0,1996700500.0,607478000.0,0.0,0.0,0.0,1778390000.0,1051234000.0,727156000.0,7098608990.0,442013000.0,-596104000.0,-94980000.0,-54342000.0,-90699000.0,-240021000.0,-941291000.0,-223948000.0,448658000.0,1986000.0,882008000.0,882008000.0,882008000.0,-560234000.0,0.0,0.22,913541000.0,523493000.0,193843000.0,0.102,3.202,8.048,8.159,587600000.0,0.0,32.88,1.767,1.776,611711000.0,2563464000.0,4016925000.0,4016925000.0,0.0,0.231,0.447,0.553,0.275,0.0,913541000.0,1.0,215894434.0,216928000,218326000.0,18.517,2439774000.0,0.0,160408000.0,428617000.0,11.247,768023000.0
91,DOV,MRT,1998-12-31,1998-12-31,1998-12-31,2021-10-19,-27192000.0,3627276000.0,3677014000.0,1304524000.0,2322752000.0,1.082,8.577,-119860000.0,96774000.0,96774000.0,2551381000.0,378845000.0,1.318,0.898,1043679000.0,433589000.0,610090000.0,1043679000.0,0.0,167687000.0,0.0,0.011,0.4,601840000.0,769527000.0,0.193,769527000.0,601840000.0,541094000.0,1.7,1.7,1.7,1910884000.0,1864119500.0,1910884000.0,9107908539.0,15.0,11.836,376366000.0,1.689,1.0,1426285000.0,0.359,1446151000.0,60746000.0,2138283000.0,2012623500.0,559267000.0,0.0,0.0,0.0,1716392000.0,989747000.0,726645000.0,8150076539.0,-6337000.0,-549094000.0,-95369000.0,338156000.0,-89189000.0,153598000.0,-646975000.0,21979000.0,496226000.0,1986000.0,378845000.0,378845000.0,378845000.0,-52448000.0,0.0,0.095,894325000.0,531960000.0,187738000.0,0.235,4.265,21.513,21.547,571963000.0,0.0,36.63,2.049,2.052,575630000.0,1992991000.0,3977666000.0,3977666000.0,0.0,0.103,0.203,0.299,0.151,0.0,894325000.0,1.0,222497312.0,222793000,224386000.0,17.854,2181125000.0,0.0,162249000.0,50479000.0,9.79,314777000.0
92,DOV,MRT,1998-09-30,1998-09-30,1998-09-30,2021-10-19,-22764000.0,3848149000.0,3540253500.0,1677530000.0,2170619000.0,0.933,8.587,-103124000.0,92327000.0,92327000.0,2050872000.0,384281000.0,1.4,1.007,1050159000.0,438849000.0,611310000.0,1050159000.0,0.0,169375000.0,0.0,0.013,0.39,569244000.0,738619000.0,0.224,738619000.0,569244000.0,514493000.0,1.72,1.75,1.72,1917216000.0,1812294500.0,1917216000.0,7922494496.0,14.0,10.726,340889000.0,1.527,1.0,1250960000.0,0.379,1483984000.0,54751000.0,2123592000.0,1884588000.0,664860000.0,0.0,0.0,0.0,1930933000.0,1198405000.0,732528000.0,6889779496.0,-58159000.0,-649014000.0,14824000.0,259383000.0,-86974000.0,184561000.0,-761976000.0,-9838000.0,444013000.0,-3780000.0,384281000.0,384281000.0,384281000.0,-96773000.0,0.0,0.116,776227000.0,474733000.0,208139000.0,0.227,3.594,17.929,17.953,634087000.0,0.0,30.88,2.087,2.088,852903000.0,1921527000.0,3301832000.0,3301832000.0,0.0,0.109,0.212,0.302,0.172,0.0,776227000.0,1.0,223114621.0,223282000,223936000.0,14.788,2364165000.0,0.0,130212000.0,41375000.0,10.588,479125000.0
93,DOV,MRT,1998-06-30,1998-06-30,1998-06-30,2021-10-19,-38577000.0,3834437000.0,3389361750.0,1663210000.0,2171227000.0,1.017,8.313,-111494000.0,99786000.0,99786000.0,2161647000.0,392065000.0,1.328,1.068,1132501000.0,521141000.0,611360000.0,1132501000.0,0.0,163526000.0,0.0,0.011,0.38,587518000.0,751044000.0,0.218,751044000.0,587518000.0,538618000.0,1.76,1.77,1.76,1853931000.0,1739397000.0,1853931000.0,8302170813.0,14.0,11.054,323206000.0,1.449,1.0,1285397000.0,0.373,1478692000.0,48900000.0,2135979000.0,1751580500.0,653293000.0,0.0,0.0,0.0,1980506000.0,1252481000.0,728025000.0,7637315813.0,-30330000.0,-718543000.0,13342000.0,326963000.0,-84654000.0,252979000.0,-805267000.0,24770000.0,434700000.0,-3780000.0,392065000.0,392065000.0,392065000.0,-88582000.0,0.0,0.114,786202000.0,499195000.0,221779000.0,0.216,4.12,19.48,19.46,623740000.0,0.0,34.25,2.216,2.216,844724000.0,1851020000.0,3447044000.0,3447044000.0,0.0,0.116,0.225,0.335,0.17,0.0,786202000.0,1.0,222987323.0,223027000,224562000.0,15.456,2355745000.0,0.0,146553000.0,45223000.0,10.563,410729000.0
94,DOV,MRT,1998-03-31,1998-03-31,1998-03-31,2021-10-19,-36767000.0,3398194000.0,3212218500.0,1610584000.0,1787610000.0,1.118,7.965,-113436000.0,106282000.0,106282000.0,2269726000.0,416926000.0,1.29,0.915,771137000.0,509490000.0,261647000.0,771137000.0,0.0,157955000.0,0.0,0.01,0.37,626550000.0,784505000.0,0.218,784505000.0,626550000.0,579535000.0,1.87,1.87,1.87,1774447000.0,1663504750.0,1774447000.0,9044545330.0,14.0,11.529,309019000.0,1.387,1.0,1321557000.0,0.368,1162094000.0,47015000.0,1652640000.0,1614529000.0,610016000.0,24267000.0,24267000.0,0.0,1623747000.0,1248315000.0,375432000.0,8469878330.0,-1814000.0,-322062000.0,13070000.0,51564000.0,-82361000.0,-20399000.0,-490455000.0,-54957000.0,422455000.0,-3780000.0,416926000.0,416926000.0,416926000.0,-73236000.0,0.0,0.116,799780000.0,521777000.0,223825000.0,0.198,4.773,20.315,20.321,586701000.0,0.0,38.0,2.358,2.357,804726000.0,1772155000.0,3591283000.0,3591283000.0,0.0,0.13,0.251,0.388,0.174,0.0,799780000.0,1.0,222891535.0,222775000,224822000.0,16.121,2236100000.0,0.0,162609000.0,89700000.0,10.037,362269000.0
95,DOV,MRT,1997-12-31,1997-12-31,1997-12-31,2021-10-19,-32104000.0,3080234000.0,3102577000.0,1296955000.0,1783279000.0,1.183,7.633,-115887000.0,103111000.0,103111000.0,2342268000.0,405431000.0,1.291,0.808,698747000.0,436117000.0,262630000.0,698747000.0,0.0,155204000.0,0.0,0.01,0.36,618954000.0,774158000.0,0.211,774158000.0,618954000.0,572791000.0,1.82,1.82,1.82,1703584000.0,1595216250.0,1703584000.0,8657878697.0,14.0,11.184,303692000.0,1.361,1.0,1327300000.0,0.362,1044969000.0,46163000.0,1626141000.0,1566934250.0,496464000.0,21929000.0,21929000.0,0.0,1376650000.0,1004760000.0,371890000.0,8034869697.0,-63221000.0,-251587000.0,13022000.0,-61602000.0,-80347000.0,-131599000.0,-452040000.0,-84566000.0,419579000.0,-3780000.0,405431000.0,405431000.0,405431000.0,-57084000.0,0.0,0.11,807793000.0,519507000.0,191587000.0,0.198,4.716,19.818,19.852,522344000.0,0.0,36.13,2.19,2.197,616168000.0,1703335000.0,3669568000.0,3669568000.0,0.0,0.131,0.254,0.395,0.169,0.0,807793000.0,1.0,222387758.0,223181000,226815000.0,16.442,2035265000.0,0.0,167360000.0,72040000.0,9.119,292195000.0
96,DOV,MRT,1997-09-30,1997-09-30,1997-09-30,2021-10-19,-27030000.0,3244582000.0,3080863250.0,1607850000.0,1636732000.0,1.139,7.311,-122137000.0,155621000.0,155621000.0,2255121000.0,385468000.0,1.284,0.996,778630000.0,521557000.0,257073000.0,778630000.0,0.0,126260000.0,0.0,0.01,0.35,593227000.0,719487000.0,0.205,719487000.0,593227000.0,548699000.0,1.725,,1.725,1625626000.0,1541746000.0,1625626000.0,8201538506.0,14.0,11.399,215014000.0,0.967,1.0,1254704000.0,0.357,1023639000.0,44528000.0,1591562000.0,1516958500.0,544305000.0,21239000.0,21239000.0,0.0,1618956000.0,1252390000.0,366566000.0,7547329506.0,19805000.0,-328014000.0,8476000.0,240158000.0,-78332000.0,168802000.0,-527919000.0,-77768000.0,337151000.0,2432000.0,385468000.0,385468000.0,385468000.0,-53704000.0,0.0,0.11,771836000.0,482868000.0,222987000.0,0.203,4.643,19.58,19.675,541434000.0,0.0,33.94,2.15,2.15,825990000.0,1715976000.0,3509825000.0,3509825000.0,0.0,0.125,0.25,0.391,0.169,0.0,771836000.0,1.0,222372702.0,222365000,,15.784,2220943000.0,0.0,163231000.0,62239000.0,9.988,355460000.0
97,DOV,MRT,1997-06-30,1997-06-30,1997-06-30,2021-10-19,-21055000.0,3125864000.0,,1575543000.0,1550321000.0,,6.961,-109808000.0,134944000.0,134944000.0,2167858000.0,428035000.0,1.295,1.016,789153000.0,534230000.0,254923000.0,789153000.0,0.0,120453000.0,0.0,0.011,0.34,641558000.0,762011000.0,0.227,762011000.0,641558000.0,599127000.0,1.9,,1.9,1550362000.0,,1550362000.0,7502110455.0,12.0,9.845,209386000.0,0.94,1.0,1187611000.0,0.354,975822000.0,42431000.0,1587773000.0,,527056000.0,19527000.0,19527000.0,0.0,1575502000.0,1216478000.0,359024000.0,6913959455.0,17270000.0,-172943000.0,8774000.0,145536000.0,-76311000.0,76499000.0,-420194000.0,-137443000.0,319194000.0,2432000.0,428035000.0,428035000.0,428035000.0,-53704000.0,0.0,0.128,735323000.0,452288000.0,226011000.0,0.179,4.46,16.153,16.218,519632000.0,0.0,30.815,2.061,2.045,835146000.0,1635366000.0,3355469000.0,3355469000.0,0.0,,,,0.191,0.0,735323000.0,1.0,224369932.0,222716000,,15.066,2150042000.0,0.0,171092000.0,66380000.0,9.654,359065000.0
98,DOV,MRT,1997-03-31,1997-03-31,1997-03-31,2021-10-19,-16101000.0,2959628000.0,,1432046000.0,1527582000.0,,6.669,-101319000.0,113366000.0,113366000.0,2083559000.0,390978000.0,1.297,0.971,701517000.0,446382000.0,255135000.0,701517000.0,0.0,114984000.0,0.0,0.013,0.33,593518000.0,708502000.0,0.22,708502000.0,593518000.0,552394000.0,1.73,,1.73,1501293000.0,,1501293000.0,,,,224119000.0,0.996,1.0,1141322000.0,0.354,981443000.0,41124000.0,1462261000.0,,523726000.0,18208000.0,18208000.0,0.0,1458335000.0,1104075000.0,354260000.0,5917145902.0,-2425000.0,-146500000.0,9090000.0,29439000.0,-74495000.0,-37466000.0,-332168000.0,-84349000.0,325438000.0,2432000.0,390978000.0,390978000.0,390978000.0,-53704000.0,0.0,0.121,701872000.0,439450000.0,198128000.0,0.191,3.941,15.134,15.173,509121000.0,0.0,26.25,1.835,1.833,717594000.0,1529348000.0,3224881000.0,3224881000.0,0.0,,,,0.184,0.0,701872000.0,1.0,225415082.0,225128000,,14.325,1978185000.0,0.0,161416000.0,86423000.0,8.787,327971000.0
99,DOV,MRT,1996-12-31,1996-12-31,1996-12-31,2021-10-19,5563000.0,2993379000.0,,1489813000.0,1503566000.0,,6.576,-109627000.0,199956000.0,199956000.0,2076921000.0,390223000.0,1.308,1.009,745360000.0,492405000.0,252955000.0,745360000.0,0.0,110484000.0,0.0,0.013,0.32,597476000.0,707960000.0,0.22,707960000.0,597476000.0,555813000.0,1.72,1.72,1.72,1489703000.0,,1489703000.0,,,,243015000.0,1.073,1.0,1138652000.0,0.354,973440000.0,41663000.0,1426238000.0,,499870000.0,17839000.0,17839000.0,0.0,1503676000.0,1139105000.0,364571000.0,5691730820.0,69240000.0,-158786000.0,7446000.0,63627000.0,-72402000.0,-2829000.0,-322344000.0,-53931000.0,352642000.0,2432000.0,390223000.0,390223000.0,390223000.0,-53704000.0,0.0,0.121,686101000.0,452551000.0,202763000.0,0.186,3.821,14.586,14.68,494933000.0,0.0,25.25,1.77,1.779,715495000.0,1470009000.0,3215573000.0,3215573000.0,0.0,,,,0.186,0.0,686101000.0,1.0,225415082.0,226524000,230518000.0,14.195,2019939000.0,0.0,165590000.0,55498000.0,8.917,350708000.0
100,DOV,MRT,1996-09-30,1996-09-30,1996-09-30,2021-10-19,,,,,,,,,,,,,,,,,,,,,,0.013,0.31,,,,,,,,,,,,,,,,,,1.0,,,,,,,,,,,,,,,,,,,,,,,,,,,,,,,,,,,,,,,,23.875,,,,,,,,,,,,,,1.0,,225886000,,,,,,,,
101,DOV,MRT,1996-06-30,1996-06-30,1996-06-30,2021-10-19,,,,,,,,,,,,,,,,,,,,,,0.013,0.3,,,,,,,,,,,,,,,,,,1.0,,,,,,,,,,,,,,,,,,,,,,,,,,,,,,,,,,,,,,,,22.875,,,,,,,,,,,,,,1.0,,227700000,,,,,,,,
102,DOV,MRT,1996-03-31,1996-03-31,1996-03-31,2021-10-19,,,,,,,,,,,,,,,,,,,,,,0.012,0.29,,,,,,,,,,,,,,,,,,1.0,,,,,,,,,,,,,,,,,,,,,,,,,,,,,,,,,,,,,,,,23.312,,,,,,,,,,,,,,1.0,,227492000,,,,,,,,
103,DOV,MRT,1995-12-31,1995-12-31,1995-12-31,2021-10-19,,,,,,,,-87261000.0,,,2564344000.0,278311000.0,,,,,,,,107836000.0,,0.015,0.28,457224000.0,565060000.0,0.151,565060000.0,457224000.0,417111000.0,1.23,1.22,1.23,,,,,,,216311000.0,0.953,1.0,1181533000.0,0.315,,40113000.0,,,,,,,,,,,31394000.0,-292427000.0,9944000.0,137617000.0,-63545000.0,84766000.0,-355765000.0,23923000.0,303572000.0,-1179000.0,278311000.0,278311000.0,278311000.0,0.0,0.0,0.074,743133000.0,438400000.0,,0.228,,,14.992,,0.0,18.44,,1.117,,,3745877000.0,3745877000.0,0.0,,,,0.122,0.0,743133000.0,1.0,,226906000,227815000.0,16.508,,,138800000.0,,,
