None,ticker,dimension,calendardate,datekey,reportperiod,lastupdated,accoci,assets,assetsavg,assetsc,assetsnc,assetturnover,bvps,capex,cashneq,cashnequsd,cor,consolinc,currentratio,de,debt,debtc,debtnc,debtusd,deferredrev,depamor,deposits,divyield,dps,ebit,ebitda,ebitdamargin,ebitdausd,ebitusd,ebt,eps,epsdil,epsusd,equity,equityavg,equityusd,ev,evebit,evebitda,fcf,fcfps,fxusd,gp,grossmargin,intangibles,intexp,invcap,invcapavg,inventory,investments,investmentsc,investmentsnc,liabilities,liabilitiesc,liabilitiesnc,marketcap,ncf,ncfbus,ncfcommon,ncfdebt,ncfdiv,ncff,ncfi,ncfinv,ncfo,ncfx,netinc,netinccmn,netinccmnusd,netincdis,netincnci,netmargin,opex,opinc,payables,payoutratio,pb,pe,pe1,ppnenet,prefdivis,price,ps,ps1,receivables,retearn,revenue,revenueusd,rnd,roa,roe,roic,ros,sbcomp,sgna,sharefactor,sharesbas,shareswa,shareswadil,sps,tangibles,taxassets,taxexp,taxliabilities,tbvps,workingcapital
0,MAT,MRY,2020-12-31,2020-12-31,2020-12-31,2021-09-07,-944576000.0,5534890000.0,5235510500.0,2496691000.0,3038199000.0,0.875,1.756,-121599000.0,762181000.0,762181000.0,2340066000.0,126628000.0,1.842,8.071,3104986000.0,969000.0,3104017000.0,3104986000.0,0.0,199898000.0,0.0,0.0,0.0,393609000.0,593507000.0,0.129,593507000.0,393609000.0,195277000.0,0.36,0.36,0.36,610144000.0,319658500.0,610144000.0,9125844305.0,23.0,15.376,166903000.0,0.48,1.0,2243594000.0,0.489,1393834000.0,198332000.0,5128482000.0,5272215250.0,528474000.0,0.0,0.0,0.0,4924746000.0,1355379000.0,3569367000.0,6073303305.0,132153000.0,0.0,0.0,969000.0,0.0,-5842000.0,-134910000.0,-22883000.0,288502000.0,-15597000.0,126628000.0,126628000.0,126628000.0,0.0,0.0,0.028,1862709000.0,380885000.0,495363000.0,0.0,9.954,47.962,48.472,765395000.0,0.0,17.45,1.325,1.323,1033966000.0,1553610000.0,4583660000.0,4583660000.0,0.0,0.024,0.396,0.075,0.086,60168000.0,1862709000.0,1.0,348040304.0,347463000.0,349116000.0,13.192,4141056000.0,0.0,68649000.0,27125000.0,11.918,1141312000.0
1,MAT,MRY,2019-12-31,2019-12-31,2019-12-31,2021-09-07,-869484000.0,5325226000.0,5245450750.0,2247974000.0,3077252000.0,0.859,1.421,-116352000.0,630028000.0,630028000.0,2523792000.0,-213512000.0,1.76,9.83,3117604000.0,0.0,3117604000.0,3117604000.0,0.0,244518000.0,0.0,0.0,0.0,42756000.0,287274000.0,0.064,287274000.0,42756000.0,-158288000.0,-0.62,-0.62,-0.62,491714000.0,476260000.0,491714000.0,7840375890.0,183.0,27.292,64625000.0,0.187,1.0,1980779000.0,0.44,1390714000.0,201044000.0,5145181000.0,5490332000.0,495504000.0,0.0,0.0,0.0,4833512000.0,1276907000.0,3556605000.0,4697994890.0,35547000.0,0.0,0.0,-23830000.0,0.0,-33138000.0,-114176000.0,-681000.0,180977000.0,1884000.0,-213512000.0,-213512000.0,-213512000.0,0.0,0.0,-0.047,1941539000.0,39240000.0,459357000.0,0.0,9.554,-22.003,-21.855,853326000.0,0.0,13.55,1.043,1.041,936359000.0,1413181000.0,4504571000.0,4504571000.0,0.0,-0.041,-0.448,0.008,0.009,55968000.0,1941539000.0,1.0,346715490.0,346127000.0,346127000.0,13.014,3934512000.0,0.0,55224000.0,48037000.0,11.367,971067000.0
2,MAT,MRY,2018-12-31,2018-12-31,2018-12-31,2021-09-07,-859226000.0,5238225000.0,5269400500.0,2347200000.0,2891025000.0,0.857,1.933,-152414000.0,594481000.0,594481000.0,2716127000.0,-533299000.0,1.878,6.855,2855899000.0,4176000.0,2851723000.0,2855899000.0,0.0,271932000.0,0.0,0.0,0.0,-235217000.0,36715000.0,0.008,36715000.0,-235217000.0,-417103000.0,-1.55,-1.55,-1.55,666901000.0,743090000.0,666901000.0,6363828362.0,-27.0,173.33,-179731000.0,-0.521,1.0,1798683000.0,0.398,1386424000.0,181886000.0,4863287000.0,5225215750.0,542889000.0,0.0,0.0,0.0,4571324000.0,1249932000.0,3321392000.0,3448056362.0,-484740000.0,0.0,0.0,-274027000.0,0.0,-285157000.0,-160758000.0,-18615000.0,-27317000.0,-11508000.0,-533299000.0,-533299000.0,-533299000.0,0.0,0.0,-0.118,2033032000.0,-234349000.0,537965000.0,0.0,5.17,-6.466,-6.445,657595000.0,0.0,9.99,0.764,0.763,970083000.0,1626693000.0,4514810000.0,4514810000.0,0.0,-0.101,-0.718,-0.045,-0.052,48915000.0,2033032000.0,1.0,345150787.0,345012000.0,345012000.0,13.086,3851801000.0,0.0,116196000.0,13520000.0,11.164,1097268000.0
3,MAT,MRY,2017-12-31,2017-12-31,2017-12-31,2021-09-07,-781786000.0,6228147000.0,6129160500.0,3100242000.0,3127905000.0,0.796,3.63,-297159000.0,1079221000.0,1079221000.0,3056922000.0,-1054579000.0,1.909,3.994,3123119000.0,250000000.0,2873119000.0,3123119000.0,0.0,274767000.0,0.0,0.059,0.91,-396031000.0,-121264000.0,-0.025,-121264000.0,-396031000.0,-501245000.0,-3.07,-3.07,-3.07,1247099000.0,1742530000.0,1247099000.0,7974305479.0,-20.0,-65.76,-324773000.0,-0.945,1.0,1824571000.0,0.374,1396669000.0,105214000.0,5251573000.0,5228781750.0,600704000.0,0.0,0.0,0.0,4981048000.0,1623803000.0,3357245000.0,5286560479.0,209690000.0,0.0,1775000.0,796454000.0,-311973000.0,458450000.0,-235663000.0,60993000.0,-27614000.0,14517000.0,-1054579000.0,-1054579000.0,-1054579000.0,0.0,0.0,-0.216,2160269000.0,-335698000.0,572166000.0,-0.296,4.239,-5.013,-5.01,785285000.0,0.0,15.38,1.083,1.082,1124652000.0,2169002000.0,4881493000.0,4881493000.0,0.0,-0.172,-0.605,-0.076,-0.081,67119000.0,2160269000.0,1.0,343729550.0,343564000.0,343564000.0,14.208,4831478000.0,0.0,553334000.0,9498000.0,14.063,1476439000.0
4,MAT,MRY,2016-12-31,2016-12-31,2016-12-31,2021-09-07,-943029000.0,6493794000.0,6260793250.0,2940064000.0,3553730000.0,0.871,7.051,-262193000.0,869531000.0,869531000.0,2906459000.0,312908000.0,1.953,1.697,2326439000.0,192168000.0,2134271000.0,2326439000.0,0.0,262340000.0,0.0,0.055,1.52,497160000.0,759500000.0,0.139,759500000.0,497160000.0,402042000.0,0.91,0.91,0.91,2407782000.0,2402141750.0,2407782000.0,11559747436.0,23.0,15.22,332316000.0,0.973,1.0,2546691000.0,0.467,1387628000.0,95118000.0,5057501000.0,5155895750.0,613798000.0,0.0,0.0,0.0,4086012000.0,1505573000.0,2580439000.0,9423347436.0,-23283000.0,-33154000.0,34065000.0,225254000.0,-518529000.0,-281471000.0,-311910000.0,-6103000.0,594509000.0,-24411000.0,312908000.0,312908000.0,312908000.0,0.0,0.0,0.057,2026716000.0,519975000.0,664857000.0,1.67,3.914,30.115,30.275,773965000.0,0.0,27.55,1.728,1.725,1115217000.0,3545359000.0,5453150000.0,5453150000.0,0.0,0.05,0.13,0.096,0.091,53950000.0,2026716000.0,1.0,342045279.0,341480000.0,344233000.0,15.969,5106166000.0,0.0,89134000.0,19722000.0,14.953,1434491000.0
5,MAT,MRY,2015-12-31,2015-12-31,2015-12-31,2021-09-07,-848899000.0,6535143000.0,6331912250.0,3001059000.0,3534084000.0,0.901,7.764,-254181000.0,892814000.0,892814000.0,2896255000.0,369416000.0,1.824,1.482,2101635000.0,316914000.0,1784721000.0,2101635000.0,0.0,265427000.0,0.0,0.056,1.52,549185000.0,814612000.0,0.143,814612000.0,549185000.0,463915000.0,1.08,1.08,1.08,2633254000.0,2609258250.0,2633254000.0,11191562658.0,20.0,13.739,480376000.0,1.416,1.0,2806358000.0,0.492,1384520000.0,85270000.0,4713915000.0,5337885000.0,587521000.0,0.0,0.0,0.0,3901889000.0,1645529000.0,2256360000.0,9220251658.0,-78836000.0,0.0,14995000.0,16914000.0,-515073000.0,-500222000.0,-282495000.0,-61509000.0,734557000.0,-30676000.0,369416000.0,369416000.0,369416000.0,0.0,0.0,0.065,2265436000.0,540922000.0,651681000.0,1.407,3.501,24.959,25.157,741147000.0,0.0,27.17,1.617,1.616,1145099000.0,3745815000.0,5702613000.0,5702613000.0,0.0,0.058,0.142,0.103,0.096,56691000.0,2265436000.0,1.0,339354128.0,339172000.0,339748000.0,16.813,5150623000.0,0.0,94499000.0,18752000.0,15.186,1355530000.0
6,MAT,MRY,2014-12-31,2014-12-31,2014-12-31,2021-09-07,-622089000.0,6721983000.0,6493920500.0,3186931000.0,3535052000.0,0.928,8.699,-260457000.0,971650000.0,971650000.0,3022797000.0,498874000.0,2.927,1.279,2100000000.0,0.0,2100000000.0,2100000000.0,0.0,248701000.0,0.0,0.049,1.52,666181000.0,914882000.0,0.152,914882000.0,666181000.0,586910000.0,1.46,1.45,1.46,2949071000.0,3016502250.0,2949071000.0,12375322552.0,19.0,13.527,628107000.0,1.853,1.0,3001022000.0,0.498,1392925000.0,79271000.0,5368522000.0,5533642500.0,561755000.0,0.0,0.0,0.0,3772912000.0,1088886000.0,2684026000.0,10484994552.0,-67566000.0,-423309000.0,-133863000.0,446594000.0,-514813000.0,-227319000.0,-708552000.0,-19933000.0,888564000.0,-20259000.0,498874000.0,498874000.0,498874000.0,0.0,0.0,0.083,2347308000.0,653714000.0,430259000.0,1.041,3.555,21.017,21.195,737869000.0,0.0,30.945,1.741,1.742,1094452000.0,3896261000.0,6023819000.0,6023819000.0,0.0,0.077,0.165,0.12,0.111,51993000.0,2347308000.0,1.0,338826775.0,339016000.0,340768000.0,17.769,5329058000.0,0.0,88036000.0,18783000.0,15.719,2098045000.0
7,MAT,MRY,2013-12-31,2013-12-31,2013-12-31,2021-09-07,-443676000.0,6439626000.0,6381486000.0,3377993000.0,3061633000.0,1.016,9.469,-252054000.0,1039216000.0,1039216000.0,3006009000.0,903944000.0,3.225,0.98,1604278000.0,4278000.0,1600000000.0,1604278000.0,0.0,196393000.0,0.0,0.03,1.44,1177633000.0,1374026000.0,0.212,1374026000.0,1177633000.0,1099128000.0,2.61,2.58,2.61,3251559000.0,3057341000.0,3251559000.0,17424064274.0,15.0,12.681,446372000.0,1.3,1.0,3478883000.0,0.536,1083239000.0,78505000.0,4874009000.0,4977976750.0,568843000.0,0.0,0.0,0.0,3188067000.0,1047440000.0,2140627000.0,16102711274.0,-296495000.0,0.0,-358234000.0,85691000.0,-494371000.0,-739962000.0,-242106000.0,12849000.0,698426000.0,-12853000.0,903944000.0,903944000.0,903944000.0,0.0,0.0,0.139,2310780000.0,1168103000.0,375328000.0,0.552,4.952,17.814,18.23,659333000.0,0.0,47.58,2.483,2.52,1260105000.0,3918122000.0,6484892000.0,6484892000.0,0.0,0.142,0.296,0.237,0.182,61651000.0,2310780000.0,1.0,338434453.0,343394000.0,347459000.0,18.885,5356387000.0,0.0,195184000.0,27679000.0,15.598,2330553000.0
8,MAT,MRY,2012-12-31,2012-12-31,2012-12-31,2021-09-07,-464486000.0,6526785000.0,5996720750.0,3556805000.0,2969980000.0,1.071,8.977,-219048000.0,1335711000.0,1335711000.0,3011684000.0,776464000.0,2.073,1.128,1509844000.0,409844000.0,1100000000.0,1509844000.0,0.0,174282000.0,0.0,0.034,1.24,1033880000.0,1208162000.0,0.188,1208162000.0,1033880000.0,945045000.0,2.25,2.22,2.25,3067044000.0,2800701500.0,3067044000.0,13937928316.0,13.0,11.536,1056602000.0,3.093,1.0,3409197000.0,0.531,1080798000.0,88835000.0,3904108000.0,4358266750.0,465057000.0,0.0,0.0,0.0,3459741000.0,1716012000.0,1743729000.0,12565520316.0,-33402000.0,-684522000.0,55563000.0,-48174000.0,-423378000.0,-410928000.0,-900152000.0,2964000.0,1275650000.0,2028000.0,776464000.0,776464000.0,776464000.0,0.0,0.0,0.121,2388182000.0,1021015000.0,385375000.0,0.551,4.097,16.183,16.276,593213000.0,0.0,36.62,1.957,1.949,1226833000.0,3515181000.0,6420881000.0,6420881000.0,0.0,0.129,0.277,0.237,0.161,63277000.0,2388182000.0,1.0,343132723.0,341665000.0,346158000.0,18.793,5445987000.0,0.0,168581000.0,33045000.0,15.94,1840793000.0
9,MAT,MRY,2011-12-31,2011-12-31,2011-12-31,2021-09-07,-446645000.0,5671638000.0,5163212500.0,3443707000.0,2227931000.0,1.214,7.574,-190914000.0,1369113000.0,1369113000.0,3120211000.0,768508000.0,3.315,1.173,1558018000.0,58018000.0,1500000000.0,1558018000.0,0.0,161298000.0,0.0,0.033,0.92,1046005000.0,1207303000.0,0.193,1207303000.0,1046005000.0,970673000.0,2.2,2.18,2.2,2610603000.0,2506348250.0,2610603000.0,10343086843.0,10.0,8.567,473779000.0,1.375,1.0,3145826000.0,0.502,822139000.0,75332000.0,3999476000.0,3699656000.0,487000000.0,0.0,0.0,0.0,3061035000.0,1038928000.0,2022107000.0,9400821843.0,87990000.0,0.0,-408398000.0,342902000.0,-316503000.0,-397308000.0,-174504000.0,16432000.0,664693000.0,-4891000.0,768508000.0,768508000.0,768508000.0,0.0,0.0,0.123,2104725000.0,1041101000.0,334999000.0,0.418,3.601,12.233,12.618,523941000.0,0.0,27.76,1.5,1.527,1246687000.0,3167996000.0,6266037000.0,6266037000.0,0.0,0.149,0.307,0.283,0.167,53476000.0,2104725000.0,1.0,338646320.0,344669000.0,348424000.0,18.18,4849499000.0,0.0,202165000.0,27110000.0,14.07,2404779000.0
10,MAT,MRY,2010-12-31,2010-12-31,2010-12-31,2021-09-07,-359199000.0,5417733000.0,5038880250.0,3226610000.0,2191123000.0,1.162,7.289,-134116000.0,1281123000.0,1281123000.0,2901222000.0,684863000.0,2.39,1.061,1200000000.0,250000000.0,950000000.0,1200000000.0,0.0,165808000.0,0.0,0.033,0.83,911664000.0,1077472000.0,0.184,1077472000.0,911664000.0,846825000.0,1.88,1.86,1.88,2628584000.0,2647080750.0,2628584000.0,9379939625.0,10.0,8.706,393854000.0,1.092,1.0,2954973000.0,0.505,824007000.0,64839000.0,3162321000.0,3134602750.0,463838000.0,0.0,0.0,0.0,2789149000.0,1350282000.0,1438867000.0,9125030625.0,164126000.0,0.0,-373340000.0,441225000.0,-291256000.0,-224816000.0,-146650000.0,3227000.0,527970000.0,7622000.0,684863000.0,684863000.0,684863000.0,0.0,0.0,0.117,2053071000.0,901902000.0,406270000.0,0.441,3.471,13.324,13.527,484705000.0,0.0,25.43,1.558,1.566,1146106000.0,2720645000.0,5856195000.0,5856195000.0,0.0,0.136,0.259,0.291,0.156,67138000.0,2053071000.0,1.0,358829360.0,360615000.0,364570000.0,16.239,4593726000.0,0.0,161962000.0,51801000.0,12.739,1876328000.0
11,MAT,MRY,2009-12-31,2009-12-31,2009-12-31,2021-09-07,-379534000.0,4780555000.0,4588286250.0,2554619000.0,2225936000.0,1.184,7.029,-119136000.0,1116997000.0,1116997000.0,2716149000.0,528704000.0,2.408,0.889,751950000.0,51950000.0,700000000.0,751950000.0,0.0,169830000.0,0.0,0.038,0.75,731890000.0,901720000.0,0.166,901720000.0,731890000.0,660047000.0,1.45,1.45,1.45,2530989000.0,2288104250.0,2530989000.0,7817949455.0,11.0,8.67,825905000.0,2.294,1.0,2714697000.0,0.5,828468000.0,71843000.0,2526166000.0,3049058750.0,355663000.0,0.0,0.0,0.0,2249566000.0,1060874000.0,1188692000.0,7222375455.0,499303000.0,0.0,30896000.0,-160177000.0,-271353000.0,-376090000.0,-33529000.0,88906000.0,945041000.0,-36119000.0,528704000.0,528704000.0,528704000.0,0.0,0.0,0.097,1983529000.0,731168000.0,350675000.0,0.517,2.854,13.661,13.779,504808000.0,0.0,19.98,1.33,1.325,749335000.0,2339506000.0,5430846000.0,5430846000.0,0.0,0.115,0.231,0.24,0.135,49962000.0,1983529000.0,1.0,361480253.0,360085000.0,361510000.0,15.082,3952087000.0,0.0,131343000.0,40368000.0,10.975,1493745000.0
12,MAT,MRY,2008-12-31,2008-12-31,2008-12-31,2021-09-07,-430635000.0,4675039000.0,4818365250.0,2386850000.0,2288189000.0,1.228,5.869,-191609000.0,617694000.0,617694000.0,3233596000.0,379636000.0,1.894,1.208,900000000.0,150000000.0,750000000.0,900000000.0,0.0,172095000.0,0.0,0.047,0.75,569908000.0,742003000.0,0.125,742003000.0,569908000.0,487964000.0,1.04,1.04,1.04,2117135000.0,2301719000.0,2117135000.0,6726392608.0,12.0,9.065,244729000.0,0.678,1.0,2684406000.0,0.454,815803000.0,81944000.0,2881568000.0,3232295000.0,485925000.0,0.0,0.0,0.0,2557904000.0,1259974000.0,1297930000.0,5734884608.0,-283454000.0,-58396000.0,-72267000.0,-45673000.0,-268854000.0,-395695000.0,-311672000.0,-61667000.0,436338000.0,-12425000.0,379636000.0,379636000.0,379636000.0,0.0,0.0,0.064,2142614000.0,541792000.0,421736000.0,0.721,2.709,15.106,15.385,536162000.0,0.0,16.0,0.969,0.975,873542000.0,2085573000.0,5918002000.0,5918002000.0,0.0,0.079,0.165,0.176,0.096,35757000.0,2142614000.0,1.0,358430288.0,360757000.0,362211000.0,16.404,3859236000.0,0.0,108328000.0,38855000.0,10.698,1126876000.0
13,MAT,MRY,2007-12-31,2007-12-31,2007-12-31,2021-09-07,-175810000.0,4805455000.0,4762410500.0,2592936000.0,2212519000.0,1.254,6.0,-145806000.0,901148000.0,901148000.0,3192790000.0,599993000.0,1.651,1.083,949003000.0,399003000.0,550000000.0,949003000.0,0.0,172080000.0,0.0,0.039,0.75,774372000.0,946452000.0,0.159,946452000.0,774372000.0,703398000.0,1.55,1.53,1.55,2306742000.0,2506991000.0,2306742000.0,7671794898.0,10.0,8.106,414726000.0,1.079,1.0,2777300000.0,0.465,845649000.0,70974000.0,2437232000.0,2711994750.0,428710000.0,0.0,0.0,0.0,2498713000.0,1570429000.0,928284000.0,6984722898.0,-304404000.0,-104484000.0,-583788000.0,246261000.0,-272343000.0,-587765000.0,-285290000.0,-35000000.0,560532000.0,8119000.0,599993000.0,599993000.0,599993000.0,0.0,0.0,0.1,2047222000.0,730078000.0,441145000.0,0.484,3.028,11.641,12.284,518616000.0,0.0,19.04,1.17,1.226,991196000.0,1977456000.0,5970090000.0,5970090000.0,0.0,0.126,0.239,0.286,0.13,22163000.0,2047222000.0,1.0,366844690.0,384450000.0,388955000.0,15.529,3959806000.0,0.0,103405000.0,17072000.0,10.3,1022507000.0
14,MAT,MRY,2006-12-31,2006-12-31,2006-12-31,2021-09-07,-276861000.0,4955884000.0,4468675000.0,2850138000.0,2105746000.0,1.264,6.354,-117074000.0,1205552000.0,1205552000.0,3038363000.0,592927000.0,1.801,1.037,700000000.0,64286000.0,635714000.0,700000000.0,0.0,172264000.0,0.0,0.029,0.65,763609000.0,935873000.0,0.166,935873000.0,763609000.0,683756000.0,1.55,1.53,1.55,2432974000.0,2235877250.0,2432974000.0,9022677005.0,12.0,9.641,758872000.0,1.982,1.0,2611793000.0,0.462,845324000.0,79853000.0,2022488000.0,2517707500.0,383149000.0,0.0,0.0,0.0,2522910000.0,1582520000.0,940390000.0,8642706005.0,207818000.0,-197710000.0,-89046000.0,-45628000.0,-249542000.0,-374120000.0,-314784000.0,0.0,875946000.0,20776000.0,592927000.0,592927000.0,592927000.0,0.0,0.0,0.105,1882975000.0,728818000.0,375882000.0,0.419,3.552,14.576,14.619,536749000.0,0.0,22.66,1.53,1.536,943813000.0,1652140000.0,5650156000.0,5650156000.0,0.0,0.133,0.265,0.303,0.135,27546000.0,1882975000.0,1.0,381408032.0,382921000.0,386422000.0,14.755,4110560000.0,0.0,90829000.0,161917000.0,10.735,1267618000.0
15,MAT,MRY,2005-12-31,2005-12-31,2005-12-31,2021-09-07,-303028000.0,4372313000.0,4209915000.0,2412500000.0,1959813000.0,1.23,5.159,-129057000.0,997734000.0,997734000.0,2806148000.0,417019000.0,1.649,1.08,742994000.0,217994000.0,525000000.0,742994000.0,0.0,174991000.0,0.0,0.032,0.5,728539000.0,903530000.0,0.174,903530000.0,728539000.0,652049000.0,1.02,1.01,1.02,2101733000.0,2214125500.0,2101733000.0,6742204597.0,9.0,7.462,337620000.0,0.829,1.0,2372868000.0,0.458,718069000.0,76490000.0,1936319000.0,2204217000.0,376897000.0,0.0,0.0,0.0,2270580000.0,1463185000.0,807395000.0,6388373597.0,-159101000.0,-1495000.0,-458701000.0,124560000.0,-200464000.0,-537317000.0,-82191000.0,48361000.0,466677000.0,-6270000.0,417019000.0,417019000.0,417019000.0,0.0,0.0,0.081,1708339000.0,664529000.0,265936000.0,0.49,3.04,15.319,15.51,547104000.0,0.0,15.82,1.234,1.244,760643000.0,1309822000.0,5179016000.0,5179016000.0,0.0,0.099,0.188,0.331,0.141,197000.0,1708339000.0,1.0,403816283.0,407402000.0,411039000.0,12.712,3654244000.0,0.0,235030000.0,182782000.0,8.97,949315000.0
16,MAT,MRY,2004-12-31,2004-12-31,2004-12-31,2021-09-07,-269828000.0,4756492000.0,4320640500.0,2637150000.0,2119342000.0,1.181,5.691,-128002000.0,1156835000.0,1156835000.0,2692061000.0,572723000.0,1.527,0.994,618125000.0,218125000.0,400000000.0,618125000.0,0.0,182478000.0,0.0,0.023,0.45,774018000.0,956496000.0,0.187,956496000.0,774018000.0,696254000.0,1.37,1.35,1.37,2385812000.0,2205442500.0,2385812000.0,8475174978.0,11.0,8.861,442370000.0,1.055,1.0,2410725000.0,0.472,735680000.0,77764000.0,1754931000.0,2252107500.0,418633000.0,0.0,0.0,0.0,2370680000.0,1727171000.0,643509000.0,8087704978.0,4154000.0,-12955000.0,-233447000.0,-46038000.0,-186864000.0,-466349000.0,-108057000.0,32900000.0,570372000.0,8188000.0,572723000.0,572723000.0,572723000.0,0.0,0.0,0.112,1679908000.0,730817000.0,349159000.0,0.328,3.39,14.121,14.226,586526000.0,0.0,19.49,1.585,1.601,759033000.0,1093288000.0,5102786000.0,5102786000.0,0.0,0.133,0.26,0.344,0.152,235000.0,1679908000.0,1.0,414966905.0,419235000.0,423093000.0,12.172,4020812000.0,0.0,123531000.0,279849000.0,9.591,909979000.0
17,MAT,MRY,2003-12-31,2003-12-31,2003-12-31,2021-09-07,-287007000.0,4510950000.0,4295940250.0,2394856000.0,2116094000.0,1.155,5.071,-198943000.0,1152681000.0,1152681000.0,2530617000.0,537632000.0,1.632,1.035,660994000.0,71864000.0,589130000.0,660994000.0,0.0,183819000.0,0.0,0.021,0.4,821431000.0,1005250000.0,0.203,1005250000.0,821431000.0,740854000.0,1.23,1.22,1.23,2216221000.0,2166376250.0,2216221000.0,8557761977.0,10.0,8.513,405859000.0,0.929,1.0,2429483000.0,0.49,722249000.0,80577000.0,1829268000.0,2309834000.0,388658000.0,0.0,0.0,0.0,2294729000.0,1467746000.0,826983000.0,8283896977.0,-114357000.0,-5015000.0,-194944000.0,-188184000.0,-171336000.0,-554464000.0,-180763000.0,23615000.0,604802000.0,16068000.0,537632000.0,537632000.0,537632000.0,0.0,0.0,0.108,1643773000.0,785710000.0,289680000.0,0.325,3.738,15.408,15.667,625893000.0,0.0,19.27,1.67,1.698,543888000.0,707429000.0,4960100000.0,4960100000.0,0.0,0.125,0.248,0.356,0.166,0.0,1639004000.0,1.0,429885676.0,437020000.0,442231000.0,11.35,3788701000.0,0.0,203222000.0,253224000.0,8.669,927110000.0
18,MAT,MRY,2002-12-31,2002-12-31,2002-12-31,2021-09-07,-340647000.0,4459659000.0,4186407750.0,2388964000.0,2070695000.0,1.167,4.541,-155058000.0,1267038000.0,1267038000.0,2524353000.0,230101000.0,1.449,1.254,847555000.0,207485000.0,640070000.0,847555000.0,0.0,191928000.0,0.0,0.003,0.05,510453000.0,702381000.0,0.144,702381000.0,510453000.0,396556000.0,0.52,0.52,0.52,1978712000.0,1727461750.0,1978712000.0,9294949465.0,18.0,13.233,1001026000.0,2.297,1.0,2360987000.0,0.483,703153000.0,113897000.0,1688270000.0,2677071500.0,338599000.0,0.0,0.0,0.0,2480947000.0,1648753000.0,832194000.0,8373327465.0,650434000.0,-2910000.0,55017000.0,-427526000.0,-21868000.0,-394377000.0,-158418000.0,0.0,1156084000.0,3886000.0,230101000.0,230101000.0,230101000.0,-27253000.0,0.0,0.047,1627446000.0,733541000.0,296307000.0,0.096,4.232,36.39,36.827,599604000.0,0.0,19.15,1.714,1.708,490816000.0,341133000.0,4885340000.0,4885340000.0,0.0,0.055,0.133,0.191,0.104,0.0,1602846000.0,1.0,437249476.0,435790000.0,441292000.0,11.21,3756506000.0,0.0,166455000.0,203049000.0,8.62,740211000.0
19,MAT,MRY,2001-12-31,2001-12-31,2001-12-31,2021-09-07,-307798000.0,4509817000.0,4547191000.0,2061852000.0,2447965000.0,1.031,4.034,-188189000.0,616604000.0,616604000.0,2538990000.0,298919000.0,1.316,1.594,1269117000.0,248198000.0,1020919000.0,1269117000.0,0.0,262508000.0,0.0,0.003,0.05,573141000.0,835649000.0,0.178,835649000.0,573141000.0,418009000.0,0.69,0.68,0.69,1738458000.0,1540213500.0,1738458000.0,9359492154.0,16.0,11.2,568604000.0,1.319,1.0,2148934000.0,0.458,1089362000.0,155132000.0,2506731000.0,3269614500.0,487505000.0,0.0,0.0,0.0,2771359000.0,1566237000.0,1205122000.0,7424029154.0,384215000.0,-20547000.0,53516000.0,-206978000.0,-21602000.0,-175064000.0,-193188000.0,13757000.0,756793000.0,-3784000.0,298919000.0,298919000.0,298919000.0,0.0,0.0,0.064,1569614000.0,579320000.0,334247000.0,0.072,4.27,24.836,24.928,626722000.0,0.0,17.2,1.584,1.581,665828000.0,132900000.0,4687924000.0,4687924000.0,0.0,0.066,0.194,0.175,0.122,0.0,1507793000.0,1.0,431629602.0,430983000.0,436166000.0,10.877,3420455000.0,0.0,119090000.0,239793000.0,7.936,495615000.0
20,MAT,MRY,2000-12-31,2000-12-31,2000-12-31,2021-09-07,-306037000.0,4313397000.0,4632624000.0,1751497000.0,2561900000.0,0.986,3.292,-151811000.0,232389000.0,232389000.0,2572247000.0,-430969000.0,1.166,2.074,1501522000.0,259126000.0,1242396000.0,1501522000.0,0.0,256389000.0,0.0,0.019,0.27,-222743000.0,33646000.0,0.007,33646000.0,-222743000.0,-375722000.0,-1.01,-1.01,-1.01,1403098000.0,1537881750.0,1403098000.0,8077012238.0,-36.0,240.059,403279000.0,0.946,1.0,1993242000.0,0.437,1136857000.0,152979000.0,2943266000.0,3340864500.0,489742000.0,11540000.0,0.0,11540000.0,2910299000.0,1502407000.0,1407892000.0,6162292238.0,-14965000.0,0.0,25189000.0,154609000.0,-153551000.0,26247000.0,-151226000.0,0.0,555090000.0,-903000.0,-430969000.0,-430969000.0,-430969000.0,601146000.0,0.0,-0.094,1622618000.0,370624000.0,338966000.0,-0.267,4.392,-14.299,-14.297,647832000.0,0.0,14.44,1.35,1.348,839567000.0,-144417000.0,4565489000.0,4565489000.0,0.0,-0.093,-0.28,-0.067,-0.049,0.0,1560157000.0,1.0,426751540.0,426166000.0,427126000.0,10.713,3176540000.0,0.0,55247000.0,200933000.0,7.454,249090000.0
21,MAT,MRY,1999-12-31,1999-12-31,1999-12-31,2021-09-07,-239647000.0,4673964000.0,4743877750.0,1851859000.0,2822105000.0,0.969,4.739,-191142000.0,247354000.0,247354000.0,2413469000.0,-82373000.0,1.183,1.381,1355602000.0,372722000.0,982880000.0,1355602000.0,0.0,246010000.0,0.0,0.027,0.35,111013000.0,357023000.0,0.078,357023000.0,111013000.0,-20596000.0,-0.21,-0.2,-0.21,1962687000.0,1999626750.0,1962687000.0,7461536684.0,67.0,20.899,239321000.0,0.578,1.0,2182021000.0,0.475,1200622000.0,131609000.0,3016169000.0,3258852500.0,436316000.0,461986000.0,0.0,461986000.0,2711277000.0,1565421000.0,1145856000.0,5524806684.0,34900000.0,-1091000.0,-24300000.0,214341000.0,-125673000.0,63796000.0,-241243000.0,0.0,430463000.0,-2855000.0,-82373000.0,-86353000.0,-86353000.0,190760000.0,0.0,-0.019,1885591000.0,296430000.0,293277000.0,-1.667,2.815,-63.979,-62.524,724791000.0,3980000.0,13.13,1.202,1.183,1001972000.0,401642000.0,4595490000.0,4595490000.0,0.0,-0.018,-0.043,0.034,0.024,0.0,1552474000.0,1.0,420777356.0,414186000.0,425281000.0,11.095,3473342000.0,0.0,61777000.0,184789000.0,8.386,286438000.0
22,MAT,MRY,1998-12-31,1998-12-31,1998-12-31,2021-09-07,-197898000.0,5147385000.0,4762180750.0,2635306000.0,2512079000.0,0.987,5.563,-257580000.0,469213000.0,469213000.0,2388542000.0,206053000.0,1.604,1.371,1383468000.0,199006000.0,1184462000.0,1383468000.0,0.0,214305000.0,0.0,0.013,0.31,448079000.0,662384000.0,0.141,662384000.0,448079000.0,337246000.0,0.51,0.47,0.51,2170803000.0,2101242000.0,2170803000.0,8432705982.0,19.0,12.731,328621000.0,0.842,1.0,2309795000.0,0.492,1484634000.0,110833000.0,2933972000.0,3044349750.0,644270000.0,0.0,0.0,0.0,2976582000.0,1643034000.0,1333548000.0,6759412982.0,-482493000.0,-782588000.0,-275137000.0,359800000.0,-97970000.0,-14357000.0,-1052435000.0,0.0,586201000.0,-1902000.0,206053000.0,198093000.0,198093000.0,122200000.0,0.0,0.042,1734268000.0,575527000.0,362467000.0,0.608,3.114,34.122,46.078,763121000.0,7960000.0,23.5,1.439,1.952,1150051000.0,625197000.0,4698337000.0,4698337000.0,0.0,0.042,0.094,0.147,0.095,0.0,1648939000.0,1.0,287634595.0,390210000.0,421707000.0,12.041,3662751000.0,0.0,131193000.0,299058000.0,9.387,992272000.0
23,MAT,MRY,1997-12-31,1997-12-31,1997-12-31,2021-09-07,-193639000.0,3803791000.0,3676886250.0,2461736000.0,1342055000.0,1.484,4.926,-232445000.0,694947000.0,694947000.0,2635887000.0,-182721000.0,2.098,1.088,681541000.0,17468000.0,664073000.0,681541000.0,0.0,653997000.0,0.0,0.007,0.27,109218000.0,763215000.0,0.14,763215000.0,109218000.0,-3394000.0,-0.52,-0.52,-0.52,1822070000.0,1716795250.0,1822070000.0,11718098414.0,107.0,15.354,270943000.0,0.733,1.0,2819660000.0,0.517,534128000.0,112612000.0,2082833000.0,2341074500.0,428844000.0,0.0,0.0,0.0,1981721000.0,1173424000.0,808297000.0,10829230414.0,72619000.0,-83747000.0,-171257000.0,47694000.0,-84537000.0,-90132000.0,-323442000.0,0.0,503388000.0,-17195000.0,-182721000.0,-193226000.0,-193226000.0,0.0,0.0,-0.035,2710644000.0,109016000.0,310117000.0,-0.519,5.943,-56.044,-71.635,601597000.0,10505000.0,37.25,1.985,2.525,1091416000.0,1490804000.0,5455547000.0,5455547000.0,0.0,-0.053,-0.113,0.047,0.02,0.0,1859539000.0,1.0,290717595.0,369870000.0,369870000.0,14.75,3269663000.0,0.0,179327000.0,202735000.0,8.84,1288312000.0
24,MAT,MRY,1996-12-31,1996-12-31,1996-12-31,2021-09-07,-86945000.0,3581142000.0,3465762750.0,2139062000.0,1442080000.0,1.309,6.219,-231139000.0,550271000.0,550271000.0,2315574000.0,372224000.0,1.873,0.983,523024000.0,28924000.0,494100000.0,523024000.0,0.0,181343000.0,0.0,0.009,0.24,636982000.0,818325000.0,0.18,818325000.0,636982000.0,536756000.0,1.26,1.23,1.26,1805923000.0,1693295000.0,1805923000.0,,,,293672000.0,1.011,1.0,2219758000.0,0.489,611410000.0,100226000.0,1800608000.0,2302567000.0,444178000.0,0.0,0.0,0.0,1775219000.0,1141877000.0,633342000.0,7527113907.0,56585000.0,-2375000.0,-170157000.0,-79369000.0,-66473000.0,-226424000.0,-240996000.0,17315000.0,524811000.0,-806000.0,372224000.0,364833000.0,364833000.0,0.0,0.0,0.08,1583743000.0,636015000.0,312378000.0,0.19,4.168,20.632,22.024,616281000.0,7391000.0,27.75,1.66,1.777,948940000.0,1293653000.0,4535332000.0,4535332000.0,0.0,0.105,0.215,0.277,0.14,0.0,1551254000.0,1.0,271247348.0,290393000.0,303057000.0,15.618,2969732000.0,0.0,164532000.0,183288000.0,10.227,997185000.0
25,MAT,MRY,1995-12-31,1995-12-31,1995-12-31,2021-09-07,-73562000.0,2695509000.0,,1690819000.0,1004690000.0,,4.347,-222844000.0,466082000.0,466082000.0,2302076000.0,337889000.0,1.995,1.114,479857000.0,15520000.0,464337000.0,479857000.0,0.0,170005000.0,0.0,0.008,0.192,607651000.0,777656000.0,0.178,777656000.0,607651000.0,504668000.0,1.13,1.11,1.13,1275169000.0,,1275169000.0,,,,223755000.0,0.763,1.0,2067740000.0,0.473,422796000.0,102983000.0,1438807000.0,,350841000.0,17375000.0,17375000.0,0.0,1420340000.0,847681000.0,572659000.0,,224110000.0,24412000.0,-39683000.0,132904000.0,-50963000.0,-24149000.0,-196175000.0,3083000.0,446599000.0,-2165000.0,337889000.0,331347000.0,331347000.0,0.0,0.0,0.076,1462008000.0,605732000.0,250401000.0,0.17,,,21.77,499314000.0,6542000.0,24.6,,1.651,679283000.0,1041735000.0,4369816000.0,4369816000.0,0.0,,,,0.139,0.0,1453108000.0,1.0,,293312000.0,298763000.0,14.898,2272713000.0,0.0,166779000.0,138183000.0,7.748,843138000.0
26,MAT,MRY,1994-12-31,1994-12-31,1994-12-31,2021-09-07,,,,,,,,-151161000.0,,,1603522000.0,255832000.0,,,,,,,,124272000.0,,0.01,0.154,449081000.0,573353000.0,0.179,573353000.0,449081000.0,393632000.0,,,,,,,,,,195391000.0,,1.0,1601503000.0,0.5,,55449000.0,,,,,,,,,,,-267013000.0,-374965000.0,-41676000.0,-20432000.0,-47840000.0,-86053000.0,-529610000.0,-3395000.0,346552000.0,2098000.0,255832000.0,251143000.0,251143000.0,0.0,0.0,0.078,1124928000.0,476575000.0,,,,,,,4689000.0,16.077,,,,,3205025000.0,3205025000.0,0.0,,,,0.14,0.0,1052928000.0,1.0,,,279923000.0,,,,137800000.0,,,
0,MAT,MRQ,2021-06-30,2021-06-30,2021-06-30,2021-09-07,-935316000.0,5241058000.0,,2173829000.0,3067229000.0,,1.51,-44382000.0,384743000.0,384743000.0,538361000.0,-5537000.0,1.937,8.932,3145427000.0,214000.0,3145213000.0,3145427000.0,0.0,45738000.0,0.0,0.0,0.0,53251000.0,98989000.0,0.096,98989000.0,53251000.0,15107000.0,-0.02,-0.02,-0.02,527719000.0,,527719000.0,9489436163.0,14.0,10.919,-244519000.0,-0.7,1.0,488005000.0,0.475,1392779000.0,38144000.0,5486573000.0,,818037000.0,0.0,0.0,0.0,4713339000.0,1122390000.0,3590949000.0,7010394163.0,-230495000.0,3867000.0,0.0,-3547000.0,0.0,-2070000.0,-33521000.0,7647000.0,-200137000.0,5233000.0,-5537000.0,-5537000.0,-5537000.0,0.0,0.0,-0.005,438865000.0,49140000.0,438913000.0,0.0,13.284,21.518,21.613,803621000.0,0.0,20.1,1.359,1.362,784084000.0,1435688000.0,1026366000.0,1026366000.0,0.0,,,,,15168000.0,438865000.0,1.0,348775829.0,349441000.0,349441000.0,2.937,3848279000.0,0.0,20644000.0,35838000.0,11.013,1051439000.0
1,MAT,MRQ,2021-03-31,2021-03-31,2021-03-31,2021-09-07,-961026000.0,5102316000.0,,2092901000.0,3009415000.0,,1.358,-30290000.0,615238000.0,615238000.0,465188000.0,-115218000.0,1.933,9.766,3094280000.0,878000.0,3093402000.0,3094280000.0,0.0,46047000.0,0.0,0.0,0.0,35569000.0,81616000.0,0.093,81616000.0,35569000.0,-94913000.0,-0.33,-0.33,-0.33,473931000.0,,473931000.0,9278346181.0,16.0,12.059,-71523000.0,-0.205,1.0,409004000.0,0.468,1392289000.0,130482000.0,5106497000.0,,609835000.0,0.0,0.0,0.0,4628385000.0,1082572000.0,3545813000.0,6935541181.0,-146943000.0,39208000.0,0.0,-99113000.0,0.0,-105705000.0,6326000.0,-3245000.0,-41233000.0,-6331000.0,-115218000.0,-115218000.0,-115218000.0,0.0,0.0,-0.132,377966000.0,31038000.0,361902000.0,0.0,14.634,31.495,31.619,745820000.0,0.0,19.92,1.426,1.43,680642000.0,1424591000.0,874192000.0,874192000.0,0.0,,,,,15112000.0,377966000.0,1.0,348169738.0,349041000.0,349041000.0,2.505,3710027000.0,0.0,20305000.0,30106000.0,10.629,1010329000.0
2,MAT,MRQ,2020-12-31,2020-12-31,2020-12-31,2021-09-07,-944576000.0,5534890000.0,,2496691000.0,3038199000.0,,1.752,-31136000.0,762181000.0,762181000.0,790584000.0,130547000.0,1.842,8.071,3104986000.0,969000.0,3104017000.0,3104986000.0,0.0,50360000.0,0.0,0.0,0.0,201707000.0,252067000.0,0.155,252067000.0,201707000.0,152385000.0,0.37,0.37,0.37,610144000.0,,610144000.0,9125844305.0,23.0,15.376,691343000.0,1.985,1.0,835179000.0,0.514,1393834000.0,49322000.0,5128482000.0,,528474000.0,0.0,0.0,0.0,4924746000.0,1355379000.0,3569367000.0,6073303305.0,310014000.0,0.0,0.0,-399031000.0,0.0,-399262000.0,-19748000.0,4099000.0,722479000.0,6545000.0,130547000.0,130547000.0,130547000.0,0.0,0.0,0.08,642499000.0,192680000.0,495363000.0,0.0,9.954,47.962,48.472,765395000.0,0.0,17.45,1.325,1.323,1033966000.0,1553610000.0,1625763000.0,1625763000.0,0.0,,,,,20222000.0,642499000.0,1.0,348040304.0,348234000.0,354846000.0,4.669,4141056000.0,0.0,21838000.0,27125000.0,11.892,1141312000.0
3,MAT,MRQ,2020-09-30,2020-09-30,2020-09-30,2021-09-07,-985874000.0,5604095000.0,,2599863000.0,3004232000.0,,1.164,-30272000.0,452167000.0,452167000.0,799307000.0,315994000.0,1.568,12.854,3504708000.0,400000000.0,3104708000.0,3504708000.0,0.0,47902000.0,0.0,0.0,0.0,388489000.0,436391000.0,0.267,436391000.0,388489000.0,338074000.0,0.91,0.91,0.91,404507000.0,,404507000.0,7094397077.0,27.0,15.193,-1217000.0,-0.004,1.0,832384000.0,0.51,1387260000.0,50415000.0,5610955000.0,,663639000.0,0.0,0.0,0.0,5199588000.0,1658421000.0,3541167000.0,4058699077.0,-9390000.0,0.0,0.0,0.0,0.0,-5887000.0,-34230000.0,-5236000.0,29055000.0,1672000.0,315994000.0,315994000.0,315994000.0,0.0,0.0,0.194,448227000.0,384157000.0,497379000.0,0.0,10.034,-714.434,-585.0,788534000.0,0.0,11.7,0.916,0.918,1326128000.0,1409262000.0,1631691000.0,1631691000.0,0.0,,,,,16532000.0,448227000.0,1.0,346897357.0,347628000.0,348714000.0,4.694,4216835000.0,0.0,22080000.0,21252000.0,12.13,941442000.0
4,MAT,MRQ,2020-06-30,2020-06-30,2020-06-30,2021-09-07,-977597000.0,4998705000.0,,2014141000.0,2984564000.0,,0.306,-18652000.0,461557000.0,461557000.0,413225000.0,-111109000.0,1.481,46.113,3497255000.0,400000000.0,3097255000.0,3497255000.0,0.0,48017000.0,0.0,0.0,0.0,-48655000.0,-638000.0,-0.001,-638000.0,-48655000.0,-98270000.0,-0.32,-0.32,-0.32,106100000.0,,106100000.0,6116654068.0,299.0,25.202,-313428000.0,-0.904,1.0,318911000.0,0.436,1382858000.0,49615000.0,5291760000.0,,727864000.0,0.0,0.0,0.0,4892605000.0,1359785000.0,3532820000.0,3354506068.0,-37850000.0,291000.0,0.0,250000000.0,0.0,249985000.0,6458000.0,24819000.0,-294776000.0,483000.0,-111109000.0,-111109000.0,-111109000.0,0.0,0.0,-0.152,366989000.0,-48078000.0,402220000.0,0.0,31.616,-13.36,-13.247,754340000.0,0.0,9.67,0.783,0.783,650502000.0,1113220000.0,732136000.0,732136000.0,0.0,,,,,9139000.0,366989000.0,1.0,346898249.0,346875000.0,346875000.0,2.111,3615847000.0,0.0,12839000.0,15732000.0,10.424,654356000.0
5,MAT,MRQ,2020-03-31,2020-03-31,2020-03-31,2021-09-07,-1005883000.0,4804352000.0,,1807090000.0,2997262000.0,,0.455,-35306000.0,499407000.0,499407000.0,338886000.0,-210741000.0,1.605,29.43,3261555000.0,150000000.0,3111555000.0,3261555000.0,0.0,53619000.0,0.0,0.0,0.0,-149869000.0,-96250000.0,-0.162,-96250000.0,-149869000.0,-198849000.0,-0.61,-0.61,-0.61,157883000.0,,157883000.0,5543507977.0,284.0,21.725,-209795000.0,-0.605,1.0,255183000.0,0.43,1382852000.0,48980000.0,5057664000.0,,560645000.0,0.0,0.0,0.0,4646469000.0,1125984000.0,3520485000.0,3055931977.0,-130621000.0,738000.0,0.0,150000000.0,0.0,149322000.0,-81157000.0,-46565000.0,-174489000.0,-24297000.0,-210741000.0,-210741000.0,-210741000.0,0.0,0.0,-0.355,404993000.0,-149810000.0,306440000.0,0.0,19.356,-12.324,-12.236,818065000.0,0.0,8.81,0.693,0.693,528522000.0,1202440000.0,594069000.0,594069000.0,0.0,,,,,14275000.0,404993000.0,1.0,346870826.0,346867000.0,346867000.0,1.713,3421500000.0,0.0,11892000.0,12290000.0,9.864,681106000.0
6,MAT,MRQ,2019-12-31,2019-12-31,2019-12-31,2021-09-07,-869484000.0,5325226000.0,,2247974000.0,3077252000.0,,1.422,-40675000.0,630028000.0,630028000.0,760527000.0,175000.0,1.76,9.83,3117604000.0,0.0,3117604000.0,3117604000.0,0.0,58104000.0,0.0,0.0,0.0,69345000.0,127449000.0,0.086,127449000.0,69345000.0,9182000.0,0.0,0.0,0.0,491714000.0,,491714000.0,7840375890.0,183.0,27.292,653963000.0,1.891,1.0,713178000.0,0.484,1390714000.0,60163000.0,5145181000.0,,495504000.0,0.0,0.0,0.0,4833512000.0,1276907000.0,3556605000.0,4697994890.0,411730000.0,0.0,0.0,-249654000.0,0.0,-251439000.0,-35807000.0,2713000.0,694638000.0,4338000.0,175000.0,175000.0,175000.0,0.0,0.0,0.0,645598000.0,67580000.0,459357000.0,,9.554,-22.003,-21.855,853326000.0,0.0,13.55,1.043,1.041,936359000.0,1413181000.0,1473705000.0,1473705000.0,0.0,,,,,16828000.0,645598000.0,1.0,346715490.0,345878000.0,345878000.0,4.261,3934512000.0,0.0,9007000.0,48037000.0,11.375,971067000.0
7,MAT,MRQ,2019-09-30,2019-09-30,2019-09-30,2021-09-07,-880821000.0,5527581000.0,,2436997000.0,3090584000.0,,1.338,-27496000.0,218298000.0,218298000.0,795130000.0,70596000.0,1.61,10.919,3360679000.0,230000000.0,3130679000.0,3360679000.0,0.0,62496000.0,0.0,0.0,0.0,149644000.0,212140000.0,0.143,212140000.0,149644000.0,101955000.0,0.2,0.2,0.2,463756000.0,,463756000.0,6926660220.0,90.0,21.269,-140638000.0,-0.406,1.0,686427000.0,0.463,1382588000.0,47689000.0,5773924000.0,,701567000.0,0.0,0.0,0.0,5063825000.0,1513450000.0,3550375000.0,3935644220.0,24173000.0,0.0,0.0,185000000.0,0.0,177635000.0,-34664000.0,-7386000.0,-113142000.0,-5656000.0,70596000.0,70596000.0,70596000.0,0.0,0.0,0.048,536340000.0,150087000.0,512491000.0,0.0,8.486,-19.288,-18.983,878492000.0,0.0,11.39,0.864,0.867,1291255000.0,1413006000.0,1481557000.0,1481557000.0,0.0,,,,,14830000.0,536340000.0,1.0,345535050.0,346698000.0,348487000.0,4.273,4144993000.0,0.0,31359000.0,48795000.0,11.956,923547000.0
8,MAT,MRQ,2019-06-30,2019-06-30,2019-06-30,2021-09-07,-839662000.0,5046629000.0,,1915522000.0,3131107000.0,,1.232,-24066000.0,194125000.0,194125000.0,518679000.0,-107987000.0,1.791,10.841,3185141000.0,45000000.0,3140141000.0,3185141000.0,0.0,61418000.0,0.0,0.0,0.0,-49590000.0,11828000.0,0.014,11828000.0,-49590000.0,-95824000.0,-0.31,-0.31,-0.31,426195000.0,,426195000.0,6640373710.0,138.0,21.654,-231775000.0,-0.67,1.0,341384000.0,0.397,1386057000.0,46234000.0,5581866000.0,,722394000.0,0.0,0.0,0.0,4620434000.0,1069722000.0,3550712000.0,3872214710.0,-185982000.0,0.0,0.0,45000000.0,0.0,45015000.0,-24505000.0,-711000.0,-207709000.0,1217000.0,-107987000.0,-107987000.0,-107987000.0,0.0,0.0,-0.126,392800000.0,-51416000.0,416430000.0,0.0,9.086,-14.429,-14.372,912923000.0,0.0,11.21,0.858,0.86,755698000.0,1342410000.0,860063000.0,860063000.0,0.0,,,,,12445000.0,392800000.0,1.0,345425041.0,345941000.0,345941000.0,2.486,3660572000.0,0.0,12163000.0,22618000.0,10.581,845800000.0
9,MAT,MRQ,2019-03-31,2019-03-31,2019-03-31,2021-09-07,-837934000.0,5082367000.0,,1895086000.0,3187281000.0,,1.513,-24115000.0,380107000.0,380107000.0,449456000.0,-176296000.0,1.892,8.711,3148266000.0,0.0,3148266000.0,3148266000.0,0.0,62500000.0,0.0,0.0,0.0,-126643000.0,-64143000.0,-0.093,-64143000.0,-126643000.0,-173601000.0,-0.51,-0.51,-0.51,523375000.0,,523375000.0,6751569016.0,-73.0,39.094,-216925000.0,-0.627,1.0,239790000.0,0.348,1388758000.0,46958000.0,5460357000.0,,615828000.0,0.0,0.0,0.0,4558992000.0,1001411000.0,3557581000.0,4490151016.0,-214374000.0,0.0,0.0,-4176000.0,0.0,-4349000.0,-19200000.0,4703000.0,-192810000.0,1985000.0,-176296000.0,-176296000.0,-176296000.0,0.0,0.0,-0.256,366801000.0,-127011000.0,324949000.0,0.0,8.579,-11.189,-11.111,949670000.0,0.0,13.0,1.0,1.001,624477000.0,1450397000.0,689246000.0,689246000.0,0.0,,,,,11865000.0,366801000.0,1.0,345396232.0,345852000.0,345852000.0,1.993,3693609000.0,0.0,2695000.0,19409000.0,10.68,893675000.0
10,MAT,MRQ,2018-12-31,2018-12-31,2018-12-31,2021-09-07,-859226000.0,5238225000.0,,2347200000.0,2891025000.0,,1.929,-41282000.0,594481000.0,594481000.0,814687000.0,9639000.0,1.878,6.855,2855899000.0,4176000.0,2851723000.0,2855899000.0,0.0,62390000.0,0.0,0.0,0.0,103458000.0,165848000.0,0.109,165848000.0,103458000.0,54274000.0,0.02,0.02,0.02,666901000.0,,666901000.0,6363828362.0,-27.0,173.33,662853000.0,1.917,1.0,709594000.0,0.466,1386424000.0,49184000.0,4863287000.0,,542889000.0,0.0,0.0,0.0,4571324000.0,1249932000.0,3321392000.0,3448056362.0,385331000.0,0.0,0.0,-274577000.0,0.0,-274471000.0,-46118000.0,-8395000.0,704135000.0,1785000.0,9639000.0,9639000.0,9639000.0,0.0,0.0,0.006,604003000.0,105591000.0,537965000.0,0.0,5.17,-6.466,-6.445,657595000.0,0.0,9.99,0.764,0.763,970083000.0,1626693000.0,1524281000.0,1524281000.0,0.0,,,,,12728000.0,604003000.0,1.0,345150787.0,345726000.0,345726000.0,4.409,3851801000.0,0.0,44635000.0,13520000.0,11.141,1097268000.0
11,MAT,MRQ,2018-09-30,2018-09-30,2018-09-30,2021-09-07,-835022000.0,5481845000.0,,2535136000.0,2946709000.0,,1.909,-32841000.0,209150000.0,209150000.0,824395000.0,6278000.0,1.689,7.318,3124922000.0,275000000.0,2849922000.0,3124922000.0,0.0,72372000.0,0.0,0.0,0.0,120748000.0,193120000.0,0.134,193120000.0,120748000.0,72592000.0,0.02,0.02,0.02,659022000.0,,659022000.0,8102773587.0,-12.0,-22.454,-207684000.0,-0.601,1.0,613056000.0,0.426,1388883000.0,48156000.0,5507343000.0,,726012000.0,0.0,0.0,0.0,4822823000.0,1501391000.0,3321432000.0,5403202587.0,-19456000.0,0.0,0.0,195000000.0,0.0,187312000.0,-29457000.0,2357000.0,-174843000.0,-2468000.0,6278000.0,6278000.0,6278000.0,0.0,0.0,0.004,491182000.0,121874000.0,529720000.0,0.0,8.199,-6.526,-6.542,677030000.0,0.0,15.7,1.175,1.179,1312932000.0,1606955000.0,1437451000.0,1437451000.0,0.0,,,,,13770000.0,491182000.0,1.0,344153031.0,345285000.0,345672000.0,4.163,4092962000.0,0.0,66314000.0,5813000.0,11.854,1033745000.0
12,MAT,MRQ,2018-06-30,2018-06-30,2018-06-30,2021-09-07,-824078000.0,5053442000.0,,2051255000.0,3002187000.0,,1.927,-30854000.0,228606000.0,228606000.0,587546000.0,-240931000.0,1.869,6.611,2928177000.0,80000000.0,2848177000.0,2928177000.0,0.0,68433000.0,0.0,0.009,0.0,-190555000.0,-122122000.0,-0.145,-122122000.0,-190555000.0,-234022000.0,-0.7,-0.7,-0.7,663971000.0,,663971000.0,7993800853.0,-12.0,-19.94,-313731000.0,-0.91,1.0,253202000.0,0.301,1390076000.0,43467000.0,5265492000.0,,715288000.0,0.0,0.0,0.0,4389471000.0,1097445000.0,3292026000.0,5648753853.0,-298118000.0,0.0,0.0,55550000.0,0.0,53518000.0,-54321000.0,-35827000.0,-282877000.0,-14438000.0,-240931000.0,-240931000.0,-240931000.0,0.0,0.0,-0.287,442393000.0,-189191000.0,428741000.0,0.0,8.508,-3.93,-3.938,719747000.0,0.0,16.42,1.197,1.199,780064000.0,1608025000.0,840748000.0,840748000.0,0.0,,,,,7994000.0,442393000.0,1.0,344016678.0,344584000.0,344584000.0,2.44,3663366000.0,0.0,6909000.0,3119000.0,10.631,953810000.0
13,MAT,MRQ,2018-03-31,2018-03-31,2018-03-31,2021-09-07,-739149000.0,5304090000.0,,2221670000.0,3082420000.0,,2.852,-47437000.0,526724000.0,526724000.0,489499000.0,-311253000.0,2.251,4.399,2871771000.0,0.0,2871771000.0,2871771000.0,0.0,68737000.0,0.0,0.04,0.0,-272826000.0,-204089000.0,-0.288,-204089000.0,-272826000.0,-313905000.0,-0.9,-0.9,-0.9,982466000.0,,982466000.0,6566486213.0,-12.0,-24.662,-321169000.0,-0.932,1.0,218873000.0,0.309,1397217000.0,41079000.0,5264741000.0,,677732000.0,0.0,0.0,0.0,4321624000.0,987179000.0,3334445000.0,4522588213.0,-552497000.0,0.0,0.0,-250000000.0,0.0,-251516000.0,-30862000.0,23250000.0,-273732000.0,3613000.0,-311253000.0,-311253000.0,-311253000.0,0.0,0.0,-0.439,495454000.0,-276581000.0,398360000.0,0.0,4.603,-3.611,-3.623,756684000.0,0.0,13.15,0.932,0.933,676119000.0,1848957000.0,708372000.0,708372000.0,0.0,,,,,14423000.0,495454000.0,1.0,343923058.0,344434000.0,344434000.0,2.057,3906873000.0,0.0,-2652000.0,9910000.0,11.343,1234491000.0
14,MAT,MRQ,2017-12-31,2017-12-31,2017-12-31,2021-09-07,-781786000.0,6228147000.0,,3100242000.0,3127905000.0,,3.622,-61836000.0,1079221000.0,1079221000.0,1111536000.0,-282026000.0,1.909,3.994,3123119000.0,250000000.0,2873119000.0,3123119000.0,0.0,78672000.0,0.0,0.059,0.0,-306437000.0,-227765000.0,-0.141,-227765000.0,-306437000.0,-343094000.0,-0.82,-0.82,-0.82,1247099000.0,,1247099000.0,7974305479.0,-20.0,-65.76,650620000.0,1.889,1.0,498879000.0,0.31,1396669000.0,36657000.0,5251573000.0,,600704000.0,0.0,0.0,0.0,4981048000.0,1623803000.0,3357245000.0,5286560479.0,897913000.0,0.0,7000.0,255973000.0,0.0,244717000.0,-60754000.0,617000.0,712456000.0,1494000.0,-282026000.0,-282026000.0,-282026000.0,0.0,0.0,-0.175,746178000.0,-247299000.0,572166000.0,0.0,4.239,-5.013,-5.01,785285000.0,0.0,15.38,1.083,1.082,1124652000.0,2169002000.0,1610415000.0,1610415000.0,0.0,,,,,19537000.0,746178000.0,1.0,343729550.0,344344000.0,344344000.0,4.677,4831478000.0,0.0,-61068000.0,9498000.0,14.031,1476439000.0
15,MAT,MRQ,2017-09-30,2017-09-30,2017-09-30,2021-09-07,-862532000.0,6199684000.0,,3030159000.0,3169525000.0,,4.187,-86478000.0,181308000.0,181308000.0,913834000.0,-603247000.0,1.319,3.306,2869053000.0,982649000.0,1886404000.0,2869053000.0,0.0,67172000.0,0.0,0.083,0.15,85909000.0,153081000.0,0.098,153081000.0,85909000.0,61263000.0,-1.75,-1.75,-1.75,1439675000.0,,1439675000.0,7672470217.0,46.0,17.945,-277453000.0,-0.807,1.0,647149000.0,0.415,1397642000.0,24646000.0,5192509000.0,,989995000.0,0.0,0.0,0.0,4760009000.0,2297278000.0,2462731000.0,5305403217.0,-94087000.0,0.0,54000.0,225880000.0,-51546000.0,162251000.0,-68686000.0,17592000.0,-190975000.0,3323000.0,-603247000.0,-603247000.0,-603247000.0,0.0,0.0,-0.386,560905000.0,86244000.0,713488000.0,-0.086,3.685,-8.786,-8.846,821228000.0,0.0,15.48,1.04,1.043,1506145000.0,2460224000.0,1560983000.0,1560983000.0,0.0,,,,,17029000.0,560905000.0,1.0,342726306.0,343870000.0,343870000.0,4.539,4802042000.0,0.0,664510000.0,32296000.0,13.965,732881000.0
16,MAT,MRQ,2017-06-30,2017-06-30,2017-06-30,2021-09-07,-881934000.0,6167882000.0,,2502628000.0,3665254000.0,,6.025,-78513000.0,275395000.0,275395000.0,574712000.0,-56075000.0,1.42,1.983,2642462000.0,756769000.0,1885693000.0,2642462000.0,0.0,64372000.0,0.0,0.071,0.38,-51862000.0,12510000.0,0.013,12510000.0,-51862000.0,-73743000.0,-0.16,-0.16,-0.16,2067405000.0,,2067405000.0,9308333603.0,23.0,14.131,-317567000.0,-0.926,1.0,399765000.0,0.41,1394464000.0,21881000.0,5377985000.0,,935933000.0,0.0,0.0,0.0,4100477000.0,1762500000.0,2337977000.0,7375238603.0,-106492000.0,0.0,299000.0,326769000.0,-130298000.0,194128000.0,-61528000.0,16856000.0,-239054000.0,-38000.0,-56075000.0,-56075000.0,-56075000.0,0.0,0.0,-0.058,448795000.0,-49030000.0,549319000.0,-2.375,3.567,31.294,31.203,807796000.0,0.0,21.53,1.382,1.384,917652000.0,3114931000.0,974477000.0,974477000.0,0.0,,,,,17882000.0,448795000.0,1.0,342556368.0,343116000.0,343116000.0,2.84,4773418000.0,0.0,-17668000.0,4380000.0,13.912,740128000.0
17,MAT,MRQ,2017-03-31,2017-03-31,2017-03-31,2021-09-07,-903832000.0,5920929000.0,,2321365000.0,3599564000.0,,6.462,-70332000.0,381887000.0,381887000.0,456840000.0,-113231000.0,1.693,1.672,2314982000.0,430000000.0,1884982000.0,2314982000.0,0.0,64551000.0,0.0,0.059,0.38,-123641000.0,-59090000.0,-0.08,-59090000.0,-123641000.0,-145671000.0,-0.33,-0.33,-0.33,2215941000.0,,2215941000.0,10226934489.0,23.0,14.506,-380373000.0,-1.109,1.0,278778000.0,0.379,1389920000.0,22030000.0,5093060000.0,,769799000.0,0.0,0.0,0.0,3704988000.0,1371044000.0,2333944000.0,8770026489.0,-487644000.0,0.0,1415000.0,-12168000.0,-130129000.0,-142646000.0,-44695000.0,25928000.0,-310041000.0,9738000.0,-113231000.0,-113231000.0,-113231000.0,0.0,0.0,-0.154,404391000.0,-125613000.0,481412000.0,-1.152,3.958,32.168,32.418,783469000.0,0.0,25.61,1.649,1.651,806800000.0,3301875000.0,735618000.0,735618000.0,0.0,,,,,12671000.0,404391000.0,1.0,342445392.0,342914000.0,342914000.0,2.145,4531009000.0,0.0,-32440000.0,9316000.0,13.213,950321000.0
18,MAT,MRQ,2016-12-31,2016-12-31,2016-12-31,2021-09-07,-943029000.0,6493794000.0,,2940064000.0,3553730000.0,,7.027,-83045000.0,869531000.0,869531000.0,977212000.0,168731000.0,1.953,1.697,2326439000.0,192168000.0,2134271000.0,2326439000.0,0.0,64824000.0,0.0,0.055,0.38,256230000.0,321054000.0,0.175,321054000.0,256230000.0,231245000.0,0.49,0.49,0.49,2407782000.0,,2407782000.0,11559747436.0,23.0,15.22,842810000.0,2.46,1.0,853688000.0,0.466,1387628000.0,24985000.0,5057501000.0,,613798000.0,0.0,0.0,0.0,4086012000.0,1505573000.0,2580439000.0,9423347436.0,572442000.0,0.0,5534000.0,-107832000.0,-130011000.0,-238229000.0,-107185000.0,-12331000.0,925855000.0,-7999000.0,168731000.0,168731000.0,168731000.0,0.0,0.0,0.092,590303000.0,263385000.0,664857000.0,0.776,3.914,30.115,30.275,773965000.0,0.0,27.55,1.728,1.725,1115217000.0,3545359000.0,1830900000.0,1830900000.0,0.0,,,,,15206000.0,590303000.0,1.0,342045279.0,342653000.0,347038000.0,5.343,5106166000.0,0.0,62514000.0,19722000.0,14.902,1434491000.0
19,MAT,MRQ,2016-09-30,2016-09-30,2016-09-30,2021-09-07,-875087000.0,6648867000.0,,3078805000.0,3570062000.0,,7.063,-67870000.0,297089000.0,297089000.0,924810000.0,236250000.0,1.871,1.753,2433489000.0,300000000.0,2133489000.0,2433489000.0,0.0,65238000.0,0.0,0.05,0.38,319017000.0,384255000.0,0.214,384255000.0,319017000.0,294028000.0,0.69,0.68,0.69,2415378000.0,,2415378000.0,12149275167.0,23.0,15.186,-158590000.0,-0.464,1.0,870765000.0,0.485,1392155000.0,24989000.0,5747546000.0,,910546000.0,0.0,0.0,0.0,4233489000.0,1645566000.0,2587923000.0,10313945167.0,-20714000.0,-167000.0,11813000.0,283000000.0,-129927000.0,150801000.0,-80832000.0,-9761000.0,-90720000.0,37000.0,236250000.0,236250000.0,236250000.0,0.0,0.0,0.132,553369000.0,317396000.0,694757000.0,0.551,4.27,28.703,28.838,747451000.0,0.0,30.28,1.835,1.842,1528808000.0,3502076000.0,1795575000.0,1795575000.0,0.0,,,,,12368000.0,553369000.0,1.0,340619061.0,341961000.0,344226000.0,5.251,5256712000.0,0.0,57778000.0,21695000.0,15.372,1433239000.0
20,MAT,MRQ,2016-06-30,2016-06-30,2016-06-30,2021-09-07,-861358000.0,5931567000.0,,2365892000.0,3565675000.0,,6.777,-65969000.0,317803000.0,317803000.0,523709000.0,-19114000.0,1.723,1.567,2153133000.0,367000000.0,1786133000.0,2153133000.0,0.0,65938000.0,0.0,0.049,0.38,-7128000.0,58810000.0,0.061,58810000.0,-7128000.0,-29752000.0,-0.06,-0.06,-0.06,2310287000.0,,2310287000.0,12138267206.0,23.0,15.37,-217342000.0,-0.638,1.0,433567000.0,0.453,1394101000.0,22624000.0,4999564000.0,,891816000.0,0.0,0.0,0.0,3621280000.0,1373232000.0,2248048000.0,10652548206.0,-281905000.0,-381000.0,4297000.0,67000000.0,-129389000.0,-59678000.0,-69149000.0,-3390000.0,-151373000.0,-1705000.0,-19114000.0,-19114000.0,-19114000.0,0.0,0.0,-0.02,445227000.0,-11660000.0,565930000.0,-6.333,4.611,30.71,30.676,736476000.0,0.0,31.29,1.896,1.899,794600000.0,3396027000.0,957276000.0,957276000.0,0.0,,,,,14012000.0,445227000.0,1.0,340445772.0,340926000.0,340926000.0,2.808,4537466000.0,0.0,-10638000.0,8680000.0,13.309,992660000.0
21,MAT,MRQ,2016-03-31,2016-03-31,2016-03-31,2021-09-07,-830696000.0,5968945000.0,,2395957000.0,3572988000.0,,7.272,-45309000.0,599708000.0,599708000.0,480728000.0,-72959000.0,1.941,1.412,2085427000.0,300000000.0,1785427000.0,2085427000.0,0.0,66340000.0,0.0,0.045,0.38,-70959000.0,-4619000.0,-0.005,-4619000.0,-70959000.0,-93479000.0,-0.21,-0.21,-0.21,2475120000.0,,2475120000.0,12655112983.0,24.0,15.859,-134562000.0,-0.395,1.0,388671000.0,0.447,1401567000.0,22520000.0,4818972000.0,,698316000.0,0.0,0.0,0.0,3493825000.0,1234125000.0,2259700000.0,11431012983.0,-293106000.0,-32606000.0,12421000.0,-16914000.0,-129202000.0,-134365000.0,-54744000.0,19379000.0,-89253000.0,-14744000.0,-72959000.0,-72959000.0,-72959000.0,0.0,0.0,-0.084,437817000.0,-49146000.0,424349000.0,-1.81,4.618,32.233,32.019,732667000.0,0.0,33.62,2.023,2.026,748074000.0,3542486000.0,869399000.0,869399000.0,0.0,,,,,12364000.0,437817000.0,1.0,340006335.0,340369000.0,340369000.0,2.554,4567378000.0,0.0,-20520000.0,14393000.0,13.419,1161832000.0
22,MAT,MRQ,2015-12-31,2015-12-31,2015-12-31,2021-09-07,-848899000.0,6535143000.0,,3001059000.0,3534084000.0,,7.749,-83574000.0,892814000.0,892814000.0,996289000.0,215160000.0,1.824,1.482,2101635000.0,316914000.0,1784721000.0,2101635000.0,0.0,68005000.0,0.0,0.056,0.38,293575000.0,361580000.0,0.181,361580000.0,293575000.0,270821000.0,0.63,0.63,0.63,2633254000.0,,2633254000.0,11191562658.0,20.0,13.739,873321000.0,2.57,1.0,1003455000.0,0.502,1384520000.0,22754000.0,4713915000.0,,587521000.0,0.0,0.0,0.0,3901889000.0,1645529000.0,2256360000.0,9220251658.0,603117000.0,0.0,4537000.0,-144094000.0,-128971000.0,-270256000.0,-76536000.0,6934000.0,956895000.0,-6986000.0,215160000.0,215160000.0,215160000.0,0.0,0.0,0.108,709402000.0,294053000.0,651681000.0,0.603,3.501,24.959,25.157,741147000.0,0.0,27.17,1.617,1.616,1145099000.0,3745815000.0,1999744000.0,1999744000.0,0.0,,,,,15561000.0,709402000.0,1.0,339354128.0,339826000.0,340360000.0,5.885,5150623000.0,0.0,55661000.0,18752000.0,15.157,1355530000.0
23,MAT,MRQ,2015-09-30,2015-09-30,2015-09-30,2021-09-07,-804921000.0,6629621000.0,,2979685000.0,3649936000.0,,7.58,-56769000.0,289697000.0,289697000.0,912371000.0,223784000.0,2.067,1.577,2245023000.0,161008000.0,2084015000.0,2245023000.0,0.0,66441000.0,0.0,0.072,0.38,307548000.0,373989000.0,0.209,373989000.0,307548000.0,286139000.0,0.66,0.66,0.66,2572663000.0,,2572663000.0,8930743204.0,18.0,11.703,-38334000.0,-0.113,1.0,879597000.0,0.491,1387959000.0,21409000.0,5755525000.0,,870785000.0,0.0,0.0,0.0,4056958000.0,1441463000.0,2615495000.0,7131198204.0,-10758000.0,0.0,2880000.0,161008000.0,-128921000.0,25628000.0,-44787000.0,-20539000.0,18435000.0,-10034000.0,223784000.0,223784000.0,223784000.0,0.0,0.0,0.125,578824000.0,300773000.0,560668000.0,0.576,2.772,23.443,23.4,721299000.0,0.0,21.06,1.252,1.255,1451250000.0,3660796000.0,1791968000.0,1791968000.0,0.0,,,,,13840000.0,578824000.0,1.0,338613400.0,339420000.0,339790000.0,5.28,5241662000.0,0.0,62355000.0,31918000.0,15.443,1538222000.0
24,MAT,MRQ,2015-06-30,2015-06-30,2015-06-30,2021-09-07,-710873000.0,6077187000.0,,2330266000.0,3746921000.0,,7.568,-75090000.0,300455000.0,300455000.0,515294000.0,-11351000.0,2.62,1.37,2083309000.0,0.0,2083309000.0,2083309000.0,0.0,66196000.0,0.0,0.059,0.38,808000.0,67004000.0,0.068,67004000.0,808000.0,-19898000.0,-0.03,-0.03,-0.03,2564473000.0,,2564473000.0,10109032419.0,17.0,11.597,-262753000.0,-0.775,1.0,472858000.0,0.479,1393147000.0,20706000.0,5577376000.0,,853795000.0,0.0,0.0,0.0,3512714000.0,889518000.0,2623196000.0,8691940419.0,-382453000.0,0.0,5173000.0,0.0,-128651000.0,-126806000.0,-69140000.0,5702000.0,-187663000.0,1156000.0,-11351000.0,-11351000.0,-11351000.0,0.0,0.0,-0.011,472295000.0,563000.0,396760000.0,-12.667,3.389,21.085,21.231,733002000.0,0.0,25.69,1.467,1.469,803111000.0,3566687000.0,988152000.0,988152000.0,0.0,,,,,15687000.0,472295000.0,1.0,338339448.0,338843000.0,338843000.0,2.916,4684040000.0,0.0,-8547000.0,7787000.0,13.824,1440748000.0
25,MAT,MRQ,2015-03-31,2015-03-31,2015-03-31,2021-09-07,-729026000.0,6085698000.0,,2400334000.0,3685364000.0,,7.876,-38748000.0,682908000.0,682908000.0,472301000.0,-58177000.0,3.02,1.282,2082603000.0,0.0,2082603000.0,2082603000.0,0.0,64785000.0,0.0,0.067,0.38,-52746000.0,12039000.0,0.013,12039000.0,-52746000.0,-73147000.0,-0.17,-0.17,-0.17,2666643000.0,,2666643000.0,8857454380.0,15.0,10.209,-91858000.0,-0.271,1.0,450448000.0,0.488,1385895000.0,20401000.0,5304724000.0,,640320000.0,0.0,0.0,0.0,3419055000.0,794774000.0,2624281000.0,7729104380.0,-288742000.0,0.0,2405000.0,0.0,-128530000.0,-128788000.0,-92032000.0,-53606000.0,-53110000.0,-14812000.0,-58177000.0,-58177000.0,-58177000.0,0.0,0.0,-0.063,504915000.0,-54467000.0,287599000.0,-2.235,2.898,17.103,17.311,715608000.0,0.0,22.85,1.288,1.289,699703000.0,3708274000.0,922749000.0,922749000.0,0.0,,,,,11603000.0,504915000.0,1.0,338254021.0,338579000.0,338579000.0,2.725,4699803000.0,0.0,-14970000.0,10537000.0,13.881,1605560000.0
26,MAT,MRQ,2014-12-31,2014-12-31,2014-12-31,2021-09-07,-622089000.0,6721983000.0,,3186931000.0,3535052000.0,,8.714,-88331000.0,971650000.0,971650000.0,988183000.0,149931000.0,2.927,1.279,2100000000.0,0.0,2100000000.0,2100000000.0,0.0,71529000.0,0.0,0.049,0.38,238573000.0,310102000.0,0.156,310102000.0,238573000.0,216522000.0,0.44,0.43,0.44,2949071000.0,,2949071000.0,12375322552.0,19.0,13.527,944543000.0,2.791,1.0,1005783000.0,0.504,1392925000.0,22051000.0,5368522000.0,,561755000.0,0.0,0.0,0.0,3772912000.0,1088886000.0,2684026000.0,10484994552.0,709478000.0,0.0,-26564000.0,-52500000.0,-128453000.0,-207263000.0,-104194000.0,-10571000.0,1032874000.0,-11939000.0,149931000.0,149931000.0,149931000.0,0.0,0.0,0.075,768774000.0,237009000.0,430259000.0,0.864,3.555,21.017,21.195,737869000.0,0.0,30.945,1.741,1.742,1094452000.0,3896261000.0,1993966000.0,1993966000.0,0.0,,,,,35229000.0,768774000.0,1.0,338826775.0,338416000.0,339571000.0,5.892,5329058000.0,0.0,66591000.0,18783000.0,15.747,2098045000.0
27,MAT,MRQ,2014-09-30,2014-09-30,2014-09-30,2021-09-07,-492687000.0,6893547000.0,,3325473000.0,3568074000.0,,9.057,-63711000.0,262172000.0,262172000.0,1000286000.0,331836000.0,2.748,1.247,2152500000.0,52500000.0,2100000000.0,2152500000.0,0.0,67348000.0,0.0,0.049,0.38,415189000.0,482537000.0,0.239,482537000.0,415189000.0,394180000.0,0.97,0.97,0.97,3067834000.0,,3067834000.0,11957300725.0,13.0,10.505,-128864000.0,-0.38,1.0,1021138000.0,0.505,1398984000.0,21009000.0,6174611000.0,,824270000.0,0.0,0.0,0.0,3825713000.0,1210280000.0,2615433000.0,10355036725.0,-256045000.0,0.0,6300000.0,32020000.0,-128691000.0,-103140000.0,-79616000.0,-15977000.0,-65153000.0,-8136000.0,331836000.0,331836000.0,331836000.0,0.0,0.0,0.164,611659000.0,409479000.0,456594000.0,0.392,3.375,14.418,14.665,710612000.0,0.0,30.65,1.686,1.69,1695358000.0,3876423000.0,2021424000.0,2021424000.0,0.0,,,,,8920000.0,611659000.0,1.0,337847854.0,338728000.0,340329000.0,5.968,5494563000.0,0.0,62344000.0,47388000.0,16.221,2115193000.0
28,MAT,MRQ,2014-06-30,2014-06-30,2014-06-30,2021-09-07,-400264000.0,6488183000.0,,2887950000.0,3600233000.0,,8.714,-64583000.0,518217000.0,518217000.0,569682000.0,28325000.0,3.182,1.198,2120481000.0,20481000.0,2100000000.0,2120481000.0,0.0,58310000.0,0.0,0.038,0.38,4594000.0,62904000.0,0.059,62904000.0,4594000.0,-14371000.0,0.08,0.08,0.08,2951567000.0,,2951567000.0,13923391608.0,14.0,11.23,-204318000.0,-0.603,1.0,492570000.0,0.464,1407031000.0,18965000.0,5775782000.0,,882788000.0,0.0,0.0,0.0,3536616000.0,907634000.0,2628982000.0,13220645608.0,-379037000.0,-423309000.0,-91049000.0,471352000.0,-128342000.0,251950000.0,-495096000.0,-7370000.0,-139735000.0,3844000.0,28325000.0,28325000.0,28325000.0,0.0,0.0,0.027,491562000.0,1008000.0,385655000.0,4.75,4.479,16.338,16.654,703408000.0,0.0,38.97,2.089,2.086,884071000.0,3674348000.0,1062252000.0,1062252000.0,0.0,,,,,-4849000.0,491562000.0,1.0,339251876.0,338709000.0,340644000.0,3.136,5081152000.0,0.0,-42696000.0,20651000.0,15.002,1980316000.0
29,MAT,MRQ,2014-03-31,2014-03-31,2014-03-31,2021-09-07,-433721000.0,5871969000.0,,2818579000.0,3053390000.0,,9.104,-43832000.0,897254000.0,897254000.0,464646000.0,-11218000.0,4.176,0.896,1600000000.0,0.0,1600000000.0,1600000000.0,0.0,51514000.0,0.0,0.036,0.38,7825000.0,59339000.0,0.063,59339000.0,7825000.0,-9421000.0,-0.03,-0.03,-0.03,3097537000.0,,3097537000.0,14216961484.0,13.0,10.749,16746000.0,0.049,1.0,481531000.0,0.509,1084118000.0,17246000.0,4815655000.0,,650777000.0,0.0,0.0,0.0,2774432000.0,674942000.0,2099490000.0,13651899484.0,-141962000.0,0.0,-22550000.0,-4278000.0,-129327000.0,-168866000.0,-29646000.0,13985000.0,60578000.0,-4028000.0,-11218000.0,-11218000.0,-11218000.0,0.0,0.0,-0.012,475313000.0,6218000.0,248183000.0,-12.667,4.407,15.982,16.239,658757000.0,0.0,40.11,2.121,2.121,762612000.0,3775945000.0,946177000.0,946177000.0,0.0,,,,,12693000.0,475313000.0,1.0,340361493.0,340226000.0,340226000.0,2.781,4787851000.0,0.0,1797000.0,13901000.0,14.073,2143637000.0
30,MAT,MRQ,2013-12-31,2013-12-31,2013-12-31,2021-09-07,-443676000.0,6439626000.0,,3377993000.0,3061633000.0,,9.581,-73408000.0,1039216000.0,1039216000.0,962372000.0,369249000.0,3.225,0.98,1604278000.0,4278000.0,1600000000.0,1604278000.0,0.0,51243000.0,0.0,0.03,0.36,482224000.0,533467000.0,0.252,533467000.0,482224000.0,461891000.0,1.07,1.06,1.07,3251559000.0,,3251559000.0,17424064274.0,15.0,12.681,946273000.0,2.788,1.0,1150844000.0,0.545,1083239000.0,20333000.0,4874009000.0,,568843000.0,0.0,0.0,0.0,3188067000.0,1047440000.0,2140627000.0,16102711274.0,632755000.0,0.0,-74216000.0,-127539000.0,-122030000.0,-318646000.0,-66223000.0,8010000.0,1019681000.0,-2057000.0,369249000.0,369249000.0,369249000.0,0.0,0.0,0.175,671537000.0,479307000.0,375328000.0,0.336,4.952,17.814,18.23,659333000.0,0.0,47.58,2.483,2.52,1260105000.0,3918122000.0,2113216000.0,2113216000.0,0.0,,,,,14438000.0,671537000.0,1.0,338434453.0,339377000.0,343958000.0,6.227,5356387000.0,0.0,92642000.0,27679000.0,15.783,2330553000.0
31,MAT,MRQ,2013-09-30,2013-09-30,2013-09-30,2021-09-07,-487579000.0,6696255000.0,,3637510000.0,3058745000.0,,8.763,-63767000.0,406461000.0,406461000.0,1018981000.0,422836000.0,2.472,1.226,1727814000.0,127814000.0,1600000000.0,1727814000.0,0.0,50172000.0,0.0,0.033,0.36,533919000.0,584091000.0,0.265,584091000.0,533919000.0,514343000.0,1.22,1.21,1.22,3008169000.0,,3008169000.0,15297695949.0,14.0,12.059,-99111000.0,-0.289,1.0,1187980000.0,0.538,1080090000.0,19576000.0,5465949000.0,,807209000.0,0.0,0.0,0.0,3688086000.0,1471569000.0,2216517000.0,14430013949.0,-416558000.0,0.0,-240057000.0,37113000.0,-123258000.0,-337063000.0,-43407000.0,19974000.0,-35344000.0,-744000.0,422836000.0,422836000.0,422836000.0,0.0,0.0,0.192,659805000.0,528175000.0,394857000.0,0.295,4.797,17.155,17.235,634773000.0,0.0,41.88,2.177,2.169,1885181000.0,3672646000.0,2206961000.0,2206961000.0,0.0,,,,,19632000.0,659805000.0,1.0,344556207.0,343279000.0,346695000.0,6.429,5616165000.0,0.0,91507000.0,65806000.0,16.36,2165941000.0
32,MAT,MRQ,2013-06-30,2013-06-30,2013-06-30,2021-09-07,-515920000.0,6196392000.0,,3127161000.0,3069231000.0,,8.429,-61765000.0,823019000.0,823019000.0,569101000.0,73348000.0,3.012,1.121,1690701000.0,90701000.0,1600000000.0,1690701000.0,0.0,48746000.0,0.0,0.03,0.36,96988000.0,145734000.0,0.125,145734000.0,96988000.0,78729000.0,0.21,0.21,0.21,2921448000.0,,2921448000.0,16045465477.0,16.0,13.181,-285229000.0,-0.823,1.0,600008000.0,0.513,1072084000.0,18259000.0,4953599000.0,,793611000.0,0.0,0.0,0.0,3274944000.0,1038391000.0,2236553000.0,15649981477.0,-436493000.0,0.0,-69032000.0,35705000.0,-125006000.0,-141513000.0,-66876000.0,-2516000.0,-223464000.0,-4640000.0,73348000.0,73348000.0,73348000.0,0.0,0.0,0.063,505218000.0,94790000.0,337511000.0,1.714,5.357,19.955,19.96,621168000.0,0.0,45.31,2.408,2.417,945727000.0,3374408000.0,1169109000.0,1169109000.0,0.0,,,,,13719000.0,505218000.0,1.0,345397958.0,346614000.0,350424000.0,3.373,5124308000.0,0.0,5381000.0,25978000.0,14.784,2088770000.0
33,MAT,MRQ,2013-03-31,2013-03-31,2013-03-31,2021-09-07,-481425000.0,6193671000.0,,3155518000.0,3038153000.0,,8.853,-53114000.0,1259512000.0,1259512000.0,455555000.0,38511000.0,3.512,1.032,1654996000.0,54996000.0,1600000000.0,1654996000.0,0.0,46232000.0,0.0,0.029,0.36,64502000.0,110734000.0,0.111,110734000.0,64502000.0,44165000.0,0.11,0.11,0.11,3048188000.0,,3048188000.0,15253435408.0,14.0,12.23,-115561000.0,-0.336,1.0,540051000.0,0.542,1072345000.0,20337000.0,4618350000.0,,599901000.0,0.0,0.0,0.0,3145483000.0,898460000.0,2247023000.0,15079302408.0,-76199000.0,0.0,25071000.0,140412000.0,-124077000.0,57260000.0,-65600000.0,-12619000.0,-62447000.0,-5412000.0,38511000.0,38511000.0,38511000.0,0.0,0.0,0.039,474220000.0,65831000.0,257926000.0,3.273,4.947,18.682,18.705,605054000.0,0.0,43.77,2.324,2.323,750793000.0,3427808000.0,995606000.0,995606000.0,0.0,,,,,13862000.0,474220000.0,1.0,344512278.0,344315000.0,348795000.0,2.892,5121326000.0,0.0,5654000.0,18014000.0,14.874,2257058000.0
34,MAT,MRQ,2012-12-31,2012-12-31,2012-12-31,2021-09-07,-464486000.0,6526785000.0,,3556805000.0,2969980000.0,,8.925,-62498000.0,1335711000.0,1335711000.0,1029972000.0,306480000.0,2.073,1.128,1509844000.0,409844000.0,1100000000.0,1509844000.0,0.0,47847000.0,0.0,0.034,0.31,380152000.0,427999000.0,0.19,427999000.0,380152000.0,356669000.0,0.89,0.87,0.89,3067044000.0,,3067044000.0,13937928316.0,13.0,11.536,1314295000.0,3.825,1.0,1225933000.0,0.543,1080798000.0,23483000.0,3904108000.0,,465057000.0,0.0,0.0,0.0,3459741000.0,1716012000.0,1743729000.0,12565520316.0,1053616000.0,0.0,-10424000.0,-144659000.0,-106357000.0,-257145000.0,-66867000.0,-3979000.0,1376793000.0,835000.0,306480000.0,306480000.0,306480000.0,0.0,0.0,0.136,852454000.0,373479000.0,385375000.0,0.348,4.097,16.183,16.276,593213000.0,0.0,36.62,1.957,1.949,1226833000.0,3515181000.0,2255905000.0,2255905000.0,0.0,,,,,20455000.0,852454000.0,1.0,343132723.0,343642000.0,348462000.0,6.565,5445987000.0,0.0,50189000.0,33045000.0,15.848,1840793000.0
35,MAT,MRQ,2012-09-30,2012-09-30,2012-09-30,2021-09-07,-436073000.0,6318729000.0,,3273338000.0,3045391000.0,,8.476,-49909000.0,282095000.0,282095000.0,962445000.0,365937000.0,1.968,1.176,1654503000.0,504503000.0,1150000000.0,1654503000.0,0.0,43296000.0,0.0,0.033,0.31,489570000.0,532866000.0,0.256,532866000.0,489570000.0,466847000.0,1.06,1.04,1.06,2903858000.0,,2903858000.0,13312746780.0,12.0,10.145,-89153000.0,-0.26,1.0,1115371000.0,0.537,1079979000.0,22723000.0,4947748000.0,,796352000.0,0.0,0.0,0.0,3414871000.0,1663410000.0,1751461000.0,12092755780.0,-90186000.0,0.0,18256000.0,62231000.0,-106220000.0,-34161000.0,-18593000.0,30857000.0,-39244000.0,1812000.0,365937000.0,365937000.0,365937000.0,0.0,0.0,0.176,628004000.0,487367000.0,376896000.0,0.292,4.164,14.387,14.657,575288000.0,0.0,35.47,1.914,1.923,1828211000.0,3316642000.0,2077816000.0,2077816000.0,0.0,,,,,17629000.0,628004000.0,1.0,340929117.0,342595000.0,347122000.0,6.065,5238750000.0,0.0,100910000.0,47296000.0,15.291,1609928000.0
36,MAT,MRQ,2012-06-30,2012-06-30,2012-06-30,2021-09-07,-459231000.0,5590293000.0,,2520068000.0,3070225000.0,,7.592,-68844000.0,372281000.0,372281000.0,564189000.0,96218000.0,2.021,1.158,1592272000.0,442272000.0,1150000000.0,1592272000.0,0.0,42728000.0,0.0,0.033,0.31,132885000.0,175613000.0,0.152,175613000.0,132885000.0,111361000.0,0.28,0.28,0.28,2590816000.0,,2590816000.0,11813772656.0,11.0,9.662,-301401000.0,-0.883,1.0,594522000.0,0.513,1075786000.0,21524000.0,4487663000.0,,746707000.0,0.0,0.0,0.0,2999477000.0,1246835000.0,1752642000.0,11048398656.0,-412345000.0,0.0,4363000.0,42272000.0,-105631000.0,-61105000.0,-112173000.0,-43714000.0,-232557000.0,-6510000.0,96218000.0,96218000.0,96218000.0,0.0,0.0,0.083,463089000.0,131433000.0,313935000.0,1.107,4.264,14.248,14.547,561303000.0,0.0,32.44,1.771,1.774,980378000.0,3057962000.0,1158711000.0,1158711000.0,0.0,,,,,13340000.0,463089000.0,1.0,340579490.0,341256000.0,345554000.0,3.395,4514507000.0,0.0,15143000.0,16105000.0,13.229,1273233000.0
37,MAT,MRQ,2012-03-31,2012-03-31,2012-03-31,2021-09-07,-395545000.0,5551076000.0,,2504997000.0,3046079000.0,,7.788,-37797000.0,784626000.0,784626000.0,455078000.0,7829000.0,2.19,1.102,1550000000.0,400000000.0,1150000000.0,1550000000.0,0.0,40411000.0,0.0,0.03,0.31,31273000.0,71684000.0,0.077,71684000.0,31273000.0,10168000.0,0.02,0.02,0.02,2641088000.0,,2641088000.0,11599582527.0,11.0,9.671,132861000.0,0.392,1.0,473371000.0,0.51,1078987000.0,21105000.0,4093548000.0,,603736000.0,0.0,0.0,0.0,2909988000.0,1143915000.0,1766073000.0,11410677527.0,-584487000.0,-684522000.0,43368000.0,-8018000.0,-105170000.0,-58517000.0,-702519000.0,19800000.0,170658000.0,5891000.0,7829000.0,7829000.0,7829000.0,0.0,0.0,0.008,444635000.0,28736000.0,270344000.0,15.5,4.32,15.019,15.44,534745000.0,0.0,33.66,1.828,1.829,742267000.0,3069161000.0,928449000.0,928449000.0,0.0,,,,,11853000.0,444635000.0,1.0,338998144.0,339144000.0,343660000.0,2.738,4472089000.0,0.0,2339000.0,10840000.0,13.186,1361082000.0
38,MAT,MRQ,2011-12-31,2011-12-31,2011-12-31,2021-09-07,-446645000.0,5671638000.0,,3443707000.0,2227931000.0,,7.693,-47542000.0,1369113000.0,1369113000.0,993390000.0,370577000.0,3.315,1.173,1558018000.0,58018000.0,1500000000.0,1558018000.0,0.0,39797000.0,0.0,0.033,0.23,492351000.0,532148000.0,0.247,532148000.0,492351000.0,468853000.0,1.06,1.06,1.06,2610603000.0,,2610603000.0,10343086843.0,10.0,8.567,939236000.0,2.768,1.0,1160364000.0,0.539,822139000.0,23498000.0,3999476000.0,,487000000.0,0.0,0.0,0.0,3061035000.0,1038928000.0,2022107000.0,9400821843.0,1114567000.0,0.0,-88896000.0,353008000.0,-77883000.0,189506000.0,-55648000.0,-8084000.0,986778000.0,-6069000.0,370577000.0,370577000.0,370577000.0,0.0,0.0,0.172,662858000.0,497506000.0,334999000.0,0.217,3.601,12.233,12.618,523941000.0,0.0,27.76,1.5,1.527,1246687000.0,3167996000.0,2153754000.0,2153754000.0,0.0,,,,,19753000.0,662858000.0,1.0,338646320.0,339353000.0,343621000.0,6.347,4849499000.0,0.0,98276000.0,27110000.0,14.29,2404779000.0
39,MAT,MRQ,2011-09-30,2011-09-30,2011-09-30,2021-09-07,-395082000.0,5201457000.0,,2972753000.0,2228704000.0,,7.082,-41443000.0,254546000.0,254546000.0,1042686000.0,300795000.0,2.126,1.14,1196811000.0,296811000.0,900000000.0,1196811000.0,0.0,42246000.0,0.0,0.059,0.23,401047000.0,443293000.0,0.222,443293000.0,401047000.0,385671000.0,0.87,0.86,0.87,2430492000.0,,2430492000.0,9418955550.0,10.0,8.226,-136750000.0,-0.398,1.0,956074000.0,0.478,822789000.0,15376000.0,3922519000.0,,763970000.0,0.0,0.0,0.0,2770965000.0,1398414000.0,1372551000.0,8877431550.0,-163930000.0,0.0,-135037000.0,236811000.0,-78714000.0,13939000.0,-74503000.0,-33060000.0,-95307000.0,-8059000.0,300795000.0,300795000.0,300795000.0,0.0,0.0,0.15,558504000.0,397570000.0,422623000.0,0.264,3.653,12.277,12.629,515305000.0,0.0,25.89,1.423,1.425,1650578000.0,2876599000.0,1998760000.0,1998760000.0,0.0,,,,,13853000.0,558504000.0,1.0,342890365.0,343191000.0,346792000.0,5.824,4378668000.0,0.0,84876000.0,45681000.0,12.759,1574339000.0
40,MAT,MRQ,2011-06-30,2011-06-30,2011-06-30,2021-09-07,-287912000.0,4797698000.0,,2531102000.0,2266596000.0,,7.106,-56470000.0,418476000.0,418476000.0,605426000.0,80529000.0,2.817,0.945,960000000.0,10000000.0,950000000.0,960000000.0,0.0,39750000.0,0.0,0.047,0.23,112530000.0,152280000.0,0.131,152280000.0,112530000.0,94888000.0,0.23,0.23,0.23,2466885000.0,,2466885000.0,9705833127.0,10.0,8.789,-241404000.0,-0.695,1.0,556241000.0,0.479,828525000.0,17642000.0,3612132000.0,,783533000.0,0.0,0.0,0.0,2330813000.0,898565000.0,1432248000.0,9555196127.0,-630887000.0,0.0,-98324000.0,-240018000.0,-79778000.0,-414486000.0,-35181000.0,21289000.0,-184934000.0,3714000.0,80529000.0,80529000.0,80529000.0,0.0,0.0,0.069,446974000.0,109267000.0,371862000.0,1.0,3.873,13.542,14.026,513792000.0,0.0,27.49,1.574,1.572,1012000000.0,2655469000.0,1161667000.0,1161667000.0,0.0,,,,,8898000.0,446974000.0,1.0,347588073.0,347133000.0,350944000.0,3.346,3969173000.0,0.0,14359000.0,17513000.0,11.434,1632537000.0
41,MAT,MRQ,2011-03-31,2011-03-31,2011-03-31,2021-09-07,-318581000.0,4982057000.0,,2751712000.0,2230345000.0,,7.212,-45459000.0,1049363000.0,1049363000.0,478709000.0,16607000.0,2.645,0.979,1200000000.0,250000000.0,950000000.0,1200000000.0,0.0,39505000.0,0.0,0.043,0.23,40077000.0,79582000.0,0.084,79582000.0,40077000.0,21261000.0,0.05,0.05,0.05,2517413000.0,,2517413000.0,8611512803.0,10.0,8.051,-87303000.0,-0.25,1.0,473147000.0,0.497,828032000.0,18816000.0,3264497000.0,,607199000.0,0.0,0.0,0.0,2464644000.0,1040165000.0,1424479000.0,8692635803.0,-231760000.0,0.0,-86141000.0,-6899000.0,-80128000.0,-186267000.0,-9172000.0,36287000.0,-41844000.0,5523000.0,16607000.0,16607000.0,16607000.0,0.0,0.0,0.017,436389000.0,36758000.0,300251000.0,4.6,3.453,12.847,13.332,494055000.0,0.0,24.93,1.466,1.468,758620000.0,2656023000.0,951856000.0,951856000.0,0.0,,,,,10972000.0,436389000.0,1.0,348681741.0,349072000.0,352707000.0,2.727,4154025000.0,0.0,4654000.0,18634000.0,11.9,1711547000.0
42,MAT,MRQ,2010-12-31,2010-12-31,2010-12-31,2021-09-07,-359199000.0,5417733000.0,,3226610000.0,2191123000.0,,7.389,-41373000.0,1281123000.0,1281123000.0,1028580000.0,325184000.0,2.39,1.061,1200000000.0,250000000.0,950000000.0,1200000000.0,0.0,41060000.0,0.0,0.033,0.83,428776000.0,469836000.0,0.221,469836000.0,428776000.0,404847000.0,0.9,0.89,0.9,2628584000.0,,2628584000.0,9379939625.0,10.0,8.706,914227000.0,2.57,1.0,1095974000.0,0.516,824007000.0,23929000.0,3162321000.0,,463838000.0,0.0,0.0,0.0,2789149000.0,1350282000.0,1438867000.0,9125030625.0,320578000.0,0.0,-271940000.0,-16416000.0,-291256000.0,-580633000.0,-57478000.0,-344000.0,955600000.0,3089000.0,325184000.0,325184000.0,325184000.0,0.0,0.0,0.153,667366000.0,428608000.0,406270000.0,0.922,3.471,13.324,13.527,484705000.0,0.0,25.43,1.558,1.566,1146106000.0,2720645000.0,2124554000.0,2124554000.0,0.0,,,,,22338000.0,667366000.0,1.0,358829360.0,355725000.0,362170000.0,5.972,4593726000.0,0.0,79663000.0,51801000.0,12.914,1876328000.0
43,MAT,MRQ,2010-09-30,2010-09-30,2010-09-30,2021-09-07,-356036000.0,5758847000.0,,3565741000.0,2193106000.0,,7.923,-35844000.0,960545000.0,960545000.0,895525000.0,283262000.0,2.466,1.016,1215454000.0,255454000.0,960000000.0,1215454000.0,0.0,42218000.0,0.0,0.032,0.0,360462000.0,402680000.0,0.22,402680000.0,360462000.0,346619000.0,0.78,0.77,0.78,2857142000.0,,2857142000.0,8604263547.0,10.0,8.063,-91392000.0,-0.253,1.0,937531000.0,0.511,824799000.0,13843000.0,3743131000.0,,741433000.0,0.0,0.0,0.0,2901705000.0,1445826000.0,1455879000.0,8439132547.0,415676000.0,0.0,-34492000.0,499591000.0,0.0,454963000.0,8138000.0,43982000.0,-55548000.0,8123000.0,283262000.0,283262000.0,283262000.0,0.0,0.0,0.155,578900000.0,358631000.0,466048000.0,0.0,2.954,12.265,12.413,478083000.0,0.0,23.46,1.484,1.488,1550016000.0,2699432000.0,1833056000.0,1833056000.0,0.0,,,,,19390000.0,578900000.0,1.0,359724320.0,360608000.0,363483000.0,5.083,4934048000.0,0.0,63357000.0,52160000.0,13.683,2119915000.0
44,MAT,MRQ,2010-06-30,2010-06-30,2010-06-30,2021-09-07,-448179000.0,4475725000.0,,2278003000.0,2197722000.0,,6.91,-32985000.0,544869000.0,544869000.0,528887000.0,51575000.0,2.217,0.785,710000000.0,250000000.0,460000000.0,710000000.0,0.0,41969000.0,0.0,0.035,0.0,75521000.0,117490000.0,0.115,117490000.0,75521000.0,62077000.0,0.14,0.14,0.14,2506975000.0,,2506975000.0,7596006744.0,9.0,7.381,-160460000.0,-0.442,1.0,489616000.0,0.481,817618000.0,13444000.0,2795501000.0,,597614000.0,0.0,0.0,0.0,1968750000.0,1027737000.0,941013000.0,7717897744.0,-327022000.0,0.0,-98394000.0,-40000000.0,0.0,-132943000.0,-62263000.0,-29278000.0,-127475000.0,-4341000.0,51575000.0,51575000.0,51575000.0,0.0,0.0,0.051,420180000.0,69436000.0,340772000.0,0.0,3.079,12.161,12.161,486026000.0,0.0,21.16,1.367,1.36,805076000.0,2416084000.0,1018503000.0,1018503000.0,0.0,,,,,12581000.0,420180000.0,1.0,364739969.0,362819000.0,365851000.0,2.807,3658107000.0,0.0,10502000.0,15088000.0,10.082,1250266000.0
45,MAT,MRQ,2010-03-31,2010-03-31,2010-03-31,2021-09-07,-391772000.0,4503216000.0,,2301315000.0,2201901000.0,,7.146,-23914000.0,871891000.0,871891000.0,448230000.0,24842000.0,3.182,0.735,750000000.0,50000000.0,700000000.0,750000000.0,0.0,40561000.0,0.0,0.033,0.0,46905000.0,87466000.0,0.099,87466000.0,46905000.0,33282000.0,0.07,0.07,0.07,2595622000.0,,2595622000.0,7904531895.0,10.0,7.949,-268521000.0,-0.739,1.0,431852000.0,0.491,820557000.0,13623000.0,2837458000.0,,429638000.0,0.0,0.0,0.0,1907594000.0,723310000.0,1184284000.0,8269578895.0,-245106000.0,0.0,31486000.0,-1950000.0,0.0,33797000.0,-35047000.0,-11133000.0,-244607000.0,751000.0,24842000.0,24842000.0,24842000.0,0.0,0.0,0.028,386625000.0,45227000.0,246276000.0,0.0,3.186,13.679,13.699,492221000.0,0.0,22.74,1.497,1.495,661881000.0,2364509000.0,880082000.0,880082000.0,0.0,,,,,12829000.0,386625000.0,1.0,363657823.0,363231000.0,366144000.0,2.423,3682659000.0,0.0,8440000.0,14713000.0,10.139,1578005000.0
46,MAT,MRQ,2009-12-31,2009-12-31,2009-12-31,2021-09-07,-379534000.0,4780555000.0,,2554619000.0,2225936000.0,,6.996,-29138000.0,1116997000.0,1116997000.0,910978000.0,328379000.0,2.408,0.889,751950000.0,51950000.0,700000000.0,751950000.0,0.0,43299000.0,0.0,0.038,0.75,416167000.0,459466000.0,0.235,459466000.0,416167000.0,397047000.0,0.9,0.9,0.9,2530989000.0,,2530989000.0,7817949455.0,11.0,8.67,1234710000.0,3.413,1.0,1044150000.0,0.534,828468000.0,19120000.0,2526166000.0,,355663000.0,0.0,0.0,0.0,2249566000.0,1060874000.0,1188692000.0,7222375455.0,793279000.0,0.0,10295000.0,-167638000.0,-271353000.0,-397088000.0,-30879000.0,1558000.0,1263848000.0,-42602000.0,328379000.0,328379000.0,328379000.0,0.0,0.0,0.168,626740000.0,417410000.0,350675000.0,0.833,2.854,13.661,13.779,504808000.0,0.0,19.98,1.33,1.325,749335000.0,2339506000.0,1955128000.0,1955128000.0,0.0,,,,,14932000.0,626740000.0,1.0,361480253.0,361801000.0,365050000.0,5.404,3952087000.0,0.0,68668000.0,40368000.0,10.923,1493745000.0
47,MAT,MRQ,2009-09-30,2009-09-30,2009-09-30,2021-09-07,-390960000.0,4989067000.0,,2703492000.0,2285575000.0,,6.667,-28431000.0,323718000.0,323718000.0,873260000.0,229842000.0,2.023,1.074,919292000.0,209292000.0,710000000.0,919292000.0,0.0,40753000.0,0.0,0.041,0.0,323950000.0,364703000.0,0.204,364703000.0,323950000.0,304633000.0,0.63,0.63,0.63,2405698000.0,,2405698000.0,7276533431.0,13.0,9.822,2572000.0,0.007,1.0,918615000.0,0.513,826816000.0,19317000.0,3421153000.0,,606019000.0,0.0,0.0,0.0,2583369000.0,1336672000.0,1246697000.0,6645008431.0,-98967000.0,0.0,19560000.0,-135995000.0,0.0,-122308000.0,-11322000.0,17109000.0,31003000.0,3660000.0,229842000.0,229842000.0,229842000.0,0.0,0.0,0.128,582161000.0,336454000.0,406436000.0,0.0,2.762,17.639,17.922,513160000.0,0.0,18.46,1.227,1.23,1450320000.0,2286112000.0,1791875000.0,1791875000.0,0.0,,,,,14885000.0,582161000.0,1.0,359967954.0,360843000.0,361925000.0,4.966,4162251000.0,0.0,74791000.0,11115000.0,11.535,1366820000.0
48,MAT,MRQ,2009-06-30,2009-06-30,2009-06-30,2021-09-07,-376172000.0,4477574000.0,,2162188000.0,2315386000.0,,6.047,-41570000.0,422685000.0,422685000.0,492137000.0,21469000.0,2.064,1.064,1054210000.0,344210000.0,710000000.0,1054210000.0,0.0,41413000.0,0.0,0.047,0.0,41306000.0,82719000.0,0.092,82719000.0,41306000.0,23817000.0,0.06,0.06,0.06,2169687000.0,,2169687000.0,6249612246.0,11.0,8.378,-176573000.0,-0.492,1.0,406060000.0,0.452,830539000.0,17489000.0,3231039000.0,,589554000.0,0.0,0.0,0.0,2307887000.0,1047521000.0,1260366000.0,5754484246.0,17813000.0,0.0,835000.0,153664000.0,0.0,152809000.0,-14619000.0,26951000.0,-135003000.0,14626000.0,21469000.0,21469000.0,21469000.0,0.0,0.0,0.024,373547000.0,32513000.0,266050000.0,0.0,2.652,14.947,15.286,522221000.0,0.0,16.05,1.033,1.034,747157000.0,2056186000.0,898197000.0,898197000.0,0.0,,,,,10707000.0,373547000.0,1.0,358534844.0,358824000.0,360881000.0,2.503,3647035000.0,0.0,2348000.0,0.0,10.164,1114667000.0
49,MAT,MRQ,2009-03-31,2009-03-31,2009-03-31,2021-09-07,-460884000.0,4105949000.0,,1833633000.0,2272316000.0,,5.701,-19997000.0,404872000.0,404872000.0,439774000.0,-50986000.0,2.378,1.007,900000000.0,150000000.0,750000000.0,900000000.0,0.0,44365000.0,0.0,0.065,0.0,-49533000.0,-5168000.0,-0.007,-5168000.0,-49533000.0,-65450000.0,-0.14,-0.14,-0.14,2046043000.0,,2046043000.0,4415423615.0,8.0,5.988,-234804000.0,-0.654,1.0,345872000.0,0.44,812233000.0,15917000.0,3017877000.0,,487886000.0,0.0,0.0,0.0,2059906000.0,770967000.0,1288939000.0,4133117615.0,-212822000.0,0.0,206000.0,-10208000.0,0.0,-9503000.0,23291000.0,43288000.0,-214807000.0,-11803000.0,-50986000.0,-50986000.0,-50986000.0,0.0,0.0,-0.065,401081000.0,-55209000.0,198584000.0,0.0,2.02,11.013,11.304,516424000.0,0.0,11.53,0.715,0.715,565314000.0,2034654000.0,785646000.0,785646000.0,0.0,,,,,9438000.0,401081000.0,1.0,358466402.0,358891000.0,358891000.0,2.189,3293716000.0,0.0,-14464000.0,20838000.0,9.177,1062666000.0
50,MAT,MRQ,2008-12-31,2008-12-31,2008-12-31,2021-09-07,-430635000.0,4675039000.0,,2386850000.0,2288189000.0,,5.897,-58061000.0,617694000.0,617694000.0,1047791000.0,176401000.0,1.894,1.208,900000000.0,150000000.0,750000000.0,900000000.0,0.0,43941000.0,0.0,0.047,0.75,254643000.0,298584000.0,0.154,298584000.0,254643000.0,225725000.0,0.48,0.48,0.48,2117135000.0,,2117135000.0,6726392608.0,12.0,9.065,1044854000.0,2.91,1.0,892166000.0,0.46,815803000.0,28918000.0,2881568000.0,,485925000.0,0.0,0.0,0.0,2557904000.0,1259974000.0,1297930000.0,5734884608.0,170890000.0,-34945000.0,-25077000.0,-535003000.0,-268854000.0,-837744000.0,-87671000.0,5335000.0,1102915000.0,-6610000.0,176401000.0,176401000.0,176401000.0,0.0,0.0,0.091,659796000.0,232370000.0,421736000.0,1.562,2.709,15.106,15.385,536162000.0,0.0,16.0,0.969,0.975,873542000.0,2085573000.0,1939957000.0,1939957000.0,0.0,,,,,10668000.0,659796000.0,1.0,358430288.0,359011000.0,361326000.0,5.404,3859236000.0,0.0,49324000.0,38855000.0,10.75,1126876000.0
51,MAT,MRQ,2008-09-30,2008-09-30,2008-09-30,2021-09-07,-222196000.0,5523790000.0,,3215538000.0,2308252000.0,,6.709,-56633000.0,446804000.0,446804000.0,1046245000.0,238098000.0,1.648,1.281,1438312000.0,678312000.0,760000000.0,1438312000.0,0.0,42302000.0,0.0,0.042,0.0,327519000.0,369821000.0,0.19,369821000.0,327519000.0,307108000.0,0.65,0.65,0.65,2421208000.0,,2421208000.0,7136457061.0,10.0,8.325,-193529000.0,-0.536,1.0,900070000.0,0.462,827431000.0,20411000.0,3736732000.0,,751133000.0,0.0,0.0,0.0,3102582000.0,1951135000.0,1151447000.0,6503877061.0,62397000.0,-23451000.0,-22066000.0,424223000.0,0.0,401108000.0,-188273000.0,-108189000.0,-136896000.0,-13542000.0,238098000.0,238098000.0,238098000.0,0.0,0.0,0.122,584721000.0,315349000.0,515985000.0,0.0,2.686,12.232,12.794,525206000.0,0.0,18.04,1.055,1.056,1712820000.0,2180849000.0,1946315000.0,1946315000.0,0.0,,,,,11667000.0,584721000.0,1.0,360525336.0,360881000.0,361742000.0,5.393,4696359000.0,0.0,69010000.0,45264000.0,13.014,1264403000.0
52,MAT,MRQ,2008-06-30,2008-06-30,2008-06-30,2021-09-07,-107528000.0,4633140000.0,,2377904000.0,2255236000.0,,6.448,-45606000.0,384407000.0,384407000.0,617097000.0,11783000.0,2.047,0.989,1016987000.0,256987000.0,760000000.0,1016987000.0,0.0,42626000.0,0.0,0.044,0.0,31499000.0,74125000.0,0.067,74125000.0,31499000.0,14933000.0,0.03,0.03,0.03,2329259000.0,,2329259000.0,6481171585.0,10.0,7.574,-310852000.0,-0.86,1.0,495334000.0,0.445,847100000.0,16566000.0,3257029000.0,,676108000.0,0.0,0.0,0.0,2303881000.0,1161591000.0,1142290000.0,6196034585.0,-240456000.0,0.0,-38315000.0,106928000.0,0.0,69198000.0,-38675000.0,6931000.0,-265246000.0,-5733000.0,11783000.0,11783000.0,11783000.0,0.0,0.0,0.011,464726000.0,30608000.0,374453000.0,0.0,2.66,11.683,12.496,517814000.0,0.0,17.12,1.023,1.021,977449000.0,1942696000.0,1112431000.0,1112431000.0,0.0,,,,,6372000.0,464726000.0,1.0,361917908.0,361262000.0,363919000.0,3.079,3786040000.0,0.0,3150000.0,22983000.0,10.48,1216313000.0
53,MAT,MRQ,2008-03-31,2008-03-31,2008-03-31,2021-09-07,-117153000.0,4441492000.0,,2201753000.0,2239739000.0,,6.467,-31309000.0,624863000.0,624863000.0,522463000.0,-46646000.0,2.664,0.899,910000000.0,10000000.0,900000000.0,910000000.0,0.0,43226000.0,0.0,0.038,0.0,-43753000.0,-527000.0,-0.001,-527000.0,-43753000.0,-59802000.0,-0.13,-0.13,-0.13,2339274000.0,,2339274000.0,7238891100.0,10.0,8.302,-295744000.0,-0.818,1.0,396836000.0,0.432,846264000.0,16049000.0,3053851000.0,,534158000.0,0.0,0.0,0.0,2102218000.0,826514000.0,1275704000.0,7191036100.0,-276285000.0,0.0,13191000.0,-41821000.0,0.0,-28257000.0,2947000.0,34256000.0,-264435000.0,13460000.0,-46646000.0,-46646000.0,-46646000.0,0.0,0.0,-0.051,433371000.0,-36535000.0,307591000.0,0.0,3.074,13.283,14.214,514747000.0,0.0,19.9,1.209,1.21,728229000.0,1930838000.0,919299000.0,919299000.0,0.0,,,,,7050000.0,433371000.0,1.0,361358598.0,361751000.0,361751000.0,2.541,3595228000.0,0.0,-13156000.0,3214000.0,9.938,1375239000.0
54,MAT,MRQ,2007-12-31,2007-12-31,2007-12-31,2021-09-07,-175810000.0,4805455000.0,,2592936000.0,2212519000.0,,6.313,-48302000.0,901148000.0,901148000.0,1137886000.0,328476000.0,1.651,1.083,949003000.0,399003000.0,550000000.0,949003000.0,0.0,44236000.0,0.0,0.039,0.75,369612000.0,413848000.0,0.189,413848000.0,369612000.0,343607000.0,0.86,0.85,0.86,2306742000.0,,2306742000.0,7671794898.0,10.0,8.106,1123232000.0,3.074,1.0,1050740000.0,0.48,845649000.0,26005000.0,2437232000.0,,428710000.0,0.0,0.0,0.0,2498713000.0,1570429000.0,928284000.0,6984722898.0,624324000.0,269000.0,-201452000.0,-15767000.0,-272343000.0,-499896000.0,-48033000.0,0.0,1171534000.0,719000.0,328476000.0,328476000.0,328476000.0,0.0,0.0,0.15,688670000.0,362070000.0,441145000.0,0.872,3.028,11.641,12.284,518616000.0,0.0,19.04,1.17,1.226,991196000.0,1977456000.0,2188626000.0,2188626000.0,0.0,,,,,8310000.0,688670000.0,1.0,366844690.0,365412000.0,364085000.0,5.989,3959806000.0,0.0,15131000.0,17072000.0,10.837,1022507000.0
55,MAT,MRQ,2007-09-30,2007-09-30,2007-09-30,2021-09-07,-225750000.0,5128553000.0,,2869342000.0,2259211000.0,,6.116,-39469000.0,276824000.0,276824000.0,973862000.0,236750000.0,1.639,1.17,963896000.0,403896000.0,560000000.0,963896000.0,0.0,44211000.0,0.0,0.028,0.0,324042000.0,368253000.0,0.2,368253000.0,324042000.0,307688000.0,0.61,0.61,0.61,2363036000.0,,2363036000.0,9133716763.0,11.0,9.356,-158888000.0,-0.411,1.0,864712000.0,0.47,857217000.0,16354000.0,3207648000.0,,732257000.0,0.0,0.0,0.0,2765517000.0,1750760000.0,1014757000.0,9241224763.0,-465797000.0,-25840000.0,-599560000.0,326967000.0,0.0,-250084000.0,-100309000.0,-35000000.0,-119419000.0,4015000.0,236750000.0,236750000.0,236750000.0,0.0,0.0,0.129,554184000.0,310528000.0,494358000.0,0.0,3.911,16.565,16.179,515425000.0,0.0,23.46,1.569,1.539,1640305000.0,1923657000.0,1838574000.0,1838574000.0,0.0,,,,,6976000.0,554184000.0,1.0,393914099.0,386346000.0,391294000.0,4.759,4271336000.0,0.0,70938000.0,45115000.0,11.056,1118582000.0
56,MAT,MRQ,2007-06-30,2007-06-30,2007-06-30,2021-09-07,-249192000.0,4648024000.0,,2434958000.0,2213066000.0,,6.879,-34068000.0,742621000.0,742621000.0,559463000.0,22804000.0,2.645,0.705,635113000.0,75113000.0,560000000.0,635113000.0,0.0,39803000.0,0.0,0.026,0.0,50597000.0,90400000.0,0.09,90400000.0,50597000.0,36465000.0,0.06,0.06,0.06,2725505000.0,,2725505000.0,9613379339.0,12.0,9.833,-199115000.0,-0.503,1.0,443162000.0,0.442,853672000.0,14132000.0,2766410000.0,,606735000.0,0.0,0.0,0.0,1922519000.0,920434000.0,1002085000.0,9947576339.0,-241576000.0,-78913000.0,42388000.0,-14939000.0,0.0,31615000.0,-112981000.0,0.0,-165047000.0,4837000.0,22804000.0,22804000.0,22804000.0,0.0,0.0,0.023,406313000.0,36849000.0,316390000.0,0.0,3.65,17.759,17.204,512688000.0,0.0,25.29,1.703,1.715,860673000.0,1686907000.0,1002625000.0,1002625000.0,0.0,,,,,3221000.0,406313000.0,1.0,393340306.0,396196000.0,402840000.0,2.531,3794352000.0,0.0,13661000.0,20591000.0,9.577,1514524000.0
57,MAT,MRQ,2007-03-31,2007-03-31,2007-03-31,2021-09-07,-271075000.0,4467610000.0,,2365362000.0,2102248000.0,,6.752,-23967000.0,984197000.0,984197000.0,521579000.0,11963000.0,2.794,0.697,650000000.0,90000000.0,560000000.0,650000000.0,0.0,43830000.0,0.0,0.024,0.0,30121000.0,73951000.0,0.079,73951000.0,30121000.0,15638000.0,0.03,0.03,0.03,2632681000.0,,2632681000.0,10334198386.0,13.0,10.448,-350503000.0,-0.899,1.0,418686000.0,0.445,850046000.0,14483000.0,2436689000.0,,448553000.0,0.0,0.0,0.0,1834929000.0,846678000.0,988251000.0,10839750386.0,-221355000.0,0.0,174836000.0,-50000000.0,0.0,130600000.0,-23967000.0,0.0,-326536000.0,-1452000.0,11963000.0,11963000.0,11963000.0,0.0,0.0,0.013,398055000.0,20631000.0,259515000.0,0.0,4.117,18.861,18.258,518828000.0,0.0,27.57,1.87,1.854,730579000.0,1664103000.0,940265000.0,940265000.0,0.0,,,,,3656000.0,398055000.0,1.0,393171940.0,389883000.0,396750000.0,2.412,3617564000.0,0.0,3675000.0,23697000.0,9.279,1518684000.0
58,MAT,MRQ,2006-12-31,2006-12-31,2006-12-31,2021-09-07,-276861000.0,4955884000.0,,2850138000.0,2105746000.0,,6.433,-17894000.0,1205552000.0,1205552000.0,1096496000.0,286352000.0,1.801,1.037,700000000.0,64286000.0,635714000.0,700000000.0,0.0,44303000.0,0.0,0.029,0.65,399357000.0,443660000.0,0.21,443660000.0,399357000.0,373344000.0,0.75,0.74,0.75,2432974000.0,,2432974000.0,9022677005.0,12.0,9.641,1225709000.0,3.241,1.0,1012346000.0,0.48,845324000.0,26013000.0,2022488000.0,,383149000.0,0.0,0.0,0.0,2522910000.0,1582520000.0,940390000.0,8642706005.0,653127000.0,-196365000.0,87653000.0,-233481000.0,-249542000.0,-390959000.0,-214259000.0,0.0,1243603000.0,14742000.0,286352000.0,286352000.0,286352000.0,0.0,0.0,0.136,623683000.0,388663000.0,375882000.0,0.867,3.552,14.576,14.619,536749000.0,0.0,22.66,1.53,1.536,943813000.0,1652140000.0,2108842000.0,2108842000.0,0.0,,,,,2666000.0,623683000.0,1.0,381408032.0,378211000.0,384175000.0,5.576,4110560000.0,0.0,86992000.0,161917000.0,10.868,1267618000.0
59,MAT,MRQ,2006-09-30,2006-09-30,2006-09-30,2021-09-07,-273929000.0,4870231000.0,,2885500000.0,1984731000.0,,6.074,-33413000.0,552425000.0,552425000.0,938943000.0,239025000.0,1.926,1.118,932396000.0,157396000.0,775000000.0,932396000.0,0.0,42503000.0,0.0,0.025,0.0,327112000.0,369615000.0,0.206,369615000.0,327112000.0,304553000.0,0.63,0.62,0.63,2299755000.0,,2299755000.0,7750021002.0,11.0,8.953,-43151000.0,-0.114,1.0,851369000.0,0.476,730292000.0,22559000.0,3021806000.0,,672232000.0,0.0,0.0,0.0,2570476000.0,1498104000.0,1072372000.0,7446680002.0,-72625000.0,-650000.0,-36057000.0,4021000.0,0.0,-30284000.0,-34063000.0,0.0,-9738000.0,1460000.0,239025000.0,239025000.0,239025000.0,0.0,0.0,0.134,529134000.0,322235000.0,455308000.0,0.0,3.238,12.713,13.221,525423000.0,0.0,19.7,1.383,1.385,1387934000.0,1616397000.0,1790312000.0,1790312000.0,0.0,,,,,23450000.0,529134000.0,1.0,378004061.0,378628000.0,382664000.0,4.728,4139939000.0,0.0,65528000.0,134626000.0,10.934,1387396000.0
60,MAT,MRQ,2006-06-30,2006-06-30,2006-06-30,2021-09-07,-281661000.0,4183765000.0,,2174028000.0,2009737000.0,,5.318,-37493000.0,625050000.0,625050000.0,541535000.0,37380000.0,2.084,1.037,928391000.0,133391000.0,795000000.0,928391000.0,0.0,43448000.0,0.0,0.03,0.0,58432000.0,101880000.0,0.106,101880000.0,58432000.0,42354000.0,0.1,0.1,0.1,2053832000.0,,2053832000.0,6495331997.0,9.0,7.503,-105331000.0,-0.273,1.0,416120000.0,0.435,728184000.0,16078000.0,2715768000.0,,538525000.0,0.0,0.0,0.0,2129933000.0,1043154000.0,1086779000.0,6430135997.0,21778000.0,-695000.0,-136105000.0,258530000.0,0.0,125419000.0,-38188000.0,0.0,-67838000.0,2385000.0,37380000.0,37380000.0,37380000.0,0.0,0.0,0.039,366209000.0,49911000.0,295340000.0,0.0,3.131,11.241,11.627,535935000.0,0.0,16.51,1.222,1.212,743701000.0,1377372000.0,957655000.0,957655000.0,0.0,,,,,666000.0,366209000.0,1.0,389469170.0,386191000.0,388777000.0,2.48,3455581000.0,0.0,4974000.0,109896000.0,8.948,1130874000.0
61,MAT,MRQ,2006-03-31,2006-03-31,2006-03-31,2021-09-07,-291693000.0,3864820000.0,,1883365000.0,1981455000.0,,5.548,-28274000.0,603272000.0,603272000.0,461389000.0,30170000.0,2.093,0.792,668468000.0,143468000.0,525000000.0,668468000.0,0.0,42010000.0,0.0,0.028,0.0,-21292000.0,20718000.0,0.026,20718000.0,-21292000.0,-36495000.0,0.08,0.08,0.08,2156948000.0,,2156948000.0,6793111559.0,10.0,7.958,-318355000.0,-0.819,1.0,331958000.0,0.418,719212000.0,15203000.0,2310768000.0,,410761000.0,0.0,0.0,0.0,1707872000.0,900036000.0,807836000.0,7047851559.0,-394462000.0,0.0,-4537000.0,-74698000.0,0.0,-78296000.0,-28274000.0,0.0,-290081000.0,2189000.0,30170000.0,30170000.0,30170000.0,0.0,0.0,0.038,363949000.0,-31991000.0,216668000.0,0.0,3.268,15.993,16.633,535217000.0,0.0,18.13,1.358,1.358,585039000.0,1339992000.0,793347000.0,793347000.0,0.0,,,,,764000.0,363949000.0,1.0,388739744.0,388766000.0,391287000.0,2.041,3145608000.0,0.0,-66665000.0,108472000.0,8.091,983329000.0
62,MAT,MRQ,2005-12-31,2005-12-31,2005-12-31,2021-09-07,-303028000.0,4372313000.0,,2412500000.0,1959813000.0,,5.253,-44025000.0,997734000.0,997734000.0,962194000.0,279160000.0,1.649,1.08,742994000.0,217994000.0,525000000.0,742994000.0,0.0,45182000.0,0.0,0.032,0.5,328202000.0,373384000.0,0.203,373384000.0,328202000.0,305756000.0,0.68,0.68,0.68,2101733000.0,,2101733000.0,6742204597.0,9.0,7.462,1051658000.0,2.628,1.0,880734000.0,0.478,718069000.0,22446000.0,1936319000.0,,376897000.0,0.0,0.0,0.0,2270580000.0,1463185000.0,807395000.0,6388373597.0,823933000.0,0.0,-241187000.0,215473000.0,-200464000.0,-226019000.0,-44025000.0,0.0,1095683000.0,-1706000.0,279160000.0,279160000.0,279160000.0,0.0,0.0,0.151,559059000.0,321675000.0,265936000.0,0.735,3.04,15.319,15.51,547104000.0,0.0,15.82,1.234,1.244,760643000.0,1309822000.0,1842928000.0,1842928000.0,0.0,,,,,-2000.0,559059000.0,1.0,403816283.0,400136000.0,402321000.0,4.606,3654244000.0,0.0,26596000.0,182782000.0,9.133,949315000.0
63,MAT,MRQ,2005-09-30,2005-09-30,2005-09-30,2021-09-07,-293408000.0,4401521000.0,,2426796000.0,1974725000.0,,5.654,-26795000.0,173801000.0,173801000.0,904888000.0,225339000.0,1.608,0.928,527632000.0,177632000.0,350000000.0,527632000.0,0.0,41481000.0,0.0,0.027,0.0,328181000.0,369662000.0,0.222,369662000.0,328181000.0,311339000.0,0.56,0.55,0.56,2282826000.0,,2282826000.0,6991707523.0,10.0,7.75,-104721000.0,-0.259,1.0,761257000.0,0.457,721444000.0,16842000.0,2524585000.0,,725868000.0,0.0,0.0,0.0,2118695000.0,1509323000.0,609372000.0,6733744523.0,-188128000.0,-500000.0,-15178000.0,-92844000.0,0.0,-108285000.0,-6146000.0,21149000.0,-77926000.0,4229000.0,225339000.0,225339000.0,225339000.0,0.0,0.0,0.135,452457000.0,308800000.0,447626000.0,0.0,2.95,15.949,16.194,538224000.0,0.0,16.68,1.298,1.298,1262412000.0,1231147000.0,1666145000.0,1666145000.0,0.0,,,,,199000.0,452457000.0,1.0,403701710.0,403743000.0,407222000.0,4.127,3680077000.0,0.0,86000000.0,262454000.0,9.115,917473000.0
64,MAT,MRQ,2005-06-30,2005-06-30,2005-06-30,2021-09-07,-289169000.0,3911596000.0,,1880709000.0,2030887000.0,,5.054,-34571000.0,361929000.0,361929000.0,500006000.0,-93987000.0,1.531,0.889,619892000.0,249892000.0,370000000.0,619892000.0,0.0,44173000.0,0.0,0.025,0.0,45661000.0,89834000.0,0.101,89834000.0,45661000.0,26006000.0,-0.23,-0.23,-0.23,2071015000.0,,2071015000.0,7362956277.0,10.0,7.754,-210718000.0,-0.514,1.0,386817000.0,0.436,723685000.0,19655000.0,2217362000.0,,579869000.0,0.0,0.0,0.0,1840581000.0,1228512000.0,612069000.0,7532880277.0,-416774000.0,0.0,-226235000.0,11066000.0,0.0,-215440000.0,-25516000.0,9055000.0,-176147000.0,329000.0,-93987000.0,-93987000.0,-93987000.0,0.0,0.0,-0.106,358292000.0,28525000.0,276237000.0,0.0,3.637,16.64,16.789,550454000.0,0.0,18.3,1.452,1.445,692408000.0,1005808000.0,886823000.0,886823000.0,0.0,,,,,0.0,358292000.0,1.0,411632802.0,409769000.0,409769000.0,2.164,3187911000.0,0.0,119993000.0,269304000.0,7.78,652197000.0
65,MAT,MRQ,2005-03-31,2005-03-31,2005-03-31,2021-09-07,-285129000.0,4154230000.0,,2069500000.0,2084730000.0,,5.77,-23666000.0,778703000.0,778703000.0,439060000.0,6507000.0,1.858,0.73,608779000.0,208779000.0,400000000.0,608779000.0,0.0,44155000.0,0.0,0.021,0.0,26495000.0,70650000.0,0.09,70650000.0,26495000.0,8948000.0,0.02,0.02,0.02,2400928000.0,,2400928000.0,8357537296.0,11.0,8.768,-398599000.0,-0.958,1.0,344060000.0,0.439,731816000.0,17547000.0,2138602000.0,,472579000.0,0.0,0.0,0.0,1753302000.0,1113888000.0,639414000.0,8896247296.0,-378132000.0,-995000.0,23899000.0,-9135000.0,0.0,12427000.0,-6504000.0,18157000.0,-374933000.0,-9122000.0,6507000.0,6507000.0,6507000.0,0.0,0.0,0.008,338531000.0,5529000.0,231653000.0,0.0,3.705,15.601,15.471,562507000.0,0.0,21.35,1.743,1.74,571295000.0,1099795000.0,783120000.0,783120000.0,0.0,,,,,0.0,338531000.0,1.0,416686056.0,416096000.0,421105000.0,1.882,3422414000.0,0.0,2441000.0,235955000.0,8.225,955612000.0
66,MAT,MRQ,2004-12-31,2004-12-31,2004-12-31,2021-09-07,-269828000.0,4756492000.0,,2637150000.0,2119342000.0,,5.748,-25172000.0,1156835000.0,1156835000.0,954333000.0,284345000.0,1.527,0.994,618125000.0,218125000.0,400000000.0,618125000.0,0.0,46512000.0,0.0,0.023,0.45,325549000.0,372061000.0,0.201,372061000.0,325549000.0,300241000.0,0.68,0.67,0.68,2385812000.0,,2385812000.0,8475174978.0,11.0,8.861,1094266000.0,2.636,1.0,896046000.0,0.484,735680000.0,25308000.0,1754931000.0,,418633000.0,0.0,0.0,0.0,2370680000.0,1727171000.0,643509000.0,8087704978.0,825695000.0,0.0,9058000.0,-103905000.0,-186864000.0,-280940000.0,-23967000.0,1205000.0,1119438000.0,11164000.0,284345000.0,284345000.0,284345000.0,0.0,0.0,0.154,582010000.0,314036000.0,349159000.0,0.662,3.39,14.121,14.226,586526000.0,0.0,19.49,1.585,1.601,759033000.0,1093288000.0,1850379000.0,1850379000.0,0.0,,,,,235000.0,582010000.0,1.0,414966905.0,415068000.0,419079000.0,4.458,4020812000.0,0.0,15896000.0,279849000.0,9.687,909979000.0
67,MAT,MRQ,2004-09-30,2004-09-30,2004-09-30,2021-09-07,-302515000.0,4512820000.0,,2505588000.0,2007232000.0,,5.422,-34205000.0,331140000.0,331140000.0,870807000.0,255830000.0,1.584,1.007,718610000.0,280249000.0,438361000.0,718610000.0,0.0,45080000.0,0.0,0.022,0.0,371966000.0,417046000.0,0.25,417046000.0,371966000.0,351119000.0,0.62,0.61,0.62,2248028000.0,,2248028000.0,7850144755.0,10.0,8.262,-64859000.0,-0.156,1.0,796654000.0,0.478,723860000.0,20847000.0,2594488000.0,,666515000.0,0.0,0.0,0.0,2264792000.0,1581942000.0,682850000.0,7507769755.0,-32380000.0,0.0,5306000.0,12139000.0,0.0,17182000.0,-21228000.0,12977000.0,-30654000.0,2320000.0,255830000.0,255830000.0,255830000.0,0.0,0.0,0.153,435798000.0,360856000.0,394828000.0,0.0,3.34,14.948,15.235,596904000.0,0.0,18.13,1.503,1.505,1220526000.0,995805000.0,1667461000.0,1667461000.0,0.0,,,,,0.0,435798000.0,1.0,414107543.0,414592000.0,417962000.0,4.022,3788960000.0,0.0,95289000.0,240872000.0,9.139,923646000.0
68,MAT,MRQ,2004-06-30,2004-06-30,2004-06-30,2021-09-07,-309145000.0,3907996000.0,,1810586000.0,2097410000.0,,4.723,-34303000.0,363520000.0,363520000.0,437654000.0,23555000.0,1.649,0.974,705895000.0,117271000.0,588624000.0,705895000.0,0.0,44497000.0,0.0,0.022,0.0,48878000.0,93375000.0,0.116,93375000.0,48878000.0,32490000.0,0.06,0.06,0.06,1979603000.0,,1979603000.0,7630354926.0,10.0,7.838,-179503000.0,-0.428,1.0,366348000.0,0.456,723845000.0,16388000.0,2428692000.0,,557537000.0,0.0,0.0,0.0,1928393000.0,1097834000.0,830559000.0,7708784926.0,-424447000.0,-3263000.0,-241941000.0,-3586000.0,0.0,-244433000.0,-31578000.0,5988000.0,-145200000.0,-3236000.0,23555000.0,23555000.0,23555000.0,0.0,0.0,0.029,323133000.0,43215000.0,293426000.0,0.0,3.894,14.927,15.466,603196000.0,0.0,18.25,1.532,1.521,622662000.0,739975000.0,804002000.0,804002000.0,0.0,,,,,0.0,323133000.0,1.0,422399174.0,419177000.0,422903000.0,1.918,3184151000.0,0.0,8935000.0,219390000.0,7.596,712752000.0
69,MAT,MRQ,2004-03-31,2004-03-31,2004-03-31,2021-09-07,-298549000.0,4105254000.0,,1993097000.0,2112157000.0,,5.158,-34322000.0,787967000.0,787967000.0,429267000.0,8993000.0,1.863,0.859,709537000.0,120657000.0,588880000.0,709537000.0,0.0,46389000.0,0.0,0.022,0.0,27625000.0,74014000.0,0.095,74014000.0,27625000.0,12404000.0,0.02,0.02,0.02,2208327000.0,,2208327000.0,7404737504.0,9.0,7.616,-407534000.0,-0.952,1.0,351677000.0,0.45,726594000.0,15221000.0,2230319000.0,,402555000.0,0.0,0.0,0.0,1896927000.0,1069911000.0,827016000.0,7896424504.0,-364714000.0,-9692000.0,-5870000.0,49314000.0,0.0,41842000.0,-31284000.0,12730000.0,-373212000.0,-2060000.0,8993000.0,8993000.0,8993000.0,0.0,0.0,0.012,338967000.0,12710000.0,208560000.0,0.0,3.576,15.369,15.761,615094000.0,0.0,18.44,1.581,1.58,546929000.0,716420000.0,780944000.0,780944000.0,0.0,,,,,0.0,338967000.0,1.0,428222587.0,428169000.0,432239000.0,1.824,3378660000.0,0.0,3411000.0,223325000.0,7.891,923186000.0
70,MAT,MRQ,2003-12-31,2003-12-31,2003-12-31,2021-09-07,-287007000.0,4510950000.0,,2394856000.0,2116094000.0,,5.145,-53047000.0,1152681000.0,1152681000.0,876065000.0,213866000.0,1.632,1.035,660994000.0,71864000.0,589130000.0,660994000.0,0.0,48084000.0,0.0,0.021,0.4,317679000.0,365763000.0,0.21,365763000.0,317679000.0,293949000.0,0.49,0.49,0.49,2216221000.0,,2216221000.0,8557761977.0,10.0,8.513,1105827000.0,2.567,1.0,865084000.0,0.497,722249000.0,23730000.0,1829268000.0,,388658000.0,0.0,0.0,0.0,2294729000.0,1467746000.0,826983000.0,8283896977.0,751287000.0,-176000.0,-190315000.0,-15840000.0,-171336000.0,-376620000.0,-40484000.0,12560000.0,1158874000.0,9517000.0,213866000.0,213866000.0,213866000.0,0.0,0.0,0.123,561537000.0,303547000.0,289680000.0,0.816,3.738,15.408,15.667,625893000.0,0.0,19.27,1.67,1.698,543888000.0,707429000.0,1741149000.0,1741149000.0,0.0,,,,,0.0,561137000.0,1.0,429885676.0,430759000.0,435328000.0,4.042,3788701000.0,0.0,80083000.0,253224000.0,8.795,927110000.0
71,MAT,MRQ,2003-09-30,2003-09-30,2003-09-30,2021-09-07,-289702000.0,4604040000.0,,2562356000.0,2041684000.0,,5.314,-59622000.0,401394000.0,401394000.0,864605000.0,270031000.0,1.788,0.972,675259000.0,45885000.0,629374000.0,675259000.0,0.0,45666000.0,0.0,0.003,0.0,394640000.0,440306000.0,0.258,440306000.0,394640000.0,373432000.0,0.61,0.61,0.61,2334427000.0,,2334427000.0,8555346186.0,11.0,8.793,-14159000.0,-0.032,1.0,840069000.0,0.493,710104000.0,21208000.0,2734491000.0,,619738000.0,0.0,0.0,0.0,2269613000.0,1433310000.0,836303000.0,8322429186.0,-181427000.0,0.0,-37729000.0,-140431000.0,0.0,-178423000.0,-48614000.0,11055000.0,45463000.0,147000.0,270031000.0,270031000.0,270031000.0,0.0,0.0,0.158,452282000.0,387787000.0,426579000.0,0.0,3.565,16.323,16.487,619348000.0,0.0,18.96,1.702,1.704,1258096000.0,664899000.0,1704674000.0,1704674000.0,0.0,,,,,0.0,459913000.0,1.0,438946687.0,439315000.0,444004000.0,3.88,3893936000.0,0.0,103401000.0,187554000.0,8.864,1129046000.0
72,MAT,MRQ,2003-06-30,2003-06-30,2003-06-30,2021-09-07,-319125000.0,4081874000.0,,1985548000.0,2096326000.0,,4.76,-54552000.0,582821000.0,582821000.0,412670000.0,20892000.0,1.716,0.95,815738000.0,186126000.0,629612000.0,815738000.0,0.0,45156000.0,0.0,0.003,0.0,47034000.0,92190000.0,0.12,92190000.0,47034000.0,28822000.0,0.05,0.05,0.05,2092905000.0,,2092905000.0,8389777248.0,11.0,8.568,-172803000.0,-0.393,1.0,356324000.0,0.463,709247000.0,18212000.0,2448738000.0,,540352000.0,0.0,0.0,0.0,1988969000.0,1156806000.0,832163000.0,8319104248.0,-185547000.0,-4839000.0,9827000.0,-23633000.0,0.0,-14018000.0,-59957000.0,0.0,-118251000.0,6679000.0,20892000.0,20892000.0,20892000.0,0.0,0.0,0.027,314578000.0,41746000.0,293453000.0,0.0,3.975,15.986,16.034,604369000.0,0.0,18.92,1.714,1.714,603689000.0,394868000.0,768994000.0,768994000.0,0.0,,,,,0.0,311278000.0,1.0,439698956.0,439700000.0,445491000.0,1.749,3372627000.0,0.0,7930000.0,163927000.0,7.67,828742000.0
73,MAT,MRQ,2003-03-31,2003-03-31,2003-03-31,2021-09-07,-357749000.0,3986897000.0,,1930385000.0,2056512000.0,,4.614,-31722000.0,768368000.0,768368000.0,377277000.0,32843000.0,1.71,0.972,839041000.0,199197000.0,639844000.0,839041000.0,0.0,44913000.0,0.0,0.002,0.0,62078000.0,106991000.0,0.144,106991000.0,62078000.0,44651000.0,0.07,0.07,0.07,2021952000.0,,2021952000.0,9460721500.0,12.0,9.56,-513006000.0,-1.171,1.0,368006000.0,0.494,701631000.0,17427000.0,2226839000.0,,394809000.0,0.0,0.0,0.0,1964945000.0,1129100000.0,835845000.0,9880204500.0,-498670000.0,0.0,23273000.0,-8280000.0,0.0,14597000.0,-31708000.0,0.0,-481284000.0,-275000.0,32843000.0,32843000.0,32843000.0,0.0,0.0,0.044,315376000.0,52630000.0,215342000.0,0.0,4.886,19.034,19.231,588396000.0,0.0,22.5,2.021,2.017,530992000.0,373976000.0,745283000.0,745283000.0,0.0,,,,,0.0,306676000.0,1.0,439120200.0,438265000.0,443934000.0,1.701,3285266000.0,0.0,11808000.0,172741000.0,7.496,801285000.0
74,MAT,MRQ,2002-12-31,2002-12-31,2002-12-31,2021-09-07,-340647000.0,4459659000.0,,2388964000.0,2070695000.0,,4.524,-52250000.0,1267038000.0,1267038000.0,835153000.0,186094000.0,1.449,1.254,847555000.0,207485000.0,640070000.0,847555000.0,0.0,49655000.0,0.0,0.003,0.05,283777000.0,333432000.0,0.2,333432000.0,283777000.0,255148000.0,0.42,0.42,0.42,1978712000.0,,1978712000.0,9294949465.0,18.0,13.233,1312437000.0,3.001,1.0,834335000.0,0.5,703153000.0,28629000.0,1688270000.0,,338599000.0,0.0,0.0,0.0,2480947000.0,1648753000.0,832194000.0,8373327465.0,1070673000.0,-75000.0,4286000.0,-271739000.0,-21868000.0,-288635000.0,-51798000.0,0.0,1364687000.0,3160000.0,186094000.0,186094000.0,186094000.0,0.0,0.0,0.111,531991000.0,302344000.0,296307000.0,0.119,4.232,36.39,36.827,599604000.0,0.0,19.15,1.714,1.708,490816000.0,341133000.0,1669488000.0,1669488000.0,0.0,,,,,0.0,529091000.0,1.0,437249476.0,437371000.0,442258000.0,3.817,3756506000.0,0.0,69054000.0,203049000.0,8.589,740211000.0
75,MAT,MRQ,2002-09-30,2002-09-30,2002-09-30,2021-09-07,-323551000.0,4496403000.0,,2370357000.0,2126046000.0,,4.192,-41348000.0,196365000.0,196365000.0,829024000.0,280574000.0,1.276,1.455,1117987000.0,477697000.0,640290000.0,1117987000.0,0.0,45521000.0,0.0,0.003,0.0,401009000.0,446530000.0,0.267,446530000.0,401009000.0,374421000.0,0.64,0.63,0.64,1831722000.0,,1831722000.0,8946341197.0,20.0,13.484,146004000.0,0.334,1.0,840400000.0,0.503,698884000.0,26588000.0,2862163000.0,,573769000.0,0.0,0.0,0.0,2664681000.0,1856978000.0,807703000.0,7866831197.0,24527000.0,-135000.0,5292000.0,-123998000.0,0.0,-118943000.0,-42426000.0,0.0,187352000.0,-1456000.0,280574000.0,280574000.0,280574000.0,-27253000.0,0.0,0.168,473339000.0,367061000.0,383419000.0,0.0,4.295,43.228,43.927,596299000.0,0.0,18.01,1.647,1.647,1372931000.0,176907000.0,1669424000.0,1669424000.0,0.0,,,,,0.0,473339000.0,1.0,436803509.0,436959000.0,442151000.0,3.821,3797519000.0,0.0,93847000.0,226987000.0,8.691,513379000.0
76,MAT,MRQ,2002-06-30,2002-06-30,2002-06-30,2021-09-07,-297262000.0,3958107000.0,,1738210000.0,2219897000.0,,3.602,-35365000.0,171838000.0,171838000.0,450086000.0,19578000.0,1.419,1.52,1251348000.0,260843000.0,990505000.0,1251348000.0,0.0,47910000.0,0.0,0.002,0.0,54722000.0,102632000.0,0.128,102632000.0,54722000.0,25649000.0,0.04,0.04,0.04,1570860000.0,,1570860000.0,10204938812.0,27.0,17.156,-72732000.0,-0.167,1.0,354358000.0,0.441,696762000.0,29073000.0,3115613000.0,,568276000.0,0.0,0.0,0.0,2387247000.0,1225242000.0,1162005000.0,9196288812.0,-74866000.0,-2700000.0,21148000.0,-23572000.0,0.0,-2624000.0,-38128000.0,0.0,-37367000.0,3253000.0,19578000.0,19578000.0,19578000.0,0.0,0.0,0.024,310926000.0,43432000.0,268221000.0,0.0,5.854,90.831,91.652,602276000.0,0.0,21.08,1.964,1.963,729310000.0,-103667000.0,804444000.0,804444000.0,0.0,,,,,0.0,304026000.0,1.0,436256585.0,436134000.0,442163000.0,1.844,3261345000.0,0.0,6071000.0,208890000.0,7.478,512968000.0
77,MAT,MRQ,2002-03-31,2002-03-31,2002-03-31,2021-09-07,-289775000.0,3831462000.0,,1654272000.0,2177190000.0,,3.533,-26095000.0,246704000.0,246704000.0,410090000.0,-256145000.0,1.487,1.507,1255354000.0,234640000.0,1020714000.0,1255354000.0,0.0,48842000.0,0.0,0.002,0.0,-229055000.0,-180213000.0,-0.243,-180213000.0,-229055000.0,-258662000.0,-0.59,-0.59,-0.59,1528553000.0,,1528553000.0,9692324293.0,28.0,16.328,-384683000.0,-0.889,1.0,331894000.0,0.447,685556000.0,29607000.0,3042240000.0,,488359000.0,0.0,0.0,0.0,2302909000.0,1112316000.0,1190593000.0,9039811293.0,-369900000.0,0.0,24291000.0,-8217000.0,0.0,15825000.0,-26066000.0,0.0,-358588000.0,-1071000.0,-256145000.0,-256145000.0,-256145000.0,0.0,0.0,-0.345,311190000.0,20704000.0,194039000.0,0.0,5.914,117.686,115.778,605101000.0,0.0,20.84,1.917,1.912,658397000.0,-123245000.0,741984000.0,741984000.0,0.0,,,,,0.0,296390000.0,1.0,433772135.0,432640000.0,432640000.0,1.715,3145906000.0,0.0,-2517000.0,204750000.0,7.271,541956000.0
78,MAT,MRQ,2001-12-31,2001-12-31,2001-12-31,2021-09-07,-307798000.0,4509817000.0,,2061852000.0,2447965000.0,,4.026,-63046000.0,616604000.0,616604000.0,818062000.0,137978000.0,1.316,1.594,1269117000.0,248198000.0,1020919000.0,1269117000.0,0.0,63010000.0,0.0,0.003,0.05,231508000.0,294518000.0,0.189,294518000.0,231508000.0,190441000.0,0.32,0.31,0.32,1738458000.0,,1738458000.0,9359492154.0,16.0,11.2,1280974000.0,2.966,1.0,743170000.0,0.476,1089362000.0,41067000.0,2506731000.0,,487505000.0,0.0,0.0,0.0,2771359000.0,1566237000.0,1205122000.0,7424029154.0,550867000.0,-200000.0,8001000.0,-728423000.0,-21602000.0,-741443000.0,-50467000.0,13757000.0,1344020000.0,-701000.0,137978000.0,137978000.0,137978000.0,0.0,0.0,0.088,532727000.0,210443000.0,334247000.0,0.156,4.27,24.836,24.928,626722000.0,0.0,17.2,1.584,1.581,665828000.0,132900000.0,1561232000.0,1561232000.0,0.0,,,,,0.0,518406000.0,1.0,431629602.0,431823000.0,438656000.0,3.615,3420455000.0,0.0,52463000.0,239793000.0,7.921,495615000.0
79,MAT,MRQ,2001-09-30,2001-09-30,2001-09-30,2021-09-07,-310035000.0,5051240000.0,,2578312000.0,2472928000.0,,3.734,-39873000.0,65737000.0,65737000.0,839941000.0,199835000.0,1.147,2.137,2001200000.0,980082000.0,1021118000.0,2001200000.0,0.0,62751000.0,0.0,0.0,0.0,315144000.0,377895000.0,0.24,377895000.0,315144000.0,275591000.0,0.46,0.46,0.46,1610243000.0,,1610243000.0,8565987474.0,17.0,11.167,-78887000.0,-0.183,1.0,735305000.0,0.467,1101455000.0,39553000.0,3636764000.0,,739724000.0,0.0,0.0,0.0,3440997000.0,2248484000.0,1192513000.0,6732851474.0,25017000.0,-20347000.0,3818000.0,116691000.0,0.0,120189000.0,-56993000.0,0.0,-39014000.0,835000.0,199835000.0,199835000.0,199835000.0,0.0,0.0,0.127,416648000.0,318657000.0,383882000.0,0.0,4.181,29.012,29.0,613827000.0,0.0,15.66,1.465,1.469,1591405000.0,16524000.0,1575246000.0,1575246000.0,0.0,,,,,0.0,405175000.0,1.0,429939430.0,431250000.0,436316000.0,3.653,3949785000.0,0.0,75756000.0,196968000.0,9.159,329828000.0
80,MAT,MRQ,2001-06-30,2001-06-30,2001-06-30,2021-09-07,-309000000.0,4396195000.0,,1863280000.0,2532915000.0,,3.265,-47255000.0,40720000.0,40720000.0,475810000.0,-4855000.0,1.158,2.125,1873856000.0,682744000.0,1191112000.0,1873856000.0,0.0,68628000.0,0.0,0.005,0.0,32776000.0,101404000.0,0.121,101404000.0,32776000.0,-6792000.0,-0.01,-0.01,-0.01,1406873000.0,,1406873000.0,9855491065.0,-129.0,51.668,-146571000.0,-0.34,1.0,360470000.0,0.431,1108035000.0,39568000.0,3512384000.0,,692769000.0,0.0,0.0,0.0,2989322000.0,1608912000.0,1380410000.0,8151781065.0,-33559000.0,0.0,4142000.0,111509000.0,0.0,115536000.0,-49468000.0,0.0,-99316000.0,-311000.0,-4855000.0,-4855000.0,-4855000.0,0.0,0.0,-0.006,323702000.0,36768000.0,298454000.0,0.0,5.794,-26.759,-26.648,618402000.0,0.0,18.92,1.77,1.77,947817000.0,-183311000.0,836280000.0,836280000.0,0.0,,,,,0.0,299230000.0,1.0,430855236.0,430909000.0,430909000.0,1.941,3288160000.0,0.0,-1937000.0,182464000.0,7.631,254368000.0
81,MAT,MRQ,2001-03-31,2001-03-31,2001-03-31,2021-09-07,-310834000.0,4231512000.0,,1728018000.0,2503494000.0,,3.269,-38015000.0,74279000.0,74279000.0,405177000.0,-34039000.0,1.217,2.011,1777989000.0,551148000.0,1226841000.0,1777989000.0,0.0,68119000.0,0.0,0.01,0.0,-6287000.0,61832000.0,0.086,61832000.0,-6287000.0,-41231000.0,-0.08,-0.08,-0.08,1405280000.0,,1405280000.0,8907574125.0,-137.0,44.945,-486912000.0,-1.133,1.0,309989000.0,0.433,1092688000.0,34944000.0,3422579000.0,,574031000.0,0.0,0.0,0.0,2826232000.0,1419955000.0,1406277000.0,7638441125.0,-158110000.0,0.0,37555000.0,293245000.0,0.0,330654000.0,-36260000.0,0.0,-448897000.0,-3607000.0,-34039000.0,-34039000.0,-34039000.0,0.0,0.0,-0.048,296537000.0,13452000.0,244485000.0,0.0,5.436,-26.001,-25.71,623602000.0,0.0,17.74,1.665,1.663,890814000.0,-178456000.0,715166000.0,715166000.0,0.0,,,,,0.0,284982000.0,1.0,430577290.0,429936000.0,429936000.0,1.663,3138824000.0,0.0,-7192000.0,176070000.0,7.301,308063000.0
82,MAT,MRQ,2000-12-31,2000-12-31,2000-12-31,2021-09-07,-306037000.0,4313397000.0,,1751497000.0,2561900000.0,,3.286,-42617000.0,232389000.0,232389000.0,822280000.0,71128000.0,1.166,2.074,1501522000.0,259126000.0,1242396000.0,1501522000.0,0.0,66377000.0,0.0,0.019,0.0,159593000.0,225970000.0,0.154,225970000.0,159593000.0,109540000.0,0.17,0.17,0.17,1403098000.0,,1403098000.0,8077012238.0,-36.0,240.059,906796000.0,2.124,1.0,648388000.0,0.441,1136857000.0,50053000.0,2943266000.0,,489742000.0,11540000.0,0.0,11540000.0,2910299000.0,1502407000.0,1407892000.0,6162292238.0,136574000.0,0.0,13603000.0,-506387000.0,-38396000.0,-530625000.0,-42012000.0,0.0,949413000.0,2147000.0,71128000.0,71128000.0,71128000.0,33980000.0,0.0,0.048,454851000.0,193537000.0,338966000.0,0.0,4.392,-14.299,-14.297,647832000.0,0.0,14.44,1.35,1.348,839567000.0,-144417000.0,1470668000.0,1470668000.0,0.0,,,,,0.0,447470000.0,1.0,426751540.0,426955000.0,428368000.0,3.445,3176540000.0,0.0,38412000.0,200933000.0,7.44,249090000.0
83,MAT,MRQ,2000-09-30,2000-09-30,2000-09-30,2021-09-07,-295752000.0,4843896000.0,,2458241000.0,2385655000.0,,3.068,-36201000.0,95815000.0,95815000.0,917145000.0,-336866000.0,1.173,2.703,2013117000.0,740041000.0,1273076000.0,2013117000.0,0.0,64216000.0,0.0,0.031,0.09,-262677000.0,-198461000.0,-0.125,-198461000.0,-262677000.0,-305302000.0,-0.79,-0.79,-0.79,1308078000.0,,1308078000.0,6876296302.0,-22.0,-112.876,161190000.0,0.378,1.0,666618000.0,0.421,1149548000.0,42625000.0,3516148000.0,,655706000.0,24944000.0,0.0,24944000.0,3535818000.0,2095502000.0,1440316000.0,4903262302.0,-33878000.0,0.0,3397000.0,-90527000.0,-38330000.0,-125708000.0,-38041000.0,0.0,197391000.0,-1429000.0,-336866000.0,-336866000.0,-336866000.0,440560000.0,0.0,-0.213,481079000.0,185539000.0,373994000.0,-0.114,3.748,-9.42,-8.333,662191000.0,0.0,11.5,1.063,1.063,1456314000.0,-215545000.0,1583763000.0,1583763000.0,0.0,,,,,0.0,449904000.0,1.0,426370635.0,426394000.0,426945000.0,3.714,3694348000.0,0.0,31564000.0,47792000.0,8.664,362739000.0
84,MAT,MRQ,2000-06-30,2000-06-30,2000-06-30,2021-09-07,-279660000.0,4800743000.0,,2027337000.0,2773406000.0,,3.983,-38852000.0,129693000.0,129693000.0,453918000.0,6005000.0,0.994,1.831,2105435000.0,1222893000.0,882542000.0,2105435000.0,0.0,64611000.0,0.0,0.027,0.09,44235000.0,108846000.0,0.133,108846000.0,44235000.0,8290000.0,0.01,0.01,0.01,1695833000.0,,1695833000.0,7231175618.0,36.0,15.906,-264313000.0,-0.621,1.0,363879000.0,0.445,1165459000.0,35945000.0,3571318000.0,,633513000.0,378571000.0,0.0,378571000.0,3104910000.0,2039708000.0,1065202000.0,5614701618.0,-85244000.0,0.0,6467000.0,273619000.0,-38364000.0,241958000.0,-38602000.0,0.0,-225461000.0,-1217000.0,6005000.0,6005000.0,6005000.0,0.0,0.0,0.007,328670000.0,35209000.0,256153000.0,9.0,3.311,-116.201,-188.429,678643000.0,0.0,13.19,1.216,1.217,1057388000.0,159695000.0,817797000.0,817797000.0,0.0,,,,,0.0,317297000.0,1.0,425678667.0,425818000.0,427782000.0,1.921,3635284000.0,0.0,2285000.0,163397000.0,8.537,-12371000.0
85,MAT,MRQ,2000-03-31,2000-03-31,2000-03-31,2021-09-07,-255864000.0,4572460000.0,,1831194000.0,2741266000.0,,4.1,-34141000.0,214937000.0,214937000.0,378904000.0,-171236000.0,1.095,1.621,1834184000.0,851471000.0,982713000.0,1834184000.0,0.0,61185000.0,0.0,0.034,0.09,-163894000.0,-102709000.0,-0.148,-102709000.0,-163894000.0,-188250000.0,-0.4,-0.4,-0.4,1744518000.0,,1744518000.0,5746063569.0,-74.0,33.862,-400394000.0,-0.941,1.0,314357000.0,0.453,1186194000.0,24356000.0,3332726000.0,,522299000.0,318687000.0,0.0,318687000.0,2827942000.0,1672787000.0,1155155000.0,4467703569.0,-32417000.0,0.0,1722000.0,477904000.0,-38461000.0,440622000.0,-32571000.0,0.0,-366253000.0,-404000.0,-171236000.0,-171236000.0,-171236000.0,126606000.0,0.0,-0.247,358018000.0,-43661000.0,218106000.0,-0.225,2.561,-17.141,-18.103,693675000.0,0.0,10.5,0.971,0.971,897196000.0,192043000.0,693261000.0,693261000.0,0.0,,,,,0.0,345486000.0,1.0,425495578.0,425495000.0,425495000.0,1.629,3386266000.0,0.0,-17014000.0,164528000.0,7.958,158407000.0
86,MAT,MRQ,1999-12-31,1999-12-31,1999-12-31,2021-09-07,-239647000.0,4673964000.0,,1851859000.0,2822105000.0,,4.609,-47341000.0,247354000.0,247354000.0,792035000.0,-18421000.0,1.183,1.381,1355602000.0,372722000.0,982880000.0,1355602000.0,0.0,65421000.0,0.0,0.027,0.09,65984000.0,131405000.0,0.087,131405000.0,65984000.0,22866000.0,-0.2,-0.03,-0.2,1962687000.0,,1962687000.0,7461536684.0,67.0,20.899,962738000.0,2.261,1.0,725166000.0,0.478,1200622000.0,43118000.0,3016169000.0,,436316000.0,461986000.0,0.0,461986000.0,2711277000.0,1565421000.0,1145856000.0,5524806684.0,186162000.0,-1091000.0,26747000.0,-611410000.0,-37882000.0,-679417000.0,-82702000.0,0.0,1010079000.0,-1136000.0,-18421000.0,-18421000.0,-18421000.0,128274000.0,0.0,-0.012,538011000.0,187155000.0,293277000.0,-0.45,2.815,-63.979,-62.524,724791000.0,0.0,13.13,1.202,1.183,1001972000.0,401642000.0,1517201000.0,1517201000.0,0.0,,,,,0.0,537089000.0,1.0,420777356.0,425796000.0,470176000.0,3.563,3473342000.0,0.0,41287000.0,184789000.0,8.157,286438000.0
87,MAT,MRQ,1999-09-30,1999-09-30,1999-09-30,2021-09-07,-235803000.0,5306893000.0,,2644680000.0,2662213000.0,,4.716,-43968000.0,61192000.0,61192000.0,805881000.0,135333000.0,1.17,1.647,1828489000.0,945447000.0,883042000.0,1828489000.0,0.0,61047000.0,0.0,0.018,0.09,256037000.0,317084000.0,0.2,317084000.0,256037000.0,220018000.0,0.52,0.32,0.52,2005162000.0,,2005162000.0,9638534611.0,60.0,30.138,-170334000.0,-0.401,1.0,781822000.0,0.492,1218367000.0,36019000.0,3596060000.0,,640939000.0,504094000.0,0.0,504094000.0,3301731000.0,2259763000.0,1041968000.0,7984574611.0,7270000.0,0.0,-34072000.0,289448000.0,-37965000.0,264360000.0,-44715000.0,0.0,-126366000.0,2860000.0,135333000.0,135333000.0,135333000.0,86812000.0,0.0,0.085,440442000.0,341380000.0,349198000.0,0.173,3.982,425.254,76.0,702922000.0,0.0,19.0,2.009,2.033,1684066000.0,458524000.0,1587703000.0,1587703000.0,0.0,,,,,0.0,427319000.0,1.0,420240769.0,425148000.0,429455000.0,3.734,4088526000.0,0.0,84685000.0,131627000.0,9.617,384917000.0
88,MAT,MRQ,1999-06-30,1999-06-30,1999-06-30,2021-09-07,-233623000.0,4646850000.0,,1973778000.0,2673072000.0,,4.654,-56906000.0,53922000.0,53922000.0,442612000.0,-204334000.0,1.16,1.441,1541920000.0,658719000.0,883201000.0,1541920000.0,0.0,60034000.0,0.0,0.013,0.09,-236125000.0,-176091000.0,-0.219,-176091000.0,-236125000.0,-263739000.0,-0.5,-0.5,-0.5,1903550000.0,,1903550000.0,8672997590.0,41.0,22.873,-279548000.0,-0.683,1.0,359659000.0,0.448,1219482000.0,27614000.0,3213568000.0,,615188000.0,509353000.0,0.0,509353000.0,2743300000.0,1701798000.0,1041502000.0,7480421590.0,3707000.0,0.0,-16975000.0,400353000.0,-26874000.0,365233000.0,-70397000.0,0.0,-222642000.0,-2757000.0,-204334000.0,-206324000.0,-206324000.0,-6647000.0,0.0,-0.257,601446000.0,-241787000.0,252661000.0,-0.18,3.93,149.051,174.2,710460000.0,1990000.0,26.13,1.751,2.503,1064066000.0,361501000.0,802271000.0,802271000.0,0.0,,,,,0.0,295386000.0,1.0,286277137.0,409040000.0,409040000.0,1.961,3427368000.0,0.0,-59405000.0,90718000.0,8.379,271980000.0
89,MAT,MRQ,1999-03-31,1999-03-31,1999-03-31,2021-09-07,-225760000.0,4347804000.0,,1758321000.0,2589483000.0,,5.365,-42927000.0,50215000.0,50215000.0,372941000.0,5049000.0,1.616,1.044,1242791000.0,259435000.0,983356000.0,1242791000.0,0.0,59508000.0,0.0,0.013,0.08,25117000.0,84625000.0,0.123,84625000.0,25117000.0,259000.0,0.01,0.01,0.01,2127108000.0,,2127108000.0,8042169501.0,16.0,11.151,-273535000.0,-0.69,1.0,315374000.0,0.458,1242380000.0,24858000.0,3209613000.0,,562003000.0,401055000.0,0.0,401055000.0,2220696000.0,1088387000.0,1132309000.0,7137110501.0,-162239000.0,0.0,0.0,135950000.0,-22952000.0,113620000.0,-43429000.0,0.0,-230608000.0,-1822000.0,5049000.0,3059000.0,3059000.0,-17679000.0,0.0,0.004,305692000.0,9682000.0,200121000.0,8.0,3.355,27.546,37.788,733535000.0,1990000.0,24.94,1.585,2.196,855855000.0,605362000.0,688315000.0,688315000.0,0.0,,,,,0.0,292680000.0,1.0,286171231.0,396480000.0,422264000.0,1.736,3105424000.0,0.0,-4790000.0,175535000.0,7.832,669934000.0
90,MAT,MRQ,1998-12-31,1998-12-31,1998-12-31,2021-09-07,-197898000.0,5147385000.0,,2635306000.0,2512079000.0,,5.43,-44497000.0,469213000.0,469213000.0,530908000.0,88698000.0,1.604,1.371,1383468000.0,199006000.0,1184462000.0,1383468000.0,0.0,-20351000.0,0.0,0.013,0.08,114542000.0,94191000.0,0.105,94191000.0,114542000.0,87318000.0,0.22,0.2,0.22,2170803000.0,,2170803000.0,8432705982.0,19.0,12.731,977438000.0,2.445,1.0,364577000.0,0.407,1484634000.0,27224000.0,2933972000.0,,644270000.0,0.0,0.0,0.0,2976582000.0,1643034000.0,1333548000.0,6759412982.0,24025000.0,83930000.0,-76869000.0,-660400000.0,-25431000.0,-1034676000.0,36240000.0,0.0,1021935000.0,526000.0,88698000.0,86708000.0,86708000.0,122200000.0,0.0,0.097,121388000.0,243189000.0,362467000.0,0.364,3.114,34.122,46.078,763121000.0,1990000.0,23.5,1.439,1.952,1150051000.0,625197000.0,895485000.0,895485000.0,0.0,,,,,0.0,329455000.0,1.0,287634595.0,399780000.0,427218000.0,2.24,3662751000.0,0.0,-1380000.0,299058000.0,9.162,992272000.0
91,MAT,MRQ,1998-09-30,1998-09-30,1998-09-30,2021-09-07,-214930000.0,5979384000.0,,3461936000.0,2517448000.0,,5.57,-82452000.0,377385000.0,377385000.0,888753000.0,168734000.0,1.409,1.689,2071837000.0,917228000.0,1154609000.0,2071837000.0,0.0,66782000.0,0.0,0.011,0.08,309673000.0,376455000.0,0.2,376455000.0,309673000.0,267327000.0,0.42,0.39,0.42,2223815000.0,,2223815000.0,8897614168.0,31.0,8.641,10278000.0,0.026,1.0,996090000.0,0.528,1501903000.0,42346000.0,3714335000.0,,808555000.0,0.0,0.0,0.0,3755569000.0,2457598000.0,1297971000.0,8194312168.0,3597000.0,-756240000.0,-102169000.0,860531000.0,-25411000.0,747840000.0,-838629000.0,0.0,92730000.0,1656000.0,168734000.0,166744000.0,166744000.0,0.0,0.0,0.088,677547000.0,318543000.0,424223000.0,0.19,3.685,-86.479,-84.848,742691000.0,1990000.0,28.0,1.399,1.908,1898943000.0,588924000.0,1884843000.0,1884843000.0,0.0,,,,,0.0,559785000.0,1.0,292654006.0,399218000.0,435123000.0,4.721,4477481000.0,0.0,98593000.0,280257000.0,11.216,1004338000.0
92,MAT,MRQ,1998-06-30,1998-06-30,1998-06-30,2021-09-07,-259226000.0,4478160000.0,,2755886000.0,1722274000.0,,5.643,-77117000.0,373788000.0,373788000.0,524269000.0,4578000.0,2.099,1.064,1111206000.0,256454000.0,854752000.0,1111206000.0,0.0,118036000.0,0.0,0.007,0.08,47926000.0,165962000.0,0.161,165962000.0,47926000.0,29757000.0,0.01,0.01,0.01,2170104000.0,,2170104000.0,12768886762.0,41.0,12.306,-280757000.0,-0.73,1.0,509240000.0,0.493,815735000.0,18169000.0,3086747000.0,,671271000.0,0.0,0.0,0.0,2308056000.0,1313096000.0,994960000.0,12418629762.0,-147052000.0,-99221000.0,-63760000.0,158967000.0,-22607000.0,239544000.0,-182780000.0,0.0,-203640000.0,-176000.0,4578000.0,2588000.0,2588000.0,0.0,0.0,0.003,469236000.0,40004000.0,306887000.0,8.0,5.723,-274.19,-4231.0,645471000.0,1990000.0,42.31,2.246,2.944,1361351000.0,500212000.0,1033509000.0,1033509000.0,0.0,,,,,0.0,398432000.0,1.0,293515239.0,384596000.0,423407000.0,2.687,3662425000.0,0.0,25179000.0,176848000.0,9.523,1442790000.0
93,MAT,MRQ,1998-03-31,1998-03-31,1998-03-31,2021-09-07,-223401000.0,3443794000.0,,2102810000.0,1340984000.0,,6.28,-53514000.0,331884000.0,331884000.0,381246000.0,12669000.0,2.62,0.871,682141000.0,18204000.0,663937000.0,682141000.0,0.0,49838000.0,0.0,0.007,0.07,34148000.0,83986000.0,0.119,83986000.0,34148000.0,17756000.0,0.04,0.04,0.04,1840246000.0,,1840246000.0,11634398530.0,30.0,11.107,-378338000.0,-1.291,1.0,323918000.0,0.459,548957000.0,16392000.0,2442345000.0,,531623000.0,0.0,0.0,0.0,1603548000.0,802749000.0,800799000.0,11647804530.0,-363063000.0,-11057000.0,-32339000.0,702000.0,-24521000.0,32935000.0,-67266000.0,0.0,-324824000.0,-3908000.0,12669000.0,10679000.0,10679000.0,0.0,0.0,0.015,289585000.0,34333000.0,193431000.0,1.75,6.329,467.464,172.0,602793000.0,1990000.0,39.56,2.13,2.12,987906000.0,1480866000.0,705164000.0,705164000.0,0.0,,,,,0.0,281872000.0,1.0,294433886.0,293048000.0,298164000.0,2.406,2894837000.0,0.0,5087000.0,134284000.0,9.878,1300061000.0
94,MAT,MRQ,1997-12-31,1997-12-31,1997-12-31,2021-09-07,-193639000.0,3803791000.0,,2461736000.0,1342055000.0,,4.926,-82257000.0,694947000.0,694947000.0,996289000.0,-272776000.0,2.098,1.088,681541000.0,17468000.0,664073000.0,681541000.0,0.0,510332000.0,0.0,0.007,0.07,-107034000.0,403298000.0,0.181,403298000.0,-107034000.0,-156864000.0,-0.8,-0.8,-0.8,1822070000.0,,1822070000.0,11718098414.0,107.0,15.354,993523000.0,2.686,1.0,1237735000.0,0.554,534128000.0,49830000.0,2082833000.0,,428844000.0,0.0,0.0,0.0,1981721000.0,1173424000.0,808297000.0,10829230414.0,554719000.0,-75122000.0,-144322000.0,-299174000.0,-20410000.0,-355779000.0,-158936000.0,0.0,1075780000.0,-6346000.0,-272776000.0,-274766000.0,-274766000.0,0.0,0.0,-0.123,1380314000.0,-142579000.0,310117000.0,-0.087,5.943,-56.044,-71.635,601597000.0,1990000.0,37.25,1.985,2.525,1091416000.0,1490804000.0,2234024000.0,2234024000.0,0.0,,,,,0.0,804209000.0,1.0,290717595.0,369870000.0,369870000.0,6.04,3269663000.0,0.0,115912000.0,202735000.0,8.84,1288312000.0
95,MAT,MRQ,1997-09-30,1997-09-30,1997-09-30,2021-09-07,-160865000.0,4074618000.0,,2651348000.0,1423270000.0,,6.07,-49740000.0,68171000.0,68171000.0,755070000.0,219045000.0,1.689,1.31,957039000.0,352833000.0,604206000.0,957039000.0,0.0,46570000.0,0.0,0.008,0.07,337777000.0,384347000.0,0.247,384347000.0,337777000.0,313145000.0,0.74,0.71,0.74,1764259000.0,,1764259000.0,10268567963.0,26.0,17.554,30153000.0,0.104,1.0,800277000.0,0.515,582302000.0,24632000.0,2811278000.0,,552661000.0,0.0,0.0,0.0,2310359000.0,1569906000.0,740453000.0,9622695963.0,9182000.0,0.0,-55693000.0,53833000.0,-23222000.0,-19567000.0,-48248000.0,6955000.0,79893000.0,-2896000.0,219045000.0,216207000.0,216207000.0,0.0,0.0,0.139,442998000.0,357279000.0,303549000.0,0.095,5.454,51.833,,609648000.0,2838000.0,33.13,2.068,2.069,1846994000.0,1318196000.0,1555347000.0,1555347000.0,0.0,,,,,0.0,442998000.0,1.0,290452640.0,290650000.0,306870000.0,5.351,3492316000.0,0.0,94100000.0,162142000.0,12.016,1081442000.0
96,MAT,MRQ,1997-06-30,1997-06-30,1997-06-30,2021-09-07,-119696000.0,3567422000.0,,2122229000.0,1445193000.0,,5.636,-57250000.0,58989000.0,58989000.0,513819000.0,75634000.0,1.69,1.17,688827000.0,164991000.0,523836000.0,688827000.0,0.0,49432000.0,0.0,0.007,0.07,126458000.0,175890000.0,0.181,175890000.0,126458000.0,107944000.0,0.25,0.25,0.25,1644158000.0,,1644158000.0,10279879356.0,29.0,18.886,-279871000.0,-0.959,1.0,458837000.0,0.472,590145000.0,18514000.0,2351145000.0,,552463000.0,0.0,0.0,0.0,1923264000.0,1255970000.0,667294000.0,9877211356.0,-85670000.0,0.0,-46161000.0,262300000.0,-21792000.0,197872000.0,-58310000.0,-1003000.0,-222621000.0,-2611000.0,75634000.0,72797000.0,72797000.0,0.0,0.0,0.075,324420000.0,134417000.0,216220000.0,0.28,6.007,66.748,,618351000.0,2837000.0,33.88,2.149,2.151,1315815000.0,1122343000.0,972656000.0,972656000.0,0.0,,,,,0.0,324420000.0,1.0,291535164.0,291737000.0,296609000.0,3.334,2977277000.0,0.0,32310000.0,120033000.0,10.205,866259000.0
97,MAT,MRQ,1997-03-31,1997-03-31,1997-03-31,2021-09-07,-115997000.0,3261714000.0,,1828621000.0,1433093000.0,,5.675,-43198000.0,144659000.0,144659000.0,370709000.0,-204624000.0,1.928,0.993,547327000.0,16865000.0,530462000.0,547327000.0,0.0,47663000.0,0.0,0.01,0.06,-247983000.0,-200320000.0,-0.289,-200320000.0,-247983000.0,-267619000.0,-0.72,-0.72,-0.72,1636694000.0,,1636694000.0,6393882352.0,19.0,12.152,-472862000.0,-1.64,1.0,322811000.0,0.465,596883000.0,19636000.0,2119042000.0,,512847000.0,0.0,0.0,0.0,1625020000.0,948457000.0,676563000.0,6509936352.0,-405612000.0,-8625000.0,74919000.0,30735000.0,-19113000.0,87342000.0,-57948000.0,-5952000.0,-429664000.0,-5342000.0,-204624000.0,-207464000.0,-207464000.0,0.0,0.0,-0.299,562912000.0,-240101000.0,180816000.0,-0.083,3.977,47.289,,608350000.0,2840000.0,24.0,1.432,1.523,977479000.0,1069971000.0,693520000.0,693520000.0,0.0,,,,,0.0,287912000.0,1.0,271247348.0,288382000.0,288382000.0,2.405,2664831000.0,0.0,-62995000.0,113358000.0,9.241,880164000.0
98,MAT,MRQ,1996-12-31,1996-12-31,1996-12-31,2021-09-07,-86945000.0,3581142000.0,,2139062000.0,1442080000.0,,6.219,-62244000.0,550271000.0,550271000.0,721747000.0,106945000.0,1.873,0.983,523024000.0,28924000.0,494100000.0,523024000.0,0.0,47768000.0,0.0,0.009,0.06,177285000.0,225053000.0,0.157,225053000.0,177285000.0,147193000.0,,,,1805923000.0,,1805923000.0,,,,841109000.0,2.896,1.0,710087000.0,0.496,611410000.0,30092000.0,1800608000.0,,444178000.0,0.0,0.0,0.0,1775219000.0,1141877000.0,633342000.0,7527113907.0,423347000.0,6250000.0,8709000.0,-394035000.0,-19250000.0,-424845000.0,-55650000.0,25050000.0,903353000.0,489000.0,106945000.0,104108000.0,104108000.0,0.0,0.0,0.073,556431000.0,153656000.0,312378000.0,,4.168,20.632,22.024,616281000.0,2837000.0,27.75,1.66,1.777,948940000.0,1293653000.0,1431834000.0,1431834000.0,0.0,,,,,0.0,523942000.0,1.0,271247348.0,290393000.0,322977000.0,4.931,2969732000.0,0.0,40248000.0,183288000.0,10.227,997185000.0
99,MAT,MRQ,1996-09-30,1996-09-30,1996-09-30,2021-09-07,-96383000.0,3899300000.0,,2506651000.0,1392649000.0,,,-53675000.0,126924000.0,126924000.0,747143000.0,181375000.0,1.615,1.271,933997000.0,423525000.0,510472000.0,933997000.0,0.0,47265000.0,0.0,0.009,0.06,296427000.0,343692000.0,0.229,343692000.0,296427000.0,268176000.0,,,,1716912000.0,,1716912000.0,,,,48399000.0,,1.0,750773000.0,0.501,605758000.0,28251000.0,2548086000.0,,566625000.0,0.0,0.0,0.0,2182388000.0,1552529000.0,629859000.0,,34928000.0,0.0,-132086000.0,157921000.0,-17369000.0,11439000.0,-78464000.0,-25050000.0,102074000.0,-121000.0,181375000.0,178537000.0,178537000.0,0.0,0.0,0.119,444887000.0,305886000.0,264901000.0,,,,,594278000.0,2838000.0,26.0,,,1572481000.0,1205856000.0,1497916000.0,1497916000.0,0.0,,,,,0.0,444887000.0,1.0,,,293961000.0,,3293542000.0,0.0,86801000.0,209338000.0,,954122000.0
100,MAT,MRQ,1996-06-30,1996-06-30,1996-06-30,2021-09-07,-98593000.0,3377698000.0,,2016285000.0,1361413000.0,,,-55709000.0,91996000.0,91996000.0,485559000.0,63370000.0,2.092,1.007,874159000.0,263772000.0,610387000.0,874159000.0,0.0,43167000.0,0.0,0.007,0.06,114580000.0,157747000.0,0.171,157747000.0,114580000.0,92590000.0,,,,1683301000.0,,1683301000.0,,,,-183584000.0,,1.0,436024000.0,0.473,616045000.0,21990000.0,2580191000.0,,562922000.0,0.0,0.0,0.0,1694397000.0,963625000.0,730772000.0,,23960000.0,0.0,-50883000.0,181128000.0,-16621000.0,207079000.0,-55480000.0,0.0,-127875000.0,236000.0,63370000.0,62481000.0,62481000.0,0.0,0.0,0.068,312740000.0,123284000.0,232959000.0,,,,,577168000.0,889000.0,28.875,,,1135765000.0,1043687000.0,921583000.0,921583000.0,0.0,,,,,0.0,312740000.0,1.0,,,297916000.0,,2761653000.0,0.0,29220000.0,149384000.0,,1052660000.0
101,MAT,MRQ,1996-03-31,1996-03-31,1996-03-31,2021-09-07,-97683000.0,3004911000.0,,1658419000.0,1346492000.0,,,-59511000.0,68036000.0,68036000.0,361125000.0,20534000.0,2.341,0.918,676741000.0,82370000.0,594371000.0,676741000.0,0.0,43143000.0,0.0,0.007,0.06,48690000.0,91833000.0,0.134,91833000.0,48690000.0,28797000.0,,,,1567044000.0,,1567044000.0,,,,-412252000.0,,1.0,322874000.0,0.472,623723000.0,19893000.0,2281383000.0,,498197000.0,0.0,0.0,0.0,1437867000.0,708510000.0,729357000.0,,-425650000.0,-8625000.0,4103000.0,-24383000.0,-13233000.0,-20097000.0,-51402000.0,17315000.0,-352741000.0,-1410000.0,20534000.0,19707000.0,19707000.0,0.0,0.0,0.029,269685000.0,53189000.0,174270000.0,,,,,555660000.0,827000.0,27.75,,,888849000.0,997702000.0,683999000.0,683999000.0,0.0,,,,,0.0,269685000.0,1.0,,,298858000.0,,2381188000.0,0.0,8263000.0,133835000.0,,949909000.0
102,MAT,MRQ,1995-12-31,1995-12-31,1995-12-31,2021-09-07,-73562000.0,2695509000.0,,1690819000.0,1004690000.0,,4.347,,466082000.0,466082000.0,,,1.995,1.114,479857000.0,15520000.0,464337000.0,479857000.0,0.0,,0.0,0.008,0.048,,,,,,,,,,1275169000.0,,1275169000.0,,,,,,1.0,,,422796000.0,,1438807000.0,,350841000.0,17375000.0,17375000.0,0.0,1420340000.0,847681000.0,572659000.0,,,,,,,,,,,,,,,,,,,,250401000.0,,,,21.77,499314000.0,,24.6,,1.651,679283000.0,1041735000.0,,,,,,,,,,1.0,,293312000.0,,,2272713000.0,0.0,,138183000.0,7.748,843138000.0
0,MAT,MRT,2021-06-30,2021-06-30,2021-06-30,2021-09-07,-935316000.0,5241058000.0,5370589750.0,2173829000.0,3067229000.0,0.96,1.51,-136080000.0,384743000.0,384743000.0,2593440000.0,325786000.0,1.937,8.932,3145427000.0,214000.0,3145213000.0,3145427000.0,0.0,190047000.0,0.0,0.0,0.0,679016000.0,869063000.0,0.168,869063000.0,679016000.0,410653000.0,0.93,0.93,0.93,527719000.0,504075250.0,527719000.0,9489436163.0,14.0,10.919,374084000.0,1.071,1.0,2564572000.0,0.497,1392779000.0,268363000.0,5486573000.0,5333126750.0,818037000.0,0.0,0.0,0.0,4713339000.0,1122390000.0,3590949000.0,7010394163.0,-76814000.0,43075000.0,0.0,-501691000.0,0.0,-512924000.0,-81173000.0,3265000.0,510164000.0,7119000.0,325786000.0,325786000.0,325786000.0,0.0,0.0,0.063,1907557000.0,657015000.0,438913000.0,0.0,13.284,21.518,21.613,803621000.0,0.0,20.1,1.359,1.362,784084000.0,1435688000.0,5158012000.0,5158012000.0,0.0,0.061,0.646,0.127,0.132,67034000.0,1907557000.0,1.0,348775829.0,349441000.0,349441000.0,14.761,3848279000.0,0.0,84867000.0,35838000.0,11.013,1051439000.0
1,MAT,MRT,2021-03-31,2021-03-31,2021-03-31,2021-09-07,-961026000.0,5102316000.0,5310001500.0,2092901000.0,3009415000.0,0.916,1.358,-110350000.0,615238000.0,615238000.0,2468304000.0,220214000.0,1.933,9.766,3094280000.0,878000.0,3093402000.0,3094280000.0,0.0,192326000.0,0.0,0.0,0.0,577110000.0,769436000.0,0.158,769436000.0,577110000.0,297276000.0,0.63,0.63,0.63,473931000.0,398670500.0,473931000.0,9278346181.0,16.0,12.059,305175000.0,0.874,1.0,2395478000.0,0.493,1392289000.0,279834000.0,5106497000.0,5284423500.0,609835000.0,0.0,0.0,0.0,4628385000.0,1082572000.0,3545813000.0,6935541181.0,115831000.0,39499000.0,0.0,-248144000.0,0.0,-260869000.0,-41194000.0,20437000.0,415525000.0,2369000.0,220214000.0,220214000.0,220214000.0,0.0,0.0,0.045,1835681000.0,559797000.0,361902000.0,0.0,14.634,31.495,31.619,745820000.0,0.0,19.92,1.426,1.43,680642000.0,1424591000.0,4863782000.0,4863782000.0,0.0,0.041,0.552,0.109,0.119,61005000.0,1835681000.0,1.0,348169738.0,349041000.0,349041000.0,13.935,3710027000.0,0.0,77062000.0,30106000.0,10.629,1010329000.0
2,MAT,MRT,2020-12-31,2020-12-31,2020-12-31,2021-09-07,-944576000.0,5534890000.0,5235510500.0,2496691000.0,3038199000.0,0.875,1.756,-121599000.0,762181000.0,762181000.0,2340066000.0,126628000.0,1.842,8.071,3104986000.0,969000.0,3104017000.0,3104986000.0,0.0,199898000.0,0.0,0.0,0.0,393609000.0,593507000.0,0.129,593507000.0,393609000.0,195277000.0,0.36,0.36,0.36,610144000.0,319658500.0,610144000.0,9125844305.0,23.0,15.376,166903000.0,0.48,1.0,2243594000.0,0.489,1393834000.0,198332000.0,5128482000.0,5272215250.0,528474000.0,0.0,0.0,0.0,4924746000.0,1355379000.0,3569367000.0,6073303305.0,132153000.0,0.0,0.0,969000.0,0.0,-5842000.0,-134910000.0,-22883000.0,288502000.0,-15597000.0,126628000.0,126628000.0,126628000.0,0.0,0.0,0.028,1862709000.0,380885000.0,495363000.0,0.0,9.954,47.962,48.472,765395000.0,0.0,17.45,1.325,1.323,1033966000.0,1553610000.0,4583660000.0,4583660000.0,0.0,0.024,0.396,0.075,0.086,60168000.0,1862709000.0,1.0,348040304.0,347463000.0,349116000.0,13.192,4141056000.0,0.0,68649000.0,27125000.0,11.918,1141312000.0
3,MAT,MRT,2020-09-30,2020-09-30,2020-09-30,2021-09-07,-985874000.0,5604095000.0,5183094500.0,2599863000.0,3004232000.0,0.855,1.164,-124905000.0,452167000.0,452167000.0,2311945000.0,-5681000.0,1.568,12.854,3504708000.0,400000000.0,3104708000.0,3504708000.0,0.0,207642000.0,0.0,0.0,0.0,259310000.0,466952000.0,0.105,466952000.0,259310000.0,50137000.0,-0.02,-0.02,-0.02,404507000.0,290051000.0,404507000.0,7094397077.0,27.0,15.193,129523000.0,0.373,1.0,2119656000.0,0.478,1387260000.0,209173000.0,5610955000.0,5276390000.0,663639000.0,0.0,0.0,0.0,5199588000.0,1658421000.0,3541167000.0,4058699077.0,233869000.0,1029000.0,0.0,150346000.0,0.0,141981000.0,-144736000.0,-24269000.0,254428000.0,-17804000.0,-5681000.0,-5681000.0,-5681000.0,0.0,0.0,-0.001,1865807000.0,253849000.0,497379000.0,0.0,10.034,-714.434,-585.0,788534000.0,0.0,11.7,0.916,0.918,1326128000.0,1409262000.0,4431601000.0,4431601000.0,0.0,-0.001,-0.02,0.049,0.059,56774000.0,1865807000.0,1.0,346897357.0,347628000.0,348714000.0,12.748,4216835000.0,0.0,55818000.0,21252000.0,12.13,941442000.0
4,MAT,MRT,2020-06-30,2020-06-30,2020-06-30,2021-09-07,-977597000.0,4998705000.0,5163966000.0,2014141000.0,2984564000.0,0.829,0.306,-122129000.0,461557000.0,461557000.0,2307768000.0,-251079000.0,1.481,46.113,3497255000.0,400000000.0,3097255000.0,3497255000.0,0.0,222236000.0,0.0,0.0,0.0,20465000.0,242701000.0,0.057,242701000.0,20465000.0,-185982000.0,-0.73,-0.73,-0.73,106100000.0,304863250.0,106100000.0,6116654068.0,299.0,25.202,-9898000.0,-0.029,1.0,1973699000.0,0.461,1382858000.0,206447000.0,5291760000.0,5317132250.0,727864000.0,0.0,0.0,0.0,4892605000.0,1359785000.0,3532820000.0,3354506068.0,267432000.0,1029000.0,0.0,335346000.0,0.0,325503000.0,-145170000.0,-26419000.0,112231000.0,-25132000.0,-251079000.0,-251079000.0,-251079000.0,0.0,0.0,-0.059,1953920000.0,19779000.0,402220000.0,0.0,31.616,-13.36,-13.247,754340000.0,0.0,9.67,0.783,0.783,650502000.0,1113220000.0,4281467000.0,4281467000.0,0.0,-0.049,-0.824,0.004,0.005,55072000.0,1953920000.0,1.0,346898249.0,346875000.0,346875000.0,12.343,3615847000.0,0.0,65097000.0,15732000.0,10.424,654356000.0
5,MAT,MRT,2020-03-31,2020-03-31,2020-03-31,2021-09-07,-1005883000.0,4804352000.0,5175947000.0,1807090000.0,2997262000.0,0.852,0.455,-127543000.0,499407000.0,499407000.0,2413222000.0,-247957000.0,1.605,29.43,3261555000.0,150000000.0,3111555000.0,3261555000.0,0.0,235637000.0,0.0,0.0,0.0,19530000.0,255167000.0,0.058,255167000.0,19530000.0,-183536000.0,-0.72,-0.72,-0.72,157883000.0,384887000.0,157883000.0,5543507977.0,284.0,21.725,71755000.0,0.207,1.0,1996172000.0,0.453,1382852000.0,203066000.0,5057664000.0,5389658750.0,560645000.0,0.0,0.0,0.0,4646469000.0,1125984000.0,3520485000.0,3055931977.0,119300000.0,738000.0,0.0,130346000.0,0.0,120533000.0,-176133000.0,-51949000.0,199298000.0,-24398000.0,-247957000.0,-247957000.0,-247957000.0,0.0,0.0,-0.056,1979731000.0,16441000.0,306440000.0,0.0,19.356,-12.324,-12.236,818065000.0,0.0,8.81,0.693,0.693,528522000.0,1202440000.0,4409394000.0,4409394000.0,0.0,-0.048,-0.644,0.004,0.004,58378000.0,1979731000.0,1.0,346870826.0,346867000.0,346867000.0,12.712,3421500000.0,0.0,64421000.0,12290000.0,9.864,681106000.0
6,MAT,MRT,2019-12-31,2019-12-31,2019-12-31,2021-09-07,-869484000.0,5325226000.0,5245450750.0,2247974000.0,3077252000.0,0.859,1.421,-116352000.0,630028000.0,630028000.0,2523792000.0,-213512000.0,1.76,9.83,3117604000.0,0.0,3117604000.0,3117604000.0,0.0,244518000.0,0.0,0.0,0.0,42756000.0,287274000.0,0.064,287274000.0,42756000.0,-158288000.0,-0.62,-0.62,-0.62,491714000.0,476260000.0,491714000.0,7840375890.0,183.0,27.292,64625000.0,0.187,1.0,1980779000.0,0.44,1390714000.0,201044000.0,5145181000.0,5490332000.0,495504000.0,0.0,0.0,0.0,4833512000.0,1276907000.0,3556605000.0,4697994890.0,35547000.0,0.0,0.0,-23830000.0,0.0,-33138000.0,-114176000.0,-681000.0,180977000.0,1884000.0,-213512000.0,-213512000.0,-213512000.0,0.0,0.0,-0.047,1941539000.0,39240000.0,459357000.0,0.0,9.554,-22.003,-21.855,853326000.0,0.0,13.55,1.043,1.041,936359000.0,1413181000.0,4504571000.0,4504571000.0,0.0,-0.041,-0.448,0.008,0.009,55968000.0,1941539000.0,1.0,346715490.0,346127000.0,346127000.0,13.014,3934512000.0,0.0,55224000.0,48037000.0,11.367,971067000.0
7,MAT,MRT,2019-09-30,2019-09-30,2019-09-30,2021-09-07,-880821000.0,5527581000.0,5223700500.0,2436997000.0,3090584000.0,0.872,1.338,-116959000.0,218298000.0,218298000.0,2577952000.0,-204048000.0,1.61,10.919,3360679000.0,230000000.0,3130679000.0,3360679000.0,0.0,248804000.0,0.0,0.0,0.0,76869000.0,325673000.0,0.071,325673000.0,76869000.0,-113196000.0,-0.6,-0.6,-0.6,463756000.0,520056750.0,463756000.0,6926660220.0,90.0,21.269,73515000.0,0.212,1.0,1977195000.0,0.434,1382588000.0,190065000.0,5773924000.0,5419858500.0,701567000.0,0.0,0.0,0.0,5063825000.0,1513450000.0,3550375000.0,3935644220.0,9148000.0,0.0,0.0,-48753000.0,0.0,-56170000.0,-124487000.0,-11789000.0,190474000.0,-669000.0,-204048000.0,-204048000.0,-204048000.0,0.0,0.0,-0.045,1899944000.0,77251000.0,512491000.0,0.0,8.486,-19.288,-18.983,878492000.0,0.0,11.39,0.864,0.867,1291255000.0,1413006000.0,4555147000.0,4555147000.0,0.0,-0.039,-0.392,0.014,0.017,51868000.0,1899944000.0,1.0,345535050.0,346698000.0,348487000.0,13.139,4144993000.0,0.0,90852000.0,48795000.0,11.956,923547000.0
8,MAT,MRT,2019-06-30,2019-06-30,2019-06-30,2021-09-07,-839662000.0,5046629000.0,5212266500.0,1915522000.0,3131107000.0,0.865,1.232,-122304000.0,194125000.0,194125000.0,2607217000.0,-268366000.0,1.791,10.841,3185141000.0,45000000.0,3140141000.0,3185141000.0,0.0,258680000.0,0.0,0.0,0.0,47973000.0,306653000.0,0.068,306653000.0,47973000.0,-142559000.0,-0.78,-0.78,-0.78,426195000.0,568873250.0,426195000.0,6640373710.0,138.0,21.654,6469000.0,0.019,1.0,1903824000.0,0.422,1386057000.0,190532000.0,5581866000.0,5353213250.0,722394000.0,0.0,0.0,0.0,4620434000.0,1069722000.0,3550712000.0,3872214710.0,-34481000.0,0.0,0.0,-38753000.0,0.0,-46493000.0,-119280000.0,-2046000.0,128773000.0,2519000.0,-268366000.0,-268366000.0,-268366000.0,0.0,0.0,-0.059,1854786000.0,49038000.0,416430000.0,0.0,9.086,-14.429,-14.372,912923000.0,0.0,11.21,0.858,0.86,755698000.0,1342410000.0,4511041000.0,4511041000.0,0.0,-0.051,-0.472,0.009,0.011,50808000.0,1854786000.0,1.0,345425041.0,345941000.0,345941000.0,13.04,3660572000.0,0.0,125807000.0,22618000.0,10.581,845800000.0
9,MAT,MRT,2019-03-31,2019-03-31,2019-03-31,2021-09-07,-837934000.0,5082367000.0,5213969750.0,1895086000.0,3187281000.0,0.861,1.513,-129092000.0,380107000.0,380107000.0,2676084000.0,-401310000.0,1.892,8.711,3148266000.0,0.0,3148266000.0,3148266000.0,0.0,265695000.0,0.0,0.0,0.0,-92992000.0,172703000.0,0.038,172703000.0,-92992000.0,-280757000.0,-1.17,-1.17,-1.17,523375000.0,628317250.0,523375000.0,6751569016.0,-73.0,39.094,-75487000.0,-0.218,1.0,1815642000.0,0.404,1388758000.0,187765000.0,5460357000.0,5274119750.0,615828000.0,0.0,0.0,0.0,4558992000.0,1001411000.0,3557581000.0,4490151016.0,-146617000.0,0.0,0.0,-28203000.0,0.0,-37990000.0,-149096000.0,-37162000.0,53605000.0,-13136000.0,-401310000.0,-401310000.0,-401310000.0,0.0,0.0,-0.089,1904379000.0,-88737000.0,324949000.0,0.0,8.579,-11.189,-11.111,949670000.0,0.0,13.0,1.0,1.001,624477000.0,1450397000.0,4491726000.0,4491726000.0,0.0,-0.077,-0.639,-0.018,-0.021,46357000.0,1904379000.0,1.0,345396232.0,345852000.0,345852000.0,12.987,3693609000.0,0.0,120553000.0,19409000.0,10.68,893675000.0
10,MAT,MRT,2018-12-31,2018-12-31,2018-12-31,2021-09-07,-859226000.0,5238225000.0,5269400500.0,2347200000.0,2891025000.0,0.857,1.933,-152414000.0,594481000.0,594481000.0,2716127000.0,-533299000.0,1.878,6.855,2855899000.0,4176000.0,2851723000.0,2855899000.0,0.0,271932000.0,0.0,0.0,0.0,-235217000.0,36715000.0,0.008,36715000.0,-235217000.0,-417103000.0,-1.55,-1.55,-1.55,666901000.0,743090000.0,666901000.0,6363828362.0,-27.0,173.33,-179731000.0,-0.521,1.0,1798683000.0,0.398,1386424000.0,181886000.0,4863287000.0,5225215750.0,542889000.0,0.0,0.0,0.0,4571324000.0,1249932000.0,3321392000.0,3448056362.0,-484740000.0,0.0,0.0,-274027000.0,0.0,-285157000.0,-160758000.0,-18615000.0,-27317000.0,-11508000.0,-533299000.0,-533299000.0,-533299000.0,0.0,0.0,-0.118,2033032000.0,-234349000.0,537965000.0,0.0,5.17,-6.466,-6.445,657595000.0,0.0,9.99,0.764,0.763,970083000.0,1626693000.0,4514810000.0,4514810000.0,0.0,-0.101,-0.718,-0.045,-0.052,48915000.0,2033032000.0,1.0,345150787.0,345012000.0,345012000.0,13.086,3851801000.0,0.0,116196000.0,13520000.0,11.164,1097268000.0
11,MAT,MRT,2018-09-30,2018-09-30,2018-09-30,2021-09-07,-835022000.0,5481845000.0,5516881000.0,2535136000.0,2946709000.0,0.833,1.909,-172968000.0,209150000.0,209150000.0,3012976000.0,-827932000.0,1.689,7.318,3124922000.0,275000000.0,2849922000.0,3124922000.0,0.0,288214000.0,0.0,0.0,0.0,-649070000.0,-360856000.0,-0.078,-360856000.0,-649070000.0,-818429000.0,-2.4,-2.4,-2.4,659022000.0,888139500.0,659022000.0,8102773587.0,-12.0,-22.454,-191964000.0,-0.556,1.0,1584010000.0,0.345,1388883000.0,169359000.0,5507343000.0,5322287250.0,726012000.0,0.0,0.0,0.0,4822823000.0,1501391000.0,3321432000.0,5403202587.0,27842000.0,0.0,7000.0,256523000.0,0.0,234031000.0,-175394000.0,-9603000.0,-18996000.0,-11799000.0,-827932000.0,-827932000.0,-827932000.0,0.0,0.0,-0.18,2175207000.0,-591197000.0,529720000.0,0.0,8.199,-6.526,-6.542,677030000.0,0.0,15.7,1.175,1.179,1312932000.0,1606955000.0,4596986000.0,4596986000.0,0.0,-0.15,-0.932,-0.122,-0.141,55724000.0,2175207000.0,1.0,344153031.0,345285000.0,345672000.0,13.314,4092962000.0,0.0,9503000.0,5813000.0,11.854,1033745000.0
12,MAT,MRT,2018-06-30,2018-06-30,2018-06-30,2021-09-07,-824078000.0,5053442000.0,5696340750.0,2051255000.0,3002187000.0,0.829,1.927,-226605000.0,228606000.0,228606000.0,3102415000.0,-1437457000.0,1.869,6.611,2928177000.0,80000000.0,2848177000.0,2928177000.0,0.0,283014000.0,0.0,0.009,0.15,-683909000.0,-400895000.0,-0.085,-400895000.0,-683909000.0,-829758000.0,-4.17,-4.17,-4.17,663971000.0,1083302750.0,663971000.0,7993800853.0,-12.0,-19.94,-261733000.0,-0.76,1.0,1618103000.0,0.343,1390076000.0,145849000.0,5265492000.0,5243578750.0,715288000.0,0.0,0.0,0.0,4389471000.0,1097445000.0,3292026000.0,5648753853.0,-46789000.0,0.0,61000.0,287403000.0,-51546000.0,208970000.0,-214623000.0,5632000.0,-35128000.0,-6008000.0,-1437457000.0,-1437457000.0,-1437457000.0,0.0,0.0,-0.305,2244930000.0,-626827000.0,428741000.0,-0.036,8.508,-3.93,-3.938,719747000.0,0.0,16.42,1.197,1.199,780064000.0,1608025000.0,4720518000.0,4720518000.0,0.0,-0.252,-1.327,-0.13,-0.145,58983000.0,2244930000.0,1.0,344016678.0,344584000.0,344584000.0,13.699,3663366000.0,0.0,607699000.0,3119000.0,10.631,953810000.0
13,MAT,MRT,2018-03-31,2018-03-31,2018-03-31,2021-09-07,-739149000.0,5304090000.0,5974950750.0,2221670000.0,3082420000.0,0.812,2.852,-274264000.0,526724000.0,526724000.0,3089581000.0,-1252601000.0,2.251,4.399,2871771000.0,0.0,2871771000.0,2871771000.0,0.0,278953000.0,0.0,0.04,0.53,-545216000.0,-266263000.0,-0.055,-266263000.0,-545216000.0,-669479000.0,-3.63,-3.63,-3.63,982466000.0,1434161250.0,982466000.0,6566486213.0,-12.0,-24.662,-265569000.0,-0.771,1.0,1764666000.0,0.364,1397217000.0,124263000.0,5264741000.0,5271702000.0,677732000.0,0.0,0.0,0.0,4321624000.0,987179000.0,3334445000.0,4522588213.0,144837000.0,0.0,360000.0,558622000.0,-181844000.0,349580000.0,-221830000.0,58315000.0,8695000.0,8392000.0,-1252601000.0,-1252601000.0,-1252601000.0,0.0,0.0,-0.258,2251332000.0,-486666000.0,398360000.0,-0.146,4.603,-3.611,-3.623,756684000.0,0.0,13.15,0.932,0.933,676119000.0,1848957000.0,4854247000.0,4854247000.0,0.0,-0.21,-0.873,-0.103,-0.112,68871000.0,2251332000.0,1.0,343923058.0,344434000.0,344434000.0,14.093,3906873000.0,0.0,583122000.0,9910000.0,11.343,1234491000.0
14,MAT,MRT,2017-12-31,2017-12-31,2017-12-31,2021-09-07,-781786000.0,6228147000.0,6129160500.0,3100242000.0,3127905000.0,0.796,3.63,-297159000.0,1079221000.0,1079221000.0,3056922000.0,-1054579000.0,1.909,3.994,3123119000.0,250000000.0,2873119000.0,3123119000.0,0.0,274767000.0,0.0,0.059,0.91,-396031000.0,-121264000.0,-0.025,-121264000.0,-396031000.0,-501245000.0,-3.07,-3.07,-3.07,1247099000.0,1742530000.0,1247099000.0,7974305479.0,-20.0,-65.76,-324773000.0,-0.945,1.0,1824571000.0,0.374,1396669000.0,105214000.0,5251573000.0,5228781750.0,600704000.0,0.0,0.0,0.0,4981048000.0,1623803000.0,3357245000.0,5286560479.0,209690000.0,0.0,1775000.0,796454000.0,-311973000.0,458450000.0,-235663000.0,60993000.0,-27614000.0,14517000.0,-1054579000.0,-1054579000.0,-1054579000.0,0.0,0.0,-0.216,2160269000.0,-335698000.0,572166000.0,-0.296,4.239,-5.013,-5.01,785285000.0,0.0,15.38,1.083,1.082,1124652000.0,2169002000.0,4881493000.0,4881493000.0,0.0,-0.172,-0.605,-0.076,-0.081,67119000.0,2160269000.0,1.0,343729550.0,343564000.0,343564000.0,14.208,4831478000.0,0.0,553334000.0,9498000.0,14.063,1476439000.0
15,MAT,MRT,2017-09-30,2017-09-30,2017-09-30,2021-09-07,-862532000.0,6199684000.0,6195572250.0,3030159000.0,3169525000.0,0.823,4.187,-318368000.0,181308000.0,181308000.0,2922598000.0,-603822000.0,1.319,3.306,2869053000.0,982649000.0,1886404000.0,2869053000.0,0.0,260919000.0,0.0,0.083,1.29,166636000.0,427555000.0,0.084,427555000.0,166636000.0,73094000.0,-1.75,-1.75,-1.75,1439675000.0,2032700750.0,1439675000.0,7672470217.0,46.0,17.945,-132583000.0,-0.386,1.0,2179380000.0,0.427,1397642000.0,93542000.0,5192509000.0,5180263750.0,989995000.0,0.0,0.0,0.0,4760009000.0,2297278000.0,2462731000.0,5305403217.0,-115781000.0,0.0,7302000.0,432649000.0,-441984000.0,-24496000.0,-282094000.0,48045000.0,185785000.0,5024000.0,-603822000.0,-603822000.0,-603822000.0,0.0,0.0,-0.118,2004394000.0,174986000.0,713488000.0,-0.737,3.685,-8.786,-8.846,821228000.0,0.0,15.48,1.04,1.043,1506145000.0,2460224000.0,5101978000.0,5101978000.0,0.0,-0.097,-0.297,0.032,0.033,62788000.0,2004394000.0,1.0,342726306.0,343870000.0,343870000.0,14.837,4802042000.0,0.0,676916000.0,32296000.0,13.965,732881000.0
16,MAT,MRT,2017-06-30,2017-06-30,2017-06-30,2021-09-07,-881934000.0,6167882000.0,6307868000.0,2502628000.0,3665254000.0,0.846,6.025,-299760000.0,275395000.0,275395000.0,2933574000.0,235675000.0,1.42,1.983,2642462000.0,756769000.0,1885693000.0,2642462000.0,0.0,258985000.0,0.0,0.071,1.52,399744000.0,658729000.0,0.123,658729000.0,399744000.0,305859000.0,0.69,0.68,0.69,2067405000.0,2276626500.0,2067405000.0,9308333603.0,23.0,14.131,-13720000.0,-0.04,1.0,2402996000.0,0.45,1394464000.0,93885000.0,5377985000.0,5319023000.0,935933000.0,0.0,0.0,0.0,4100477000.0,1762500000.0,2337977000.0,7375238603.0,-42408000.0,-167000.0,19061000.0,489769000.0,-520365000.0,-35946000.0,-294240000.0,20692000.0,286040000.0,1738000.0,235675000.0,235675000.0,235675000.0,0.0,0.0,0.044,1996858000.0,406138000.0,549319000.0,2.203,3.567,31.294,31.203,807796000.0,0.0,21.53,1.382,1.384,917652000.0,3114931000.0,5336570000.0,5336570000.0,0.0,0.037,0.104,0.075,0.075,58127000.0,1996858000.0,1.0,342556368.0,343116000.0,343116000.0,15.553,4773418000.0,0.0,70184000.0,4380000.0,13.912,740128000.0
17,MAT,MRT,2017-03-31,2017-03-31,2017-03-31,2021-09-07,-903832000.0,5920929000.0,6248789250.0,2321365000.0,3599564000.0,0.851,6.462,-287216000.0,381887000.0,381887000.0,2882571000.0,272636000.0,1.693,1.672,2314982000.0,430000000.0,1884982000.0,2314982000.0,0.0,260551000.0,0.0,0.059,1.52,444478000.0,705029000.0,0.133,705029000.0,444478000.0,349850000.0,0.79,0.78,0.79,2215941000.0,2337347000.0,2215941000.0,10226934489.0,23.0,14.506,86505000.0,0.252,1.0,2436798000.0,0.458,1389920000.0,94628000.0,5093060000.0,5224417750.0,769799000.0,0.0,0.0,0.0,3704988000.0,1371044000.0,2333944000.0,8770026489.0,-217821000.0,-548000.0,23059000.0,230000000.0,-519456000.0,-289752000.0,-301861000.0,446000.0,373721000.0,71000.0,272636000.0,272636000.0,272636000.0,0.0,0.0,0.051,1993290000.0,443508000.0,481412000.0,1.924,3.958,32.168,32.418,783469000.0,0.0,25.61,1.649,1.651,806800000.0,3301875000.0,5319369000.0,5319369000.0,0.0,0.044,0.117,0.085,0.084,54257000.0,1993290000.0,1.0,342445392.0,342914000.0,342914000.0,15.512,4531009000.0,0.0,77214000.0,9316000.0,13.213,950321000.0
18,MAT,MRT,2016-12-31,2016-12-31,2016-12-31,2021-09-07,-943029000.0,6493794000.0,6260793250.0,2940064000.0,3553730000.0,0.871,7.051,-262193000.0,869531000.0,869531000.0,2906459000.0,312908000.0,1.953,1.697,2326439000.0,192168000.0,2134271000.0,2326439000.0,0.0,262340000.0,0.0,0.055,1.52,497160000.0,759500000.0,0.139,759500000.0,497160000.0,402042000.0,0.91,0.91,0.91,2407782000.0,2402141750.0,2407782000.0,11559747436.0,23.0,15.22,332316000.0,0.973,1.0,2546691000.0,0.467,1387628000.0,95118000.0,5057501000.0,5155895750.0,613798000.0,0.0,0.0,0.0,4086012000.0,1505573000.0,2580439000.0,9423347436.0,-23283000.0,-33154000.0,34065000.0,225254000.0,-518529000.0,-281471000.0,-311910000.0,-6103000.0,594509000.0,-24411000.0,312908000.0,312908000.0,312908000.0,0.0,0.0,0.057,2026716000.0,519975000.0,664857000.0,1.67,3.914,30.115,30.275,773965000.0,0.0,27.55,1.728,1.725,1115217000.0,3545359000.0,5453150000.0,5453150000.0,0.0,0.05,0.13,0.096,0.091,53950000.0,2026716000.0,1.0,342045279.0,341480000.0,344233000.0,15.969,5106166000.0,0.0,89134000.0,19722000.0,14.953,1434491000.0
19,MAT,MRT,2016-09-30,2016-09-30,2016-09-30,2021-09-07,-875087000.0,6648867000.0,6271130500.0,3078805000.0,3570062000.0,0.896,7.063,-262722000.0,297089000.0,297089000.0,2925536000.0,359337000.0,1.871,1.753,2433489000.0,300000000.0,2133489000.0,2433489000.0,0.0,265521000.0,0.0,0.05,1.52,534505000.0,800026000.0,0.142,800026000.0,534505000.0,441618000.0,1.05,1.04,1.05,2415378000.0,2458509750.0,2415378000.0,12149275167.0,23.0,15.186,362827000.0,1.061,1.0,2696458000.0,0.48,1392155000.0,92887000.0,5747546000.0,5069999250.0,910546000.0,0.0,0.0,0.0,4233489000.0,1645566000.0,2587923000.0,10313945167.0,7392000.0,-33154000.0,33068000.0,188992000.0,-517489000.0,-313498000.0,-281261000.0,13162000.0,625549000.0,-23398000.0,359337000.0,359337000.0,359337000.0,0.0,0.0,0.064,2145815000.0,550643000.0,694757000.0,1.448,4.27,28.703,28.838,747451000.0,0.0,30.28,1.835,1.842,1528808000.0,3502076000.0,5621994000.0,5621994000.0,0.0,0.057,0.146,0.105,0.095,54305000.0,2145815000.0,1.0,340619061.0,341961000.0,344226000.0,16.44,5256712000.0,0.0,82281000.0,21695000.0,15.372,1433239000.0
20,MAT,MRT,2016-06-30,2016-06-30,2016-06-30,2021-09-07,-861358000.0,5931567000.0,6266319000.0,2365892000.0,3565675000.0,0.897,6.777,-251621000.0,317803000.0,317803000.0,2913097000.0,346871000.0,1.723,1.567,2153133000.0,367000000.0,1786133000.0,2153133000.0,0.0,266724000.0,0.0,0.049,1.52,523036000.0,789760000.0,0.141,789760000.0,523036000.0,433729000.0,1.02,1.02,1.02,2310287000.0,2497831000.0,2310287000.0,12138267206.0,23.0,15.37,483083000.0,1.417,1.0,2705290000.0,0.482,1394101000.0,89307000.0,4999564000.0,5071994000.0,891816000.0,0.0,0.0,0.0,3621280000.0,1373232000.0,2248048000.0,10652548206.0,17348000.0,-32987000.0,24135000.0,67000000.0,-516483000.0,-438671000.0,-245216000.0,2384000.0,734704000.0,-33469000.0,346871000.0,346871000.0,346871000.0,0.0,0.0,0.062,2171270000.0,534020000.0,565930000.0,1.49,4.611,30.71,30.676,736476000.0,0.0,31.29,1.896,1.899,794600000.0,3396027000.0,5618387000.0,5618387000.0,0.0,0.055,0.139,0.103,0.093,55777000.0,2171270000.0,1.0,340445772.0,340926000.0,340926000.0,16.48,4537466000.0,0.0,86858000.0,8680000.0,13.309,992660000.0
21,MAT,MRT,2016-03-31,2016-03-31,2016-03-31,2021-09-07,-830696000.0,5968945000.0,6302724000.0,2395957000.0,3572988000.0,0.896,7.272,-260742000.0,599708000.0,599708000.0,2904682000.0,354634000.0,1.941,1.412,2085427000.0,300000000.0,1785427000.0,2085427000.0,0.0,266982000.0,0.0,0.045,1.52,530972000.0,797954000.0,0.141,797954000.0,530972000.0,443583000.0,1.05,1.05,1.05,2475120000.0,2561377500.0,2475120000.0,12655112983.0,24.0,15.859,437672000.0,1.286,1.0,2744581000.0,0.486,1401567000.0,87389000.0,4818972000.0,5216447000.0,698316000.0,0.0,0.0,0.0,3493825000.0,1234125000.0,2259700000.0,11431012983.0,-83200000.0,-32606000.0,25011000.0,0.0,-515745000.0,-505799000.0,-245207000.0,11476000.0,698414000.0,-30608000.0,354634000.0,354634000.0,354634000.0,0.0,0.0,0.063,2198338000.0,546243000.0,424349000.0,1.448,4.618,32.233,32.019,732667000.0,0.0,33.62,2.023,2.026,748074000.0,3542486000.0,5649263000.0,5649263000.0,0.0,0.056,0.138,0.102,0.094,57452000.0,2198338000.0,1.0,340006335.0,340369000.0,340369000.0,16.597,4567378000.0,0.0,88949000.0,14393000.0,13.419,1161832000.0
22,MAT,MRT,2015-12-31,2015-12-31,2015-12-31,2021-09-07,-848899000.0,6535143000.0,6331912250.0,3001059000.0,3534084000.0,0.901,7.764,-254181000.0,892814000.0,892814000.0,2896255000.0,369416000.0,1.824,1.482,2101635000.0,316914000.0,1784721000.0,2101635000.0,0.0,265427000.0,0.0,0.056,1.52,549185000.0,814612000.0,0.143,814612000.0,549185000.0,463915000.0,1.08,1.08,1.08,2633254000.0,2609258250.0,2633254000.0,11191562658.0,20.0,13.739,480376000.0,1.416,1.0,2806358000.0,0.492,1384520000.0,85270000.0,4713915000.0,5337885000.0,587521000.0,0.0,0.0,0.0,3901889000.0,1645529000.0,2256360000.0,9220251658.0,-78836000.0,0.0,14995000.0,16914000.0,-515073000.0,-500222000.0,-282495000.0,-61509000.0,734557000.0,-30676000.0,369416000.0,369416000.0,369416000.0,0.0,0.0,0.065,2265436000.0,540922000.0,651681000.0,1.407,3.501,24.959,25.157,741147000.0,0.0,27.17,1.617,1.616,1145099000.0,3745815000.0,5702613000.0,5702613000.0,0.0,0.058,0.142,0.103,0.096,56691000.0,2265436000.0,1.0,339354128.0,339172000.0,339748000.0,16.813,5150623000.0,0.0,94499000.0,18752000.0,15.186,1355530000.0
23,MAT,MRT,2015-09-30,2015-09-30,2015-09-30,2021-09-07,-804921000.0,6629621000.0,6378622250.0,2979685000.0,3649936000.0,0.893,7.58,-258938000.0,289697000.0,289697000.0,2888149000.0,304187000.0,2.067,1.577,2245023000.0,161008000.0,2084015000.0,2245023000.0,0.0,268951000.0,0.0,0.072,1.52,494183000.0,763134000.0,0.134,763134000.0,494183000.0,409616000.0,0.9,0.89,0.9,2572663000.0,2688212500.0,2572663000.0,8930743204.0,18.0,11.703,551598000.0,1.625,1.0,2808686000.0,0.493,1387959000.0,84567000.0,5755525000.0,5501536750.0,870785000.0,0.0,0.0,0.0,4056958000.0,1441463000.0,2615495000.0,7131198204.0,27525000.0,0.0,-16106000.0,108508000.0,-514555000.0,-437229000.0,-310153000.0,-79014000.0,810536000.0,-35629000.0,304187000.0,304187000.0,304187000.0,0.0,0.0,0.053,2324808000.0,483878000.0,560668000.0,1.689,2.772,23.443,23.4,721299000.0,0.0,21.06,1.252,1.255,1451250000.0,3660796000.0,5696835000.0,5696835000.0,0.0,0.048,0.113,0.09,0.087,76359000.0,2324808000.0,1.0,338613400.0,339420000.0,339790000.0,16.784,5241662000.0,0.0,105429000.0,31918000.0,15.443,1538222000.0
24,MAT,MRT,2015-06-30,2015-06-30,2015-06-30,2021-09-07,-710873000.0,6077187000.0,6444603750.0,2330266000.0,3746921000.0,0.92,7.568,-265880000.0,300455000.0,300455000.0,2976064000.0,412239000.0,2.62,1.37,2083309000.0,0.0,2083309000.0,2083309000.0,0.0,269858000.0,0.0,0.059,1.52,601824000.0,871682000.0,0.147,871682000.0,601824000.0,517657000.0,1.21,1.2,1.21,2564473000.0,2812005250.0,2564473000.0,10109032419.0,17.0,11.597,461068000.0,1.361,1.0,2950227000.0,0.498,1393147000.0,84167000.0,5577376000.0,5606308250.0,853795000.0,0.0,0.0,0.0,3512714000.0,889518000.0,2623196000.0,8691940419.0,-217762000.0,0.0,-12686000.0,-20480000.0,-514325000.0,-565997000.0,-344982000.0,-74452000.0,726948000.0,-33731000.0,412239000.0,412239000.0,412239000.0,0.0,0.0,0.07,2357643000.0,592584000.0,396760000.0,1.256,3.389,21.085,21.231,733002000.0,0.0,25.69,1.467,1.469,803111000.0,3566687000.0,5926291000.0,5926291000.0,0.0,0.064,0.147,0.107,0.102,71439000.0,2357643000.0,1.0,338339448.0,338843000.0,338843000.0,17.49,4684040000.0,0.0,105418000.0,7787000.0,13.824,1440748000.0
25,MAT,MRT,2015-03-31,2015-03-31,2015-03-31,2021-09-07,-729026000.0,6085698000.0,6547352750.0,2400334000.0,3685364000.0,0.916,7.876,-255373000.0,682908000.0,682908000.0,3030452000.0,451915000.0,3.02,1.282,2082603000.0,0.0,2082603000.0,2082603000.0,0.0,261972000.0,0.0,0.067,1.52,605610000.0,867582000.0,0.145,867582000.0,605610000.0,523184000.0,1.32,1.31,1.32,2666643000.0,2908778750.0,2666643000.0,8857454380.0,15.0,10.209,519503000.0,1.534,1.0,2969939000.0,0.495,1385895000.0,82426000.0,5304724000.0,5655909750.0,640320000.0,0.0,0.0,0.0,3419055000.0,794774000.0,2624281000.0,7729104380.0,-214346000.0,-423309000.0,-108908000.0,450872000.0,-514016000.0,-187241000.0,-770938000.0,-87524000.0,774876000.0,-31043000.0,451915000.0,451915000.0,451915000.0,0.0,0.0,0.075,2376910000.0,593029000.0,287599000.0,1.152,2.898,17.103,17.311,715608000.0,0.0,22.85,1.288,1.289,699703000.0,3708274000.0,6000391000.0,6000391000.0,0.0,0.069,0.155,0.107,0.101,50903000.0,2376910000.0,1.0,338254021.0,338579000.0,338579000.0,17.722,4699803000.0,0.0,71269000.0,10537000.0,13.881,1605560000.0
26,MAT,MRT,2014-12-31,2014-12-31,2014-12-31,2021-09-07,-622089000.0,6721983000.0,6493920500.0,3186931000.0,3535052000.0,0.928,8.699,-260457000.0,971650000.0,971650000.0,3022797000.0,498874000.0,2.927,1.279,2100000000.0,0.0,2100000000.0,2100000000.0,0.0,248701000.0,0.0,0.049,1.52,666181000.0,914882000.0,0.152,914882000.0,666181000.0,586910000.0,1.46,1.45,1.46,2949071000.0,3016502250.0,2949071000.0,12375322552.0,19.0,13.527,628107000.0,1.853,1.0,3001022000.0,0.498,1392925000.0,79271000.0,5368522000.0,5533642500.0,561755000.0,0.0,0.0,0.0,3772912000.0,1088886000.0,2684026000.0,10484994552.0,-67566000.0,-423309000.0,-133863000.0,446594000.0,-514813000.0,-227319000.0,-708552000.0,-19933000.0,888564000.0,-20259000.0,498874000.0,498874000.0,498874000.0,0.0,0.0,0.083,2347308000.0,653714000.0,430259000.0,1.041,3.555,21.017,21.195,737869000.0,0.0,30.945,1.741,1.742,1094452000.0,3896261000.0,6023819000.0,6023819000.0,0.0,0.077,0.165,0.12,0.111,51993000.0,2347308000.0,1.0,338826775.0,339016000.0,340768000.0,17.769,5329058000.0,0.0,88036000.0,18783000.0,15.719,2098045000.0
27,MAT,MRT,2014-09-30,2014-09-30,2014-09-30,2021-09-07,-492687000.0,6893547000.0,6423331250.0,3325473000.0,3568074000.0,0.956,9.057,-245534000.0,262172000.0,262172000.0,2996986000.0,718192000.0,2.748,1.247,2152500000.0,52500000.0,2100000000.0,2152500000.0,0.0,228415000.0,0.0,0.049,1.5,909832000.0,1138247000.0,0.185,1138247000.0,909832000.0,832279000.0,2.09,2.08,2.09,3067834000.0,3092124250.0,3067834000.0,11957300725.0,13.0,10.505,629837000.0,1.859,1.0,3146083000.0,0.512,1398984000.0,77553000.0,6174611000.0,5410014250.0,824270000.0,0.0,0.0,0.0,3825713000.0,1210280000.0,2615433000.0,10355036725.0,-144289000.0,-423309000.0,-181515000.0,371555000.0,-508390000.0,-338702000.0,-670581000.0,-1352000.0,875371000.0,-10377000.0,718192000.0,718192000.0,718192000.0,0.0,0.0,0.117,2250071000.0,896012000.0,456594000.0,0.718,3.375,14.418,14.665,710612000.0,0.0,30.65,1.686,1.69,1695358000.0,3876423000.0,6143069000.0,6143069000.0,0.0,0.112,0.232,0.168,0.148,31202000.0,2250071000.0,1.0,337847854.0,338728000.0,340329000.0,18.136,5494563000.0,0.0,114087000.0,47388000.0,16.221,2115193000.0
28,MAT,MRT,2014-06-30,2014-06-30,2014-06-30,2021-09-07,-400264000.0,6488183000.0,6374008250.0,2887950000.0,3600233000.0,0.993,8.714,-245590000.0,518217000.0,518217000.0,3015681000.0,809192000.0,3.182,1.198,2120481000.0,20481000.0,2100000000.0,2120481000.0,0.0,211239000.0,0.0,0.038,1.48,1028562000.0,1239801000.0,0.196,1239801000.0,1028562000.0,952442000.0,2.34,2.32,2.34,2951567000.0,3077208000.0,2951567000.0,13923391608.0,14.0,11.23,659590000.0,1.947,1.0,3312925000.0,0.523,1407031000.0,76120000.0,5775782000.0,5232848750.0,882788000.0,0.0,0.0,0.0,3536616000.0,907634000.0,2628982000.0,13220645608.0,-304802000.0,-423309000.0,-427872000.0,376648000.0,-502957000.0,-572625000.0,-634372000.0,34599000.0,905180000.0,-2985000.0,809192000.0,809192000.0,809192000.0,0.0,0.0,0.128,2298217000.0,1014708000.0,385655000.0,0.632,4.479,16.338,16.654,703408000.0,0.0,38.97,2.089,2.086,884071000.0,3674348000.0,6328606000.0,6328606000.0,0.0,0.127,0.263,0.197,0.163,41914000.0,2298217000.0,1.0,339251876.0,338709000.0,340644000.0,18.684,5081152000.0,0.0,143250000.0,20651000.0,15.002,1980316000.0
29,MAT,MRT,2014-03-31,2014-03-31,2014-03-31,2021-09-07,-433721000.0,5871969000.0,6301060500.0,2818579000.0,3053390000.0,1.021,9.104,-242772000.0,897254000.0,897254000.0,3015100000.0,854215000.0,4.176,0.896,1600000000.0,0.0,1600000000.0,1600000000.0,0.0,201675000.0,0.0,0.036,1.46,1120956000.0,1322631000.0,0.206,1322631000.0,1120956000.0,1045542000.0,2.47,2.45,2.47,3097537000.0,3069678250.0,3097537000.0,14216961484.0,13.0,10.749,578679000.0,1.701,1.0,3420363000.0,0.531,1084118000.0,75414000.0,4815655000.0,5027303000.0,650777000.0,0.0,0.0,0.0,2774432000.0,674942000.0,2099490000.0,13651899484.0,-362258000.0,0.0,-405855000.0,-58999000.0,-499621000.0,-966088000.0,-206152000.0,39453000.0,821451000.0,-11469000.0,854215000.0,854215000.0,854215000.0,0.0,0.0,0.133,2311873000.0,1108490000.0,248183000.0,0.591,4.407,15.982,16.239,658757000.0,0.0,40.11,2.121,2.121,762612000.0,3775945000.0,6435463000.0,6435463000.0,0.0,0.136,0.278,0.223,0.174,60482000.0,2311873000.0,1.0,340361493.0,340226000.0,340226000.0,18.915,4787851000.0,0.0,191327000.0,13901000.0,14.073,2143637000.0
30,MAT,MRT,2013-12-31,2013-12-31,2013-12-31,2021-09-07,-443676000.0,6439626000.0,6381486000.0,3377993000.0,3061633000.0,1.016,9.469,-252054000.0,1039216000.0,1039216000.0,3006009000.0,903944000.0,3.225,0.98,1604278000.0,4278000.0,1600000000.0,1604278000.0,0.0,196393000.0,0.0,0.03,1.44,1177633000.0,1374026000.0,0.212,1374026000.0,1177633000.0,1099128000.0,2.61,2.58,2.61,3251559000.0,3057341000.0,3251559000.0,17424064274.0,15.0,12.681,446372000.0,1.3,1.0,3478883000.0,0.536,1083239000.0,78505000.0,4874009000.0,4977976750.0,568843000.0,0.0,0.0,0.0,3188067000.0,1047440000.0,2140627000.0,16102711274.0,-296495000.0,0.0,-358234000.0,85691000.0,-494371000.0,-739962000.0,-242106000.0,12849000.0,698426000.0,-12853000.0,903944000.0,903944000.0,903944000.0,0.0,0.0,0.139,2310780000.0,1168103000.0,375328000.0,0.552,4.952,17.814,18.23,659333000.0,0.0,47.58,2.483,2.52,1260105000.0,3918122000.0,6484892000.0,6484892000.0,0.0,0.142,0.296,0.237,0.182,61651000.0,2310780000.0,1.0,338434453.0,343394000.0,347459000.0,18.885,5356387000.0,0.0,195184000.0,27679000.0,15.598,2330553000.0
31,MAT,MRT,2013-09-30,2013-09-30,2013-09-30,2021-09-07,-487579000.0,6696255000.0,6403275750.0,3637510000.0,3058745000.0,1.035,8.763,-241144000.0,406461000.0,406461000.0,3073609000.0,841175000.0,2.472,1.226,1727814000.0,127814000.0,1600000000.0,1727814000.0,0.0,192997000.0,0.0,0.033,1.39,1075561000.0,1268558000.0,0.191,1268558000.0,1075561000.0,993906000.0,2.43,2.4,2.43,3008169000.0,3011212250.0,3008169000.0,15297695949.0,14.0,12.059,814394000.0,2.372,1.0,3553972000.0,0.536,1080090000.0,81655000.0,5465949000.0,4735501500.0,807209000.0,0.0,0.0,0.0,3688086000.0,1471569000.0,2216517000.0,14430013949.0,124366000.0,0.0,-294442000.0,68571000.0,-478698000.0,-678461000.0,-242750000.0,860000.0,1055538000.0,-9961000.0,841175000.0,841175000.0,841175000.0,0.0,0.0,0.127,2491697000.0,1062275000.0,394857000.0,0.572,4.797,17.155,17.235,634773000.0,0.0,41.88,2.177,2.169,1885181000.0,3672646000.0,6627581000.0,6627581000.0,0.0,0.131,0.279,0.227,0.162,67668000.0,2491697000.0,1.0,344556207.0,343279000.0,346695000.0,19.307,5616165000.0,0.0,152731000.0,65806000.0,16.36,2165941000.0
32,MAT,MRT,2013-06-30,2013-06-30,2013-06-30,2021-09-07,-515920000.0,6196392000.0,6308894250.0,3127161000.0,3069231000.0,1.03,8.429,-227286000.0,823019000.0,823019000.0,3017073000.0,784276000.0,3.012,1.121,1690701000.0,90701000.0,1600000000.0,1690701000.0,0.0,186121000.0,0.0,0.03,1.34,1031212000.0,1217333000.0,0.187,1217333000.0,1031212000.0,946410000.0,2.27,2.23,2.27,2921448000.0,2985134500.0,2921448000.0,16045465477.0,16.0,13.181,824352000.0,2.378,1.0,3481363000.0,0.536,1072084000.0,84802000.0,4953599000.0,4605951250.0,793611000.0,0.0,0.0,0.0,3274944000.0,1038391000.0,2236553000.0,15649981477.0,450738000.0,0.0,-36129000.0,93689000.0,-461660000.0,-375559000.0,-217936000.0,11743000.0,1051638000.0,-7405000.0,784276000.0,784276000.0,784276000.0,0.0,0.0,0.121,2459896000.0,1021467000.0,337511000.0,0.59,5.357,19.955,19.96,621168000.0,0.0,45.31,2.408,2.417,945727000.0,3374408000.0,6498436000.0,6498436000.0,0.0,0.124,0.263,0.224,0.159,65665000.0,2459896000.0,1.0,345397958.0,346614000.0,350424000.0,18.748,5124308000.0,0.0,162134000.0,25978000.0,14.784,2088770000.0
33,MAT,MRT,2013-03-31,2013-03-31,2013-03-31,2021-09-07,-481425000.0,6193671000.0,6157369500.0,3155518000.0,3038153000.0,1.054,8.853,-234365000.0,1259512000.0,1259512000.0,3012161000.0,807146000.0,3.512,1.032,1654996000.0,54996000.0,1600000000.0,1654996000.0,0.0,180103000.0,0.0,0.029,1.29,1067109000.0,1247212000.0,0.192,1247212000.0,1067109000.0,979042000.0,2.34,2.3,2.34,3048188000.0,2902476500.0,3048188000.0,15253435408.0,14.0,12.23,808180000.0,2.347,1.0,3475877000.0,0.536,1072345000.0,88067000.0,4618350000.0,4489467250.0,599901000.0,0.0,0.0,0.0,3145483000.0,898460000.0,2247023000.0,15079302408.0,474886000.0,0.0,37266000.0,100256000.0,-442285000.0,-295151000.0,-263233000.0,-29455000.0,1042545000.0,-9275000.0,807146000.0,807146000.0,807146000.0,0.0,0.0,0.124,2417767000.0,1058110000.0,257926000.0,0.551,4.947,18.682,18.705,605054000.0,0.0,43.77,2.324,2.323,750793000.0,3427808000.0,6488038000.0,6488038000.0,0.0,0.131,0.278,0.238,0.164,65286000.0,2417767000.0,1.0,344512278.0,344315000.0,348795000.0,18.843,5121326000.0,0.0,171896000.0,18014000.0,14.874,2257058000.0
34,MAT,MRT,2012-12-31,2012-12-31,2012-12-31,2021-09-07,-464486000.0,6526785000.0,5996720750.0,3556805000.0,2969980000.0,1.071,8.977,-219048000.0,1335711000.0,1335711000.0,3011684000.0,776464000.0,2.073,1.128,1509844000.0,409844000.0,1100000000.0,1509844000.0,0.0,174282000.0,0.0,0.034,1.24,1033880000.0,1208162000.0,0.188,1208162000.0,1033880000.0,945045000.0,2.25,2.22,2.25,3067044000.0,2800701500.0,3067044000.0,13937928316.0,13.0,11.536,1056602000.0,3.093,1.0,3409197000.0,0.531,1080798000.0,88835000.0,3904108000.0,4358266750.0,465057000.0,0.0,0.0,0.0,3459741000.0,1716012000.0,1743729000.0,12565520316.0,-33402000.0,-684522000.0,55563000.0,-48174000.0,-423378000.0,-410928000.0,-900152000.0,2964000.0,1275650000.0,2028000.0,776464000.0,776464000.0,776464000.0,0.0,0.0,0.121,2388182000.0,1021015000.0,385375000.0,0.551,4.097,16.183,16.276,593213000.0,0.0,36.62,1.957,1.949,1226833000.0,3515181000.0,6420881000.0,6420881000.0,0.0,0.129,0.277,0.237,0.161,63277000.0,2388182000.0,1.0,343132723.0,341665000.0,346158000.0,18.793,5445987000.0,0.0,168581000.0,33045000.0,15.94,1840793000.0
35,MAT,MRT,2012-09-30,2012-09-30,2012-09-30,2021-09-07,-436073000.0,6318729000.0,5782934000.0,3273338000.0,3045391000.0,1.093,8.476,-204092000.0,282095000.0,282095000.0,2975102000.0,840561000.0,1.968,1.176,1654503000.0,504503000.0,1150000000.0,1654503000.0,0.0,166232000.0,0.0,0.033,1.16,1146079000.0,1312311000.0,0.208,1312311000.0,1146079000.0,1057229000.0,2.42,2.4,2.42,2903858000.0,2686591250.0,2903858000.0,13312746780.0,12.0,10.145,681543000.0,1.989,1.0,3343628000.0,0.529,1079979000.0,88850000.0,4947748000.0,4382108750.0,796352000.0,0.0,0.0,0.0,3414871000.0,1663410000.0,1751461000.0,12092755780.0,27549000.0,-684522000.0,-22909000.0,449493000.0,-394904000.0,35723000.0,-888933000.0,-1141000.0,885635000.0,-4876000.0,840561000.0,840561000.0,840561000.0,0.0,0.0,0.133,2198586000.0,1145042000.0,376896000.0,0.479,4.164,14.387,14.657,575288000.0,0.0,35.47,1.914,1.923,1828211000.0,3316642000.0,6318730000.0,6318730000.0,0.0,0.145,0.313,0.262,0.181,62575000.0,2198586000.0,1.0,340929117.0,342595000.0,347122000.0,18.444,5238750000.0,0.0,216668000.0,47296000.0,15.291,1609928000.0
36,MAT,MRT,2012-06-30,2012-06-30,2012-06-30,2021-09-07,-459231000.0,5590293000.0,5503616000.0,2520068000.0,3070225000.0,1.134,7.592,-195626000.0,372281000.0,372281000.0,3055343000.0,775419000.0,2.021,1.158,1592272000.0,442272000.0,1150000000.0,1592272000.0,0.0,165182000.0,0.0,0.033,1.08,1057556000.0,1222738000.0,0.196,1222738000.0,1057556000.0,976053000.0,2.23,2.22,2.23,2590816000.0,2568249750.0,2590816000.0,11813772656.0,11.0,9.662,633946000.0,1.858,1.0,3184331000.0,0.51,1075786000.0,81503000.0,4487663000.0,4125801500.0,746707000.0,0.0,0.0,0.0,2999477000.0,1246835000.0,1752642000.0,11048398656.0,-46195000.0,-684522000.0,-176202000.0,624073000.0,-367398000.0,83823000.0,-944843000.0,-65058000.0,829572000.0,-14747000.0,775419000.0,775419000.0,775419000.0,0.0,0.0,0.124,2129086000.0,1055245000.0,313935000.0,0.484,4.264,14.248,14.547,561303000.0,0.0,32.44,1.771,1.774,980378000.0,3057962000.0,6239674000.0,6239674000.0,0.0,0.141,0.302,0.256,0.169,58799000.0,2129086000.0,1.0,340579490.0,341256000.0,345554000.0,18.284,4514507000.0,0.0,200634000.0,16105000.0,13.229,1273233000.0
37,MAT,MRT,2012-03-31,2012-03-31,2012-03-31,2021-09-07,-395545000.0,5551076000.0,5305467250.0,2504997000.0,3046079000.0,1.177,7.788,-183252000.0,784626000.0,784626000.0,3096580000.0,759730000.0,2.19,1.102,1550000000.0,400000000.0,1150000000.0,1550000000.0,0.0,162204000.0,0.0,0.03,1.0,1037201000.0,1199405000.0,0.192,1199405000.0,1037201000.0,959580000.0,2.18,2.17,2.18,2641088000.0,2537267000.0,2641088000.0,11599582527.0,11.0,9.671,693943000.0,2.046,1.0,3146050000.0,0.504,1078987000.0,77621000.0,4093548000.0,3906918750.0,603736000.0,0.0,0.0,0.0,2909988000.0,1143915000.0,1766073000.0,11410677527.0,-264737000.0,-684522000.0,-278889000.0,341783000.0,-341545000.0,-269558000.0,-867851000.0,-55000.0,877195000.0,-4523000.0,759730000.0,759730000.0,759730000.0,0.0,0.0,0.122,2112971000.0,1033079000.0,270344000.0,0.459,4.32,15.019,15.44,534745000.0,0.0,33.66,1.828,1.829,742267000.0,3069161000.0,6242630000.0,6242630000.0,0.0,0.143,0.299,0.265,0.166,54357000.0,2112971000.0,1.0,338998144.0,339144000.0,343660000.0,18.407,4472089000.0,0.0,199850000.0,10840000.0,13.186,1361082000.0
38,MAT,MRT,2011-12-31,2011-12-31,2011-12-31,2021-09-07,-446645000.0,5671638000.0,5163212500.0,3443707000.0,2227931000.0,1.214,7.574,-190914000.0,1369113000.0,1369113000.0,3120211000.0,768508000.0,3.315,1.173,1558018000.0,58018000.0,1500000000.0,1558018000.0,0.0,161298000.0,0.0,0.033,0.92,1046005000.0,1207303000.0,0.193,1207303000.0,1046005000.0,970673000.0,2.2,2.18,2.2,2610603000.0,2506348250.0,2610603000.0,10343086843.0,10.0,8.567,473779000.0,1.375,1.0,3145826000.0,0.502,822139000.0,75332000.0,3999476000.0,3699656000.0,487000000.0,0.0,0.0,0.0,3061035000.0,1038928000.0,2022107000.0,9400821843.0,87990000.0,0.0,-408398000.0,342902000.0,-316503000.0,-397308000.0,-174504000.0,16432000.0,664693000.0,-4891000.0,768508000.0,768508000.0,768508000.0,0.0,0.0,0.123,2104725000.0,1041101000.0,334999000.0,0.418,3.601,12.233,12.618,523941000.0,0.0,27.76,1.5,1.527,1246687000.0,3167996000.0,6266037000.0,6266037000.0,0.0,0.149,0.307,0.283,0.167,53476000.0,2104725000.0,1.0,338646320.0,344669000.0,348424000.0,18.18,4849499000.0,0.0,202165000.0,27110000.0,14.07,2404779000.0
39,MAT,MRT,2011-09-30,2011-09-30,2011-09-30,2021-09-07,-395082000.0,5201457000.0,5099736250.0,2972753000.0,2228704000.0,1.223,7.082,-184745000.0,254546000.0,254546000.0,3155401000.0,723115000.0,2.126,1.14,1196811000.0,296811000.0,900000000.0,1196811000.0,0.0,162561000.0,0.0,0.059,1.52,982430000.0,1144991000.0,0.184,1144991000.0,982430000.0,906667000.0,2.05,2.03,2.05,2430492000.0,2510843500.0,2430492000.0,9418955550.0,10.0,8.226,448770000.0,1.308,1.0,3081436000.0,0.494,822789000.0,75763000.0,3922519000.0,3490367250.0,763970000.0,0.0,0.0,0.0,2770965000.0,1398414000.0,1372551000.0,8877431550.0,-705999000.0,0.0,-591442000.0,-26522000.0,-529876000.0,-1167447000.0,-176334000.0,24172000.0,633515000.0,4267000.0,723115000.0,723115000.0,723115000.0,0.0,0.0,0.116,2109233000.0,972203000.0,422623000.0,0.741,3.653,12.277,12.629,515305000.0,0.0,25.89,1.423,1.425,1650578000.0,2876599000.0,6236837000.0,6236837000.0,0.0,0.142,0.288,0.281,0.158,56061000.0,2109233000.0,1.0,342890365.0,343191000.0,346792000.0,18.173,4378668000.0,0.0,183552000.0,45681000.0,12.759,1574339000.0
40,MAT,MRT,2011-06-30,2011-06-30,2011-06-30,2021-09-07,-287912000.0,4797698000.0,5239083750.0,2531102000.0,2266596000.0,1.159,7.106,-179146000.0,418476000.0,418476000.0,3008240000.0,705582000.0,2.817,0.945,960000000.0,10000000.0,950000000.0,960000000.0,0.0,162533000.0,0.0,0.047,1.29,941845000.0,1104378000.0,0.182,1104378000.0,941845000.0,867615000.0,1.96,1.94,1.96,2466885000.0,2617506000.0,2466885000.0,9705833127.0,10.0,8.789,494128000.0,1.423,1.0,3062893000.0,0.505,828525000.0,74230000.0,3612132000.0,3445520250.0,783533000.0,0.0,0.0,0.0,2330813000.0,898565000.0,1432248000.0,9555196127.0,-126393000.0,0.0,-490897000.0,236258000.0,-451162000.0,-726423000.0,-93693000.0,101214000.0,673274000.0,20449000.0,705582000.0,705582000.0,705582000.0,0.0,0.0,0.116,2129629000.0,933264000.0,371862000.0,0.658,3.873,13.542,14.026,513792000.0,0.0,27.49,1.574,1.572,1012000000.0,2655469000.0,6071133000.0,6071133000.0,0.0,0.135,0.27,0.273,0.155,61598000.0,2129629000.0,1.0,347588073.0,347133000.0,350944000.0,17.489,3969173000.0,0.0,162033000.0,17513000.0,11.434,1632537000.0
41,MAT,MRT,2011-03-31,2011-03-31,2011-03-31,2021-09-07,-318581000.0,4982057000.0,5158590500.0,2751712000.0,2230345000.0,1.149,7.212,-155661000.0,1049363000.0,1049363000.0,2931701000.0,676628000.0,2.645,0.979,1200000000.0,250000000.0,950000000.0,1200000000.0,0.0,164752000.0,0.0,0.043,1.06,904836000.0,1069588000.0,0.18,1069588000.0,904836000.0,834804000.0,1.87,1.85,1.87,2517413000.0,2627528500.0,2517413000.0,8611512803.0,10.0,8.051,575072000.0,1.647,1.0,2996268000.0,0.505,828032000.0,70032000.0,3264497000.0,3241362500.0,607199000.0,0.0,0.0,0.0,2464644000.0,1040165000.0,1424479000.0,8692635803.0,177472000.0,0.0,-490967000.0,436276000.0,-371384000.0,-444880000.0,-120775000.0,50647000.0,730733000.0,12394000.0,676628000.0,676628000.0,676628000.0,0.0,0.0,0.114,2102835000.0,893433000.0,300251000.0,0.567,3.453,12.847,13.332,494055000.0,0.0,24.93,1.466,1.468,758620000.0,2656023000.0,5927969000.0,5927969000.0,0.0,0.131,0.258,0.279,0.153,65281000.0,2102835000.0,1.0,348681741.0,349072000.0,352707000.0,16.982,4154025000.0,0.0,158176000.0,18634000.0,11.9,1711547000.0
42,MAT,MRT,2010-12-31,2010-12-31,2010-12-31,2021-09-07,-359199000.0,5417733000.0,5038880250.0,3226610000.0,2191123000.0,1.162,7.289,-134116000.0,1281123000.0,1281123000.0,2901222000.0,684863000.0,2.39,1.061,1200000000.0,250000000.0,950000000.0,1200000000.0,0.0,165808000.0,0.0,0.033,0.83,911664000.0,1077472000.0,0.184,1077472000.0,911664000.0,846825000.0,1.88,1.86,1.88,2628584000.0,2647080750.0,2628584000.0,9379939625.0,10.0,8.706,393854000.0,1.092,1.0,2954973000.0,0.505,824007000.0,64839000.0,3162321000.0,3134602750.0,463838000.0,0.0,0.0,0.0,2789149000.0,1350282000.0,1438867000.0,9125030625.0,164126000.0,0.0,-373340000.0,441225000.0,-291256000.0,-224816000.0,-146650000.0,3227000.0,527970000.0,7622000.0,684863000.0,684863000.0,684863000.0,0.0,0.0,0.117,2053071000.0,901902000.0,406270000.0,0.441,3.471,13.324,13.527,484705000.0,0.0,25.43,1.558,1.566,1146106000.0,2720645000.0,5856195000.0,5856195000.0,0.0,0.136,0.259,0.291,0.156,67138000.0,2053071000.0,1.0,358829360.0,360615000.0,364570000.0,16.239,4593726000.0,0.0,161962000.0,51801000.0,12.739,1876328000.0
43,MAT,MRT,2010-09-30,2010-09-30,2010-09-30,2021-09-07,-356036000.0,5758847000.0,4879585750.0,3565741000.0,2193106000.0,1.165,7.923,-121881000.0,960545000.0,960545000.0,2783620000.0,688058000.0,2.466,1.016,1215454000.0,255454000.0,960000000.0,1215454000.0,0.0,168047000.0,0.0,0.032,0.75,899055000.0,1067102000.0,0.188,1067102000.0,899055000.0,839025000.0,1.89,1.88,1.89,2857142000.0,2622682000.0,2857142000.0,8604263547.0,10.0,8.063,714337000.0,1.981,1.0,2903149000.0,0.511,824799000.0,60030000.0,3743131000.0,2975564000.0,741433000.0,0.0,0.0,0.0,2901705000.0,1445826000.0,1455879000.0,8439132547.0,636827000.0,0.0,-91105000.0,290003000.0,-271353000.0,-41271000.0,-120051000.0,5129000.0,836218000.0,-38069000.0,688058000.0,688058000.0,688058000.0,0.0,0.0,0.121,2012445000.0,890704000.0,466048000.0,0.397,2.954,12.265,12.413,478083000.0,0.0,23.46,1.484,1.488,1550016000.0,2699432000.0,5686769000.0,5686769000.0,0.0,0.141,0.262,0.302,0.158,59732000.0,2012445000.0,1.0,359724320.0,360608000.0,363483000.0,15.77,4934048000.0,0.0,150967000.0,52160000.0,13.683,2119915000.0
44,MAT,MRT,2010-06-30,2010-06-30,2010-06-30,2021-09-07,-448179000.0,4475725000.0,4687140750.0,2278003000.0,2197722000.0,1.204,6.91,-114468000.0,544869000.0,544869000.0,2761355000.0,634638000.0,2.217,0.785,710000000.0,250000000.0,460000000.0,710000000.0,0.0,166582000.0,0.0,0.035,0.75,862543000.0,1029125000.0,0.182,1029125000.0,862543000.0,797039000.0,1.74,1.74,1.74,2506975000.0,2509821000.0,2506975000.0,7596006744.0,9.0,7.381,808301000.0,2.228,1.0,2884233000.0,0.511,817618000.0,65504000.0,2795501000.0,2895069500.0,597614000.0,0.0,0.0,0.0,1968750000.0,1027737000.0,941013000.0,7717897744.0,122184000.0,0.0,-37053000.0,-345583000.0,-271353000.0,-618542000.0,-139511000.0,-21744000.0,922769000.0,-42532000.0,634638000.0,634638000.0,634638000.0,0.0,0.0,0.112,2015706000.0,868527000.0,340772000.0,0.431,3.079,12.161,12.161,486026000.0,0.0,21.16,1.367,1.36,805076000.0,2416084000.0,5645588000.0,5645588000.0,0.0,0.135,0.253,0.298,0.153,55227000.0,2015706000.0,1.0,364739969.0,362819000.0,365851000.0,15.56,3658107000.0,0.0,162401000.0,15088000.0,10.082,1250266000.0
45,MAT,MRT,2010-03-31,2010-03-31,2010-03-31,2021-09-07,-391772000.0,4503216000.0,4687603000.0,2301315000.0,2201901000.0,1.179,7.146,-123053000.0,871891000.0,871891000.0,2724605000.0,604532000.0,3.182,0.735,750000000.0,50000000.0,700000000.0,750000000.0,0.0,166026000.0,0.0,0.033,0.75,828328000.0,994354000.0,0.18,994354000.0,828328000.0,758779000.0,1.66,1.66,1.66,2595622000.0,2425499000.0,2595622000.0,7904531895.0,10.0,7.949,792188000.0,2.181,1.0,2800677000.0,0.507,820557000.0,69549000.0,2837458000.0,3003954000.0,429638000.0,0.0,0.0,0.0,1907594000.0,723310000.0,1184284000.0,8269578895.0,467019000.0,0.0,62176000.0,-151919000.0,-271353000.0,-332790000.0,-91867000.0,34485000.0,915241000.0,-23565000.0,604532000.0,604532000.0,604532000.0,0.0,0.0,0.109,1969073000.0,831604000.0,246276000.0,0.452,3.186,13.679,13.699,492221000.0,0.0,22.74,1.497,1.495,661881000.0,2364509000.0,5525282000.0,5525282000.0,0.0,0.129,0.249,0.276,0.15,53353000.0,1969073000.0,1.0,363657823.0,363231000.0,366144000.0,15.211,3682659000.0,0.0,154247000.0,14713000.0,10.139,1578005000.0
46,MAT,MRT,2009-12-31,2009-12-31,2009-12-31,2021-09-07,-379534000.0,4780555000.0,4588286250.0,2554619000.0,2225936000.0,1.184,7.029,-119136000.0,1116997000.0,1116997000.0,2716149000.0,528704000.0,2.408,0.889,751950000.0,51950000.0,700000000.0,751950000.0,0.0,169830000.0,0.0,0.038,0.75,731890000.0,901720000.0,0.166,901720000.0,731890000.0,660047000.0,1.45,1.45,1.45,2530989000.0,2288104250.0,2530989000.0,7817949455.0,11.0,8.67,825905000.0,2.294,1.0,2714697000.0,0.5,828468000.0,71843000.0,2526166000.0,3049058750.0,355663000.0,0.0,0.0,0.0,2249566000.0,1060874000.0,1188692000.0,7222375455.0,499303000.0,0.0,30896000.0,-160177000.0,-271353000.0,-376090000.0,-33529000.0,88906000.0,945041000.0,-36119000.0,528704000.0,528704000.0,528704000.0,0.0,0.0,0.097,1983529000.0,731168000.0,350675000.0,0.517,2.854,13.661,13.779,504808000.0,0.0,19.98,1.33,1.325,749335000.0,2339506000.0,5430846000.0,5430846000.0,0.0,0.115,0.231,0.24,0.135,49962000.0,1983529000.0,1.0,361480253.0,360085000.0,361510000.0,15.082,3952087000.0,0.0,131343000.0,40368000.0,10.975,1493745000.0
47,MAT,MRT,2009-09-30,2009-09-30,2009-09-30,2021-09-07,-390960000.0,4989067000.0,4561907250.0,2703492000.0,2285575000.0,1.187,6.667,-148059000.0,323718000.0,323718000.0,2852962000.0,376726000.0,2.023,1.074,919292000.0,209292000.0,710000000.0,919292000.0,0.0,170472000.0,0.0,0.041,0.75,570366000.0,740838000.0,0.137,740838000.0,570366000.0,488725000.0,1.03,1.03,1.03,2405698000.0,2184640750.0,2405698000.0,7276533431.0,13.0,9.822,636049000.0,1.763,1.0,2562713000.0,0.473,826816000.0,81641000.0,3421153000.0,3137909250.0,606019000.0,0.0,0.0,0.0,2583369000.0,1336672000.0,1246697000.0,6645008431.0,-123086000.0,-34945000.0,-4476000.0,-527542000.0,-268854000.0,-816746000.0,-90321000.0,92683000.0,784108000.0,-127000.0,376726000.0,376726000.0,376726000.0,0.0,0.0,0.07,2016585000.0,546128000.0,406436000.0,0.728,2.762,17.639,17.922,513160000.0,0.0,18.46,1.227,1.23,1450320000.0,2286112000.0,5415675000.0,5415675000.0,0.0,0.083,0.172,0.182,0.105,45698000.0,2016585000.0,1.0,359967954.0,360843000.0,361925000.0,15.008,4162251000.0,0.0,111999000.0,11115000.0,11.535,1366820000.0
48,MAT,MRT,2009-06-30,2009-06-30,2009-06-30,2021-09-07,-376172000.0,4477574000.0,4695588000.0,2162188000.0,2315386000.0,1.186,6.047,-176261000.0,422685000.0,422685000.0,3025947000.0,384982000.0,2.064,1.064,1054210000.0,344210000.0,710000000.0,1054210000.0,0.0,172021000.0,0.0,0.047,0.75,573935000.0,745956000.0,0.134,745956000.0,573935000.0,491200000.0,1.05,1.05,1.05,2169687000.0,2188518250.0,2169687000.0,6249612246.0,11.0,8.378,439948000.0,1.226,1.0,2544168000.0,0.457,830539000.0,82735000.0,3231039000.0,3216804000.0,589554000.0,0.0,0.0,0.0,2307887000.0,1047521000.0,1260366000.0,5754484246.0,38278000.0,-58396000.0,-46102000.0,32676000.0,-268854000.0,-293330000.0,-267272000.0,-32615000.0,616209000.0,-17329000.0,384982000.0,384982000.0,384982000.0,0.0,0.0,0.069,2019145000.0,525023000.0,266050000.0,0.714,2.652,14.947,15.286,522221000.0,0.0,16.05,1.033,1.034,747157000.0,2056186000.0,5570115000.0,5570115000.0,0.0,0.082,0.176,0.178,0.103,42480000.0,2019145000.0,1.0,358534844.0,358824000.0,360881000.0,15.523,3647035000.0,0.0,106218000.0,0.0,10.164,1114667000.0
49,MAT,MRT,2009-03-31,2009-03-31,2009-03-31,2021-09-07,-460884000.0,4105949000.0,4734479500.0,1833633000.0,2272316000.0,1.222,5.701,-180297000.0,404872000.0,404872000.0,3150907000.0,375296000.0,2.378,1.007,900000000.0,150000000.0,750000000.0,900000000.0,0.0,173234000.0,0.0,0.065,0.75,564128000.0,737362000.0,0.127,737362000.0,564128000.0,482316000.0,1.02,1.02,1.02,2046043000.0,2228411250.0,2046043000.0,4415423615.0,8.0,5.988,305669000.0,0.852,1.0,2633442000.0,0.455,812233000.0,81812000.0,3017877000.0,3223301500.0,487886000.0,0.0,0.0,0.0,2059906000.0,770967000.0,1288939000.0,4133117615.0,-219991000.0,-58396000.0,-85252000.0,-14060000.0,-268854000.0,-376941000.0,-291328000.0,-52635000.0,485966000.0,-37688000.0,375296000.0,375296000.0,375296000.0,0.0,0.0,0.065,2110324000.0,523118000.0,198584000.0,0.735,2.02,11.013,11.304,516424000.0,0.0,11.53,0.715,0.715,565314000.0,2034654000.0,5784349000.0,5784349000.0,0.0,0.079,0.168,0.175,0.098,38145000.0,2110324000.0,1.0,358466402.0,358891000.0,358891000.0,16.117,3293716000.0,0.0,107020000.0,20838000.0,9.177,1062666000.0
50,MAT,MRT,2008-12-31,2008-12-31,2008-12-31,2021-09-07,-430635000.0,4675039000.0,4818365250.0,2386850000.0,2288189000.0,1.228,5.869,-191609000.0,617694000.0,617694000.0,3233596000.0,379636000.0,1.894,1.208,900000000.0,150000000.0,750000000.0,900000000.0,0.0,172095000.0,0.0,0.047,0.75,569908000.0,742003000.0,0.125,742003000.0,569908000.0,487964000.0,1.04,1.04,1.04,2117135000.0,2301719000.0,2117135000.0,6726392608.0,12.0,9.065,244729000.0,0.678,1.0,2684406000.0,0.454,815803000.0,81944000.0,2881568000.0,3232295000.0,485925000.0,0.0,0.0,0.0,2557904000.0,1259974000.0,1297930000.0,5734884608.0,-283454000.0,-58396000.0,-72267000.0,-45673000.0,-268854000.0,-395695000.0,-311672000.0,-61667000.0,436338000.0,-12425000.0,379636000.0,379636000.0,379636000.0,0.0,0.0,0.064,2142614000.0,541792000.0,421736000.0,0.721,2.709,15.106,15.385,536162000.0,0.0,16.0,0.969,0.975,873542000.0,2085573000.0,5918002000.0,5918002000.0,0.0,0.079,0.165,0.176,0.096,35757000.0,2142614000.0,1.0,358430288.0,360757000.0,362211000.0,16.404,3859236000.0,0.0,108328000.0,38855000.0,10.698,1126876000.0
51,MAT,MRT,2008-09-30,2008-09-30,2008-09-30,2021-09-07,-222196000.0,5523790000.0,4850969250.0,3215538000.0,2308252000.0,1.271,6.709,-181850000.0,446804000.0,446804000.0,3323691000.0,531711000.0,1.648,1.281,1438312000.0,678312000.0,760000000.0,1438312000.0,0.0,172390000.0,0.0,0.042,0.75,684877000.0,857267000.0,0.139,857267000.0,684877000.0,605846000.0,1.41,1.4,1.41,2421208000.0,2349120750.0,2421208000.0,7136457061.0,10.0,8.325,323107000.0,0.895,1.0,2842980000.0,0.461,827431000.0,79031000.0,3736732000.0,3121211000.0,751133000.0,0.0,0.0,0.0,3102582000.0,1951135000.0,1151447000.0,6503877061.0,169980000.0,-23182000.0,-248642000.0,473563000.0,-272343000.0,-57847000.0,-272034000.0,-67002000.0,504957000.0,-5096000.0,531711000.0,531711000.0,531711000.0,0.0,0.0,0.086,2171488000.0,671492000.0,515985000.0,0.532,2.686,12.232,12.794,525206000.0,0.0,18.04,1.055,1.056,1712820000.0,2180849000.0,6166671000.0,6166671000.0,0.0,0.11,0.226,0.219,0.111,33399000.0,2171488000.0,1.0,360525336.0,360881000.0,361742000.0,17.088,4696359000.0,0.0,74135000.0,45264000.0,13.014,1264403000.0
52,MAT,MRT,2008-06-30,2008-06-30,2008-06-30,2021-09-07,-107528000.0,4633140000.0,4752160000.0,2377904000.0,2255236000.0,1.275,6.448,-164686000.0,384407000.0,384407000.0,3251308000.0,530363000.0,2.047,0.989,1016987000.0,256987000.0,760000000.0,1016987000.0,0.0,174299000.0,0.0,0.044,0.75,681400000.0,855699000.0,0.141,855699000.0,681400000.0,606426000.0,1.37,1.36,1.37,2329259000.0,2334577750.0,2329259000.0,6481171585.0,10.0,7.574,357748000.0,0.99,1.0,2807622000.0,0.463,847100000.0,74974000.0,3257029000.0,2988940000.0,676108000.0,0.0,0.0,0.0,2303881000.0,1161591000.0,1142290000.0,6196034585.0,-358214000.0,-25571000.0,-826136000.0,376307000.0,-272343000.0,-709039000.0,-184070000.0,6187000.0,522434000.0,12461000.0,530363000.0,530363000.0,530363000.0,0.0,0.0,0.088,2140951000.0,666671000.0,374453000.0,0.547,2.66,11.683,12.496,517814000.0,0.0,17.12,1.023,1.021,977449000.0,1942696000.0,6058930000.0,6058930000.0,0.0,0.112,0.227,0.228,0.112,28708000.0,2140951000.0,1.0,361917908.0,361262000.0,363919000.0,16.772,3786040000.0,0.0,76063000.0,22983000.0,10.48,1216313000.0
53,MAT,MRT,2008-03-31,2008-03-31,2008-03-31,2021-09-07,-117153000.0,4441492000.0,4755881000.0,2201753000.0,2239739000.0,1.251,6.467,-153148000.0,624863000.0,624863000.0,3193674000.0,541384000.0,2.664,0.899,910000000.0,10000000.0,900000000.0,910000000.0,0.0,171476000.0,0.0,0.038,0.75,700498000.0,871974000.0,0.147,871974000.0,700498000.0,627958000.0,1.4,1.39,1.4,2339274000.0,2433639250.0,2339274000.0,7238891100.0,10.0,8.302,469485000.0,1.298,1.0,2755450000.0,0.463,846264000.0,72540000.0,3053851000.0,2866285250.0,534158000.0,0.0,0.0,0.0,2102218000.0,826514000.0,1275704000.0,7191036100.0,-359334000.0,-104484000.0,-745433000.0,254440000.0,-272343000.0,-746622000.0,-258376000.0,-744000.0,622633000.0,23031000.0,541384000.0,541384000.0,541384000.0,0.0,0.0,0.091,2082538000.0,672912000.0,307591000.0,0.536,3.074,13.283,14.214,514747000.0,0.0,19.9,1.209,1.21,728229000.0,1930838000.0,5949124000.0,5949124000.0,0.0,0.114,0.222,0.244,0.118,25557000.0,2082538000.0,1.0,361358598.0,361751000.0,361751000.0,16.445,3595228000.0,0.0,86574000.0,3214000.0,9.938,1375239000.0
54,MAT,MRT,2007-12-31,2007-12-31,2007-12-31,2021-09-07,-175810000.0,4805455000.0,4762410500.0,2592936000.0,2212519000.0,1.254,6.0,-145806000.0,901148000.0,901148000.0,3192790000.0,599993000.0,1.651,1.083,949003000.0,399003000.0,550000000.0,949003000.0,0.0,172080000.0,0.0,0.039,0.75,774372000.0,946452000.0,0.159,946452000.0,774372000.0,703398000.0,1.55,1.53,1.55,2306742000.0,2506991000.0,2306742000.0,7671794898.0,10.0,8.106,414726000.0,1.079,1.0,2777300000.0,0.465,845649000.0,70974000.0,2437232000.0,2711994750.0,428710000.0,0.0,0.0,0.0,2498713000.0,1570429000.0,928284000.0,6984722898.0,-304404000.0,-104484000.0,-583788000.0,246261000.0,-272343000.0,-587765000.0,-285290000.0,-35000000.0,560532000.0,8119000.0,599993000.0,599993000.0,599993000.0,0.0,0.0,0.1,2047222000.0,730078000.0,441145000.0,0.484,3.028,11.641,12.284,518616000.0,0.0,19.04,1.17,1.226,991196000.0,1977456000.0,5970090000.0,5970090000.0,0.0,0.126,0.239,0.286,0.13,22163000.0,2047222000.0,1.0,366844690.0,384450000.0,388955000.0,15.529,3959806000.0,0.0,103405000.0,17072000.0,10.3,1022507000.0
55,MAT,MRT,2007-09-30,2007-09-30,2007-09-30,2021-09-07,-225750000.0,5128553000.0,4800017750.0,2869342000.0,2259211000.0,1.227,6.116,-115398000.0,276824000.0,276824000.0,3151400000.0,557869000.0,1.639,1.17,963896000.0,403896000.0,560000000.0,963896000.0,0.0,172147000.0,0.0,0.028,0.65,804117000.0,976264000.0,0.166,976264000.0,804117000.0,733135000.0,1.45,1.44,1.45,2363036000.0,2538549000.0,2363036000.0,9133716763.0,11.0,9.356,517203000.0,1.339,1.0,2738906000.0,0.465,857217000.0,70982000.0,3207648000.0,2608308750.0,732257000.0,0.0,0.0,0.0,2765517000.0,1750760000.0,1014757000.0,9241224763.0,-275601000.0,-301118000.0,-294683000.0,28547000.0,-249542000.0,-478828000.0,-451516000.0,-35000000.0,632601000.0,22142000.0,557869000.0,557869000.0,557869000.0,0.0,0.0,0.095,1982235000.0,756671000.0,494358000.0,0.448,3.911,16.565,16.179,515425000.0,0.0,23.46,1.569,1.539,1640305000.0,1923657000.0,5890306000.0,5890306000.0,0.0,0.116,0.22,0.308,0.137,16519000.0,1982235000.0,1.0,393914099.0,386346000.0,391294000.0,15.246,4271336000.0,0.0,175266000.0,45115000.0,11.056,1118582000.0
56,MAT,MRT,2007-06-30,2007-06-30,2007-06-30,2021-09-07,-249192000.0,4648024000.0,4735437250.0,2434958000.0,2213066000.0,1.234,6.879,-109342000.0,742621000.0,742621000.0,3116481000.0,560144000.0,2.645,0.705,635113000.0,75113000.0,560000000.0,635113000.0,0.0,170439000.0,0.0,0.026,0.65,807187000.0,977626000.0,0.167,977626000.0,807187000.0,730000000.0,1.47,1.45,1.47,2725505000.0,2522728750.0,2725505000.0,9613379339.0,12.0,9.833,632940000.0,1.598,1.0,2725563000.0,0.467,853672000.0,77187000.0,2766410000.0,2561848250.0,606735000.0,0.0,0.0,0.0,1922519000.0,920434000.0,1002085000.0,9947576339.0,117571000.0,-275928000.0,268820000.0,-294399000.0,-249542000.0,-259028000.0,-385270000.0,0.0,742282000.0,19587000.0,560144000.0,560144000.0,560144000.0,0.0,0.0,0.096,1957185000.0,768378000.0,316390000.0,0.442,3.65,17.759,17.204,512688000.0,0.0,25.29,1.703,1.715,860673000.0,1686907000.0,5842044000.0,5842044000.0,0.0,0.118,0.222,0.315,0.138,32993000.0,1957185000.0,1.0,393340306.0,396196000.0,402840000.0,14.745,3794352000.0,0.0,169856000.0,20591000.0,9.577,1514524000.0
57,MAT,MRT,2007-03-31,2007-03-31,2007-03-31,2021-09-07,-271075000.0,4467610000.0,4619372500.0,2365362000.0,2102248000.0,1.255,6.752,-112767000.0,984197000.0,984197000.0,3098553000.0,574720000.0,2.794,0.697,650000000.0,90000000.0,560000000.0,650000000.0,0.0,174084000.0,0.0,0.024,0.65,815022000.0,989106000.0,0.171,989106000.0,815022000.0,735889000.0,1.51,1.49,1.51,2632681000.0,2354810500.0,2632681000.0,10334198386.0,13.0,10.448,726724000.0,1.864,1.0,2698521000.0,0.465,850046000.0,79133000.0,2436689000.0,2549187750.0,448553000.0,0.0,0.0,0.0,1834929000.0,846678000.0,988251000.0,10839750386.0,380925000.0,-197710000.0,90327000.0,-20930000.0,-249542000.0,-165224000.0,-310477000.0,0.0,839491000.0,17135000.0,574720000.0,574720000.0,574720000.0,0.0,0.0,0.099,1917081000.0,781440000.0,259515000.0,0.43,4.117,18.861,18.258,518828000.0,0.0,27.57,1.87,1.854,730579000.0,1664103000.0,5797074000.0,5797074000.0,0.0,0.124,0.244,0.32,0.141,30438000.0,1917081000.0,1.0,393171940.0,389883000.0,396750000.0,14.869,3617564000.0,0.0,161169000.0,23697000.0,9.279,1518684000.0
58,MAT,MRT,2006-12-31,2006-12-31,2006-12-31,2021-09-07,-276861000.0,4955884000.0,4468675000.0,2850138000.0,2105746000.0,1.264,6.354,-117074000.0,1205552000.0,1205552000.0,3038363000.0,592927000.0,1.801,1.037,700000000.0,64286000.0,635714000.0,700000000.0,0.0,172264000.0,0.0,0.029,0.65,763609000.0,935873000.0,0.166,935873000.0,763609000.0,683756000.0,1.55,1.53,1.55,2432974000.0,2235877250.0,2432974000.0,9022677005.0,12.0,9.641,758872000.0,1.982,1.0,2611793000.0,0.462,845324000.0,79853000.0,2022488000.0,2517707500.0,383149000.0,0.0,0.0,0.0,2522910000.0,1582520000.0,940390000.0,8642706005.0,207818000.0,-197710000.0,-89046000.0,-45628000.0,-249542000.0,-374120000.0,-314784000.0,0.0,875946000.0,20776000.0,592927000.0,592927000.0,592927000.0,0.0,0.0,0.105,1882975000.0,728818000.0,375882000.0,0.419,3.552,14.576,14.619,536749000.0,0.0,22.66,1.53,1.536,943813000.0,1652140000.0,5650156000.0,5650156000.0,0.0,0.133,0.265,0.303,0.135,27546000.0,1882975000.0,1.0,381408032.0,382921000.0,386422000.0,14.755,4110560000.0,0.0,90829000.0,161917000.0,10.735,1267618000.0
59,MAT,MRT,2006-09-30,2006-09-30,2006-09-30,2021-09-07,-273929000.0,4870231000.0,4322782250.0,2885500000.0,1984731000.0,1.246,6.074,-143205000.0,552425000.0,552425000.0,2904061000.0,585735000.0,1.926,1.118,932396000.0,157396000.0,775000000.0,932396000.0,0.0,173143000.0,0.0,0.025,0.5,692454000.0,865597000.0,0.161,865597000.0,692454000.0,616168000.0,1.49,1.48,1.49,2299755000.0,2153067000.0,2299755000.0,7750021002.0,11.0,8.953,584821000.0,1.545,1.0,2480181000.0,0.461,730292000.0,76286000.0,3021806000.0,2496165250.0,672232000.0,0.0,0.0,0.0,2570476000.0,1498104000.0,1072372000.0,7446680002.0,378624000.0,-1345000.0,-417886000.0,403326000.0,-200464000.0,-209180000.0,-144550000.0,0.0,728026000.0,4328000.0,585735000.0,585735000.0,585735000.0,0.0,0.0,0.109,1818351000.0,661830000.0,455308000.0,0.336,3.238,12.713,13.221,525423000.0,0.0,19.7,1.383,1.385,1387934000.0,1616397000.0,5384242000.0,5384242000.0,0.0,0.135,0.272,0.277,0.129,24878000.0,1818351000.0,1.0,378004061.0,378628000.0,382664000.0,14.22,4139939000.0,0.0,30433000.0,134626000.0,10.934,1387396000.0
60,MAT,MRT,2006-06-30,2006-06-30,2006-06-30,2021-09-07,-281661000.0,4183765000.0,4205604750.0,2174028000.0,2009737000.0,1.251,5.318,-136587000.0,625050000.0,625050000.0,2870006000.0,572049000.0,2.084,1.037,928391000.0,133391000.0,795000000.0,928391000.0,0.0,172121000.0,0.0,0.03,0.5,693523000.0,865644000.0,0.165,865644000.0,693523000.0,622954000.0,1.42,1.41,1.42,2053832000.0,2148834750.0,2053832000.0,6495331997.0,9.0,7.503,523251000.0,1.355,1.0,2390069000.0,0.454,728184000.0,70569000.0,2715768000.0,2371860000.0,538525000.0,0.0,0.0,0.0,2129933000.0,1043154000.0,1086779000.0,6430135997.0,263121000.0,-1195000.0,-397007000.0,306461000.0,-200464000.0,-287181000.0,-116633000.0,21149000.0,659838000.0,7097000.0,572049000.0,572049000.0,572049000.0,0.0,0.0,0.109,1741674000.0,648395000.0,295340000.0,0.352,3.131,11.241,11.627,535935000.0,0.0,16.51,1.222,1.212,743701000.0,1377372000.0,5260075000.0,5260075000.0,0.0,0.136,0.266,0.292,0.132,1627000.0,1741674000.0,1.0,389469170.0,386191000.0,388777000.0,13.62,3455581000.0,0.0,50905000.0,109896000.0,8.948,1130874000.0
61,MAT,MRT,2006-03-31,2006-03-31,2006-03-31,2021-09-07,-291693000.0,3864820000.0,4137562500.0,1883365000.0,1981455000.0,1.254,5.548,-133665000.0,603272000.0,603272000.0,2828477000.0,440682000.0,2.093,0.792,668468000.0,143468000.0,525000000.0,668468000.0,0.0,172846000.0,0.0,0.028,0.5,680752000.0,853598000.0,0.164,853598000.0,680752000.0,606606000.0,1.09,1.08,1.09,2156948000.0,2153130500.0,2156948000.0,6793111559.0,10.0,7.958,417864000.0,1.075,1.0,2360766000.0,0.455,719212000.0,74146000.0,2310768000.0,2247258500.0,410761000.0,0.0,0.0,0.0,1707872000.0,900036000.0,807836000.0,7047851559.0,-175431000.0,-500000.0,-487137000.0,58997000.0,-200464000.0,-628040000.0,-103961000.0,30204000.0,551529000.0,5041000.0,440682000.0,440682000.0,440682000.0,0.0,0.0,0.085,1733757000.0,627009000.0,216668000.0,0.459,3.268,15.993,16.633,535217000.0,0.0,18.13,1.358,1.358,585039000.0,1339992000.0,5189243000.0,5189243000.0,0.0,0.107,0.205,0.303,0.131,961000.0,1733757000.0,1.0,388739744.0,388766000.0,391287000.0,13.348,3145608000.0,0.0,165924000.0,108472000.0,8.091,983329000.0
62,MAT,MRT,2005-12-31,2005-12-31,2005-12-31,2021-09-07,-303028000.0,4372313000.0,4209915000.0,2412500000.0,1959813000.0,1.23,5.159,-129057000.0,997734000.0,997734000.0,2806148000.0,417019000.0,1.649,1.08,742994000.0,217994000.0,525000000.0,742994000.0,0.0,174991000.0,0.0,0.032,0.5,728539000.0,903530000.0,0.174,903530000.0,728539000.0,652049000.0,1.02,1.01,1.02,2101733000.0,2214125500.0,2101733000.0,6742204597.0,9.0,7.462,337620000.0,0.829,1.0,2372868000.0,0.458,718069000.0,76490000.0,1936319000.0,2204217000.0,376897000.0,0.0,0.0,0.0,2270580000.0,1463185000.0,807395000.0,6388373597.0,-159101000.0,-1495000.0,-458701000.0,124560000.0,-200464000.0,-537317000.0,-82191000.0,48361000.0,466677000.0,-6270000.0,417019000.0,417019000.0,417019000.0,0.0,0.0,0.081,1708339000.0,664529000.0,265936000.0,0.49,3.04,15.319,15.51,547104000.0,0.0,15.82,1.234,1.244,760643000.0,1309822000.0,5179016000.0,5179016000.0,0.0,0.099,0.188,0.331,0.141,197000.0,1708339000.0,1.0,403816283.0,407402000.0,411039000.0,12.712,3654244000.0,0.0,235030000.0,182782000.0,8.97,949315000.0
63,MAT,MRT,2005-09-30,2005-09-30,2005-09-30,2021-09-07,-293408000.0,4401521000.0,4305959750.0,2426796000.0,1974725000.0,1.204,5.654,-110204000.0,173801000.0,173801000.0,2798287000.0,422204000.0,1.608,0.928,527632000.0,177632000.0,350000000.0,527632000.0,0.0,176321000.0,0.0,0.027,0.45,725886000.0,902207000.0,0.174,902207000.0,725886000.0,646534000.0,1.03,1.01,1.03,2282826000.0,2285145250.0,2282826000.0,6991707523.0,10.0,7.75,380228000.0,0.942,1.0,2388180000.0,0.46,721444000.0,79352000.0,2524585000.0,2158870000.0,725868000.0,0.0,0.0,0.0,2118695000.0,1509323000.0,609372000.0,6733744523.0,-157339000.0,-1495000.0,-208456000.0,-194818000.0,-186864000.0,-592238000.0,-62133000.0,49566000.0,490432000.0,6600000.0,422204000.0,422204000.0,422204000.0,0.0,0.0,0.081,1731290000.0,656890000.0,447626000.0,0.437,2.95,15.949,16.194,538224000.0,0.0,16.68,1.298,1.298,1262412000.0,1231147000.0,5186467000.0,5186467000.0,0.0,0.098,0.185,0.336,0.14,434000.0,1731290000.0,1.0,403701710.0,403743000.0,407222000.0,12.846,3680077000.0,0.0,224330000.0,262454000.0,9.115,917473000.0
64,MAT,MRT,2005-06-30,2005-06-30,2005-06-30,2021-09-07,-289169000.0,3911596000.0,4333784500.0,1880709000.0,2030887000.0,1.197,5.054,-117614000.0,361929000.0,361929000.0,2764206000.0,452695000.0,1.531,0.889,619892000.0,249892000.0,370000000.0,619892000.0,0.0,179920000.0,0.0,0.025,0.45,769671000.0,949591000.0,0.183,949591000.0,769671000.0,686314000.0,1.09,1.07,1.09,2071015000.0,2276445750.0,2071015000.0,7362956277.0,10.0,7.754,420090000.0,1.025,1.0,2423577000.0,0.467,723685000.0,83357000.0,2217362000.0,2176345750.0,579869000.0,0.0,0.0,0.0,1840581000.0,1228512000.0,612069000.0,7532880277.0,-1591000.0,-995000.0,-187972000.0,-89835000.0,-186864000.0,-466771000.0,-77215000.0,41394000.0,537704000.0,4691000.0,452695000.0,452695000.0,452695000.0,0.0,0.0,0.087,1714631000.0,708946000.0,276237000.0,0.413,3.637,16.64,16.789,550454000.0,0.0,18.3,1.452,1.445,692408000.0,1005808000.0,5187783000.0,5187783000.0,0.0,0.104,0.199,0.354,0.148,235000.0,1714631000.0,1.0,411632802.0,409769000.0,409769000.0,12.66,3187911000.0,0.0,233619000.0,269304000.0,7.78,652197000.0
65,MAT,MRT,2005-03-31,2005-03-31,2005-03-31,2021-09-07,-285129000.0,4154230000.0,4332884500.0,2069500000.0,2084730000.0,1.178,5.77,-117346000.0,778703000.0,778703000.0,2701854000.0,570237000.0,1.858,0.73,608779000.0,208779000.0,400000000.0,608779000.0,0.0,180244000.0,0.0,0.021,0.45,772888000.0,953132000.0,0.187,953132000.0,772888000.0,692798000.0,1.38,1.36,1.38,2400928000.0,2253592750.0,2400928000.0,8357537296.0,11.0,8.768,451305000.0,1.085,1.0,2403108000.0,0.471,731816000.0,80090000.0,2138602000.0,2229178250.0,472579000.0,0.0,0.0,0.0,1753302000.0,1113888000.0,639414000.0,8896247296.0,-9264000.0,-4258000.0,-203678000.0,-104487000.0,-186864000.0,-495764000.0,-83277000.0,38327000.0,568651000.0,1126000.0,570237000.0,570237000.0,570237000.0,0.0,0.0,0.112,1679472000.0,723636000.0,231653000.0,0.326,3.705,15.601,15.471,562507000.0,0.0,21.35,1.743,1.74,571295000.0,1099795000.0,5104962000.0,5104962000.0,0.0,0.132,0.253,0.347,0.151,235000.0,1679472000.0,1.0,416686056.0,416096000.0,421105000.0,12.269,3422414000.0,0.0,122561000.0,235955000.0,8.225,955612000.0
66,MAT,MRT,2004-12-31,2004-12-31,2004-12-31,2021-09-07,-269828000.0,4756492000.0,4320640500.0,2637150000.0,2119342000.0,1.181,5.691,-128002000.0,1156835000.0,1156835000.0,2692061000.0,572723000.0,1.527,0.994,618125000.0,218125000.0,400000000.0,618125000.0,0.0,182478000.0,0.0,0.023,0.45,774018000.0,956496000.0,0.187,956496000.0,774018000.0,696254000.0,1.37,1.35,1.37,2385812000.0,2205442500.0,2385812000.0,8475174978.0,11.0,8.861,442370000.0,1.055,1.0,2410725000.0,0.472,735680000.0,77764000.0,1754931000.0,2252107500.0,418633000.0,0.0,0.0,0.0,2370680000.0,1727171000.0,643509000.0,8087704978.0,4154000.0,-12955000.0,-233447000.0,-46038000.0,-186864000.0,-466349000.0,-108057000.0,32900000.0,570372000.0,8188000.0,572723000.0,572723000.0,572723000.0,0.0,0.0,0.112,1679908000.0,730817000.0,349159000.0,0.328,3.39,14.121,14.226,586526000.0,0.0,19.49,1.585,1.601,759033000.0,1093288000.0,5102786000.0,5102786000.0,0.0,0.133,0.26,0.344,0.152,235000.0,1679908000.0,1.0,414966905.0,419235000.0,423093000.0,12.172,4020812000.0,0.0,123531000.0,279849000.0,9.591,909979000.0
67,MAT,MRT,2004-09-30,2004-09-30,2004-09-30,2021-09-07,-302515000.0,4512820000.0,4259255000.0,2505588000.0,2007232000.0,1.172,5.422,-155877000.0,331140000.0,331140000.0,2613793000.0,502244000.0,1.584,1.007,718610000.0,280249000.0,438361000.0,718610000.0,0.0,184050000.0,0.0,0.022,0.4,766148000.0,950198000.0,0.19,950198000.0,766148000.0,689962000.0,1.19,1.18,1.19,2248028000.0,2163044750.0,2248028000.0,7850144755.0,10.0,8.262,453931000.0,1.095,1.0,2379763000.0,0.477,723860000.0,76186000.0,2594488000.0,2270691750.0,666515000.0,0.0,0.0,0.0,2264792000.0,1581942000.0,682850000.0,7507769755.0,-70254000.0,-13131000.0,-432820000.0,42027000.0,-171336000.0,-562029000.0,-124574000.0,44255000.0,609808000.0,6541000.0,502244000.0,502244000.0,502244000.0,0.0,0.0,0.101,1659435000.0,720328000.0,394828000.0,0.336,3.34,14.948,15.235,596904000.0,0.0,18.13,1.503,1.505,1220526000.0,995805000.0,4993556000.0,4993556000.0,0.0,0.118,0.232,0.337,0.153,0.0,1659035000.0,1.0,414107543.0,414592000.0,417962000.0,12.045,3788960000.0,0.0,187718000.0,240872000.0,9.139,923646000.0
68,MAT,MRT,2004-06-30,2004-06-30,2004-06-30,2021-09-07,-309145000.0,3907996000.0,4282060000.0,1810586000.0,2097410000.0,1.175,4.723,-181294000.0,363520000.0,363520000.0,2607591000.0,516445000.0,1.649,0.974,705895000.0,117271000.0,588624000.0,705895000.0,0.0,184636000.0,0.0,0.022,0.4,788822000.0,973458000.0,0.194,973458000.0,788822000.0,712275000.0,1.18,1.18,1.18,1979603000.0,2184644500.0,1979603000.0,7630354926.0,10.0,7.838,504631000.0,1.204,1.0,2423178000.0,0.482,723845000.0,76547000.0,2428692000.0,2305692500.0,557537000.0,0.0,0.0,0.0,1928393000.0,1097834000.0,830559000.0,7708784926.0,-219301000.0,-13131000.0,-475855000.0,-110543000.0,-171336000.0,-757634000.0,-151960000.0,42333000.0,685925000.0,4368000.0,516445000.0,516445000.0,516445000.0,0.0,0.0,0.103,1675919000.0,747259000.0,293426000.0,0.339,3.894,14.927,15.466,603196000.0,0.0,18.25,1.532,1.521,622662000.0,739975000.0,5030769000.0,5030769000.0,0.0,0.121,0.236,0.342,0.157,0.0,1683150000.0,1.0,422399174.0,419177000.0,422903000.0,12.002,3184151000.0,0.0,195830000.0,219390000.0,7.596,712752000.0
69,MAT,MRT,2004-03-31,2004-03-31,2004-03-31,2021-09-07,-298549000.0,4105254000.0,4325529500.0,1993097000.0,2112157000.0,1.155,5.158,-201543000.0,787967000.0,787967000.0,2582607000.0,513782000.0,1.863,0.859,709537000.0,120657000.0,588880000.0,709537000.0,0.0,185295000.0,0.0,0.022,0.4,786978000.0,972273000.0,0.195,972273000.0,786978000.0,708607000.0,1.17,1.17,1.17,2208327000.0,2212970000.0,2208327000.0,7404737504.0,9.0,7.616,511331000.0,1.194,1.0,2413154000.0,0.483,726594000.0,78371000.0,2230319000.0,2310704000.0,402555000.0,0.0,0.0,0.0,1896927000.0,1069911000.0,827016000.0,7896424504.0,19599000.0,-14707000.0,-224087000.0,-130590000.0,-171336000.0,-527219000.0,-180339000.0,36345000.0,712874000.0,14283000.0,513782000.0,513782000.0,513782000.0,0.0,0.0,0.103,1667364000.0,745790000.0,208560000.0,0.342,3.576,15.369,15.761,615094000.0,0.0,18.44,1.581,1.58,546929000.0,716420000.0,4995761000.0,4995761000.0,0.0,0.119,0.232,0.341,0.158,0.0,1671295000.0,1.0,428222587.0,428169000.0,432239000.0,11.668,3378660000.0,0.0,194825000.0,223325000.0,7.891,923186000.0
70,MAT,MRT,2003-12-31,2003-12-31,2003-12-31,2021-09-07,-287007000.0,4510950000.0,4295940250.0,2394856000.0,2116094000.0,1.155,5.071,-198943000.0,1152681000.0,1152681000.0,2530617000.0,537632000.0,1.632,1.035,660994000.0,71864000.0,589130000.0,660994000.0,0.0,183819000.0,0.0,0.021,0.4,821431000.0,1005250000.0,0.203,1005250000.0,821431000.0,740854000.0,1.23,1.22,1.23,2216221000.0,2166376250.0,2216221000.0,8557761977.0,10.0,8.513,405859000.0,0.929,1.0,2429483000.0,0.49,722249000.0,80577000.0,1829268000.0,2309834000.0,388658000.0,0.0,0.0,0.0,2294729000.0,1467746000.0,826983000.0,8283896977.0,-114357000.0,-5015000.0,-194944000.0,-188184000.0,-171336000.0,-554464000.0,-180763000.0,23615000.0,604802000.0,16068000.0,537632000.0,537632000.0,537632000.0,0.0,0.0,0.108,1643773000.0,785710000.0,289680000.0,0.325,3.738,15.408,15.667,625893000.0,0.0,19.27,1.67,1.698,543888000.0,707429000.0,4960100000.0,4960100000.0,0.0,0.125,0.248,0.356,0.166,0.0,1639004000.0,1.0,429885676.0,437020000.0,442231000.0,11.35,3788701000.0,0.0,203222000.0,253224000.0,8.669,927110000.0
71,MAT,MRT,2003-09-30,2003-09-30,2003-09-30,2021-09-07,-289702000.0,4604040000.0,4283117500.0,2562356000.0,2041684000.0,1.141,5.314,-198146000.0,401394000.0,401394000.0,2489705000.0,509860000.0,1.788,0.972,675259000.0,45885000.0,629374000.0,675259000.0,0.0,185390000.0,0.0,0.003,0.05,787529000.0,972919000.0,0.199,972919000.0,787529000.0,702053000.0,1.15,1.15,1.15,2334427000.0,2106999000.0,2334427000.0,8555346186.0,11.0,8.793,612469000.0,1.394,1.0,2398734000.0,0.491,710104000.0,85476000.0,2734491000.0,2274584500.0,619738000.0,0.0,0.0,0.0,2269613000.0,1433310000.0,836303000.0,8322429186.0,205029000.0,-4914000.0,-343000.0,-444083000.0,-21868000.0,-466479000.0,-192077000.0,11055000.0,810615000.0,9711000.0,509860000.0,509860000.0,509860000.0,0.0,0.0,0.104,1614227000.0,784507000.0,426579000.0,0.043,3.565,16.323,16.487,619348000.0,0.0,18.96,1.702,1.704,1258096000.0,664899000.0,4888439000.0,4888439000.0,0.0,0.119,0.242,0.346,0.161,0.0,1606958000.0,1.0,438946687.0,439315000.0,444004000.0,11.127,3893936000.0,0.0,192193000.0,187554000.0,8.864,1129046000.0
72,MAT,MRT,2003-06-30,2003-06-30,2003-06-30,2021-09-07,-319125000.0,4081874000.0,4256208250.0,1985548000.0,2096326000.0,1.14,4.76,-179872000.0,582821000.0,582821000.0,2454124000.0,520403000.0,1.716,0.95,815738000.0,186126000.0,629612000.0,815738000.0,0.0,185245000.0,0.0,0.003,0.05,793898000.0,979143000.0,0.202,979143000.0,793898000.0,703042000.0,1.18,1.17,1.18,2092905000.0,1981322750.0,2092905000.0,8389777248.0,11.0,8.568,772632000.0,1.757,1.0,2399065000.0,0.494,709247000.0,90856000.0,2448738000.0,2306502500.0,540352000.0,0.0,0.0,0.0,1988969000.0,1156806000.0,832163000.0,8319104248.0,410983000.0,-5049000.0,42678000.0,-427650000.0,-21868000.0,-406999000.0,-185889000.0,0.0,952504000.0,8108000.0,520403000.0,520403000.0,520403000.0,-27253000.0,0.0,0.107,1635284000.0,763781000.0,293453000.0,0.042,3.975,15.986,16.034,604369000.0,0.0,18.92,1.714,1.714,603689000.0,394868000.0,4853189000.0,4853189000.0,0.0,0.122,0.263,0.344,0.164,0.0,1620384000.0,1.0,439698956.0,439700000.0,445491000.0,11.038,3372627000.0,0.0,182639000.0,163927000.0,7.67,828742000.0
73,MAT,MRT,2003-03-31,2003-03-31,2003-03-31,2021-09-07,-357749000.0,3986897000.0,4225266500.0,1930385000.0,2056512000.0,1.157,4.614,-160685000.0,768368000.0,768368000.0,2491540000.0,519089000.0,1.71,0.972,839041000.0,199197000.0,639844000.0,839041000.0,0.0,187999000.0,0.0,0.002,0.05,801586000.0,989585000.0,0.202,989585000.0,801586000.0,699869000.0,1.17,1.16,1.17,2021952000.0,1850811500.0,2021952000.0,9460721500.0,12.0,9.56,872703000.0,1.991,1.0,2397099000.0,0.49,701631000.0,101717000.0,2226839000.0,2473221250.0,394809000.0,0.0,0.0,0.0,1964945000.0,1129100000.0,835845000.0,9880204500.0,521664000.0,-2910000.0,53999000.0,-427589000.0,-21868000.0,-395605000.0,-164060000.0,0.0,1033388000.0,4682000.0,519089000.0,519089000.0,519089000.0,-27253000.0,0.0,0.106,1631632000.0,765467000.0,215342000.0,0.043,4.886,19.034,19.231,588396000.0,0.0,22.5,2.021,2.017,530992000.0,373976000.0,4888639000.0,4888639000.0,0.0,0.123,0.28,0.324,0.164,0.0,1613132000.0,1.0,439120200.0,438265000.0,443934000.0,11.155,3285266000.0,0.0,180780000.0,172741000.0,7.496,801285000.0
74,MAT,MRT,2002-12-31,2002-12-31,2002-12-31,2021-09-07,-340647000.0,4459659000.0,4186407750.0,2388964000.0,2070695000.0,1.167,4.541,-155058000.0,1267038000.0,1267038000.0,2524353000.0,230101000.0,1.449,1.254,847555000.0,207485000.0,640070000.0,847555000.0,0.0,191928000.0,0.0,0.003,0.05,510453000.0,702381000.0,0.144,702381000.0,510453000.0,396556000.0,0.52,0.52,0.52,1978712000.0,1727461750.0,1978712000.0,9294949465.0,18.0,13.233,1001026000.0,2.297,1.0,2360987000.0,0.483,703153000.0,113897000.0,1688270000.0,2677071500.0,338599000.0,0.0,0.0,0.0,2480947000.0,1648753000.0,832194000.0,8373327465.0,650434000.0,-2910000.0,55017000.0,-427526000.0,-21868000.0,-394377000.0,-158418000.0,0.0,1156084000.0,3886000.0,230101000.0,230101000.0,230101000.0,-27253000.0,0.0,0.047,1627446000.0,733541000.0,296307000.0,0.096,4.232,36.39,36.827,599604000.0,0.0,19.15,1.714,1.708,490816000.0,341133000.0,4885340000.0,4885340000.0,0.0,0.055,0.133,0.191,0.104,0.0,1602846000.0,1.0,437249476.0,435790000.0,441292000.0,11.21,3756506000.0,0.0,166455000.0,203049000.0,8.62,740211000.0
75,MAT,MRT,2002-09-30,2002-09-30,2002-09-30,2021-09-07,-323551000.0,4496403000.0,4198947250.0,2370357000.0,2126046000.0,1.138,4.192,-165854000.0,196365000.0,196365000.0,2507262000.0,181985000.0,1.276,1.455,1117987000.0,477697000.0,640290000.0,1117987000.0,0.0,205283000.0,0.0,0.003,0.05,458184000.0,663467000.0,0.139,663467000.0,458184000.0,331849000.0,0.41,0.39,0.41,1831722000.0,1667398250.0,1831722000.0,8946341197.0,20.0,13.484,969563000.0,2.219,1.0,2269822000.0,0.475,698884000.0,126335000.0,2862163000.0,2881686750.0,573769000.0,0.0,0.0,0.0,2664681000.0,1856978000.0,807703000.0,7866831197.0,130628000.0,-3035000.0,58732000.0,-884210000.0,-21602000.0,-847185000.0,-157087000.0,13757000.0,1135417000.0,25000.0,181985000.0,181985000.0,181985000.0,-27253000.0,0.0,0.038,1628182000.0,641640000.0,383419000.0,0.122,4.295,43.228,43.927,596299000.0,0.0,18.01,1.647,1.647,1372931000.0,176907000.0,4777084000.0,4777084000.0,0.0,0.043,0.109,0.159,0.096,0.0,1592161000.0,1.0,436803509.0,436959000.0,442151000.0,10.933,3797519000.0,0.0,149864000.0,226987000.0,8.691,513379000.0
76,MAT,MRT,2002-06-30,2002-06-30,2002-06-30,2021-09-07,-297262000.0,3958107000.0,4337656500.0,1738210000.0,2219897000.0,1.08,3.602,-164379000.0,171838000.0,171838000.0,2518179000.0,101246000.0,1.419,1.52,1251348000.0,260843000.0,990505000.0,1251348000.0,0.0,222513000.0,0.0,0.002,0.05,372319000.0,594832000.0,0.127,594832000.0,372319000.0,233019000.0,0.23,0.22,0.23,1570860000.0,1612028500.0,1570860000.0,10204938812.0,27.0,17.156,744672000.0,1.707,1.0,2164727000.0,0.462,696762000.0,139300000.0,3115613000.0,3075337000.0,568276000.0,0.0,0.0,0.0,2387247000.0,1225242000.0,1162005000.0,9196288812.0,131118000.0,-23247000.0,57258000.0,-643521000.0,-21602000.0,-608053000.0,-171654000.0,13757000.0,909051000.0,2316000.0,101246000.0,101246000.0,101246000.0,0.0,0.0,0.022,1571491000.0,593236000.0,268221000.0,0.217,5.854,90.831,91.652,602276000.0,0.0,21.08,1.964,1.963,729310000.0,-103667000.0,4682906000.0,4682906000.0,0.0,0.023,0.063,0.121,0.08,0.0,1523997000.0,1.0,436256585.0,436134000.0,442163000.0,10.737,3261345000.0,0.0,131773000.0,208890000.0,7.478,512968000.0
77,MAT,MRT,2002-03-31,2002-03-31,2002-03-31,2021-09-07,-289775000.0,3831462000.0,4447178500.0,1654272000.0,2177190000.0,1.06,3.533,-176269000.0,246704000.0,246704000.0,2543903000.0,76813000.0,1.487,1.507,1255354000.0,234640000.0,1020714000.0,1255354000.0,0.0,243231000.0,0.0,0.002,0.05,350373000.0,593604000.0,0.126,593604000.0,350373000.0,200578000.0,0.18,0.17,0.18,1528553000.0,1571031750.0,1528553000.0,9692324293.0,28.0,16.328,670833000.0,1.551,1.0,2170839000.0,0.46,685556000.0,149795000.0,3042240000.0,3174529750.0,488359000.0,0.0,0.0,0.0,2302909000.0,1112316000.0,1190593000.0,9039811293.0,172425000.0,-20547000.0,40252000.0,-508440000.0,-21602000.0,-489893000.0,-182994000.0,13757000.0,847102000.0,-1248000.0,76813000.0,76813000.0,76813000.0,0.0,0.0,0.016,1584267000.0,586572000.0,194039000.0,0.278,5.914,117.686,115.778,605101000.0,0.0,20.84,1.917,1.912,658397000.0,-123245000.0,4714742000.0,4714742000.0,0.0,0.017,0.049,0.11,0.074,0.0,1519201000.0,1.0,433772135.0,432640000.0,432640000.0,10.898,3145906000.0,0.0,123765000.0,204750000.0,7.271,541956000.0
78,MAT,MRT,2001-12-31,2001-12-31,2001-12-31,2021-09-07,-307798000.0,4509817000.0,4547191000.0,2061852000.0,2447965000.0,1.031,4.034,-188189000.0,616604000.0,616604000.0,2538990000.0,298919000.0,1.316,1.594,1269117000.0,248198000.0,1020919000.0,1269117000.0,0.0,262508000.0,0.0,0.003,0.05,573141000.0,835649000.0,0.178,835649000.0,573141000.0,418009000.0,0.69,0.68,0.69,1738458000.0,1540213500.0,1738458000.0,9359492154.0,16.0,11.2,568604000.0,1.319,1.0,2148934000.0,0.458,1089362000.0,155132000.0,2506731000.0,3269614500.0,487505000.0,0.0,0.0,0.0,2771359000.0,1566237000.0,1205122000.0,7424029154.0,384215000.0,-20547000.0,53516000.0,-206978000.0,-21602000.0,-175064000.0,-193188000.0,13757000.0,756793000.0,-3784000.0,298919000.0,298919000.0,298919000.0,0.0,0.0,0.064,1569614000.0,579320000.0,334247000.0,0.072,4.27,24.836,24.928,626722000.0,0.0,17.2,1.584,1.581,665828000.0,132900000.0,4687924000.0,4687924000.0,0.0,0.066,0.194,0.175,0.122,0.0,1507793000.0,1.0,431629602.0,430983000.0,436166000.0,10.877,3420455000.0,0.0,119090000.0,239793000.0,7.936,495615000.0
79,MAT,MRT,2001-09-30,2001-09-30,2001-09-30,2021-09-07,-310035000.0,5051240000.0,4498086000.0,2578312000.0,2472928000.0,1.022,3.734,-167760000.0,65737000.0,65737000.0,2543208000.0,232069000.0,1.147,2.137,2001200000.0,980082000.0,1021118000.0,2001200000.0,0.0,265875000.0,0.0,0.0,0.0,501226000.0,767101000.0,0.167,767101000.0,501226000.0,337108000.0,0.54,0.54,0.54,1610243000.0,1456373500.0,1610243000.0,8565987474.0,17.0,11.167,194426000.0,0.451,1.0,2054152000.0,0.447,1101455000.0,164118000.0,3636764000.0,3378748250.0,739724000.0,0.0,0.0,0.0,3440997000.0,2248484000.0,1192513000.0,6732851474.0,-30078000.0,-20347000.0,59118000.0,15058000.0,-38396000.0,35754000.0,-184733000.0,0.0,362186000.0,-936000.0,232069000.0,232069000.0,232069000.0,33980000.0,0.0,0.05,1491738000.0,562414000.0,383882000.0,0.0,4.181,29.012,29.0,613827000.0,0.0,15.66,1.465,1.469,1591405000.0,16524000.0,4597360000.0,4597360000.0,0.0,0.052,0.159,0.148,0.109,0.0,1436857000.0,1.0,429939430.0,431250000.0,436316000.0,10.661,3949785000.0,0.0,105039000.0,196968000.0,9.159,329828000.0
80,MAT,MRT,2001-06-30,2001-06-30,2001-06-30,2021-09-07,-309000000.0,4396195000.0,4446250000.0,1863280000.0,2532915000.0,1.036,3.265,-164088000.0,40720000.0,40720000.0,2620412000.0,-304632000.0,1.158,2.125,1873856000.0,682744000.0,1191112000.0,1873856000.0,0.0,267340000.0,0.0,0.005,0.09,-76595000.0,190745000.0,0.041,190745000.0,-76595000.0,-243785000.0,-0.71,-0.71,-0.71,1406873000.0,1380832250.0,1406873000.0,9855491065.0,-129.0,51.668,434503000.0,1.008,1.0,1985465000.0,0.431,1108035000.0,167190000.0,3512384000.0,3348594250.0,692769000.0,0.0,0.0,0.0,2989322000.0,1608912000.0,1380410000.0,8151781065.0,-88973000.0,0.0,58697000.0,-192160000.0,-76726000.0,-210143000.0,-165781000.0,0.0,598591000.0,-3200000.0,-304632000.0,-304632000.0,-304632000.0,474540000.0,0.0,-0.066,1556169000.0,429296000.0,298454000.0,-0.127,5.794,-26.759,-26.648,618402000.0,0.0,18.92,1.77,1.77,947817000.0,-183311000.0,4605877000.0,4605877000.0,0.0,-0.069,-0.221,-0.023,-0.017,0.0,1481586000.0,1.0,430855236.0,430909000.0,430909000.0,10.689,3288160000.0,0.0,60847000.0,182464000.0,7.631,254368000.0
81,MAT,MRT,2001-03-31,2001-03-31,2001-03-31,2021-09-07,-310834000.0,4231512000.0,4547387000.0,1728018000.0,2503494000.0,1.009,3.269,-155685000.0,74279000.0,74279000.0,2598520000.0,-293772000.0,1.217,2.011,1777989000.0,551148000.0,1226841000.0,1777989000.0,0.0,263323000.0,0.0,0.01,0.18,-65136000.0,198187000.0,0.043,198187000.0,-65136000.0,-228703000.0,-0.69,-0.69,-0.69,1405280000.0,1453072250.0,1405280000.0,8907574125.0,-137.0,44.945,316761000.0,0.737,1.0,1988874000.0,0.434,1092688000.0,163567000.0,3422579000.0,3363327750.0,574031000.0,0.0,0.0,0.0,2826232000.0,1419955000.0,1406277000.0,7638441125.0,-140658000.0,0.0,61022000.0,-30050000.0,-115090000.0,-83721000.0,-154915000.0,0.0,472446000.0,-4106000.0,-293772000.0,-293772000.0,-293772000.0,474540000.0,0.0,-0.064,1561137000.0,427737000.0,244485000.0,-0.261,5.436,-26.001,-25.71,623602000.0,0.0,17.74,1.665,1.663,890814000.0,-178456000.0,4587394000.0,4587394000.0,0.0,-0.065,-0.202,-0.019,-0.014,0.0,1499653000.0,1.0,430577290.0,429936000.0,429936000.0,10.67,3138824000.0,0.0,65069000.0,176070000.0,7.301,308063000.0
82,MAT,MRT,2000-12-31,2000-12-31,2000-12-31,2021-09-07,-306037000.0,4313397000.0,4632624000.0,1751497000.0,2561900000.0,0.986,3.292,-151811000.0,232389000.0,232389000.0,2572247000.0,-430969000.0,1.166,2.074,1501522000.0,259126000.0,1242396000.0,1501522000.0,0.0,256389000.0,0.0,0.019,0.27,-222743000.0,33646000.0,0.007,33646000.0,-222743000.0,-375722000.0,-1.01,-1.01,-1.01,1403098000.0,1537881750.0,1403098000.0,8077012238.0,-36.0,240.059,403279000.0,0.946,1.0,1993242000.0,0.437,1136857000.0,152979000.0,2943266000.0,3340864500.0,489742000.0,11540000.0,0.0,11540000.0,2910299000.0,1502407000.0,1407892000.0,6162292238.0,-14965000.0,0.0,25189000.0,154609000.0,-153551000.0,26247000.0,-151226000.0,0.0,555090000.0,-903000.0,-430969000.0,-430969000.0,-430969000.0,601146000.0,0.0,-0.094,1622618000.0,370624000.0,338966000.0,-0.267,4.392,-14.299,-14.297,647832000.0,0.0,14.44,1.35,1.348,839567000.0,-144417000.0,4565489000.0,4565489000.0,0.0,-0.093,-0.28,-0.067,-0.049,0.0,1560157000.0,1.0,426751540.0,426166000.0,427126000.0,10.713,3176540000.0,0.0,55247000.0,200933000.0,7.454,249090000.0
83,MAT,MRT,2000-09-30,2000-09-30,2000-09-30,2021-09-07,-295752000.0,4843896000.0,4722765750.0,2458241000.0,2385655000.0,0.977,3.068,-156535000.0,95815000.0,95815000.0,2542002000.0,-520518000.0,1.173,2.703,2013117000.0,740041000.0,1273076000.0,2013117000.0,0.0,255433000.0,0.0,0.031,0.36,-316352000.0,-60919000.0,-0.013,-60919000.0,-316352000.0,-462396000.0,-1.38,-1.21,-1.38,1308078000.0,1677779000.0,1308078000.0,6876296302.0,-22.0,-112.876,459221000.0,1.077,1.0,2070020000.0,0.449,1149548000.0,146044000.0,3516148000.0,3359090250.0,655706000.0,24944000.0,0.0,24944000.0,3535818000.0,2095502000.0,1440316000.0,4903262302.0,34623000.0,-1091000.0,38333000.0,49586000.0,-153037000.0,-122545000.0,-191916000.0,0.0,615756000.0,-4186000.0,-520518000.0,-520518000.0,-520518000.0,695440000.0,0.0,-0.113,1705778000.0,364242000.0,373994000.0,-0.261,3.748,-9.42,-8.333,662191000.0,0.0,11.5,1.063,1.063,1456314000.0,-215545000.0,4612022000.0,4612022000.0,0.0,-0.11,-0.31,-0.094,-0.069,0.0,1649776000.0,1.0,426370635.0,426394000.0,426945000.0,10.816,3694348000.0,0.0,58122000.0,47792000.0,8.664,362739000.0
84,MAT,MRT,2000-06-30,2000-06-30,2000-06-30,2021-09-07,-279660000.0,4800743000.0,4838515000.0,2027337000.0,2773406000.0,0.954,3.983,-164302000.0,129693000.0,129693000.0,2430738000.0,-48319000.0,0.994,1.831,2105435000.0,1222893000.0,882542000.0,2105435000.0,0.0,252264000.0,0.0,0.027,0.36,202362000.0,454626000.0,0.098,454626000.0,202362000.0,62924000.0,-0.07,-0.1,-0.07,1695833000.0,1852050000.0,1695833000.0,7231175618.0,36.0,15.906,127697000.0,0.3,1.0,2185224000.0,0.473,1165459000.0,139438000.0,3571318000.0,3379068250.0,633513000.0,378571000.0,0.0,378571000.0,3104910000.0,2039708000.0,1065202000.0,5614701618.0,75771000.0,-1091000.0,864000.0,429561000.0,-152672000.0,267523000.0,-198590000.0,0.0,291999000.0,103000.0,-48319000.0,-48319000.0,-48319000.0,341692000.0,0.0,-0.01,1665141000.0,520083000.0,256153000.0,-5.143,3.311,-116.201,-188.429,678643000.0,0.0,13.19,1.216,1.217,1057388000.0,159695000.0,4615962000.0,4615962000.0,0.0,-0.01,-0.026,0.06,0.044,0.0,1627191000.0,1.0,425678667.0,425818000.0,427782000.0,10.84,3635284000.0,0.0,111243000.0,163397000.0,8.537,-12371000.0
85,MAT,MRT,2000-03-31,2000-03-31,2000-03-31,2021-09-07,-255864000.0,4572460000.0,4800041750.0,1831194000.0,2741266000.0,0.958,4.1,-182356000.0,214937000.0,214937000.0,2419432000.0,-258658000.0,1.095,1.621,1834184000.0,851471000.0,982713000.0,1834184000.0,0.0,247687000.0,0.0,0.034,0.36,-77998000.0,169689000.0,0.037,169689000.0,-77998000.0,-209105000.0,-0.58,-0.61,-0.58,1744518000.0,1903979250.0,1744518000.0,5746063569.0,-74.0,33.862,112462000.0,0.264,1.0,2181004000.0,0.474,1186194000.0,131107000.0,3332726000.0,3289630750.0,522299000.0,318687000.0,0.0,318687000.0,2827942000.0,1672787000.0,1155155000.0,4467703569.0,164722000.0,-1091000.0,-22578000.0,556295000.0,-141182000.0,390798000.0,-230385000.0,0.0,294818000.0,-1437000.0,-258658000.0,-260648000.0,-260648000.0,335045000.0,0.0,-0.057,1937917000.0,243087000.0,218106000.0,-0.621,2.561,-17.141,-18.103,693675000.0,1990000.0,10.5,0.971,0.971,897196000.0,192043000.0,4600436000.0,4600436000.0,0.0,-0.054,-0.137,-0.024,-0.017,0.0,1605280000.0,1.0,425495578.0,425495000.0,425495000.0,10.812,3386266000.0,0.0,49553000.0,164528000.0,7.958,158407000.0
86,MAT,MRT,1999-12-31,1999-12-31,1999-12-31,2021-09-07,-239647000.0,4673964000.0,4743877750.0,1851859000.0,2822105000.0,0.969,4.739,-191142000.0,247354000.0,247354000.0,2413469000.0,-82373000.0,1.183,1.381,1355602000.0,372722000.0,982880000.0,1355602000.0,0.0,246010000.0,0.0,0.027,0.35,111013000.0,357023000.0,0.078,357023000.0,111013000.0,-20596000.0,-0.21,-0.2,-0.21,1962687000.0,1999626750.0,1962687000.0,7461536684.0,67.0,20.899,239321000.0,0.578,1.0,2182021000.0,0.475,1200622000.0,131609000.0,3016169000.0,3258852500.0,436316000.0,461986000.0,0.0,461986000.0,2711277000.0,1565421000.0,1145856000.0,5524806684.0,34900000.0,-1091000.0,-24300000.0,214341000.0,-125673000.0,63796000.0,-241243000.0,0.0,430463000.0,-2855000.0,-82373000.0,-86353000.0,-86353000.0,190760000.0,0.0,-0.019,1885591000.0,296430000.0,293277000.0,-1.667,2.815,-63.979,-62.524,724791000.0,3980000.0,13.13,1.202,1.183,1001972000.0,401642000.0,4595490000.0,4595490000.0,0.0,-0.018,-0.043,0.034,0.024,0.0,1552474000.0,1.0,420777356.0,414186000.0,425281000.0,11.095,3473342000.0,0.0,61777000.0,184789000.0,8.386,286438000.0
87,MAT,MRT,1999-09-30,1999-09-30,1999-09-30,2021-09-07,-235803000.0,5306893000.0,4862233000.0,2644680000.0,2662213000.0,0.817,4.716,-188298000.0,61192000.0,61192000.0,2152342000.0,24746000.0,1.17,1.647,1828489000.0,945447000.0,883042000.0,1828489000.0,0.0,160238000.0,0.0,0.018,0.34,159571000.0,319809000.0,0.08,319809000.0,159571000.0,43856000.0,0.25,0.03,0.25,2005162000.0,2051655750.0,2005162000.0,9638534611.0,60.0,30.138,254021000.0,0.597,1.0,1821432000.0,0.458,1218367000.0,115715000.0,3596060000.0,3238303250.0,640939000.0,504094000.0,0.0,504094000.0,3301731000.0,2259763000.0,1041968000.0,7984574611.0,-127237000.0,83930000.0,-127916000.0,165351000.0,-113222000.0,-291463000.0,-122301000.0,0.0,442319000.0,-1193000.0,24746000.0,18776000.0,18776000.0,184686000.0,0.0,0.005,1468968000.0,352464000.0,349198000.0,1.36,3.982,425.254,76.0,702922000.0,5970000.0,19.0,2.009,2.033,1684066000.0,458524000.0,3973774000.0,3973774000.0,0.0,0.004,0.009,0.049,0.04,0.0,1344840000.0,1.0,420240769.0,425148000.0,429455000.0,9.347,4088526000.0,0.0,19110000.0,131627000.0,9.617,384917000.0
88,MAT,MRT,1999-06-30,1999-06-30,1999-06-30,2021-09-07,-233623000.0,4646850000.0,5030355750.0,1973778000.0,2673072000.0,0.849,4.654,-226782000.0,53922000.0,53922000.0,2235214000.0,58147000.0,1.16,1.441,1541920000.0,658719000.0,883201000.0,1541920000.0,0.0,165973000.0,0.0,0.013,0.33,213207000.0,379180000.0,0.089,379180000.0,213207000.0,91165000.0,0.15,0.1,0.15,1903550000.0,2106319000.0,1903550000.0,8672997590.0,41.0,22.873,434633000.0,1.063,1.0,2035700000.0,0.477,1219482000.0,122042000.0,3213568000.0,3267872000.0,615188000.0,509353000.0,0.0,509353000.0,2743300000.0,1701798000.0,1041502000.0,7480421590.0,-130910000.0,-672310000.0,-196013000.0,736434000.0,-100668000.0,192017000.0,-916215000.0,0.0,661415000.0,-2397000.0,58147000.0,50187000.0,50187000.0,97874000.0,0.0,0.012,1706073000.0,329627000.0,252661000.0,2.2,3.93,149.051,174.2,710460000.0,7960000.0,26.13,1.751,2.503,1064066000.0,361501000.0,4270914000.0,4270914000.0,0.0,0.01,0.024,0.065,0.05,0.0,1477306000.0,1.0,286277137.0,409040000.0,409040000.0,10.441,3427368000.0,0.0,33018000.0,90718000.0,8.379,271980000.0
89,MAT,MRT,1999-03-31,1999-03-31,1999-03-31,2021-09-07,-225760000.0,4347804000.0,4988183250.0,1758321000.0,2589483000.0,0.903,5.365,-246993000.0,50215000.0,50215000.0,2316871000.0,267059000.0,1.616,1.044,1242791000.0,259435000.0,983356000.0,1242791000.0,0.0,223975000.0,0.0,0.013,0.32,497258000.0,721233000.0,0.16,721233000.0,497258000.0,384661000.0,0.66,0.61,0.66,2127108000.0,2172957500.0,2127108000.0,8042169501.0,16.0,11.151,433424000.0,1.093,1.0,2185281000.0,0.485,1242380000.0,112597000.0,3209613000.0,3236166750.0,562003000.0,401055000.0,0.0,401055000.0,2220696000.0,1088387000.0,1132309000.0,7137110501.0,-281669000.0,-771531000.0,-242798000.0,495048000.0,-96401000.0,66328000.0,-1028598000.0,0.0,680417000.0,184000.0,267059000.0,259099000.0,259099000.0,104521000.0,0.0,0.058,1573863000.0,611418000.0,200121000.0,0.485,3.355,27.546,37.788,733535000.0,7960000.0,24.94,1.585,2.196,855855000.0,605362000.0,4502152000.0,4502152000.0,0.0,0.052,0.119,0.154,0.11,0.0,1580352000.0,1.0,286171231.0,396480000.0,422264000.0,11.355,3105424000.0,0.0,117602000.0,175535000.0,7.832,669934000.0
90,MAT,MRT,1998-12-31,1998-12-31,1998-12-31,2021-09-07,-197898000.0,5147385000.0,4762180750.0,2635306000.0,2512079000.0,0.987,5.563,-257580000.0,469213000.0,469213000.0,2388542000.0,206053000.0,1.604,1.371,1383468000.0,199006000.0,1184462000.0,1383468000.0,0.0,214305000.0,0.0,0.013,0.31,448079000.0,662384000.0,0.141,662384000.0,448079000.0,337246000.0,0.51,0.47,0.51,2170803000.0,2101242000.0,2170803000.0,8432705982.0,19.0,12.731,328621000.0,0.842,1.0,2309795000.0,0.492,1484634000.0,110833000.0,2933972000.0,3044349750.0,644270000.0,0.0,0.0,0.0,2976582000.0,1643034000.0,1333548000.0,6759412982.0,-482493000.0,-782588000.0,-275137000.0,359800000.0,-97970000.0,-14357000.0,-1052435000.0,0.0,586201000.0,-1902000.0,206053000.0,198093000.0,198093000.0,122200000.0,0.0,0.042,1734268000.0,575527000.0,362467000.0,0.608,3.114,34.122,46.078,763121000.0,7960000.0,23.5,1.439,1.952,1150051000.0,625197000.0,4698337000.0,4698337000.0,0.0,0.042,0.094,0.147,0.095,0.0,1648939000.0,1.0,287634595.0,390210000.0,421707000.0,12.041,3662751000.0,0.0,131193000.0,299058000.0,9.387,992272000.0
91,MAT,MRT,1998-09-30,1998-09-30,1998-09-30,2021-09-07,-214930000.0,5979384000.0,4426282250.0,3461936000.0,2517448000.0,1.323,5.57,-295340000.0,377385000.0,377385000.0,2790557000.0,-86795000.0,1.409,1.689,2071837000.0,917228000.0,1154609000.0,2071837000.0,0.0,744988000.0,0.0,0.011,0.3,284713000.0,1029701000.0,0.176,1029701000.0,284713000.0,157976000.0,-0.33,-0.36,-0.33,2223815000.0,2014058750.0,2223815000.0,8897614168.0,31.0,8.641,344706000.0,0.863,1.0,3066983000.0,0.524,1501903000.0,126737000.0,3714335000.0,2831565000.0,808555000.0,0.0,0.0,0.0,3755569000.0,2457598000.0,1297971000.0,8194312168.0,48201000.0,-941640000.0,-342590000.0,721026000.0,-92949000.0,664540000.0,-1247611000.0,0.0,640046000.0,-8774000.0,-86795000.0,-94755000.0,-94755000.0,0.0,0.0,-0.016,2816682000.0,250301000.0,424223000.0,-0.909,3.685,-86.479,-84.848,742691000.0,7960000.0,28.0,1.399,1.908,1898943000.0,588924000.0,5857540000.0,5857540000.0,0.0,-0.021,-0.047,0.101,0.049,0.0,2044298000.0,1.0,292654006.0,399218000.0,435123000.0,14.673,4477481000.0,0.0,244771000.0,280257000.0,11.216,1004338000.0
92,MAT,MRT,1998-06-30,1998-06-30,1998-06-30,2021-09-07,-259226000.0,4478160000.0,3950090750.0,2755886000.0,1722274000.0,1.399,5.643,-262628000.0,373788000.0,373788000.0,2656874000.0,-36484000.0,2.099,1.064,1111206000.0,256454000.0,854752000.0,1111206000.0,0.0,724776000.0,0.0,0.007,0.29,312817000.0,1037593000.0,0.188,1037593000.0,312817000.0,203794000.0,-0.01,-0.04,-0.01,2170104000.0,1899169750.0,2170104000.0,12768886762.0,41.0,12.306,364581000.0,0.948,1.0,2871170000.0,0.519,815735000.0,109023000.0,3086747000.0,2605800750.0,671271000.0,0.0,0.0,0.0,2308056000.0,1313096000.0,994960000.0,12418629762.0,53786000.0,-185400000.0,-296114000.0,-85672000.0,-90760000.0,-102867000.0,-457230000.0,6955000.0,627209000.0,-13326000.0,-36484000.0,-45292000.0,-45292000.0,0.0,0.0,-0.008,2582133000.0,289037000.0,306887000.0,-29.0,5.723,-274.19,-4231.0,645471000.0,8808000.0,42.31,2.246,2.944,1361351000.0,500212000.0,5528044000.0,5528044000.0,0.0,-0.011,-0.024,0.12,0.057,0.0,1927511000.0,1.0,293515239.0,384596000.0,423407000.0,14.374,3662425000.0,0.0,240278000.0,176848000.0,9.523,1442790000.0
93,MAT,MRT,1998-03-31,1998-03-31,1998-03-31,2021-09-07,-223401000.0,3443794000.0,3722406250.0,2102810000.0,1340984000.0,1.469,6.28,-242761000.0,331884000.0,331884000.0,2646424000.0,34572000.0,2.62,0.871,682141000.0,18204000.0,663937000.0,682141000.0,0.0,656172000.0,0.0,0.007,0.28,391349000.0,1047521000.0,0.192,1047521000.0,391349000.0,281981000.0,0.23,0.2,0.23,1840246000.0,1767683250.0,1840246000.0,11634398530.0,30.0,11.107,365467000.0,1.247,1.0,2820767000.0,0.516,548957000.0,109368000.0,2442345000.0,2421900250.0,531623000.0,0.0,0.0,0.0,1603548000.0,802749000.0,800799000.0,11647804530.0,115168000.0,-86179000.0,-278515000.0,17661000.0,-89945000.0,-144539000.0,-332760000.0,5952000.0,608228000.0,-15761000.0,34572000.0,24917000.0,24917000.0,0.0,0.0,0.005,2437317000.0,383450000.0,193431000.0,1.217,6.329,467.464,172.0,602793000.0,9655000.0,39.56,2.13,2.12,987906000.0,1480866000.0,5467191000.0,5467191000.0,0.0,0.007,0.014,0.162,0.072,0.0,1853499000.0,1.0,294433886.0,293048000.0,298164000.0,18.656,2894837000.0,0.0,247409000.0,134284000.0,9.878,1300061000.0
94,MAT,MRT,1997-12-31,1997-12-31,1997-12-31,2021-09-07,-193639000.0,3803791000.0,3676886250.0,2461736000.0,1342055000.0,1.484,4.926,-232445000.0,694947000.0,694947000.0,2635887000.0,-182721000.0,2.098,1.088,681541000.0,17468000.0,664073000.0,681541000.0,0.0,653997000.0,0.0,0.007,0.27,109218000.0,763215000.0,0.14,763215000.0,109218000.0,-3394000.0,-0.52,-0.52,-0.52,1822070000.0,1716795250.0,1822070000.0,11718098414.0,107.0,15.354,270943000.0,0.733,1.0,2819660000.0,0.517,534128000.0,112612000.0,2082833000.0,2341074500.0,428844000.0,0.0,0.0,0.0,1981721000.0,1173424000.0,808297000.0,10829230414.0,72619000.0,-83747000.0,-171257000.0,47694000.0,-84537000.0,-90132000.0,-323442000.0,0.0,503388000.0,-17195000.0,-182721000.0,-193226000.0,-193226000.0,0.0,0.0,-0.035,2710644000.0,109016000.0,310117000.0,-0.519,5.943,-56.044,-71.635,601597000.0,10505000.0,37.25,1.985,2.525,1091416000.0,1490804000.0,5455547000.0,5455547000.0,0.0,-0.053,-0.113,0.047,0.02,0.0,1859539000.0,1.0,290717595.0,369870000.0,369870000.0,14.75,3269663000.0,0.0,179327000.0,202735000.0,8.84,1288312000.0
95,MAT,MRT,1997-09-30,1997-09-30,1997-09-30,2021-09-07,-160865000.0,4074618000.0,3621224000.0,2651348000.0,1423270000.0,1.285,6.07,-212432000.0,68171000.0,68171000.0,2361345000.0,197000000.0,1.689,1.31,957039000.0,352833000.0,604206000.0,957039000.0,0.0,191433000.0,0.0,0.008,0.26,393537000.0,584970000.0,0.126,584970000.0,393537000.0,300663000.0,,,,1764259000.0,1712758500.0,1764259000.0,10268567963.0,26.0,17.554,118529000.0,0.408,1.0,2292012000.0,0.493,582302000.0,92874000.0,2811278000.0,2270518250.0,552661000.0,0.0,0.0,0.0,2310359000.0,1569906000.0,740453000.0,9622695963.0,-58753000.0,-2375000.0,-18226000.0,-47167000.0,-83377000.0,-159198000.0,-220156000.0,25050000.0,330961000.0,-10360000.0,197000000.0,185648000.0,185648000.0,0.0,0.0,0.04,1886761000.0,405251000.0,303549000.0,,5.454,51.833,,609648000.0,11352000.0,33.13,2.068,2.069,1846994000.0,1318196000.0,4653357000.0,4653357000.0,0.0,0.051,0.108,0.173,0.085,0.0,1579272000.0,1.0,290452640.0,290650000.0,306870000.0,16.01,3492316000.0,0.0,103663000.0,162142000.0,12.016,1081442000.0
96,MAT,MRT,1997-06-30,1997-06-30,1997-06-30,2021-09-07,-119696000.0,3567422000.0,3577394500.0,2122229000.0,1445193000.0,1.285,5.636,-216367000.0,58989000.0,58989000.0,2353418000.0,159330000.0,1.69,1.17,688827000.0,164991000.0,523836000.0,688827000.0,0.0,192128000.0,0.0,0.007,0.25,352187000.0,544315000.0,0.118,544315000.0,352187000.0,255694000.0,,,,1644158000.0,1700921750.0,1644158000.0,10279879356.0,29.0,18.886,136775000.0,0.469,1.0,2242508000.0,0.488,590145000.0,96493000.0,2351145000.0,2204720250.0,552463000.0,0.0,0.0,0.0,1923264000.0,1255970000.0,667294000.0,9877211356.0,-33007000.0,-2375000.0,-94619000.0,56921000.0,-77524000.0,-128192000.0,-250372000.0,-6955000.0,353142000.0,-7585000.0,159330000.0,147978000.0,147978000.0,0.0,0.0,0.032,1888650000.0,353858000.0,216220000.0,,6.007,66.748,,618351000.0,11352000.0,33.88,2.149,2.151,1315815000.0,1122343000.0,4595926000.0,4595926000.0,0.0,0.041,0.087,0.16,0.077,0.0,1581161000.0,1.0,291535164.0,291737000.0,296609000.0,15.754,2977277000.0,0.0,96364000.0,120033000.0,10.205,866259000.0
97,MAT,MRT,1997-03-31,1997-03-31,1997-03-31,2021-09-07,-115997000.0,3261714000.0,3529963500.0,1828621000.0,1433093000.0,1.288,5.675,-214826000.0,144659000.0,144659000.0,2325158000.0,147066000.0,1.928,0.993,547327000.0,16865000.0,530462000.0,547327000.0,0.0,185863000.0,0.0,0.01,0.24,340309000.0,526172000.0,0.116,526172000.0,340309000.0,240340000.0,,,,1636694000.0,1710707500.0,1636694000.0,6393882352.0,19.0,12.152,233062000.0,0.808,1.0,2219695000.0,0.488,596883000.0,99969000.0,2119042000.0,2261981750.0,512847000.0,0.0,0.0,0.0,1625020000.0,948457000.0,676563000.0,6509936352.0,76623000.0,-2375000.0,-99341000.0,-24251000.0,-72353000.0,-118985000.0,-247542000.0,-5952000.0,447888000.0,-4738000.0,147066000.0,137662000.0,137662000.0,0.0,0.0,0.03,1876970000.0,342725000.0,180816000.0,,3.977,47.289,,608350000.0,9404000.0,24.0,1.432,1.523,977479000.0,1069971000.0,4544853000.0,4544853000.0,0.0,0.039,0.08,0.15,0.075,0.0,1569481000.0,1.0,271247348.0,288382000.0,288382000.0,15.76,2664831000.0,0.0,93274000.0,113358000.0,9.241,880164000.0
98,MAT,MRT,1996-12-31,1996-12-31,1996-12-31,2021-09-07,-86945000.0,3581142000.0,3465762750.0,2139062000.0,1442080000.0,1.309,6.219,-231139000.0,550271000.0,550271000.0,2315574000.0,372224000.0,1.873,0.983,523024000.0,28924000.0,494100000.0,523024000.0,0.0,181343000.0,0.0,0.009,0.24,636982000.0,818325000.0,0.18,818325000.0,636982000.0,536756000.0,1.26,1.23,1.26,1805923000.0,1693295000.0,1805923000.0,,,,293672000.0,1.011,1.0,2219758000.0,0.489,611410000.0,100226000.0,1800608000.0,2302567000.0,444178000.0,0.0,0.0,0.0,1775219000.0,1141877000.0,633342000.0,7527113907.0,56585000.0,-2375000.0,-170157000.0,-79369000.0,-66473000.0,-226424000.0,-240996000.0,17315000.0,524811000.0,-806000.0,372224000.0,364833000.0,364833000.0,0.0,0.0,0.08,1583743000.0,636015000.0,312378000.0,0.19,4.168,20.632,22.024,616281000.0,7391000.0,27.75,1.66,1.777,948940000.0,1293653000.0,4535332000.0,4535332000.0,0.0,0.105,0.215,0.277,0.14,0.0,1551254000.0,1.0,271247348.0,290393000.0,303057000.0,15.618,2969732000.0,0.0,164532000.0,183288000.0,10.227,997185000.0
99,MAT,MRT,1996-09-30,1996-09-30,1996-09-30,2021-09-07,-96383000.0,3899300000.0,3244354500.0,2506651000.0,1392649000.0,,,,126924000.0,126924000.0,,,1.615,1.271,933997000.0,423525000.0,510472000.0,933997000.0,0.0,,0.0,0.009,0.228,,,,,,,,,,1716912000.0,1560606500.0,1716912000.0,,,,,,1.0,,,605758000.0,,2548086000.0,2212116750.0,566625000.0,0.0,0.0,0.0,2182388000.0,1552529000.0,629859000.0,,,,,,,,,,,,,,,,,,,,264901000.0,,,,,594278000.0,,26.0,,,1572481000.0,1205856000.0,,,,,,,,,,1.0,,,,,3293542000.0,0.0,,209338000.0,,954122000.0
100,MAT,MRT,1996-06-30,1996-06-30,1996-06-30,2021-09-07,-98593000.0,3377698000.0,,2016285000.0,1361413000.0,,,,91996000.0,91996000.0,,,2.092,1.007,874159000.0,263772000.0,610387000.0,874159000.0,0.0,,0.0,0.007,0.216,,,,,,,,,,1683301000.0,,1683301000.0,,,,,,1.0,,,616045000.0,,2580191000.0,,562922000.0,0.0,0.0,0.0,1694397000.0,963625000.0,730772000.0,,,,,,,,,,,,,,,,,,,,232959000.0,,,,,577168000.0,,28.875,,,1135765000.0,1043687000.0,,,,,,,,,,1.0,,,,,2761653000.0,0.0,,149384000.0,,1052660000.0
101,MAT,MRT,1996-03-31,1996-03-31,1996-03-31,2021-09-07,-97683000.0,3004911000.0,,1658419000.0,1346492000.0,,,,68036000.0,68036000.0,,,2.341,0.918,676741000.0,82370000.0,594371000.0,676741000.0,0.0,,0.0,0.007,0.204,,,,,,,,,,1567044000.0,,1567044000.0,,,,,,1.0,,,623723000.0,,2281383000.0,,498197000.0,0.0,0.0,0.0,1437867000.0,708510000.0,729357000.0,,,,,,,,,,,,,,,,,,,,174270000.0,,,,,555660000.0,,27.75,,,888849000.0,997702000.0,,,,,,,,,,1.0,,,,,2381188000.0,0.0,,133835000.0,,949909000.0
102,MAT,MRT,1995-12-31,1995-12-31,1995-12-31,2021-09-07,-73562000.0,2695509000.0,,1690819000.0,1004690000.0,,4.347,-222844000.0,466082000.0,466082000.0,2302076000.0,337889000.0,1.995,1.114,479857000.0,15520000.0,464337000.0,479857000.0,0.0,170005000.0,0.0,0.008,0.192,607651000.0,777656000.0,0.178,777656000.0,607651000.0,504668000.0,1.13,1.11,1.13,1275169000.0,,1275169000.0,,,,223755000.0,0.763,1.0,2067740000.0,0.473,422796000.0,102983000.0,1438807000.0,,350841000.0,17375000.0,17375000.0,0.0,1420340000.0,847681000.0,572659000.0,,224110000.0,24412000.0,-39683000.0,132904000.0,-50963000.0,-24149000.0,-196175000.0,3083000.0,446599000.0,-2165000.0,337889000.0,331347000.0,331347000.0,0.0,0.0,0.076,1462008000.0,605732000.0,250401000.0,0.17,,,21.77,499314000.0,6542000.0,24.6,,1.651,679283000.0,1041735000.0,4369816000.0,4369816000.0,0.0,,,,0.139,0.0,1453108000.0,1.0,,293312000.0,298763000.0,14.898,2272713000.0,0.0,166779000.0,138183000.0,7.748,843138000.0
103,MAT,MRT,1994-12-31,1994-12-31,1994-12-31,2021-09-07,,,,,,,,-151161000.0,,,1603522000.0,255832000.0,,,,,,,,124272000.0,,0.01,0.154,449081000.0,573353000.0,0.179,573353000.0,449081000.0,393632000.0,,,,,,,,,,195391000.0,,1.0,1601503000.0,0.5,,55449000.0,,,,,,,,,,,-267013000.0,-374965000.0,-41676000.0,-20432000.0,-47840000.0,-86053000.0,-529610000.0,-3395000.0,346552000.0,2098000.0,255832000.0,251143000.0,251143000.0,0.0,0.0,0.078,1124928000.0,476575000.0,,,,,,,4689000.0,16.077,,,,,3205025000.0,3205025000.0,0.0,,,,0.14,0.0,1052928000.0,1.0,,,279923000.0,,,,137800000.0,,,
