None,ticker,dimension,calendardate,datekey,reportperiod,lastupdated,accoci,assets,assetsavg,assetsc,assetsnc,assetturnover,bvps,capex,cashneq,cashnequsd,cor,consolinc,currentratio,de,debt,debtc,debtnc,debtusd,deferredrev,depamor,deposits,divyield,dps,ebit,ebitda,ebitdamargin,ebitdausd,ebitusd,ebt,eps,epsdil,epsusd,equity,equityavg,equityusd,ev,evebit,evebitda,fcf,fcfps,fxusd,gp,grossmargin,intangibles,intexp,invcap,invcapavg,inventory,investments,investmentsc,investmentsnc,liabilities,liabilitiesc,liabilitiesnc,marketcap,ncf,ncfbus,ncfcommon,ncfdebt,ncfdiv,ncff,ncfi,ncfinv,ncfo,ncfx,netinc,netinccmn,netinccmnusd,netincdis,netincnci,netmargin,opex,opinc,payables,payoutratio,pb,pe,pe1,ppnenet,prefdivis,price,ps,ps1,receivables,retearn,revenue,revenueusd,rnd,roa,roe,roic,ros,sbcomp,sgna,sharefactor,sharesbas,shareswa,shareswadil,sps,tangibles,taxassets,taxexp,taxliabilities,tbvps,workingcapital
0,IVZ,MRY,2020-12-31,2020-12-31,2020-12-31,2021-07-30,-404500000.0,36504100000.0,36282850000.0,,,0.169,31.266,-115000000.0,1710100000.0,1710100000.0,0.0,807500000.0,,1.496,8796700000.0,,,8796700000.0,0.0,203500000.0,0.0,0.044,0.775,915700000.0,1119200000.0,0.182,1119200000.0,915700000.0,786400000.0,1.14,1.13,1.14,14361800000.0,13849275000.0,14361800000.0,15384311020.0,17.0,13.746,1115300000.0,2.428,1.0,6145600000.0,1.0,16221900000.0,129300000.0,27368800000.0,27611075000.0,0.0,8736800000.0,,,21483400000.0,,,8006211020.0,79300000.0,0.0,-47100000.0,476900000.0,-357400000.0,-285900000.0,-865100000.0,-750100000.0,1230300000.0,53300000.0,524800000.0,288000000.0,288000000.0,0.0,45900000.0,0.047,5225200000.0,920400000.0,9600900000.0,0.68,0.557,27.799,15.289,563800000.0,236800000.0,17.43,1.303,1.303,1026000000.0,6085000000.0,6145600000.0,6145600000.0,0.0,0.008,0.021,0.033,0.149,188500000.0,4831900000.0,1.0,459335113.0,459335113.0,,13.379,20282200000.0,0.0,261600000.0,1523500000.0,44.156,
1,IVZ,MRY,2019-12-31,2019-12-31,2019-12-31,2021-07-30,-587300000.0,39420300000.0,37004925000.0,,,0.165,30.527,-124300000.0,1701200000.0,1701200000.0,0.0,737800000.0,,1.783,8314900000.0,,,8314900000.0,0.0,177600000.0,0.0,0.068,1.23,935500000.0,1113100000.0,0.182,1113100000.0,935500000.0,799800000.0,1.29,1.28,1.29,13862500000.0,12509925000.0,13862500000.0,14407611872.0,15.0,12.944,992300000.0,2.185,1.0,6117400000.0,1.0,15867700000.0,135700000.0,30166300000.0,29122625000.0,0.0,8637500000.0,,,24718500000.0,,,8161011872.0,-107500000.0,290500000.0,-469800000.0,1198400000.0,-529100000.0,201300000.0,-1425400000.0,-1617600000.0,1116600000.0,10700000.0,564700000.0,441100000.0,441100000.0,0.0,49500000.0,0.072,5309200000.0,808200000.0,12893800000.0,0.953,0.589,18.502,13.938,583500000.0,123600000.0,17.98,1.334,1.335,1191200000.0,5917800000.0,6117400000.0,6117400000.0,0.0,0.012,0.035,0.032,0.153,207500000.0,4636200000.0,1.0,453893875.0,454100000.0,,13.471,23552600000.0,0.0,235100000.0,1529500000.0,51.867,
2,IVZ,MRY,2018-12-31,2018-12-31,2018-12-31,2021-07-30,-735000000.0,30978400000.0,31890100000.0,,,0.167,20.924,-102500000.0,1805400000.0,1805400000.0,0.0,883100000.0,,2.523,7634800000.0,,,7634800000.0,0.0,142100000.0,0.0,0.071,1.19,1249300000.0,1391400000.0,0.262,1391400000.0,1249300000.0,1137800000.0,2.14,2.14,2.14,8578800000.0,8819625000.0,8578800000.0,12606562849.0,10.0,9.06,726300000.0,1.771,1.0,5314100000.0,1.0,9333200000.0,111500000.0,27474600000.0,28318275000.0,0.0,6827000000.0,,,21646000000.0,,,6885762849.0,-529900000.0,-1469300000.0,-51800000.0,1749200000.0,-490600000.0,1540000000.0,-2898700000.0,-1263100000.0,828800000.0,-44800000.0,882800000.0,882800000.0,882800000.0,0.0,300000.0,0.166,4109200000.0,1204900000.0,12650700000.0,0.556,0.803,7.8,7.822,468700000.0,0.0,16.74,1.296,1.292,906100000.0,5884500000.0,5314100000.0,5314100000.0,0.0,0.028,0.1,0.044,0.235,172400000.0,3972300000.0,1.0,411335893.0,410000000.0,,12.961,21645200000.0,0.0,255000000.0,326400000.0,52.793,
3,IVZ,MRY,2017-12-31,2017-12-31,2017-12-31,2021-07-30,-391200000.0,31668800000.0,29222175000.0,,,0.177,21.21,-111700000.0,2517700000.0,2517700000.0,0.0,1161000000.0,,2.584,6875600000.0,,,6875600000.0,0.0,116800000.0,0.0,0.031,1.15,1490300000.0,1607100000.0,0.311,1607100000.0,1490300000.0,1395500000.0,2.75,2.75,2.75,8696100000.0,8161475000.0,8696100000.0,19071349486.0,13.0,11.867,1046100000.0,2.551,1.0,5160300000.0,1.0,8149400000.0,94800000.0,27877300000.0,25597000000.0,0.0,6332600000.0,,,22470000000.0,,,14874649486.0,352400000.0,-299200000.0,-63800000.0,373600000.0,-471600000.0,169000000.0,-974400000.0,-563500000.0,1157800000.0,104100000.0,1127300000.0,1127300000.0,1127300000.0,0.0,33700000.0,0.218,3883200000.0,1277100000.0,14124000000.0,0.418,1.71,13.195,13.287,490700000.0,0.0,36.54,2.883,2.903,1547800000.0,5489100000.0,5160300000.0,5160300000.0,0.0,0.039,0.138,0.058,0.289,175300000.0,3883200000.0,1.0,407078530.0,410000000.0,,12.586,23519400000.0,0.0,268200000.0,275500000.0,57.364,
4,IVZ,MRY,2016-12-31,2016-12-31,2016-12-31,2021-07-30,-809300000.0,25734300000.0,24008250000.0,,,0.197,18.368,-147700000.0,2070200000.0,2070200000.0,0.0,868300000.0,,2.377,6505500000.0,,,6505500000.0,0.0,101200000.0,0.0,0.046,1.39,1285900000.0,1387100000.0,0.293,1387100000.0,1285900000.0,1192500000.0,2.06,2.06,2.06,7503800000.0,7700100000.0,7503800000.0,16431866494.0,13.0,11.846,506300000.0,1.239,1.0,4734400000.0,1.0,7528600000.0,93400000.0,22641000000.0,20340850000.0,0.0,5911400000.0,,,17838800000.0,,,12394966494.0,118200000.0,-121900000.0,-535000000.0,1185100000.0,-460400000.0,470100000.0,-1005900000.0,-736300000.0,654000000.0,-132000000.0,854200000.0,854200000.0,854200000.0,0.0,14100000.0,0.18,3558000000.0,1176400000.0,9695900000.0,0.675,1.652,14.511,14.728,464700000.0,0.0,30.34,2.618,2.618,1323300000.0,4833400000.0,4734400000.0,4734400000.0,0.0,0.036,0.111,0.063,0.272,159700000.0,3558000000.0,1.0,408535481.0,408535481.0,,11.589,18205700000.0,0.0,338300000.0,309700000.0,44.563,
5,IVZ,MRY,2015-12-31,2015-12-31,2015-12-31,2021-07-30,-446000000.0,25073200000.0,23723725000.0,,,0.216,18.603,-124500000.0,2214700000.0,2214700000.0,0.0,964100000.0,,2.056,7509800000.0,,,7509800000.0,0.0,93600000.0,0.0,0.04,1.33,1447800000.0,1541400000.0,0.301,1541400000.0,1447800000.0,1366100000.0,2.26,2.26,2.26,7885300000.0,8095825000.0,7885300000.0,19371709804.0,13.0,12.568,1003900000.0,2.368,1.0,5122900000.0,1.0,7529700000.0,81700000.0,22838600000.0,21356075000.0,0.0,7035200000.0,,,16210200000.0,,,14190909804.0,412000000.0,0.0,-620000000.0,1014200000.0,-454500000.0,-51600000.0,-664800000.0,-540300000.0,1128400000.0,-74800000.0,968100000.0,968100000.0,968100000.0,0.0,-4000000.0,0.189,3764500000.0,1358400000.0,7476500000.0,0.588,1.8,14.659,14.814,426900000.0,0.0,33.48,2.77,2.77,1267900000.0,4439600000.0,5122900000.0,5122900000.0,0.0,0.041,0.12,0.068,0.283,150300000.0,3764500000.0,1.0,423862300.0,423862300.0,,12.086,17543500000.0,0.0,398000000.0,288900000.0,41.39,
6,IVZ,MRY,2014-12-31,2014-12-31,2014-12-31,2021-07-30,48800000.0,20450000000.0,20194200000.0,,,0.255,19.326,-133200000.0,1918200000.0,1918200000.0,0.0,1001100000.0,,1.341,6726400000.0,,,6726400000.0,0.0,89400000.0,0.0,0.025,0.975,1451800000.0,1541200000.0,0.299,1541200000.0,1451800000.0,1378700000.0,2.27,2.27,2.27,8326000000.0,8394875000.0,8326000000.0,21734508965.0,15.0,14.102,1067200000.0,2.477,1.0,5147100000.0,1.0,7826100000.0,73100000.0,17432100000.0,16810000000.0,0.0,6648200000.0,,,11164700000.0,,,17026308965.0,235700000.0,60800000.0,-258600000.0,1274500000.0,-424000000.0,862500000.0,-1827200000.0,-1754800000.0,1200400000.0,-52700000.0,988100000.0,988100000.0,988100000.0,3400000.0,13000000.0,0.192,3870200000.0,1276900000.0,3185300000.0,0.43,2.045,17.231,17.41,402600000.0,0.0,39.52,3.308,3.308,1439600000.0,3943600000.0,5147100000.0,5147100000.0,0.0,0.049,0.118,0.086,0.282,138000000.0,3870200000.0,1.0,430827656.0,430827656.0,,11.947,12623900000.0,0.0,390600000.0,304800000.0,29.302,
7,IVZ,MRY,2013-12-31,2013-12-31,2013-12-31,2021-07-30,427900000.0,19270500000.0,18676775000.0,,,0.249,18.933,-88200000.0,1914800000.0,1914800000.0,0.0,982800000.0,,1.226,5770300000.0,,,5770300000.0,0.0,88400000.0,0.0,0.023,0.848,1445100000.0,1533500000.0,0.33,1533500000.0,1445100000.0,1277200000.0,2.1,2.1,2.1,8392600000.0,8321025000.0,8392600000.0,19906594293.0,14.0,12.981,692000000.0,1.561,1.0,4644600000.0,1.0,8131000000.0,167900000.0,14995000000.0,12859475000.0,0.0,5574400000.0,,,10293200000.0,,,16135394293.0,481000000.0,135100000.0,-452600000.0,921300000.0,-379700000.0,-59300000.0,-239900000.0,-286800000.0,780200000.0,14700000.0,940300000.0,940300000.0,940300000.0,-64500000.0,42500000.0,0.202,3524400000.0,1120200000.0,3061100000.0,0.404,1.923,17.16,17.333,350800000.0,0.0,36.4,3.474,3.474,1491500000.0,3466200000.0,4644600000.0,4644600000.0,0.0,0.05,0.113,0.112,0.311,133100000.0,3521200000.0,1.0,443280063.0,443280063.0,,10.478,11139500000.0,0.0,336900000.0,323600000.0,25.13,
8,IVZ,MRY,2012-12-31,2012-12-31,2012-12-31,2021-07-30,530500000.0,17492400000.0,18323925000.0,3907600000.0,13584800000.0,0.221,18.73,-98700000.0,1123300000.0,1123300000.0,0.0,587300000.0,1.44,1.015,5085400000.0,0.0,5085400000.0,5085400000.0,0.0,95000000.0,0.0,0.025,0.64,1159100000.0,1254100000.0,0.31,1254100000.0,1159100000.0,938500000.0,1.5,1.49,1.5,8316800000.0,8247475000.0,8316800000.0,15292356615.0,13.0,12.194,720600000.0,1.623,1.0,4050400000.0,1.0,8335900000.0,220600000.0,10405600000.0,11670650000.0,0.0,5161300000.0,363900000.0,4797400000.0,8443400000.0,2713000000.0,5730400000.0,11585056615.0,91000000.0,-37200000.0,-242000000.0,129400000.0,-289000000.0,-645900000.0,-82400000.0,37100000.0,819300000.0,17100000.0,677100000.0,677100000.0,677100000.0,-18100000.0,-89800000.0,0.167,3207800000.0,842600000.0,2332500000.0,0.427,1.393,17.11,17.393,349600000.0,0.0,26.09,2.86,2.86,1083600000.0,2930100000.0,4050400000.0,4050400000.0,0.0,0.037,0.082,0.099,0.286,136400000.0,3199600000.0,1.0,444042032.0,444042032.0,,9.122,9156500000.0,38400000.0,261400000.0,311400000.0,20.621,1194600000.0
9,IVZ,MRY,2011-12-31,2011-12-31,2011-12-31,2021-07-30,373300000.0,19347000000.0,20284750000.0,3834100000.0,15512900000.0,0.196,18.003,-94400000.0,1109700000.0,1109700000.0,0.0,622000000.0,1.289,1.257,6797600000.0,215100000.0,6582500000.0,6797600000.0,0.0,117400000.0,81200000.0,0.024,0.477,1258500000.0,1375900000.0,0.346,1375900000.0,1258500000.0,1009700000.0,1.58,1.57,1.58,8119100000.0,8147525000.0,8119100000.0,15202787742.0,12.0,11.049,870400000.0,1.93,1.0,3982300000.0,1.0,8230700000.0,248800000.0,13829800000.0,15004550000.0,0.0,7113500000.0,283700000.0,6829800000.0,10209400000.0,2974400000.0,7235000000.0,9060487742.0,-9200000.0,-31700000.0,-424100000.0,-544300000.0,-220900000.0,-1322100000.0,348100000.0,474200000.0,964800000.0,-3900000.0,729700000.0,729700000.0,729700000.0,-9900000.0,-107700000.0,0.183,3100200000.0,882100000.0,1683100000.0,0.302,1.116,12.417,12.715,312800000.0,0.0,20.09,2.275,2.275,967300000.0,2747500000.0,3982300000.0,3982300000.0,0.0,0.036,0.09,0.084,0.316,115100000.0,3070800000.0,1.0,450994910.0,450994910.0,,8.83,11116300000.0,28700000.0,280000000.0,333600000.0,24.648,859700000.0
10,IVZ,MRY,2010-12-31,2010-12-31,2010-12-31,2021-07-30,495500000.0,20444100000.0,19020300000.0,4274500000.0,16169600000.0,0.183,17.887,-89600000.0,1377200000.0,1377200000.0,0.0,636800000.0,1.309,1.341,7181100000.0,0.0,7181100000.0,7181100000.0,0.0,96700000.0,146300000.0,0.018,0.432,839900000.0,936600000.0,0.269,936600000.0,839900000.0,662700000.0,1.01,1.01,1.01,8264600000.0,7956650000.0,8264600000.0,17173455763.0,20.0,18.336,289600000.0,0.627,1.0,3487700000.0,1.0,8317400000.0,177200000.0,14666100000.0,13854350000.0,0.0,7679200000.0,308800000.0,7370400000.0,11083200000.0,3264500000.0,7818700000.0,11117055763.0,-24500000.0,-775900000.0,-172600000.0,362700000.0,-197900000.0,-65900000.0,-337800000.0,527700000.0,379200000.0,3000000.0,465700000.0,465700000.0,465700000.0,0.0,171100000.0,0.134,2897800000.0,589900000.0,1800200000.0,0.428,1.345,23.872,23.822,272400000.0,0.0,24.06,3.188,3.188,1096900000.0,2399900000.0,3487700000.0,3487700000.0,0.0,0.024,0.059,0.061,0.241,117800000.0,2747800000.0,1.0,462055518.0,462055518.0,,7.548,12126700000.0,30400000.0,197000000.0,301200000.0,26.245,1010000000.0
11,IVZ,MRY,2009-12-31,2009-12-31,2009-12-31,2021-07-30,393600000.0,10909600000.0,10435625000.0,3121000000.0,7788600000.0,0.252,16.122,-32700000.0,790000000.0,790000000.0,0.0,209300000.0,1.358,0.476,745700000.0,0.0,745700000.0,745700000.0,0.0,77600000.0,0.0,0.017,0.407,535200000.0,612800000.0,0.233,612800000.0,535200000.0,470700000.0,0.77,0.76,0.77,6912900000.0,6434900000.0,6912900000.0,10149800223.0,19.0,16.563,330000000.0,0.77,1.0,2627300000.0,1.0,6606700000.0,64500000.0,1960200000.0,1990500000.0,0.0,1024800000.0,182400000.0,842400000.0,3288800000.0,2298400000.0,990400000.0,10072000223.0,159600000.0,-34200000.0,521800000.0,-409200000.0,-168900000.0,-100700000.0,-102400000.0,-35500000.0,362700000.0,17200000.0,322500000.0,322500000.0,322500000.0,0.0,-113200000.0,0.123,2143000000.0,484300000.0,1650900000.0,0.529,1.457,31.231,30.506,220700000.0,0.0,23.49,3.834,3.834,672400000.0,1631400000.0,2627300000.0,2627300000.0,0.0,0.031,0.05,0.269,0.204,90800000.0,2132200000.0,1.0,428778213.0,428778213.0,,6.127,4302900000.0,123500000.0,148200000.0,82800000.0,10.035,822600000.0
12,IVZ,MRY,2008-12-31,2008-12-31,2008-12-31,2021-07-30,-95800000.0,9756900000.0,11596850000.0,2374000000.0,7382900000.0,0.285,14.779,-83900000.0,658200000.0,658200000.0,0.0,481700000.0,1.129,0.556,1159200000.0,297200000.0,862000000.0,1159200000.0,0.0,67600000.0,0.0,0.036,0.52,1138700000.0,1206300000.0,0.365,1206300000.0,1138700000.0,717700000.0,1.24,1.21,1.24,5689500000.0,6326825000.0,5689500000.0,6049336317.0,5.0,5.015,441600000.0,1.147,1.0,3307600000.0,1.0,6109600000.0,421000000.0,2044900000.0,2700375000.0,0.0,1088700000.0,123600000.0,965100000.0,3160700000.0,2103400000.0,1057300000.0,5558936317.0,-239300000.0,-174300000.0,-233600000.0,-97600000.0,-207100000.0,-666400000.0,-98400000.0,159800000.0,525500000.0,-91300000.0,481700000.0,481700000.0,481700000.0,0.0,0.0,0.146,2559800000.0,747800000.0,1128500000.0,0.419,0.977,11.54,11.645,205300000.0,0.0,14.44,1.681,1.681,543000000.0,1476300000.0,3307600000.0,3307600000.0,0.0,0.042,0.076,0.422,0.344,97700000.0,2559800000.0,1.0,384967889.0,384967889.0,,8.592,3647300000.0,123300000.0,236000000.0,37900000.0,9.474,270600000.0
13,IVZ,MRY,2007-12-31,2007-12-31,2007-12-31,2021-07-30,952100000.0,12925200000.0,12576850000.0,4168600000.0,8756600000.0,0.308,15.754,-24600000.0,952400000.0,952400000.0,0.0,673600000.0,1.145,0.791,1393000000.0,0.0,1393000000.0,1393000000.0,0.0,84100000.0,0.0,0.012,0.372,1917400000.0,2001500000.0,0.516,2001500000.0,1917400000.0,1030900000.0,1.68,1.64,1.68,6590600000.0,6377300000.0,6590600000.0,13168311271.0,7.0,6.579,890900000.0,2.13,1.0,3878900000.0,1.0,7002200000.0,886500000.0,2722700000.0,2770450000.0,0.0,1505100000.0,151400000.0,1353700000.0,5213400000.0,3640900000.0,1572500000.0,13127511271.0,126500000.0,-54400000.0,-578600000.0,110000000.0,-155000000.0,-740800000.0,-48200000.0,30800000.0,915500000.0,10400000.0,673600000.0,673600000.0,673600000.0,0.0,0.0,0.174,2884600000.0,994300000.0,2479200000.0,0.221,1.992,19.489,18.679,180000000.0,0.0,31.38,3.384,3.384,978500000.0,1201700000.0,3878900000.0,3878900000.0,0.0,0.054,0.106,0.692,0.494,105200000.0,2884600000.0,1.0,418340066.0,418340066.0,,9.272,5923000000.0,166300000.0,357300000.0,140600000.0,14.158,527700000.0
14,IVZ,MRY,2006-12-31,2006-12-31,2006-12-31,2021-07-30,614500000.0,12228500000.0,9906450000.0,3709000000.0,8519500000.0,0.328,15.069,-35400000.0,834300000.0,834300000.0,0.0,482700000.0,1.102,0.74,1316000000.0,300000000.0,1016000000.0,1316000000.0,0.0,67500000.0,0.0,0.014,0.345,814500000.0,882000000.0,0.272,882000000.0,814500000.0,737300000.0,1.22,1.19,1.22,6164000000.0,4888500000.0,6164000000.0,10550649555.0,13.0,11.962,420500000.0,1.028,1.0,3246700000.0,1.0,6526600000.0,77200000.0,2818200000.0,2011550000.0,0.0,1749700000.0,187800000.0,1561900000.0,4559900000.0,3365400000.0,1194500000.0,10083167555.0,34100000.0,-197100000.0,-89100000.0,95300000.0,-143600000.0,-163100000.0,-258700000.0,-26200000.0,455900000.0,35300000.0,482700000.0,482700000.0,482700000.0,0.0,0.0,0.149,2487500000.0,759200000.0,2107900000.0,0.283,1.636,20.889,20.205,198700000.0,0.0,24.65,3.106,3.106,804900000.0,700700000.0,3246700000.0,3246700000.0,0.0,0.049,0.099,0.405,0.251,140600000.0,2474400000.0,1.0,409053450.0,409053450.0,,7.937,5701900000.0,118500000.0,254600000.0,99700000.0,13.939,343600000.0
15,IVZ,MRY,2005-12-31,2005-12-31,2005-12-31,2021-07-30,0.0,7584400000.0,7502015500.0,2723100000.0,4861300000.0,0.383,8.833,-36600000.0,715700000.0,715700000.0,0.0,219800000.0,1.058,1.098,1222200000.0,10000000.0,1212200000.0,1222200000.0,0.0,94500000.0,0.0,0.022,0.333,456000000.0,550500000.0,0.192,550500000.0,456000000.0,370900000.0,0.55,0.54,0.55,3613000000.0,3576723000.0,3613000000.0,,,,270300000.0,0.661,1.0,2872600000.0,1.0,4312600000.0,85100000.0,1204900000.0,1342600000.0,0.0,180700000.0,31300000.0,149400000.0,3968100000.0,2573400000.0,1394700000.0,6295332603.0,167900000.0,53600000.0,7700000.0,-102600000.0,-134100000.0,-251000000.0,112000000.0,95000000.0,306900000.0,-5300000.0,219800000.0,219800000.0,219800000.0,0.0,0.0,0.077,2464700000.0,407900000.0,1300500000.0,0.605,1.742,28.641,27.982,180000000.0,0.0,15.39,2.192,2.192,805300000.0,638700000.0,2872600000.0,2872600000.0,0.0,0.029,0.061,0.34,0.159,40600000.0,2385500000.0,1.0,409053450.0,409053450.0,,7.023,3271800000.0,140400000.0,151100000.0,40000000.0,7.998,149700000.0
16,IVZ,MRY,2004-12-31,2004-12-31,2004-12-31,2021-07-30,0.0,7419631000.0,,2349810000.0,5069821000.0,,,-50600000.0,546928000.0,546928000.0,0.0,-35700000.0,1.01,1.095,1381644000.0,79476000.0,1302168000.0,1381644000.0,0.0,92500000.0,0.0,0.026,0.322,119700000.0,212200000.0,0.1,212200000.0,119700000.0,38500000.0,-0.1,-0.1,-0.1,3540446000.0,,3540446000.0,,,,154800000.0,,1.0,2124500000.0,1.0,4447260000.0,81200000.0,1480300000.0,,0.0,1093002000.0,958524000.0,134478000.0,3876664000.0,2326787000.0,1549877000.0,,-28300000.0,-53900000.0,-87600000.0,96600000.0,-135700000.0,-126700000.0,-107000000.0,-2500000.0,205400000.0,11900000.0,-36200000.0,-36200000.0,-36200000.0,0.0,500000.0,-0.017,2037200000.0,87300000.0,2218862000.0,-3.22,,,-125.6,226987000.0,0.0,12.56,,,844358000.0,571574000.0,2124500000.0,2124500000.0,0.0,,,,0.056,30000000.0,1624000000.0,1.0,,,,,2972371000.0,150114000.0,74700000.0,36655000.0,,23023000.0
0,IVZ,MRQ,2021-06-30,2021-06-30,2021-06-30,2021-07-30,-369800000.0,33248400000.0,,,,,32.307,-26900000.0,1737100000.0,1737100000.0,0.0,495100000.0,,1.171,8834500000.0,,,8834500000.0,0.0,52800000.0,0.0,0.024,0.17,547100000.0,599900000.0,0.348,599900000.0,547100000.0,522500000.0,0.8,0.79,0.8,14908000000.0,,14908000000.0,19530787609.0,12.0,10.999,480800000.0,1.042,1.0,1721400000.0,1.0,16229000000.0,24600000.0,24116800000.0,,0.0,9270000000.0,,,17457900000.0,,,12334587609.0,-58800000.0,0.0,-2900000.0,40500000.0,-78600000.0,-482700000.0,-83800000.0,-56900000.0,507700000.0,0.0,368300000.0,309100000.0,309100000.0,0.0,67600000.0,0.18,1250500000.0,470900000.0,5187100000.0,0.212,0.827,15.378,11.827,524800000.0,59200000.0,26.73,1.895,1.895,1511900000.0,6570100000.0,1721400000.0,1721400000.0,0.0,,,,,34200000.0,1281600000.0,1.0,461451089.0,461451089.0,,3.73,17019400000.0,0.0,154200000.0,1575300000.0,36.882,
1,IVZ,MRQ,2021-03-31,2021-03-31,2021-03-31,2021-07-30,-407700000.0,34881500000.0,,,,,31.69,-20300000.0,1587900000.0,1587900000.0,0.0,371600000.0,,1.341,8784100000.0,,,8784100000.0,0.0,51100000.0,0.0,0.025,0.155,398100000.0,449200000.0,0.271,449200000.0,398100000.0,374300000.0,0.58,0.58,0.58,14547800000.0,,14547800000.0,18664402448.0,16.0,13.879,-47200000.0,-0.103,1.0,1659700000.0,1.0,16214900000.0,23800000.0,25862800000.0,,0.0,8769700000.0,,,19513700000.0,,,11577802448.0,-20300000.0,0.0,-44700000.0,225800000.0,-71500000.0,137800000.0,-131200000.0,-110900000.0,-26900000.0,-14400000.0,267800000.0,208600000.0,208600000.0,0.0,44600000.0,0.126,1315400000.0,344300000.0,7907500000.0,0.267,0.796,24.41,16.271,555900000.0,59200000.0,25.22,1.865,1.865,1377100000.0,6279900000.0,1659700000.0,1659700000.0,0.0,,,,,38600000.0,1253700000.0,1.0,459072262.0,459072262.0,,3.615,18666600000.0,0.0,106500000.0,1566300000.0,40.662,
2,IVZ,MRQ,2020-12-31,2020-12-31,2020-12-31,2021-07-30,-404500000.0,36504100000.0,,,,,31.266,-41400000.0,1710100000.0,1710100000.0,0.0,330800000.0,,1.496,8796700000.0,,,8796700000.0,0.0,53200000.0,0.0,0.044,0.155,304400000.0,357600000.0,0.219,357600000.0,304400000.0,280000000.0,0.46,0.45,0.46,14361800000.0,,14361800000.0,15384311020.0,17.0,13.746,526200000.0,1.146,1.0,1630100000.0,1.0,16221900000.0,24400000.0,27368800000.0,,0.0,8736800000.0,,,21483400000.0,,,8006211020.0,475900000.0,0.0,-6400000.0,-58500000.0,-71500000.0,-55600000.0,-36100000.0,3400000.0,567600000.0,46400000.0,211100000.0,151900000.0,151900000.0,0.0,60500000.0,0.093,1412300000.0,217800000.0,9600900000.0,0.337,0.557,27.799,15.289,563800000.0,59200000.0,17.43,1.303,1.303,1026000000.0,6085000000.0,1630100000.0,1630100000.0,0.0,,,,,50300000.0,1237200000.0,1.0,459335113.0,459335113.0,,3.549,20282200000.0,0.0,68900000.0,1523500000.0,44.156,
3,IVZ,MRQ,2020-09-30,2020-09-30,2020-09-30,2021-07-30,-647900000.0,36037500000.0,,,,,30.346,-26400000.0,1320600000.0,1320600000.0,0.0,294700000.0,,1.54,8698700000.0,,,8698700000.0,0.0,51600000.0,0.0,0.082,0.155,317400000.0,369000000.0,0.246,369000000.0,317400000.0,283600000.0,0.42,0.41,0.42,13934000000.0,,13934000000.0,12622483250.0,14.0,11.383,375400000.0,0.818,1.0,1497600000.0,1.0,16044700000.0,33800000.0,27370900000.0,,0.0,8488200000.0,,,21458700000.0,,,5239083250.0,14200000.0,0.0,-5800000.0,-179200000.0,-71400000.0,-301600000.0,-86000000.0,-86400000.0,401800000.0,35300000.0,191700000.0,132500000.0,132500000.0,0.0,43800000.0,0.088,1229100000.0,268500000.0,9997600000.0,0.369,0.376,20.409,10.468,551100000.0,59200000.0,11.41,0.837,0.837,1181500000.0,5944500000.0,1497600000.0,1497600000.0,0.0,,,,,43000000.0,1158100000.0,1.0,459165929.0,459165929.0,,3.262,19992800000.0,0.0,91900000.0,1527100000.0,43.542,
4,IVZ,MRQ,2020-06-30,2020-06-30,2020-06-30,2021-07-30,-816000000.0,35579100000.0,,,,,29.641,-28000000.0,1271200000.0,1271200000.0,0.0,62000000.0,,1.574,8654600000.0,,,8654600000.0,0.0,50300000.0,0.0,0.101,0.155,118700000.0,169000000.0,0.119,169000000.0,118700000.0,83900000.0,0.09,0.09,0.09,13602000000.0,,13602000000.0,12469717151.0,14.0,11.714,309900000.0,0.675,1.0,1419000000.0,1.0,15931400000.0,34800000.0,27031100000.0,,0.0,8107600000.0,,,21408600000.0,,,4937717151.0,21900000.0,0.0,-3400000.0,131100000.0,-73600000.0,-25000000.0,-291000000.0,-284400000.0,337900000.0,10300000.0,40500000.0,-18700000.0,-18700000.0,0.0,-37700000.0,-0.013,1301900000.0,117100000.0,10017900000.0,1.722,0.363,21.762,10.447,555100000.0,59200000.0,10.76,0.762,0.762,1073900000.0,5825000000.0,1419000000.0,1419000000.0,0.0,,,,,47800000.0,1230200000.0,1.0,458895646.0,458895646.0,,3.092,19647700000.0,0.0,43400000.0,1507400000.0,42.815,
5,IVZ,MRQ,2020-03-31,2020-03-31,2020-03-31,2021-07-30,-905500000.0,37010700000.0,,,,,29.773,-19200000.0,1229500000.0,1229500000.0,0.0,120000000.0,,1.696,8761500000.0,,,8761500000.0,0.0,48400000.0,0.0,0.137,0.31,175200000.0,223600000.0,0.14,223600000.0,175200000.0,138900000.0,0.18,0.18,0.18,13499300000.0,,13499300000.0,10730617282.0,13.0,10.485,-96200000.0,-0.212,1.0,1598900000.0,1.0,15869200000.0,36300000.0,28673500000.0,,0.0,8308400000.0,,,22891800000.0,,,4116917282.0,-432700000.0,0.0,-31500000.0,583500000.0,-140900000.0,96300000.0,-452000000.0,-382700000.0,-77000000.0,-38700000.0,81500000.0,22300000.0,22300000.0,0.0,-20700000.0,0.014,1281900000.0,317000000.0,11266800000.0,1.722,0.305,14.41,8.816,562800000.0,59200000.0,9.08,0.633,0.633,1274000000.0,5856600000.0,1598900000.0,1598900000.0,0.0,,,,,47400000.0,1206400000.0,1.0,453404987.0,453404987.0,,3.526,21141500000.0,0.0,57400000.0,1500800000.0,46.628,
6,IVZ,MRQ,2019-12-31,2019-12-31,2019-12-31,2021-07-30,-587300000.0,39420300000.0,,,,,30.527,-48700000.0,1701200000.0,1701200000.0,0.0,242600000.0,,1.783,8314900000.0,,,8314900000.0,0.0,52500000.0,0.0,0.068,0.31,294800000.0,347300000.0,0.199,347300000.0,294800000.0,260200000.0,0.4,0.39,0.4,13862500000.0,,13862500000.0,14407611872.0,15.0,12.944,398600000.0,0.878,1.0,1742800000.0,1.0,15867700000.0,34600000.0,30166300000.0,,0.0,8637500000.0,,,24718500000.0,,,8161011872.0,132700000.0,-38200000.0,-14400000.0,512600000.0,-140800000.0,341500000.0,-656100000.0,-595200000.0,447300000.0,34200000.0,179800000.0,120600000.0,120600000.0,0.0,3600000.0,0.069,1428200000.0,314600000.0,12893800000.0,0.775,0.589,18.502,13.938,583500000.0,59200000.0,17.98,1.334,1.335,1191200000.0,5917800000.0,1742800000.0,1742800000.0,0.0,,,,,48700000.0,1291700000.0,1.0,453893875.0,454100000.0,457900000.0,3.838,23552600000.0,0.0,80400000.0,1529500000.0,51.867,
7,IVZ,MRQ,2019-09-30,2019-09-30,2019-09-30,2021-07-30,-804300000.0,37891400000.0,,,,,28.892,-26600000.0,1534300000.0,1534300000.0,0.0,242600000.0,,1.734,7780900000.0,,,7780900000.0,0.0,48500000.0,0.0,0.072,0.31,276100000.0,324600000.0,0.189,324600000.0,276100000.0,241100000.0,0.36,0.36,0.36,13573200000.0,,13573200000.0,13793108446.0,16.0,13.808,295300000.0,0.629,1.0,1720600000.0,1.0,15670000000.0,35000000.0,28468000000.0,,0.0,7888700000.0,,,23531800000.0,,,7958308446.0,122700000.0,-11200000.0,-311600000.0,536700000.0,-142800000.0,35800000.0,-235000000.0,-142000000.0,321900000.0,-23900000.0,167100000.0,102700000.0,102700000.0,0.0,11100000.0,0.06,1445500000.0,275100000.0,12619000000.0,0.861,0.586,18.308,14.479,552300000.0,64400000.0,16.94,1.413,1.413,1191300000.0,5880000000.0,1720600000.0,1720600000.0,0.0,,,,,49400000.0,1260000000.0,1.0,469793887.0,469793887.0,,3.662,22221400000.0,0.0,74000000.0,1523100000.0,47.3,
8,IVZ,MRQ,2019-06-30,2019-06-30,2019-06-30,2021-07-30,-671400000.0,38501400000.0,,,,,34.762,-27900000.0,1435300000.0,1435300000.0,0.0,62000000.0,,1.708,7270100000.0,,,7270100000.0,0.0,40300000.0,0.0,0.059,0.31,87600000.0,127900000.0,0.089,127900000.0,87600000.0,54600000.0,0.09,0.09,0.09,13934700000.0,,13934700000.0,14660649585.0,16.0,13.648,439900000.0,1.097,1.0,1439400000.0,1.0,15766600000.0,33000000.0,28569600000.0,,0.0,7499800000.0,,,23805300000.0,,,8201549585.0,177900000.0,339900000.0,-65200000.0,80500000.0,-125400000.0,-89000000.0,-200900000.0,-525700000.0,467800000.0,-3200000.0,40100000.0,40100000.0,40100000.0,0.0,21900000.0,0.028,1421100000.0,18300000.0,13704000000.0,3.444,0.589,13.633,14.014,567800000.0,0.0,20.46,1.562,1.562,1160500000.0,5856800000.0,1439400000.0,1439400000.0,0.0,,,,,59600000.0,1116200000.0,1.0,400857751.0,400857751.0,,3.591,22734800000.0,0.0,14500000.0,1538800000.0,56.715,
9,IVZ,MRQ,2019-03-31,2019-03-31,2019-03-31,2021-07-30,-673600000.0,32206600000.0,,,,,21.833,-21100000.0,1268300000.0,1268300000.0,0.0,190600000.0,,2.624,7727400000.0,,,7727400000.0,0.0,36300000.0,0.0,0.062,0.3,277000000.0,313300000.0,0.258,313300000.0,277000000.0,243900000.0,0.44,0.44,0.44,8669300000.0,,8669300000.0,13496854199.0,11.0,10.182,-141500000.0,-0.356,1.0,1214600000.0,1.0,9379100000.0,33100000.0,29286600000.0,,0.0,7369000000.0,,,22746100000.0,,,7667454199.0,-540800000.0,0.0,-78600000.0,68600000.0,-120100000.0,-87000000.0,-333400000.0,-354700000.0,-120400000.0,3600000.0,177700000.0,177700000.0,177700000.0,0.0,12900000.0,0.146,1014400000.0,200200000.0,13799300000.0,0.682,0.884,9.506,9.852,462800000.0,0.0,19.31,1.482,1.482,1215100000.0,5942100000.0,1214600000.0,1214600000.0,0.0,,,,,49800000.0,968300000.0,1.0,397071683.0,397071683.0,,3.059,22827500000.0,0.0,66200000.0,367600000.0,57.49,
10,IVZ,MRQ,2018-12-31,2018-12-31,2018-12-31,2021-07-30,-735000000.0,30978400000.0,,,,,20.924,-34200000.0,1805400000.0,1805400000.0,0.0,94800000.0,,2.523,7634800000.0,,,7634800000.0,0.0,36500000.0,0.0,0.071,0.3,196600000.0,233100000.0,0.186,233100000.0,196600000.0,167400000.0,0.28,0.28,0.28,8578800000.0,,8578800000.0,12606562849.0,10.0,9.06,132500000.0,0.323,1.0,1255900000.0,1.0,9333200000.0,29200000.0,27474600000.0,,0.0,6827000000.0,,,21646000000.0,,,6885762849.0,-93200000.0,0.0,-2100000.0,67400000.0,-122300000.0,-44100000.0,-215800000.0,-117800000.0,166700000.0,-15800000.0,114200000.0,114200000.0,114200000.0,0.0,-19400000.0,0.091,1025500000.0,230400000.0,12650700000.0,1.071,0.803,7.8,7.822,468700000.0,0.0,16.74,1.296,1.292,906100000.0,5884500000.0,1255900000.0,1255900000.0,0.0,,,,,47900000.0,963700000.0,1.0,411335893.0,410000000.0,410100000.0,3.063,21645200000.0,0.0,53200000.0,326400000.0,52.793,
11,IVZ,MRQ,2018-09-30,2018-09-30,2018-09-30,2021-07-30,-585800000.0,32503800000.0,,,,,21.874,-22100000.0,1914300000.0,1914300000.0,0.0,281200000.0,,2.533,7635100000.0,,,7635100000.0,0.0,39600000.0,0.0,0.052,0.3,360300000.0,399900000.0,0.298,399900000.0,360300000.0,330700000.0,0.65,0.65,0.65,8987100000.0,,8987100000.0,15536723610.0,11.0,9.701,243200000.0,0.592,1.0,1341800000.0,1.0,9468000000.0,29600000.0,28756600000.0,,0.0,6718400000.0,,,22761800000.0,,,9400223610.0,189100000.0,0.0,-2800000.0,708600000.0,-124300000.0,789200000.0,-865400000.0,-843300000.0,265300000.0,-10300000.0,269600000.0,269600000.0,269600000.0,0.0,11600000.0,0.201,1019700000.0,322100000.0,13953900000.0,0.462,1.046,7.988,8.0,469200000.0,0.0,22.88,1.73,1.73,1465800000.0,5892600000.0,1341800000.0,1341800000.0,0.0,,,,,42700000.0,986600000.0,1.0,410848934.0,410848934.0,,3.266,23035800000.0,0.0,61100000.0,304300000.0,56.069,
12,IVZ,MRQ,2018-06-30,2018-06-30,2018-06-30,2021-07-30,-563700000.0,32459100000.0,,,,,21.466,-25600000.0,1833900000.0,1833900000.0,0.0,241900000.0,,2.611,7970400000.0,,,7970400000.0,0.0,32400000.0,0.0,0.044,0.3,346900000.0,379300000.0,0.279,379300000.0,346900000.0,317400000.0,0.59,0.59,0.59,8817300000.0,,8817300000.0,15366654497.0,10.0,9.339,423400000.0,1.031,1.0,1360600000.0,1.0,9466000000.0,29500000.0,29129600000.0,,0.0,6625200000.0,,,23025900000.0,,,10909854497.0,-231200000.0,-1469300000.0,-7600000.0,922100000.0,-124400000.0,839500000.0,-1519700000.0,-24800000.0,449000000.0,-57200000.0,245100000.0,245100000.0,245100000.0,0.0,-3200000.0,0.18,1029300000.0,331300000.0,13953600000.0,0.508,1.237,9.287,9.287,475700000.0,0.0,26.56,2.009,2.009,1683700000.0,5747300000.0,1360600000.0,1360600000.0,0.0,,,,,40900000.0,1005800000.0,1.0,410762594.0,410762594.0,,3.312,22993100000.0,0.0,72300000.0,303500000.0,55.977,
13,IVZ,MRQ,2018-03-31,2018-03-31,2018-03-31,2021-07-30,-331400000.0,31619100000.0,,,,,21.848,-20600000.0,2122300000.0,2122300000.0,0.0,265200000.0,,2.49,6579100000.0,,,6579100000.0,0.0,33600000.0,0.0,0.036,0.29,345500000.0,379100000.0,0.28,379100000.0,345500000.0,322300000.0,0.62,0.62,0.62,8895300000.0,,8895300000.0,17390696148.0,11.0,10.551,-72800000.0,-0.179,1.0,1355800000.0,1.0,8163600000.0,23200000.0,27912300000.0,,0.0,6167100000.0,,,22148100000.0,,,13032796148.0,-394600000.0,0.0,-39300000.0,51100000.0,-119600000.0,-44600000.0,-297800000.0,-277200000.0,-52200000.0,38500000.0,253900000.0,253900000.0,253900000.0,0.0,11300000.0,0.187,1034700000.0,321100000.0,14534500000.0,0.468,1.465,11.147,11.232,484400000.0,0.0,32.01,2.448,2.448,1590100000.0,5626600000.0,1355800000.0,1355800000.0,0.0,,,,,40900000.0,1016200000.0,1.0,407147646.0,407147646.0,,3.33,23455500000.0,0.0,68400000.0,313400000.0,57.609,
14,IVZ,MRQ,2017-12-31,2017-12-31,2017-12-31,2021-07-30,-391200000.0,31668800000.0,,,,,21.21,-29000000.0,2517700000.0,2517700000.0,0.0,422600000.0,,2.584,6875600000.0,,,6875600000.0,0.0,34600000.0,0.0,0.031,0.29,408600000.0,443200000.0,0.322,443200000.0,408600000.0,385000000.0,1.0,0.99,1.0,8696100000.0,,8696100000.0,19071349486.0,13.0,11.867,355800000.0,0.868,1.0,1375600000.0,1.0,8149400000.0,23600000.0,27877300000.0,,0.0,6332600000.0,,,22470000000.0,,,14874649486.0,302900000.0,0.0,-5200000.0,477300000.0,-118900000.0,389800000.0,-471700000.0,-442700000.0,384800000.0,12600000.0,408200000.0,408200000.0,408200000.0,0.0,14400000.0,0.297,1033000000.0,342600000.0,14124000000.0,0.29,1.71,13.195,13.287,490700000.0,0.0,36.54,2.883,2.903,1547800000.0,5489100000.0,1375600000.0,1375600000.0,0.0,,,,,40400000.0,1002300000.0,1.0,407078530.0,410000000.0,410600000.0,3.355,23519400000.0,0.0,-23200000.0,275500000.0,57.364,
15,IVZ,MRQ,2017-09-30,2017-09-30,2017-09-30,2021-07-30,-448500000.0,30372500000.0,,,,,20.433,-22800000.0,2202200000.0,2202200000.0,0.0,274600000.0,,2.588,6398900000.0,,,6398900000.0,0.0,29700000.0,0.0,0.041,0.29,414200000.0,443900000.0,0.332,443900000.0,414200000.0,390600000.0,0.65,0.65,0.65,8314000000.0,,8314000000.0,18287586289.0,13.0,11.933,367000000.0,0.902,1.0,1337700000.0,1.0,8134600000.0,23600000.0,26434600000.0,,0.0,5815200000.0,,,21514100000.0,,,14257486289.0,194500000.0,-299200000.0,-1300000.0,422800000.0,-119000000.0,367100000.0,-562400000.0,-240400000.0,389800000.0,33900000.0,267500000.0,267500000.0,267500000.0,0.0,7100000.0,0.2,977400000.0,360300000.0,13815300000.0,0.446,1.715,15.078,15.235,483000000.0,0.0,35.04,2.863,2.863,1448000000.0,5199800000.0,1337700000.0,1337700000.0,0.0,,,,,42400000.0,977400000.0,1.0,406891732.0,406891732.0,,3.288,22237900000.0,0.0,123100000.0,351500000.0,54.653,
16,IVZ,MRQ,2017-06-30,2017-06-30,2017-06-30,2021-07-30,-594200000.0,28248500000.0,,,,,19.595,-32800000.0,1974200000.0,1974200000.0,0.0,249600000.0,,2.477,6004300000.0,,,6004300000.0,0.0,26200000.0,0.0,0.04,0.29,355800000.0,382000000.0,0.305,382000000.0,355800000.0,332200000.0,0.58,0.58,0.58,7972500000.0,,7972500000.0,18751086604.0,14.0,12.764,223900000.0,0.55,1.0,1254400000.0,1.0,7666500000.0,23600000.0,24612100000.0,,0.0,5559600000.0,,,19746200000.0,,,14317286604.0,-4000000.0,0.0,-4800000.0,-340500000.0,-118900000.0,-364200000.0,103500000.0,136300000.0,256700000.0,43200000.0,239600000.0,239600000.0,239600000.0,0.0,10000000.0,0.191,936100000.0,318300000.0,12507100000.0,0.5,1.796,15.574,15.78,482200000.0,0.0,35.19,2.956,2.956,1655300000.0,5051300000.0,1254400000.0,1254400000.0,0.0,,,,,43300000.0,936100000.0,1.0,406856681.0,406856681.0,,3.083,20582000000.0,0.0,92600000.0,366500000.0,50.588,
17,IVZ,MRQ,2017-03-31,2017-03-31,2017-03-31,2021-07-30,-743700000.0,26598900000.0,,,,,18.976,-27100000.0,1932700000.0,1932700000.0,0.0,214200000.0,,2.422,6366500000.0,,,6366500000.0,0.0,26300000.0,0.0,0.046,0.28,311700000.0,338000000.0,0.283,338000000.0,311700000.0,287700000.0,0.52,0.52,0.52,7663300000.0,,7663300000.0,16804844953.0,13.0,11.641,99400000.0,0.246,1.0,1192600000.0,1.0,7568700000.0,24000000.0,23464000000.0,,0.0,5579800000.0,,,18558000000.0,,,12369544953.0,-141000000.0,0.0,-52500000.0,-186000000.0,-114800000.0,-223700000.0,-43800000.0,-16700000.0,126500000.0,14400000.0,212000000.0,212000000.0,212000000.0,0.0,2200000.0,0.178,934700000.0,257900000.0,10919800000.0,0.538,1.614,13.665,13.986,467900000.0,0.0,30.63,2.589,2.589,1613300000.0,4930600000.0,1192600000.0,1192600000.0,0.0,,,,,49200000.0,934700000.0,1.0,403837576.0,403837576.0,,2.953,19030200000.0,0.0,75700000.0,390300000.0,47.123,
18,IVZ,MRQ,2016-12-31,2016-12-31,2016-12-31,2021-07-30,-809300000.0,25734300000.0,,,,,18.368,-46400000.0,2070200000.0,2070200000.0,0.0,218100000.0,,2.377,6505500000.0,,,6505500000.0,0.0,25700000.0,0.0,0.046,0.56,342900000.0,368600000.0,0.309,368600000.0,342900000.0,319400000.0,0.55,0.55,0.55,7503800000.0,,7503800000.0,16431866494.0,13.0,11.846,25800000.0,0.063,1.0,1194700000.0,1.0,7528600000.0,23500000.0,22641000000.0,,0.0,5911400000.0,,,17838800000.0,,,12394966494.0,311400000.0,0.0,-110300000.0,555200000.0,-114100000.0,493300000.0,-254100000.0,-207700000.0,72200000.0,-55100000.0,226500000.0,226500000.0,226500000.0,0.0,-8400000.0,0.19,900500000.0,294200000.0,9695900000.0,1.018,1.652,14.511,14.728,464700000.0,0.0,30.34,2.618,2.618,1323300000.0,4833400000.0,1194700000.0,1194700000.0,0.0,,,,,41300000.0,900500000.0,1.0,408535481.0,408535481.0,,2.924,18205700000.0,0.0,92900000.0,309700000.0,44.563,
19,IVZ,MRQ,2016-09-30,2016-09-30,2016-09-30,2021-07-30,-573700000.0,24137700000.0,,,,,18.874,-36000000.0,1896300000.0,1896300000.0,0.0,255900000.0,,2.064,5933200000.0,,,5933200000.0,0.0,25600000.0,0.0,0.035,0.28,354900000.0,380500000.0,0.317,380500000.0,354900000.0,331000000.0,0.58,0.58,0.58,7736700000.0,,7736700000.0,16716277323.0,13.0,12.334,332200000.0,0.81,1.0,1201600000.0,1.0,7650500000.0,23900000.0,20524100000.0,,0.0,5281200000.0,,,15966400000.0,,,12818077323.0,152200000.0,0.0,-180700000.0,318500000.0,-115700000.0,53000000.0,-269000000.0,-233000000.0,368200000.0,-17100000.0,241200000.0,241200000.0,241200000.0,0.0,14700000.0,0.201,895300000.0,306300000.0,8918400000.0,0.483,1.657,15.451,15.793,444600000.0,0.0,31.27,2.682,2.682,1263300000.0,4721000000.0,1201600000.0,1201600000.0,0.0,,,,,39300000.0,895300000.0,1.0,409916128.0,409916128.0,,2.931,16487200000.0,0.0,89800000.0,341000000.0,40.221,
20,IVZ,MRQ,2016-06-30,2016-06-30,2016-06-30,2021-07-30,-513900000.0,23502800000.0,,,,,18.348,-39300000.0,1704100000.0,1704100000.0,0.0,236500000.0,,2.019,5602300000.0,,,5602300000.0,0.0,25200000.0,0.0,0.053,0.28,331300000.0,356500000.0,0.3,356500000.0,331300000.0,309200000.0,0.54,0.54,0.54,7655900000.0,,7655900000.0,14169080383.0,11.0,10.361,206500000.0,0.495,1.0,1189400000.0,1.0,7719400000.0,22100000.0,19681600000.0,,0.0,4928900000.0,,,15460100000.0,,,10656980383.0,43400000.0,-88700000.0,-82400000.0,358200000.0,-117600000.0,173300000.0,-375700000.0,-247700000.0,245800000.0,-51700000.0,225500000.0,225500000.0,225500000.0,0.0,11000000.0,0.19,887900000.0,301500000.0,8741600000.0,0.519,1.392,12.722,12.899,432100000.0,0.0,25.54,2.197,2.197,1901300000.0,4595500000.0,1189400000.0,1189400000.0,0.0,,,,,40400000.0,887900000.0,1.0,417266264.0,417266264.0,,2.85,15783400000.0,0.0,83700000.0,390100000.0,37.826,
21,IVZ,MRQ,2016-03-31,2016-03-31,2016-03-31,2021-07-30,-348700000.0,22658200000.0,,,,,18.981,-26000000.0,1622300000.0,1622300000.0,0.0,157800000.0,,1.808,5134400000.0,,,5134400000.0,0.0,24700000.0,0.0,0.044,0.27,256800000.0,281500000.0,0.245,281500000.0,256800000.0,232900000.0,0.38,0.38,0.38,7904000000.0,,7904000000.0,18108229920.0,14.0,12.747,-58200000.0,-0.14,1.0,1148700000.0,1.0,7653600000.0,23900000.0,18516700000.0,,0.0,4559000000.0,,,14288400000.0,,,12813129920.0,-388800000.0,-33200000.0,-161600000.0,-46800000.0,-113000000.0,-249500000.0,-107100000.0,-47900000.0,-32200000.0,-8100000.0,161000000.0,161000000.0,161000000.0,0.0,-3200000.0,0.14,874300000.0,274400000.0,8267100000.0,0.711,1.621,14.736,15.083,428900000.0,0.0,30.77,2.573,2.573,1610800000.0,4487600000.0,1148700000.0,1148700000.0,0.0,,,,,38700000.0,874300000.0,1.0,416416312.0,416416312.0,,2.759,15004600000.0,0.0,71900000.0,374400000.0,36.033,
22,IVZ,MRQ,2015-12-31,2015-12-31,2015-12-31,2021-07-30,-446000000.0,25073200000.0,,,,,18.603,-36400000.0,2214700000.0,2214700000.0,0.0,194800000.0,,2.056,7509800000.0,,,7509800000.0,0.0,25000000.0,0.0,0.04,0.27,311800000.0,336800000.0,0.272,336800000.0,311800000.0,288800000.0,0.48,0.48,0.48,7885300000.0,,7885300000.0,19371709804.0,13.0,12.568,536400000.0,1.266,1.0,1239700000.0,1.0,7529700000.0,23000000.0,22838600000.0,,0.0,7035200000.0,,,16210200000.0,,,14190909804.0,292500000.0,0.0,-288100000.0,280400000.0,-113700000.0,-105000000.0,-175300000.0,-138900000.0,572800000.0,-31800000.0,201900000.0,201900000.0,201900000.0,0.0,-7100000.0,0.163,936100000.0,303600000.0,7476500000.0,0.562,1.8,14.659,14.814,426900000.0,0.0,33.48,2.77,2.77,1267900000.0,4439600000.0,1239700000.0,1239700000.0,0.0,,,,,37400000.0,936100000.0,1.0,423862300.0,423862300.0,,2.925,17543500000.0,0.0,86900000.0,288900000.0,41.39,
23,IVZ,MRQ,2015-09-30,2015-09-30,2015-09-30,2021-07-30,-328300000.0,24962200000.0,,,,,18.876,-37700000.0,2178200000.0,2178200000.0,0.0,241300000.0,,1.968,7359000000.0,,,7359000000.0,0.0,22600000.0,0.0,0.042,0.54,370100000.0,392700000.0,0.308,392700000.0,370100000.0,349700000.0,0.58,0.58,0.58,8092700000.0,,8092700000.0,18637999242.0,13.0,12.293,59400000.0,0.139,1.0,1273500000.0,1.0,7626900000.0,20400000.0,22516100000.0,,0.0,7058800000.0,,,15930000000.0,,,13388899242.0,162800000.0,0.0,-175000000.0,430100000.0,-116200000.0,157400000.0,-91700000.0,-54000000.0,97100000.0,-37800000.0,249300000.0,249300000.0,249300000.0,0.0,-8000000.0,0.196,920800000.0,352700000.0,7345400000.0,0.931,1.654,12.924,13.012,415900000.0,0.0,31.23,2.595,2.595,1644600000.0,4351400000.0,1273500000.0,1273500000.0,0.0,,,,,36200000.0,920800000.0,1.0,428719156.0,428719156.0,,2.97,17335300000.0,0.0,100400000.0,316300000.0,40.435,
24,IVZ,MRQ,2015-06-30,2015-06-30,2015-06-30,2021-07-30,-94800000.0,22898300000.0,,,,,19.336,-27400000.0,1780500000.0,1780500000.0,0.0,244000000.0,,1.638,7029600000.0,,,7029600000.0,0.0,23300000.0,0.0,0.027,0.27,386300000.0,409600000.0,0.311,409600000.0,386300000.0,366700000.0,0.6,0.6,0.6,8328300000.0,,8328300000.0,21613872289.0,15.0,13.931,487400000.0,1.132,1.0,1318100000.0,1.0,7809600000.0,19600000.0,20337800000.0,,0.0,7144600000.0,,,13644100000.0,,,16147172289.0,200600000.0,0.0,-81000000.0,-66400000.0,-116500000.0,-282900000.0,-31300000.0,-3900000.0,514800000.0,45400000.0,257300000.0,257300000.0,257300000.0,0.0,-13300000.0,0.195,954100000.0,364000000.0,5445900000.0,0.45,1.939,15.486,15.556,410300000.0,0.0,37.49,3.107,3.107,1756300000.0,4218300000.0,1318100000.0,1318100000.0,0.0,,,,,36000000.0,954100000.0,1.0,430706116.0,430706116.0,,3.06,15088700000.0,0.0,109400000.0,367000000.0,35.032,
25,IVZ,MRQ,2015-03-31,2015-03-31,2015-03-31,2021-07-30,-253600000.0,21961200000.0,,,,,18.818,-23000000.0,1613600000.0,1613600000.0,0.0,284000000.0,,1.6,7080300000.0,,,7080300000.0,0.0,22700000.0,0.0,0.025,0.25,379600000.0,402300000.0,0.311,402300000.0,379600000.0,360900000.0,0.6,0.6,0.6,8077000000.0,,8077000000.0,21856638067.0,15.0,13.709,-79300000.0,-0.185,1.0,1291600000.0,1.0,7696100000.0,18700000.0,19731800000.0,,0.0,7149600000.0,,,12920800000.0,,,17035938067.0,-243900000.0,0.0,-75900000.0,370100000.0,-108100000.0,178900000.0,-366500000.0,-343500000.0,-56300000.0,-50600000.0,259600000.0,259600000.0,259600000.0,0.0,24400000.0,0.201,953500000.0,338100000.0,4760400000.0,0.417,2.109,16.073,16.266,393100000.0,0.0,39.69,3.296,3.296,2004700000.0,4077500000.0,1291600000.0,1291600000.0,0.0,,,,,40700000.0,953500000.0,1.0,429224945.0,429224945.0,,3.009,14265100000.0,0.0,101300000.0,387700000.0,33.235,
26,IVZ,MRQ,2014-12-31,2014-12-31,2014-12-31,2021-07-30,48800000.0,20450000000.0,,,,,19.326,-46500000.0,1918200000.0,1918200000.0,0.0,225900000.0,,1.341,6726400000.0,,,6726400000.0,0.0,22000000.0,0.0,0.025,0.25,289500000.0,311500000.0,0.244,311500000.0,289500000.0,369500000.0,0.62,0.62,0.62,8326000000.0,,8326000000.0,21734508965.0,15.0,14.102,136500000.0,0.317,1.0,1276700000.0,1.0,7826100000.0,-80000000.0,17432100000.0,,0.0,6648200000.0,,,11164700000.0,,,17026308965.0,191800000.0,0.0,-47600000.0,440200000.0,-108300000.0,386400000.0,-377600000.0,-331100000.0,183000000.0,-30200000.0,269800000.0,269800000.0,269800000.0,1000000.0,-43900000.0,0.211,928500000.0,348200000.0,3185300000.0,0.403,2.045,17.231,17.41,402600000.0,0.0,39.52,3.308,3.308,1439600000.0,3943600000.0,1276700000.0,1276700000.0,0.0,,,,,33700000.0,928500000.0,1.0,430827656.0,430827656.0,,2.963,12623900000.0,0.0,99700000.0,304800000.0,29.302,
27,IVZ,MRQ,2014-09-30,2014-09-30,2014-09-30,2021-07-30,252900000.0,20081000000.0,,,,,19.516,-36900000.0,1591200000.0,1591200000.0,0.0,251600000.0,,1.28,6299400000.0,,,6299400000.0,0.0,21600000.0,0.0,0.024,0.25,406500000.0,428100000.0,0.327,428100000.0,406500000.0,350900000.0,0.59,0.59,0.59,8424100000.0,,8424100000.0,21443673824.0,14.0,12.954,430200000.0,0.997,1.0,1311000000.0,1.0,7972300000.0,55600000.0,16816900000.0,,0.0,6442400000.0,,,10784400000.0,,,17041673824.0,194600000.0,0.0,-46600000.0,414800000.0,-108600000.0,207300000.0,-479800000.0,-442900000.0,467100000.0,-38000000.0,256000000.0,256000000.0,256000000.0,600000.0,-4400000.0,0.195,981400000.0,329600000.0,3270400000.0,0.424,2.023,16.945,17.24,367300000.0,0.0,39.48,3.344,3.344,1649800000.0,3820900000.0,1311000000.0,1311000000.0,0.0,,,,,34300000.0,981400000.0,1.0,431653339.0,431653339.0,,3.037,12108700000.0,0.0,94900000.0,325300000.0,28.052,
28,IVZ,MRQ,2014-06-30,2014-06-30,2014-06-30,2021-07-30,509900000.0,19899500000.0,,,,,19.76,-28400000.0,1488400000.0,1488400000.0,0.0,316800000.0,,1.219,5890400000.0,,,5890400000.0,0.0,22400000.0,0.0,0.025,0.25,430000000.0,452400000.0,0.351,452400000.0,430000000.0,381500000.0,0.63,0.63,0.63,8549700000.0,,8549700000.0,20926310430.0,14.0,12.971,741100000.0,1.713,1.0,1289900000.0,1.0,8178400000.0,48500000.0,16123100000.0,,0.0,5890500000.0,,,10421600000.0,,,16333610430.0,204700000.0,60800000.0,-46300000.0,-134400000.0,-109100000.0,-139500000.0,-425300000.0,-457700000.0,769500000.0,12600000.0,274500000.0,274500000.0,274500000.0,-200000.0,42300000.0,0.213,935100000.0,354800000.0,3515100000.0,0.397,1.91,16.704,17.081,354800000.0,0.0,37.75,3.296,3.296,1868300000.0,3680400000.0,1289900000.0,1289900000.0,0.0,,,,,33500000.0,935100000.0,1.0,432678422.0,432678422.0,,2.981,11721100000.0,0.0,107000000.0,351900000.0,27.09,
29,IVZ,MRQ,2014-03-31,2014-03-31,2014-03-31,2021-07-30,379900000.0,20346300000.0,,,,,19.115,-21400000.0,1758700000.0,1758700000.0,0.0,206800000.0,,1.369,6351400000.0,,,6351400000.0,0.0,23400000.0,0.0,0.024,0.225,325800000.0,349200000.0,0.275,349200000.0,325800000.0,276800000.0,0.43,0.43,0.43,8279700000.0,,8279700000.0,19882088887.0,14.0,13.171,-240600000.0,-0.555,1.0,1269500000.0,1.0,8071100000.0,49000000.0,16867900000.0,,0.0,6042400000.0,,,11338900000.0,,,16026588887.0,-355400000.0,0.0,-118100000.0,553900000.0,-98000000.0,408300000.0,-544500000.0,-523100000.0,-219200000.0,2900000.0,187800000.0,187800000.0,187800000.0,2000000.0,19000000.0,0.148,1025200000.0,244300000.0,3584400000.0,0.523,1.936,17.691,18.227,342400000.0,0.0,37.0,3.338,3.338,2225000000.0,3525700000.0,1269500000.0,1269500000.0,0.0,,,,,36500000.0,1025200000.0,1.0,433151051.0,433151051.0,,2.931,12275200000.0,0.0,89000000.0,390000000.0,28.339,
30,IVZ,MRQ,2013-12-31,2013-12-31,2013-12-31,2021-07-30,427900000.0,19270500000.0,,,,,18.933,-21200000.0,1914800000.0,1914800000.0,0.0,330800000.0,,1.226,5770300000.0,,,5770300000.0,0.0,22400000.0,0.0,0.023,0.225,403300000.0,425700000.0,0.347,425700000.0,403300000.0,361600000.0,0.64,0.65,0.64,8392600000.0,,8392600000.0,19906594293.0,14.0,12.981,169100000.0,0.381,1.0,1225100000.0,1.0,8131000000.0,41700000.0,14995000000.0,,0.0,5574400000.0,,,10293200000.0,,,16135394293.0,145500000.0,136300000.0,-345100000.0,656300000.0,-100500000.0,176200000.0,-221000000.0,-336100000.0,190300000.0,11200000.0,287400000.0,287400000.0,287400000.0,-66400000.0,43400000.0,0.235,931800000.0,293300000.0,3061100000.0,0.352,1.923,17.16,17.333,350800000.0,0.0,36.4,3.474,3.474,1491500000.0,3466200000.0,1225100000.0,1225100000.0,0.0,,,,,30100000.0,931800000.0,1.0,443280063.0,443280063.0,,2.764,11139500000.0,0.0,74200000.0,323600000.0,25.13,
31,IVZ,MRQ,2013-09-30,2013-09-30,2013-09-30,2021-07-30,434800000.0,18763500000.0,,,,,19.265,-26700000.0,1619500000.0,1619500000.0,0.0,248700000.0,,1.131,5390700000.0,,,5390700000.0,0.0,21800000.0,0.0,0.025,0.225,364200000.0,386000000.0,0.329,386000000.0,364200000.0,321000000.0,0.51,0.51,0.51,8530800000.0,,8530800000.0,18338900127.0,14.0,13.182,307600000.0,0.695,1.0,1171800000.0,1.0,8167200000.0,43200000.0,14367500000.0,,0.0,5219600000.0,,,9644100000.0,,,14125800127.0,219100000.0,0.0,2200000.0,-39200000.0,-100800000.0,-174700000.0,59500000.0,86200000.0,334300000.0,39200000.0,228100000.0,228100000.0,228100000.0,1400000.0,20600000.0,0.195,885800000.0,286000000.0,3103100000.0,0.441,1.656,17.405,17.527,336400000.0,0.0,31.9,3.163,3.163,1540900000.0,3281300000.0,1171800000.0,1171800000.0,0.0,,,,,33600000.0,885800000.0,1.0,442815051.0,442815051.0,,2.646,10596300000.0,10900000.0,92900000.0,333800000.0,23.929,
32,IVZ,MRQ,2013-06-30,2013-06-30,2013-06-30,2021-07-30,243900000.0,18138600000.0,,5018700000.0,13119900000.0,,18.362,-22200000.0,1276800000.0,1276800000.0,0.0,203700000.0,1.463,1.149,5489900000.0,206000000.0,5283900000.0,5489900000.0,0.0,21900000.0,14700000.0,0.023,0.225,326700000.0,348600000.0,0.307,348600000.0,326700000.0,286100000.0,0.45,0.45,0.45,8164500000.0,,8164500000.0,18226673710.0,15.0,13.764,718000000.0,1.615,1.0,1135500000.0,1.0,8010200000.0,40600000.0,10911800000.0,,0.0,5254700000.0,567200000.0,4687500000.0,9384600000.0,3429700000.0,5954900000.0,14139773710.0,35800000.0,-1200000.0,-69900000.0,-277300000.0,-101200000.0,-479600000.0,-224800000.0,-201400000.0,740200000.0,-4300000.0,202600000.0,202600000.0,202600000.0,4600000.0,1100000.0,0.178,861600000.0,273900000.0,2289500000.0,0.5,1.732,18.751,18.817,328800000.0,0.0,31.8,3.282,3.282,1656700000.0,3145700000.0,1135500000.0,1135500000.0,0.0,,,,,35900000.0,859800000.0,1.0,444646972.0,444646972.0,,2.554,10128400000.0,37300000.0,83500000.0,394900000.0,22.779,1589000000.0
33,IVZ,MRQ,2013-03-31,2013-03-31,2013-03-31,2021-07-30,334500000.0,18534500000.0,,4903500000.0,13631000000.0,,18.588,-18100000.0,1649000000.0,1649000000.0,0.0,199600000.0,1.492,1.183,5735900000.0,0.0,5735900000.0,5735900000.0,0.0,22300000.0,22800000.0,0.024,0.172,350900000.0,373200000.0,0.336,373200000.0,350900000.0,308500000.0,0.5,0.49,0.5,8196200000.0,,8196200000.0,16731528716.0,14.0,13.096,-502700000.0,-1.14,1.0,1112200000.0,1.0,8170200000.0,42400000.0,11163600000.0,,0.0,5382800000.0,359900000.0,5022900000.0,9695300000.0,3287600000.0,6407700000.0,12769428716.0,80600000.0,0.0,-39800000.0,581500000.0,-77200000.0,418800000.0,146400000.0,164500000.0,-484600000.0,-31400000.0,222200000.0,222200000.0,222200000.0,-4100000.0,-22600000.0,0.2,845200000.0,267000000.0,2147000000.0,0.344,1.558,18.102,18.329,337200000.0,0.0,28.96,3.074,3.074,1520400000.0,3054000000.0,1112200000.0,1112200000.0,0.0,,,,,33500000.0,843800000.0,1.0,440933312.0,440933312.0,,2.522,10364300000.0,34600000.0,86300000.0,414900000.0,23.505,1615900000.0
34,IVZ,MRQ,2012-12-31,2012-12-31,2012-12-31,2021-07-30,530500000.0,17492400000.0,,3907600000.0,13584800000.0,,18.73,-30900000.0,1123300000.0,1123300000.0,0.0,128000000.0,1.44,1.015,5085400000.0,0.0,5085400000.0,5085400000.0,0.0,22500000.0,0.0,0.025,0.172,260900000.0,283400000.0,0.271,283400000.0,260900000.0,214300000.0,0.36,0.35,0.36,8316800000.0,,8316800000.0,15292356615.0,13.0,12.194,470700000.0,1.06,1.0,1046700000.0,1.0,8335900000.0,46600000.0,10405600000.0,,0.0,5161300000.0,363900000.0,4797400000.0,8443400000.0,2713000000.0,5730400000.0,11585056615.0,-44800000.0,-31600000.0,-69200000.0,-126400000.0,-77500000.0,-428500000.0,-117900000.0,-55400000.0,501600000.0,200000.0,158700000.0,158700000.0,158700000.0,-10800000.0,-30700000.0,0.152,841200000.0,205500000.0,2332500000.0,0.478,1.393,17.11,17.393,349600000.0,0.0,26.09,2.86,2.86,1083600000.0,2930100000.0,1046700000.0,1046700000.0,0.0,,,,,33500000.0,838600000.0,1.0,444042032.0,444042032.0,,2.357,9156500000.0,38400000.0,55600000.0,311400000.0,20.621,1194600000.0
35,IVZ,MRQ,2012-09-30,2012-09-30,2012-09-30,2021-07-30,538200000.0,17861000000.0,,4160700000.0,13700300000.0,,18.676,-31200000.0,1432800000.0,1432800000.0,0.0,156900000.0,1.307,1.042,5140100000.0,333500000.0,4806600000.0,5140100000.0,0.0,21600000.0,30100000.0,0.024,0.172,297400000.0,319000000.0,0.315,319000000.0,297400000.0,242900000.0,0.38,0.38,0.38,8315100000.0,,8315100000.0,16438576898.0,13.0,12.338,39300000.0,0.088,1.0,1013900000.0,1.0,8335700000.0,54500000.0,10048300000.0,,0.0,5305600000.0,364200000.0,4941400000.0,8663600000.0,3184300000.0,5479300000.0,11126176898.0,148600000.0,0.0,-34900000.0,53200000.0,-77800000.0,-144300000.0,222400000.0,237200000.0,70500000.0,13100000.0,170600000.0,170600000.0,170600000.0,-3200000.0,-13700000.0,0.168,803000000.0,210900000.0,1737500000.0,0.453,1.338,15.438,15.619,329900000.0,0.0,24.99,2.841,2.841,1060400000.0,2879200000.0,1013900000.0,1013900000.0,0.0,,,,,35900000.0,800000000.0,1.0,445225166.0,445225166.0,,2.277,9525300000.0,26500000.0,72300000.0,377900000.0,21.394,976400000.0
36,IVZ,MRQ,2012-06-30,2012-06-30,2012-06-30,2021-07-30,389900000.0,18612900000.0,,3673000000.0,14939900000.0,,18.218,-18800000.0,1098900000.0,1098900000.0,0.0,227600000.0,1.348,1.163,6411300000.0,333500000.0,6077800000.0,6411300000.0,0.0,26600000.0,75000000.0,0.024,0.172,275400000.0,302000000.0,0.308,302000000.0,275400000.0,215100000.0,0.34,0.34,0.34,8165800000.0,,8165800000.0,15731478938.0,13.0,11.751,386700000.0,0.863,1.0,981800000.0,1.0,8218400000.0,60300000.0,12982200000.0,,0.0,6614200000.0,344500000.0,6269700000.0,9494100000.0,2724700000.0,6769400000.0,10129778938.0,131200000.0,-500000.0,-73100000.0,-87800000.0,-78000000.0,-252100000.0,-22200000.0,-2900000.0,405500000.0,-5100000.0,153900000.0,153900000.0,153900000.0,-2000000.0,73700000.0,0.157,782000000.0,199800000.0,1538100000.0,0.506,1.241,14.128,14.304,314600000.0,0.0,22.6,2.597,2.597,1000200000.0,2879100000.0,981800000.0,981800000.0,0.0,,,,,37000000.0,780900000.0,1.0,448220307.0,448220307.0,,2.19,10394500000.0,24200000.0,61200000.0,357900000.0,23.191,948300000.0
37,IVZ,MRQ,2012-03-31,2012-03-31,2012-03-31,2021-07-30,481100000.0,19329400000.0,,4014400000.0,15315000000.0,,18.362,-17800000.0,1069000000.0,1069000000.0,0.0,74800000.0,1.19,1.245,6670700000.0,548600000.0,6122100000.0,6670700000.0,0.0,24300000.0,71900000.0,0.018,0.122,326700000.0,351000000.0,0.34,351000000.0,326700000.0,267500000.0,0.43,0.43,0.43,8192200000.0,,8192200000.0,17586931326.0,14.0,12.655,-176100000.0,-0.395,1.0,1033700000.0,1.0,8310100000.0,59200000.0,13246500000.0,,0.0,6896900000.0,337700000.0,6559200000.0,10195400000.0,3374500000.0,6820900000.0,11899031326.0,-144000000.0,-5100000.0,-64800000.0,290400000.0,-55700000.0,179000000.0,-164700000.0,-141800000.0,-158300000.0,8900000.0,193900000.0,193900000.0,193900000.0,0.0,-119100000.0,0.188,803900000.0,229800000.0,1856300000.0,0.284,1.452,15.948,16.362,312100000.0,0.0,26.67,2.983,2.983,1277900000.0,2777700000.0,1033700000.0,1033700000.0,0.0,,,,,30000000.0,802400000.0,1.0,446157905.0,446157905.0,,2.317,11019300000.0,27900000.0,73600000.0,366800000.0,24.698,639900000.0
38,IVZ,MRQ,2011-12-31,2011-12-31,2011-12-31,2021-07-30,373300000.0,19347000000.0,,3834100000.0,15512900000.0,,18.003,-46400000.0,1109700000.0,1109700000.0,0.0,309900000.0,1.289,1.257,6797600000.0,215100000.0,6582500000.0,6797600000.0,0.0,22100000.0,81200000.0,0.024,0.122,338300000.0,360400000.0,0.406,360400000.0,338300000.0,272200000.0,0.45,0.44,0.45,8119100000.0,,8119100000.0,15202787742.0,12.0,11.049,276400000.0,0.613,1.0,887200000.0,1.0,8230700000.0,66100000.0,13829800000.0,,0.0,7113500000.0,283700000.0,6829800000.0,10209400000.0,2974400000.0,7235000000.0,9060487742.0,-29700000.0,-11400000.0,-102100000.0,-183400000.0,-55900000.0,-346800000.0,-5700000.0,52100000.0,322800000.0,100000.0,202300000.0,202300000.0,202300000.0,-9900000.0,107600000.0,0.228,691600000.0,195600000.0,1683100000.0,0.271,1.116,12.417,12.715,312800000.0,0.0,20.09,2.275,2.275,967300000.0,2747500000.0,887200000.0,887200000.0,0.0,,,,,29100000.0,686100000.0,1.0,450994910.0,450994910.0,,1.967,11116300000.0,28700000.0,69900000.0,333600000.0,24.648,859700000.0
39,IVZ,MRQ,2011-09-30,2011-09-30,2011-09-30,2021-07-30,372400000.0,19737800000.0,,3982400000.0,15755400000.0,,17.63,-7300000.0,1113700000.0,1113700000.0,0.0,83400000.0,1.279,1.355,7256000000.0,215100000.0,7040900000.0,7256000000.0,0.0,35300000.0,92700000.0,0.03,0.122,290000000.0,325300000.0,0.326,325300000.0,290000000.0,226000000.0,0.36,0.36,0.36,7949100000.0,,7949100000.0,13625798222.0,11.0,10.243,488700000.0,1.084,1.0,997800000.0,1.0,8160900000.0,64000000.0,14606000000.0,,0.0,7453000000.0,295200000.0,7157800000.0,10770300000.0,3113200000.0,7657100000.0,6993098222.0,154100000.0,0.0,1100000.0,-382600000.0,-56500000.0,-465800000.0,123900000.0,131200000.0,496000000.0,-18600000.0,166900000.0,166900000.0,166900000.0,0.0,-83500000.0,0.167,770000000.0,227800000.0,1860900000.0,0.339,0.88,9.953,10.34,275800000.0,0.0,15.51,1.696,1.696,1126300000.0,2499600000.0,997800000.0,997800000.0,0.0,,,,,29200000.0,765300000.0,1.0,450876739.0,450876739.0,,2.213,11576900000.0,29700000.0,59100000.0,329600000.0,25.676,869200000.0
40,IVZ,MRQ,2011-06-30,2011-06-30,2011-06-30,2021-07-30,644500000.0,20915600000.0,,4458700000.0,16456900000.0,,17.721,-19900000.0,1243700000.0,1243700000.0,0.0,129400000.0,1.325,1.431,7876400000.0,215100000.0,7661300000.0,7876400000.0,0.0,32100000.0,152000000.0,0.019,0.122,320900000.0,353000000.0,0.33,353000000.0,320900000.0,258400000.0,0.39,0.39,0.39,8188300000.0,,8188300000.0,17307495821.0,15.0,13.394,231200000.0,0.5,1.0,1070000000.0,1.0,8409200000.0,62500000.0,15774500000.0,,0.0,7895800000.0,352000000.0,7543800000.0,11717800000.0,3364600000.0,8353200000.0,10812495821.0,146900000.0,-300000.0,-278700000.0,103400000.0,-56900000.0,-300700000.0,196500000.0,216700000.0,251100000.0,2700000.0,183000000.0,183000000.0,183000000.0,0.0,-53600000.0,0.171,837000000.0,233000000.0,2040600000.0,0.313,1.32,15.661,16.027,281800000.0,0.0,23.4,2.651,2.651,1269400000.0,2496600000.0,1070000000.0,1070000000.0,0.0,,,,,30500000.0,825700000.0,1.0,462072471.0,462072471.0,,2.316,12506400000.0,33100000.0,75400000.0,315000000.0,27.066,1094100000.0
41,IVZ,MRQ,2011-03-31,2011-03-31,2011-03-31,2021-07-30,615700000.0,21138600000.0,,4528800000.0,16609800000.0,,18.101,-20800000.0,1128700000.0,1128700000.0,0.0,99300000.0,1.323,1.407,7623700000.0,0.0,7623700000.0,7623700000.0,0.0,27900000.0,140300000.0,0.017,0.11,309300000.0,337200000.0,0.328,337200000.0,309300000.0,253100000.0,0.38,0.38,0.38,8333600000.0,,8333600000.0,17571277058.0,18.0,16.312,-125900000.0,-0.273,1.0,1027300000.0,1.0,8402600000.0,56200000.0,15807900000.0,,0.0,8063900000.0,344200000.0,7719700000.0,11725400000.0,3423100000.0,8302300000.0,11767377058.0,-280500000.0,-20000000.0,-44400000.0,-81700000.0,-51600000.0,-208800000.0,33400000.0,74200000.0,-105100000.0,11900000.0,177500000.0,177500000.0,177500000.0,0.0,-78200000.0,0.173,801600000.0,225700000.0,2149300000.0,0.289,1.412,21.465,22.034,276100000.0,0.0,25.56,3.1,3.1,1512700000.0,2419400000.0,1027300000.0,1027300000.0,0.0,,,,,26300000.0,793700000.0,1.0,460382514.0,460382514.0,,2.231,12736000000.0,29000000.0,75600000.0,321800000.0,27.664,1105700000.0
42,IVZ,MRQ,2010-12-31,2010-12-31,2010-12-31,2021-07-30,495500000.0,20444100000.0,,4274500000.0,16169600000.0,,17.887,-32200000.0,1377200000.0,1377200000.0,0.0,156700000.0,1.309,1.341,7181100000.0,0.0,7181100000.0,7181100000.0,0.0,31300000.0,146300000.0,0.018,0.11,283500000.0,314800000.0,0.306,314800000.0,283500000.0,230900000.0,0.37,0.38,0.37,8264600000.0,,8264600000.0,17173455763.0,20.0,18.336,-28500000.0,-0.062,1.0,1028500000.0,1.0,8317400000.0,52600000.0,14666100000.0,,0.0,7679200000.0,308800000.0,7370400000.0,11083200000.0,3264500000.0,7818700000.0,11117055763.0,74900000.0,-50800000.0,-55700000.0,-120500000.0,-51600000.0,-235400000.0,306600000.0,389600000.0,3700000.0,1500000.0,175200000.0,175200000.0,175200000.0,0.0,-18500000.0,0.17,829800000.0,198700000.0,1800200000.0,0.297,1.345,23.872,23.822,272400000.0,0.0,24.06,3.188,3.188,1096900000.0,2399900000.0,1028500000.0,1028500000.0,0.0,,,,,30800000.0,803100000.0,1.0,462055518.0,462055518.0,,2.226,12126700000.0,30400000.0,55700000.0,301200000.0,26.245,1010000000.0
43,IVZ,MRQ,2010-09-30,2010-09-30,2010-09-30,2021-07-30,417200000.0,19941700000.0,,4461200000.0,15480500000.0,,17.41,-21700000.0,981600000.0,981600000.0,0.0,27400000.0,1.256,1.361,7038000000.0,0.0,7038000000.0,7038000000.0,0.0,26300000.0,0.0,0.02,0.11,260900000.0,287200000.0,0.301,287200000.0,260900000.0,209200000.0,0.32,0.32,0.32,8150100000.0,,8150100000.0,15881220026.0,18.0,16.263,417200000.0,0.891,1.0,953100000.0,1.0,8220300000.0,51700000.0,14226600000.0,,0.0,7332300000.0,377100000.0,6955200000.0,11095500000.0,3551200000.0,7544300000.0,9938420026.0,88800000.0,-12900000.0,-123100000.0,-64400000.0,-52600000.0,-264800000.0,-85300000.0,-50700000.0,438900000.0,19700000.0,154700000.0,154700000.0,154700000.0,0.0,-127300000.0,0.162,770200000.0,182900000.0,2387400000.0,0.344,1.219,24.759,23.854,244900000.0,0.0,21.23,3.099,3.099,1601200000.0,2327700000.0,953100000.0,953100000.0,0.0,,,,,31500000.0,743400000.0,1.0,468130948.0,468130948.0,,2.036,11721400000.0,76300000.0,54500000.0,350400000.0,25.039,910000000.0
44,IVZ,MRQ,2010-06-30,2010-06-30,2010-06-30,2021-07-30,213600000.0,18903900000.0,,3658000000.0,15245900000.0,,18.586,-20200000.0,857300000.0,857300000.0,0.0,238200000.0,1.318,1.244,6800100000.0,0.0,6800100000.0,6800100000.0,0.0,20800000.0,0.0,0.025,0.11,117200000.0,138000000.0,0.175,138000000.0,117200000.0,77500000.0,0.09,0.09,0.09,8108900000.0,,8108900000.0,12278608271.0,14.0,12.752,93400000.0,0.214,1.0,787000000.0,1.0,8011700000.0,39700000.0,14060000000.0,,0.0,7250200000.0,314000000.0,6936200000.0,10083800000.0,2775000000.0,7308800000.0,7342608271.0,-36000000.0,-712200000.0,2500000.0,595900000.0,-48900000.0,543600000.0,-693200000.0,39200000.0,113600000.0,-5400000.0,40800000.0,40800000.0,40800000.0,0.0,197400000.0,0.052,715600000.0,71400000.0,1795100000.0,1.222,0.905,20.866,20.778,232100000.0,0.0,16.83,2.481,2.481,1111700000.0,2398200000.0,787000000.0,787000000.0,0.0,,,,,31300000.0,636300000.0,1.0,436280943.0,436280943.0,,1.804,10892200000.0,64800000.0,36700000.0,316800000.0,24.966,883000000.0
45,IVZ,MRQ,2010-03-31,2010-03-31,2010-03-31,2021-07-30,340500000.0,16791500000.0,,3645300000.0,13146200000.0,,16.918,-15500000.0,928800000.0,928800000.0,0.0,95000000.0,1.35,1.204,5864800000.0,0.0,5864800000.0,5864800000.0,0.0,18300000.0,0.0,0.019,0.102,359600000.0,377900000.0,0.526,377900000.0,359600000.0,145100000.0,0.22,0.21,0.22,7303000000.0,,7303000000.0,9413748022.0,10.0,9.591,-192500000.0,-0.446,1.0,719100000.0,1.0,6561700000.0,214500000.0,12464700000.0,,0.0,6401500000.0,154000000.0,6247500000.0,8790600000.0,2701100000.0,6089500000.0,9458048022.0,-152200000.0,0.0,3700000.0,-48300000.0,-44800000.0,-109300000.0,134100000.0,149600000.0,-177000000.0,-12800000.0,95000000.0,95000000.0,95000000.0,0.0,0.0,0.132,582200000.0,136900000.0,1956900000.0,0.464,1.295,24.452,24.344,221100000.0,0.0,21.91,3.381,3.381,1128100000.0,2070600000.0,719100000.0,719100000.0,0.0,,,,,24200000.0,565000000.0,1.0,431677226.0,431677226.0,,1.666,10229800000.0,123700000.0,50100000.0,84400000.0,23.698,944200000.0
46,IVZ,MRQ,2009-12-31,2009-12-31,2009-12-31,2021-07-30,393600000.0,10909600000.0,,3121000000.0,7788600000.0,,16.122,-15800000.0,790000000.0,790000000.0,0.0,-2300000.0,1.358,0.476,745700000.0,0.0,745700000.0,745700000.0,0.0,24900000.0,0.0,0.017,0.102,148500000.0,173400000.0,0.232,173400000.0,148500000.0,159100000.0,0.26,0.25,0.26,6912900000.0,,6912900000.0,10149800223.0,19.0,16.563,185500000.0,0.433,1.0,747800000.0,1.0,6606700000.0,-10600000.0,1960200000.0,,0.0,1024800000.0,182400000.0,842400000.0,3288800000.0,2298400000.0,990400000.0,10072000223.0,-165400000.0,-34200000.0,39500000.0,-294200000.0,-44700000.0,-304100000.0,-62600000.0,-12600000.0,201300000.0,3600000.0,110900000.0,110900000.0,110900000.0,0.0,-113200000.0,0.148,587300000.0,160500000.0,1650900000.0,0.392,1.457,31.231,30.506,220700000.0,0.0,23.49,3.834,3.834,672400000.0,1631400000.0,747800000.0,747800000.0,0.0,,,,,22700000.0,577500000.0,1.0,428778213.0,428778213.0,,1.744,4302900000.0,123500000.0,48200000.0,82800000.0,10.035,822600000.0
47,IVZ,MRQ,2009-09-30,2009-09-30,2009-09-30,2021-07-30,336400000.0,10949600000.0,,3311800000.0,7637800000.0,,16.168,-100000.0,962100000.0,962100000.0,0.0,105200000.0,1.297,0.524,1039900000.0,294200000.0,745700000.0,1039900000.0,0.0,20000000.0,0.0,0.018,0.102,253600000.0,273600000.0,0.388,273600000.0,253600000.0,148900000.0,0.24,0.24,0.24,6726600000.0,,6726600000.0,9644161159.0,23.0,19.483,164100000.0,0.394,1.0,705800000.0,1.0,6521000000.0,104700000.0,1953700000.0,,0.0,973300000.0,174200000.0,799100000.0,3525400000.0,2552700000.0,972700000.0,9469361159.0,105700000.0,0.0,30900000.0,0.0,-44000000.0,-20800000.0,-37700000.0,-37600000.0,164200000.0,400000.0,105200000.0,105200000.0,105200000.0,0.0,0.0,0.149,554200000.0,151600000.0,1680100000.0,0.425,1.408,38.889,38.576,209200000.0,0.0,22.76,3.767,3.767,805700000.0,1565200000.0,705800000.0,705800000.0,0.0,,,,,24200000.0,553200000.0,1.0,416052775.0,416052775.0,,1.696,4428600000.0,117700000.0,43700000.0,72100000.0,10.644,759100000.0
48,IVZ,MRQ,2009-06-30,2009-06-30,2009-06-30,2021-07-30,223800000.0,10577600000.0,,3056000000.0,7521600000.0,,16.974,-11800000.0,865100000.0,865100000.0,0.0,75700000.0,1.269,0.52,1039900000.0,294200000.0,745700000.0,1039900000.0,0.0,16700000.0,0.0,0.023,0.102,139900000.0,156600000.0,0.251,156600000.0,139900000.0,111700000.0,0.18,0.18,0.18,6495400000.0,,6495400000.0,7578901538.0,16.0,13.651,165400000.0,0.432,1.0,625100000.0,1.0,6417400000.0,28200000.0,1926800000.0,,0.0,939800000.0,147300000.0,792500000.0,3374800000.0,2408200000.0,966600000.0,6819301538.0,463500000.0,0.0,449700000.0,-107500000.0,-41300000.0,285800000.0,500000.0,12300000.0,177200000.0,21100000.0,75700000.0,75700000.0,75700000.0,0.0,0.0,0.121,514700000.0,110400000.0,1605500000.0,0.567,1.05,25.247,25.826,219100000.0,0.0,17.82,2.588,2.588,800900000.0,1504000000.0,625100000.0,625100000.0,0.0,,,,,20200000.0,514700000.0,1.0,382676854.0,382676854.0,,1.633,4160200000.0,94500000.0,36000000.0,32700000.0,10.871,647800000.0
49,IVZ,MRQ,2009-03-31,2009-03-31,2009-03-31,2021-07-30,-172400000.0,9305700000.0,,2150500000.0,7155200000.0,,14.811,-5000000.0,392100000.0,392100000.0,0.0,30700000.0,1.132,0.525,1151700000.0,301700000.0,850000000.0,1151700000.0,0.0,16000000.0,0.0,0.029,0.1,-6800000.0,9200000.0,0.017,9200000.0,-6800000.0,51000000.0,0.08,0.08,0.08,5604700000.0,,5604700000.0,5745867340.0,7.0,6.693,-185000000.0,-0.489,1.0,548600000.0,1.0,6043600000.0,-57800000.0,2121300000.0,,0.0,934400000.0,107200000.0,827200000.0,2942700000.0,1900400000.0,1042300000.0,5244867340.0,-244200000.0,0.0,1700000.0,-7500000.0,-38900000.0,-61600000.0,-2600000.0,2400000.0,-180000000.0,-7900000.0,30700000.0,30700000.0,30700000.0,0.0,0.0,0.056,486800000.0,61800000.0,1224500000.0,1.25,0.936,14.683,14.903,201200000.0,0.0,13.86,1.78,1.78,669100000.0,1468100000.0,548600000.0,548600000.0,0.0,,,,,23700000.0,486800000.0,1.0,378417557.0,378417557.0,,1.45,3262100000.0,76300000.0,20300000.0,400000.0,8.62,250100000.0
50,IVZ,MRQ,2008-12-31,2008-12-31,2008-12-31,2021-07-30,-95800000.0,9756900000.0,,2374000000.0,7382900000.0,,14.779,-14500000.0,658200000.0,658200000.0,0.0,31900000.0,1.129,0.556,1159200000.0,297200000.0,862000000.0,1159200000.0,0.0,17200000.0,0.0,0.036,0.1,38400000.0,55600000.0,0.088,55600000.0,38400000.0,67700000.0,0.09,0.09,0.09,5689500000.0,,5689500000.0,6049336317.0,5.0,5.015,173000000.0,0.449,1.0,634400000.0,1.0,6109600000.0,-29300000.0,2044900000.0,,0.0,1088700000.0,123600000.0,965100000.0,3160700000.0,2103400000.0,1057300000.0,5558936317.0,-90400000.0,-71500000.0,11200000.0,-172100000.0,-38700000.0,-230000000.0,-47900000.0,38100000.0,187500000.0,-65000000.0,31900000.0,31900000.0,31900000.0,0.0,0.0,0.05,549900000.0,84500000.0,1128500000.0,1.111,0.977,11.54,11.645,205300000.0,0.0,14.44,1.681,1.681,543000000.0,1476300000.0,634400000.0,634400000.0,0.0,,,,,8000000.0,549900000.0,1.0,384967889.0,384967889.0,,1.648,3647300000.0,123300000.0,35800000.0,37900000.0,9.474,270600000.0
51,IVZ,MRQ,2008-09-30,2008-09-30,2008-09-30,2021-07-30,582100000.0,11499500000.0,,3411500000.0,8088000000.0,,16.46,-21200000.0,831600000.0,831600000.0,0.0,131800000.0,1.278,0.657,1322000000.0,0.0,1322000000.0,1322000000.0,0.0,16700000.0,0.0,0.02,0.1,317100000.0,333800000.0,0.404,333800000.0,317100000.0,181000000.0,0.34,0.33,0.34,6366000000.0,,6366000000.0,8757305037.0,4.0,3.987,248600000.0,0.643,1.0,827200000.0,1.0,6701000000.0,136100000.0,2618700000.0,,0.0,1140500000.0,158800000.0,981700000.0,4183200000.0,2670200000.0,1513000000.0,8114205037.0,132800000.0,0.0,-83900000.0,-15000000.0,-38800000.0,-185000000.0,48000000.0,69200000.0,269800000.0,-37000000.0,131800000.0,131800000.0,131800000.0,0.0,0.0,0.159,632000000.0,195200000.0,1939900000.0,0.294,1.275,12.968,13.195,211700000.0,0.0,20.98,2.195,2.195,783300000.0,1482900000.0,827200000.0,827200000.0,0.0,,,,,31700000.0,632000000.0,1.0,386759058.0,386759058.0,,2.139,4798500000.0,125200000.0,49200000.0,72500000.0,12.407,741300000.0
52,IVZ,MRQ,2008-06-30,2008-06-30,2008-06-30,2021-07-30,940100000.0,12249700000.0,,3784900000.0,8464800000.0,,17.237,-34000000.0,693900000.0,693900000.0,0.0,162800000.0,1.228,0.688,1337000000.0,0.0,1337000000.0,1337000000.0,0.0,17100000.0,0.0,0.02,0.1,442800000.0,459900000.0,0.492,459900000.0,442800000.0,240000000.0,0.42,0.41,0.42,6683000000.0,,6683000000.0,10118990623.0,5.0,4.695,168600000.0,0.435,1.0,935600000.0,1.0,7012000000.0,202800000.0,2798500000.0,,0.0,1235200000.0,183600000.0,1051600000.0,4596600000.0,3082300000.0,1514300000.0,9297190623.0,-148700000.0,26800000.0,-19300000.0,-200000000.0,-129600000.0,-388400000.0,37100000.0,44300000.0,202600000.0,-8800000.0,162800000.0,162800000.0,162800000.0,0.0,0.0,0.174,695600000.0,240000000.0,2351600000.0,0.238,1.391,14.067,14.359,207600000.0,0.0,23.98,2.418,2.418,960700000.0,1389900000.0,935600000.0,935600000.0,0.0,,,,,31300000.0,695600000.0,1.0,387706031.0,387706031.0,,2.413,5237700000.0,118800000.0,77200000.0,69800000.0,13.509,702600000.0
53,IVZ,MRQ,2008-03-31,2008-03-31,2008-03-31,2021-07-30,969700000.0,12881300000.0,,4136100000.0,8745200000.0,,15.464,-14200000.0,851400000.0,851400000.0,0.0,111400000.0,1.228,0.796,1673200000.0,0.0,1673200000.0,1673200000.0,0.0,16600000.0,0.0,0.024,0.22,250500000.0,267100000.0,0.293,267100000.0,250500000.0,229000000.0,0.4,0.39,0.4,6568800000.0,,6568800000.0,10787929796.0,6.0,5.403,-148600000.0,-0.35,1.0,910400000.0,1.0,6995600000.0,21500000.0,3339400000.0,,0.0,1483600000.0,149800000.0,1333800000.0,5230300000.0,3368100000.0,1862200000.0,10347329796.0,-133000000.0,-129600000.0,-141600000.0,289500000.0,0.0,137000000.0,-135600000.0,8200000.0,-134400000.0,19500000.0,155200000.0,155200000.0,155200000.0,0.0,-43800000.0,0.17,682300000.0,228100000.0,2605600000.0,0.55,1.575,15.361,14.414,186700000.0,0.0,24.36,2.661,2.661,1146300000.0,1267400000.0,910400000.0,910400000.0,0.0,,,,,26700000.0,682300000.0,1.0,424767233.0,424767233.0,,2.143,5885700000.0,148300000.0,73800000.0,117100000.0,13.856,768000000.0
54,IVZ,MRQ,2007-12-31,2007-12-31,2007-12-31,2021-07-30,952100000.0,12925200000.0,,4168600000.0,8756600000.0,,15.754,-11600000.0,952400000.0,952400000.0,0.0,175900000.0,1.145,0.791,1393000000.0,0.0,1393000000.0,1393000000.0,0.0,35800000.0,0.0,0.012,0.0,1100100000.0,1135900000.0,1.11,1135900000.0,1100100000.0,267200000.0,0.43,0.43,0.43,6590600000.0,,6590600000.0,13168311271.0,7.0,6.579,285100000.0,0.682,1.0,1023100000.0,1.0,7002200000.0,832900000.0,2722700000.0,,0.0,1505100000.0,151400000.0,1353700000.0,5213400000.0,3640900000.0,1572500000.0,13127511271.0,-146400000.0,-45400000.0,-440700000.0,248300000.0,-68600000.0,-341000000.0,-102100000.0,-45100000.0,296700000.0,-9600000.0,175900000.0,175900000.0,175900000.0,0.0,0.0,0.172,779400000.0,243700000.0,2479200000.0,0.0,1.992,19.489,18.679,180000000.0,0.0,31.38,3.384,3.384,978500000.0,1201700000.0,1023100000.0,1023100000.0,0.0,,,,,31800000.0,779400000.0,1.0,418340066.0,418340066.0,,2.446,5923000000.0,166300000.0,91300000.0,140600000.0,14.158,527700000.0
55,IVZ,MRQ,2007-09-30,2007-09-30,2007-09-30,2021-07-30,0.0,10667300000.0,,4601100000.0,6066200000.0,,12.481,-8600000.0,1102400000.0,1102400000.0,0.0,167000000.0,1.137,1.134,1143200000.0,0.0,1143200000.0,1143200000.0,0.0,16100000.0,0.0,0.014,0.164,276100000.0,292200000.0,0.299,292200000.0,276100000.0,259700000.0,0.42,0.41,0.42,4991600000.0,,4991600000.0,11838385655.0,11.0,10.418,329700000.0,0.824,1.0,976600000.0,1.0,5457200000.0,16400000.0,1204400000.0,,0.0,285200000.0,126500000.0,158700000.0,5662300000.0,4046500000.0,1615800000.0,11355285655.0,268000000.0,-2500000.0,-55400000.0,0.0,0.0,-51600000.0,-18700000.0,-7600000.0,338300000.0,12000000.0,167000000.0,167000000.0,167000000.0,0.0,0.0,0.171,720100000.0,256500000.0,1811100000.0,0.39,2.275,17.368,16.545,149600000.0,0.0,27.3,2.614,2.514,1479600000.0,1541900000.0,976600000.0,976600000.0,0.0,,,,,23500000.0,720100000.0,1.0,415944530.0,399950000.0,410500000.0,2.442,5210100000.0,248700000.0,92700000.0,148500000.0,13.027,554600000.0
56,IVZ,MRQ,2007-06-30,2007-06-30,2007-06-30,2021-07-30,,,,,,,,3800000.0,,,0.0,175500000.0,,,,,,,,15900000.0,,0.014,0.208,285500000.0,301400000.0,0.308,301400000.0,285500000.0,266900000.0,0.44,0.43,0.44,,,,11235266088.0,12.0,,281100000.0,0.676,1.0,979000000.0,1.0,,18600000.0,,,,,,,,,,10752166088.0,21300000.0,-6500000.0,-18800000.0,-144400000.0,-86400000.0,-219000000.0,-37000000.0,-34300000.0,277300000.0,6000000.0,175500000.0,175500000.0,175500000.0,0.0,0.0,0.179,717000000.0,262000000.0,,0.473,,18.261,17.349,,0.0,25.85,2.72,2.72,,,979000000.0,979000000.0,0.0,,,,,25100000.0,717000000.0,1.0,415944530.0,415944530.0,,2.354,,,91400000.0,,,
57,IVZ,MRQ,2007-03-31,2007-03-31,2007-03-31,2021-07-30,,,,,,,,-8200000.0,,,0.0,155200000.0,,,,,,,,16300000.0,,0.007,0.0,255700000.0,272000000.0,0.302,272000000.0,255700000.0,237100000.0,0.39,0.38,0.39,,,,9507563256.0,,,-5000000.0,-0.012,1.0,900200000.0,1.0,,18600000.0,,,,,,,,,,9040081256.0,-16400000.0,0.0,-63700000.0,6100000.0,0.0,-129200000.0,109600000.0,117800000.0,3200000.0,2000000.0,155200000.0,155200000.0,155200000.0,0.0,0.0,0.172,668100000.0,232100000.0,,0.0,,,,,0.0,22.1,,,,,900200000.0,900200000.0,0.0,,,,,24800000.0,668100000.0,1.0,409053450.0,409053450.0,,2.201,,,81900000.0,,,
58,IVZ,MRQ,2006-12-31,2006-12-31,2006-12-31,2021-07-30,614500000.0,12228500000.0,,3709000000.0,8519500000.0,,15.069,-10400000.0,834300000.0,834300000.0,0.0,156100000.0,1.102,0.74,1316000000.0,300000000.0,1016000000.0,1316000000.0,0.0,17600000.0,0.0,0.014,0.0,253100000.0,270700000.0,0.182,270700000.0,253100000.0,232200000.0,0.4,0.39,0.4,6164000000.0,,6164000000.0,10550649555.0,13.0,11.962,213900000.0,0.523,1.0,1487400000.0,1.0,6526600000.0,20900000.0,2818200000.0,,0.0,1749700000.0,187800000.0,1561900000.0,4559900000.0,3365400000.0,1194500000.0,10083167555.0,108300000.0,-96600000.0,18400000.0,51300000.0,-63300000.0,-19300000.0,-96700000.0,10300000.0,224300000.0,12600000.0,156100000.0,156100000.0,156100000.0,0.0,0.0,0.105,1263300000.0,224100000.0,2107900000.0,0.0,1.636,20.889,20.205,198700000.0,0.0,24.65,3.106,3.106,804900000.0,700700000.0,1487400000.0,1487400000.0,0.0,,,,,32900000.0,1250200000.0,1.0,409053450.0,409053450.0,,3.636,5701900000.0,118500000.0,76100000.0,99700000.0,13.939,343600000.0
59,IVZ,MRQ,2006-09-30,2006-09-30,2006-09-30,2021-07-30,,,,,,,,,,,0.0,102000000.0,,,,,,,,,,0.016,0.154,170000000.0,,,,170000000.0,150300000.0,0.26,0.26,0.26,,,,9433933635.0,,,,,1.0,587100000.0,1.0,,19700000.0,,,,,,,,,,8966451635.0,,,,,,,,,,,102000000.0,102000000.0,102000000.0,0.0,0.0,0.174,430300000.0,156800000.0,,0.592,,,,,0.0,21.92,,,,,587100000.0,587100000.0,0.0,,,,,,430300000.0,1.0,409053450.0,395150000.0,404800000.0,1.486,,,48300000.0,,,
60,IVZ,MRQ,2005-12-31,2005-12-31,2005-12-31,2021-07-30,0.0,7584400000.0,,2723100000.0,4861300000.0,,8.833,,715700000.0,715700000.0,,,1.058,1.098,1222200000.0,10000000.0,1212200000.0,1222200000.0,0.0,,0.0,0.022,0.0,,,,,,,,,,3613000000.0,,3613000000.0,,,,,,1.0,,,4312600000.0,,1204900000.0,,0.0,180700000.0,31300000.0,149400000.0,3968100000.0,2573400000.0,1394700000.0,6295332603.0,,,,,,,,,,,,,,,,,,,1300500000.0,,1.742,28.641,27.982,180000000.0,,15.39,2.192,2.192,805300000.0,638700000.0,,,,,,,,,,1.0,409053450.0,409053450.0,,,3271800000.0,140400000.0,,40000000.0,7.998,149700000.0
61,IVZ,MRQ,2004-12-31,2004-12-31,2004-12-31,2021-07-30,0.0,7419631000.0,,2349810000.0,5069821000.0,,,,546928000.0,546928000.0,,,1.01,1.095,1381644000.0,79476000.0,1302168000.0,1381644000.0,0.0,,0.0,0.026,0.0,,,,,,,,,,3540446000.0,,3540446000.0,,,,,,1.0,,,4447260000.0,,1480300000.0,,0.0,1093002000.0,958524000.0,134478000.0,3876664000.0,2326787000.0,1549877000.0,,,,,,,,,,,,,,,,,,,,2218862000.0,,,,-125.6,226987000.0,,12.56,,,844358000.0,571574000.0,,,,,,,,,,1.0,,,,,2972371000.0,150114000.0,,36655000.0,,23023000.0
0,IVZ,MRT,2021-06-30,2021-06-30,2021-06-30,2021-07-30,-369800000.0,33248400000.0,35167875000.0,,,0.185,32.307,-115000000.0,1737100000.0,1737100000.0,0.0,1492200000.0,,1.171,8834500000.0,,,8834500000.0,0.0,208700000.0,0.0,0.024,0.635,1567000000.0,1775700000.0,0.273,1775700000.0,1567000000.0,1460400000.0,2.26,2.23,2.26,14908000000.0,14437900000.0,14908000000.0,19530787609.0,12.0,10.999,1335200000.0,2.893,1.0,6508800000.0,1.0,16229000000.0,106600000.0,24116800000.0,26179825000.0,0.0,9270000000.0,,,17457900000.0,,,12334587609.0,411000000.0,0.0,-59800000.0,28600000.0,-293000000.0,-702100000.0,-337100000.0,-250800000.0,1450200000.0,67300000.0,1038900000.0,802100000.0,802100000.0,0.0,216500000.0,0.123,5207300000.0,1301500000.0,5187100000.0,0.281,0.827,15.378,11.827,524800000.0,236800000.0,26.73,1.895,1.895,1511900000.0,6570100000.0,6508800000.0,6508800000.0,0.0,0.023,0.056,0.06,0.241,166100000.0,4930600000.0,1.0,461451089.0,461451089.0,,14.105,17019400000.0,0.0,421500000.0,1575300000.0,36.882,
1,IVZ,MRT,2021-03-31,2021-03-31,2021-03-31,2021-07-30,-407700000.0,34881500000.0,35750550000.0,,,0.174,31.69,-116100000.0,1587900000.0,1587900000.0,0.0,1059100000.0,,1.341,8784100000.0,,,8784100000.0,0.0,206200000.0,0.0,0.025,0.62,1138600000.0,1344800000.0,0.217,1344800000.0,1138600000.0,1021800000.0,1.55,1.53,1.55,14547800000.0,14111400000.0,14547800000.0,18664402448.0,16.0,13.879,1164300000.0,2.536,1.0,6206400000.0,1.0,16214900000.0,116800000.0,25862800000.0,26908400000.0,0.0,8769700000.0,,,19513700000.0,,,11577802448.0,491700000.0,0.0,-60300000.0,119200000.0,-288000000.0,-244400000.0,-544300000.0,-478300000.0,1280400000.0,77600000.0,711100000.0,474300000.0,474300000.0,0.0,111200000.0,0.076,5258700000.0,947700000.0,7907500000.0,0.4,0.796,24.41,16.271,555900000.0,236800000.0,25.22,1.865,1.865,1377100000.0,6279900000.0,6206400000.0,6206400000.0,0.0,0.013,0.034,0.042,0.183,179700000.0,4879200000.0,1.0,459072262.0,459072262.0,,13.519,18666600000.0,0.0,310700000.0,1566300000.0,40.662,
2,IVZ,MRT,2020-12-31,2020-12-31,2020-12-31,2021-07-30,-404500000.0,36504100000.0,36282850000.0,,,0.169,31.266,-115000000.0,1710100000.0,1710100000.0,0.0,807500000.0,,1.496,8796700000.0,,,8796700000.0,0.0,203500000.0,0.0,0.044,0.775,915700000.0,1119200000.0,0.182,1119200000.0,915700000.0,786400000.0,1.14,1.13,1.14,14361800000.0,13849275000.0,14361800000.0,15384311020.0,17.0,13.746,1115300000.0,2.428,1.0,6145600000.0,1.0,16221900000.0,129300000.0,27368800000.0,27611075000.0,0.0,8736800000.0,,,21483400000.0,,,8006211020.0,79300000.0,0.0,-47100000.0,476900000.0,-357400000.0,-285900000.0,-865100000.0,-750100000.0,1230300000.0,53300000.0,524800000.0,288000000.0,288000000.0,0.0,45900000.0,0.047,5225200000.0,920400000.0,9600900000.0,0.68,0.557,27.799,15.289,563800000.0,236800000.0,17.43,1.303,1.303,1026000000.0,6085000000.0,6145600000.0,6145600000.0,0.0,0.008,0.021,0.033,0.149,188500000.0,4831900000.0,1.0,459335113.0,459335113.0,,13.379,20282200000.0,0.0,261600000.0,1523500000.0,44.156,
3,IVZ,MRT,2020-09-30,2020-09-30,2020-09-30,2021-07-30,-647900000.0,36037500000.0,37011900000.0,,,0.169,30.346,-122300000.0,1320600000.0,1320600000.0,0.0,719300000.0,,1.54,8698700000.0,,,8698700000.0,0.0,202800000.0,0.0,0.082,0.93,906100000.0,1108900000.0,0.177,1108900000.0,906100000.0,766600000.0,1.09,1.07,1.09,13934000000.0,13724450000.0,13934000000.0,12622483250.0,14.0,11.383,987700000.0,2.151,1.0,6258300000.0,1.0,16044700000.0,139500000.0,27370900000.0,28310450000.0,0.0,8488200000.0,,,21458700000.0,,,5239083250.0,-263900000.0,-38200000.0,-55100000.0,1048000000.0,-426700000.0,111200000.0,-1485100000.0,-1348700000.0,1110000000.0,41100000.0,493500000.0,256700000.0,256700000.0,0.0,-11000000.0,0.041,5241100000.0,1017200000.0,9997600000.0,0.853,0.376,20.409,10.468,551100000.0,236800000.0,11.41,0.837,0.837,1181500000.0,5944500000.0,6258300000.0,6258300000.0,0.0,0.007,0.019,0.032,0.145,186900000.0,4886400000.0,1.0,459165929.0,459165929.0,,13.63,19992800000.0,0.0,273100000.0,1527100000.0,43.542,
4,IVZ,MRT,2020-06-30,2020-06-30,2020-06-30,2021-07-30,-816000000.0,35579100000.0,37475375000.0,,,0.173,29.641,-122500000.0,1271200000.0,1271200000.0,0.0,667200000.0,,1.574,8654600000.0,,,8654600000.0,0.0,199700000.0,0.0,0.101,1.085,864800000.0,1064500000.0,0.164,1064500000.0,864800000.0,724100000.0,1.03,1.02,1.03,13602000000.0,13634250000.0,13602000000.0,12469717151.0,14.0,11.714,907600000.0,1.978,1.0,6481300000.0,1.0,15931400000.0,140700000.0,27031100000.0,28584725000.0,0.0,8107600000.0,,,21408600000.0,,,4937717151.0,-155400000.0,-49400000.0,-360900000.0,1763900000.0,-498100000.0,448600000.0,-1634100000.0,-1404300000.0,1030100000.0,-18100000.0,468900000.0,226900000.0,226900000.0,0.0,-43700000.0,0.035,5457500000.0,1023800000.0,10017900000.0,1.053,0.363,21.762,10.447,555100000.0,242000000.0,10.76,0.762,0.762,1073900000.0,5825000000.0,6481300000.0,6481300000.0,0.0,0.006,0.017,0.03,0.133,193300000.0,4988300000.0,1.0,458895646.0,458895646.0,,14.124,19647700000.0,0.0,255200000.0,1507400000.0,42.815,
5,IVZ,MRT,2020-03-31,2020-03-31,2020-03-31,2021-07-30,-905500000.0,37010700000.0,38205950000.0,,,0.17,29.773,-122400000.0,1229500000.0,1229500000.0,0.0,667200000.0,,1.696,8761500000.0,,,8761500000.0,0.0,189700000.0,0.0,0.137,1.24,833700000.0,1023400000.0,0.157,1023400000.0,833700000.0,694800000.0,1.03,1.02,1.03,13499300000.0,13717425000.0,13499300000.0,10730617282.0,13.0,10.485,1037600000.0,2.288,1.0,6501700000.0,1.0,15869200000.0,138900000.0,28673500000.0,28969350000.0,0.0,8308400000.0,,,22891800000.0,,,4116917282.0,600000.0,290500000.0,-422700000.0,1713300000.0,-549900000.0,384600000.0,-1544000000.0,-1645600000.0,1160000000.0,-31600000.0,468500000.0,285700000.0,285700000.0,0.0,15900000.0,0.044,5576700000.0,925000000.0,11266800000.0,1.204,0.305,14.41,8.816,562800000.0,182800000.0,9.08,0.633,0.633,1274000000.0,5856600000.0,6501700000.0,6501700000.0,0.0,0.007,0.021,0.029,0.128,205100000.0,4874300000.0,1.0,453404987.0,453404987.0,,14.34,21141500000.0,0.0,226300000.0,1500800000.0,46.628,
6,IVZ,MRT,2019-12-31,2019-12-31,2019-12-31,2021-07-30,-587300000.0,39420300000.0,37004925000.0,,,0.165,30.527,-124300000.0,1701200000.0,1701200000.0,0.0,737800000.0,,1.783,8314900000.0,,,8314900000.0,0.0,177600000.0,0.0,0.068,1.23,935500000.0,1113100000.0,0.182,1113100000.0,935500000.0,799800000.0,1.29,1.28,1.29,13862500000.0,12509925000.0,13862500000.0,14407611872.0,15.0,12.944,992300000.0,2.185,1.0,6117400000.0,1.0,15867700000.0,135700000.0,30166300000.0,29122625000.0,0.0,8637500000.0,,,24718500000.0,,,8161011872.0,-107500000.0,290500000.0,-469800000.0,1198400000.0,-529100000.0,201300000.0,-1425400000.0,-1617600000.0,1116600000.0,10700000.0,564700000.0,441100000.0,441100000.0,0.0,49500000.0,0.072,5309200000.0,808200000.0,12893800000.0,0.953,0.589,18.502,13.938,583500000.0,123600000.0,17.98,1.334,1.335,1191200000.0,5917800000.0,6117400000.0,6117400000.0,0.0,0.012,0.035,0.032,0.153,207500000.0,4636200000.0,1.0,453893875.0,454100000.0,,13.471,23552600000.0,0.0,235100000.0,1529500000.0,51.867,
7,IVZ,MRT,2019-09-30,2019-09-30,2019-09-30,2021-07-30,-804300000.0,37891400000.0,34894450000.0,,,0.161,28.892,-109800000.0,1534300000.0,1534300000.0,0.0,590000000.0,,1.734,7780900000.0,,,7780900000.0,0.0,161600000.0,0.0,0.072,1.22,837300000.0,998900000.0,0.177,998900000.0,837300000.0,707000000.0,1.17,1.17,1.17,13573200000.0,11189000000.0,13573200000.0,13793108446.0,16.0,13.808,726200000.0,1.546,1.0,5630500000.0,1.0,15670000000.0,130300000.0,28468000000.0,28449700000.0,0.0,7888700000.0,,,23531800000.0,,,7958308446.0,-333400000.0,328700000.0,-457500000.0,753200000.0,-510600000.0,-184300000.0,-985100000.0,-1140200000.0,836000000.0,-39300000.0,499100000.0,434700000.0,434700000.0,0.0,26500000.0,0.077,4906500000.0,724000000.0,12619000000.0,1.043,0.586,18.308,14.479,552300000.0,64400000.0,16.94,1.413,1.413,1191300000.0,5880000000.0,5630500000.0,5630500000.0,0.0,0.012,0.039,0.029,0.149,206700000.0,4308200000.0,1.0,469793887.0,469793887.0,,11.985,22221400000.0,0.0,207900000.0,1523100000.0,47.3,
8,IVZ,MRT,2019-06-30,2019-06-30,2019-06-30,2021-07-30,-671400000.0,38501400000.0,33547550000.0,,,0.157,34.762,-105300000.0,1435300000.0,1435300000.0,0.0,628600000.0,,1.708,7270100000.0,,,7270100000.0,0.0,152700000.0,0.0,0.059,1.21,921500000.0,1074200000.0,0.205,1074200000.0,921500000.0,796600000.0,1.46,1.46,1.46,13934700000.0,10042475000.0,13934700000.0,14660649585.0,16.0,13.648,674100000.0,1.682,1.0,5251700000.0,1.0,15766600000.0,124900000.0,28569600000.0,28521850000.0,0.0,7499800000.0,,,23805300000.0,,,8201549585.0,-267000000.0,339900000.0,-148700000.0,925100000.0,-492100000.0,569100000.0,-1615500000.0,-1841500000.0,779400000.0,-25700000.0,601600000.0,601600000.0,601600000.0,0.0,27000000.0,0.115,4480700000.0,771000000.0,13704000000.0,0.829,0.589,13.633,14.014,567800000.0,0.0,20.46,1.562,1.562,1160500000.0,5856800000.0,5251700000.0,5251700000.0,0.0,0.018,0.06,0.032,0.175,200000000.0,4034800000.0,1.0,400857751.0,400857751.0,,13.101,22734800000.0,0.0,195000000.0,1538800000.0,56.715,
9,IVZ,MRT,2019-03-31,2019-03-31,2019-03-31,2021-07-30,-673600000.0,32206600000.0,32036975000.0,,,0.161,21.833,-103000000.0,1268300000.0,1268300000.0,0.0,808500000.0,,2.624,7727400000.0,,,7727400000.0,0.0,144800000.0,0.0,0.062,1.2,1180800000.0,1325600000.0,0.256,1325600000.0,1180800000.0,1059400000.0,1.96,1.96,1.96,8669300000.0,8763125000.0,8669300000.0,13496854199.0,11.0,10.182,657600000.0,1.656,1.0,5172900000.0,1.0,9379100000.0,121400000.0,29286600000.0,28661850000.0,0.0,7369000000.0,,,22746100000.0,,,7667454199.0,-676100000.0,-1469300000.0,-91100000.0,1766700000.0,-491100000.0,1497600000.0,-2934300000.0,-1340600000.0,760600000.0,-79700000.0,806600000.0,806600000.0,806600000.0,0.0,1900000.0,0.156,4088900000.0,1084000000.0,13799300000.0,0.612,0.884,9.506,9.852,462800000.0,0.0,19.31,1.482,1.482,1215100000.0,5942100000.0,5172900000.0,5172900000.0,0.0,0.025,0.092,0.041,0.228,181300000.0,3924400000.0,1.0,397071683.0,397071683.0,,13.028,22827500000.0,0.0,252800000.0,367600000.0,57.49,
10,IVZ,MRT,2018-12-31,2018-12-31,2018-12-31,2021-07-30,-735000000.0,30978400000.0,31890100000.0,,,0.167,20.924,-102500000.0,1805400000.0,1805400000.0,0.0,883100000.0,,2.523,7634800000.0,,,7634800000.0,0.0,142100000.0,0.0,0.071,1.19,1249300000.0,1391400000.0,0.262,1391400000.0,1249300000.0,1137800000.0,2.14,2.14,2.14,8578800000.0,8819625000.0,8578800000.0,12606562849.0,10.0,9.06,726300000.0,1.771,1.0,5314100000.0,1.0,9333200000.0,111500000.0,27474600000.0,28318275000.0,0.0,6827000000.0,,,21646000000.0,,,6885762849.0,-529900000.0,-1469300000.0,-51800000.0,1749200000.0,-490600000.0,1540000000.0,-2898700000.0,-1263100000.0,828800000.0,-44800000.0,882800000.0,882800000.0,882800000.0,0.0,300000.0,0.166,4109200000.0,1204900000.0,12650700000.0,0.556,0.803,7.8,7.822,468700000.0,0.0,16.74,1.296,1.292,906100000.0,5884500000.0,5314100000.0,5314100000.0,0.0,0.028,0.1,0.044,0.235,172400000.0,3972300000.0,1.0,411335893.0,410000000.0,,12.961,21645200000.0,0.0,255000000.0,326400000.0,52.793,
11,IVZ,MRT,2018-09-30,2018-09-30,2018-09-30,2021-07-30,-585800000.0,32503800000.0,32062700000.0,,,0.169,21.874,-97300000.0,1914300000.0,1914300000.0,0.0,1210900000.0,,2.533,7635100000.0,,,7635100000.0,0.0,140200000.0,0.0,0.052,1.18,1461300000.0,1601500000.0,0.295,1601500000.0,1461300000.0,1355400000.0,2.86,2.85,2.86,8987100000.0,8848950000.0,8987100000.0,15536723610.0,11.0,9.701,949600000.0,2.311,1.0,5433800000.0,1.0,9468000000.0,105900000.0,28756600000.0,28418950000.0,0.0,6718400000.0,,,22761800000.0,,,9400223610.0,-133800000.0,-1469300000.0,-54900000.0,2159100000.0,-487200000.0,1973900000.0,-3154600000.0,-1588000000.0,1046900000.0,-16400000.0,1176800000.0,1176800000.0,1176800000.0,0.0,34100000.0,0.217,4116700000.0,1317100000.0,13953900000.0,0.413,1.046,7.988,8.0,469200000.0,0.0,22.88,1.73,1.73,1465800000.0,5892600000.0,5433800000.0,5433800000.0,0.0,0.037,0.133,0.051,0.269,164900000.0,4010900000.0,1.0,410848934.0,410848934.0,,13.226,23035800000.0,0.0,178600000.0,304300000.0,56.069,
12,IVZ,MRT,2018-06-30,2018-06-30,2018-06-30,2021-07-30,-563700000.0,32459100000.0,31529875000.0,,,0.172,21.466,-98000000.0,1833900000.0,1833900000.0,0.0,1204300000.0,,2.611,7970400000.0,,,7970400000.0,0.0,130300000.0,0.0,0.044,1.17,1515200000.0,1645500000.0,0.303,1645500000.0,1515200000.0,1415300000.0,2.86,2.85,2.86,8817300000.0,8680675000.0,8817300000.0,15366654497.0,10.0,9.339,1073400000.0,2.613,1.0,5429700000.0,1.0,9466000000.0,99900000.0,29129600000.0,27838450000.0,0.0,6625200000.0,,,23025900000.0,,,10909854497.0,-128400000.0,-1768500000.0,-53400000.0,1873300000.0,-481900000.0,1551800000.0,-2851600000.0,-985100000.0,1171400000.0,27800000.0,1174700000.0,1174700000.0,1174700000.0,0.0,29600000.0,0.216,4074400000.0,1355300000.0,13953600000.0,0.409,1.237,9.287,9.287,475700000.0,0.0,26.56,2.009,2.009,1683700000.0,5747300000.0,5429700000.0,5429700000.0,0.0,0.037,0.135,0.054,0.279,164600000.0,4001700000.0,1.0,410762594.0,410762594.0,,13.219,22993100000.0,0.0,240600000.0,303500000.0,55.977,
13,IVZ,MRT,2018-03-31,2018-03-31,2018-03-31,2021-07-30,-331400000.0,31619100000.0,30477225000.0,,,0.175,21.848,-105200000.0,2122300000.0,2122300000.0,0.0,1212000000.0,,2.49,6579100000.0,,,6579100000.0,0.0,124100000.0,0.0,0.036,1.16,1524100000.0,1648200000.0,0.31,1648200000.0,1524100000.0,1430100000.0,2.85,2.84,2.85,8895300000.0,8469475000.0,8895300000.0,17390696148.0,11.0,10.551,873900000.0,2.146,1.0,5323500000.0,1.0,8163600000.0,94000000.0,27912300000.0,26709075000.0,0.0,6167100000.0,,,22148100000.0,,,13032796148.0,98800000.0,-299200000.0,-50600000.0,610700000.0,-476400000.0,348100000.0,-1228400000.0,-824000000.0,979100000.0,128200000.0,1169200000.0,1169200000.0,1169200000.0,0.0,42800000.0,0.22,3981200000.0,1342300000.0,14534500000.0,0.407,1.465,11.147,11.232,484400000.0,0.0,32.01,2.448,2.448,1590100000.0,5626600000.0,5323500000.0,5323500000.0,0.0,0.038,0.138,0.057,0.286,167000000.0,3932000000.0,1.0,407147646.0,407147646.0,,13.075,23455500000.0,0.0,260900000.0,313400000.0,57.609,
14,IVZ,MRT,2017-12-31,2017-12-31,2017-12-31,2021-07-30,-391200000.0,31668800000.0,29222175000.0,,,0.177,21.21,-111700000.0,2517700000.0,2517700000.0,0.0,1161000000.0,,2.584,6875600000.0,,,6875600000.0,0.0,116800000.0,0.0,0.031,1.15,1490300000.0,1607100000.0,0.311,1607100000.0,1490300000.0,1395500000.0,2.75,2.75,2.75,8696100000.0,8161475000.0,8696100000.0,19071349486.0,13.0,11.867,1046100000.0,2.551,1.0,5160300000.0,1.0,8149400000.0,94800000.0,27877300000.0,25597000000.0,0.0,6332600000.0,,,22470000000.0,,,14874649486.0,352400000.0,-299200000.0,-63800000.0,373600000.0,-471600000.0,169000000.0,-974400000.0,-563500000.0,1157800000.0,104100000.0,1127300000.0,1127300000.0,1127300000.0,0.0,33700000.0,0.218,3883200000.0,1277100000.0,14124000000.0,0.418,1.71,13.195,13.287,490700000.0,0.0,36.54,2.883,2.903,1547800000.0,5489100000.0,5160300000.0,5160300000.0,0.0,0.039,0.138,0.058,0.289,175300000.0,3883200000.0,1.0,407078530.0,410000000.0,,12.586,23519400000.0,0.0,268200000.0,275500000.0,57.364,
15,IVZ,MRT,2017-09-30,2017-09-30,2017-09-30,2021-07-30,-448500000.0,30372500000.0,27738550000.0,,,0.18,20.433,-129100000.0,2202200000.0,2202200000.0,0.0,956500000.0,,2.588,6398900000.0,,,6398900000.0,0.0,107900000.0,0.0,0.041,1.42,1424600000.0,1532500000.0,0.308,1532500000.0,1424600000.0,1329900000.0,2.3,2.3,2.3,8314000000.0,7863400000.0,8314000000.0,18287586289.0,13.0,11.933,716100000.0,1.76,1.0,4979400000.0,1.0,8134600000.0,94700000.0,26434600000.0,24287925000.0,0.0,5815200000.0,,,21514100000.0,,,14257486289.0,360900000.0,-299200000.0,-168900000.0,451500000.0,-466800000.0,272500000.0,-756800000.0,-328500000.0,845200000.0,36400000.0,945600000.0,945600000.0,945600000.0,0.0,10900000.0,0.19,3748700000.0,1230700000.0,13815300000.0,0.617,1.715,15.078,15.235,483000000.0,0.0,35.04,2.863,2.863,1448000000.0,5199800000.0,4979400000.0,4979400000.0,0.0,0.034,0.12,0.059,0.286,176200000.0,3748700000.0,1.0,406891732.0,406891732.0,,12.238,22237900000.0,0.0,384300000.0,351500000.0,54.653,
16,IVZ,MRT,2017-06-30,2017-06-30,2017-06-30,2021-07-30,-594200000.0,28248500000.0,26179850000.0,,,0.185,19.595,-142300000.0,1974200000.0,1974200000.0,0.0,937800000.0,,2.477,6004300000.0,,,6004300000.0,0.0,103800000.0,0.0,0.04,1.41,1365300000.0,1469100000.0,0.303,1469100000.0,1365300000.0,1270300000.0,2.23,2.23,2.23,7972500000.0,7719075000.0,7972500000.0,18751086604.0,14.0,12.764,681300000.0,1.675,1.0,4843300000.0,1.0,7666500000.0,95000000.0,24612100000.0,22810300000.0,0.0,5559600000.0,,,19746200000.0,,,14317286604.0,318600000.0,0.0,-348300000.0,347200000.0,-463500000.0,-41600000.0,-463400000.0,-321100000.0,823600000.0,-14600000.0,919300000.0,919300000.0,919300000.0,0.0,18500000.0,0.19,3666600000.0,1176700000.0,12507100000.0,0.632,1.796,15.574,15.78,482200000.0,0.0,35.19,2.956,2.956,1655300000.0,5051300000.0,4843300000.0,4843300000.0,0.0,0.035,0.119,0.06,0.282,173100000.0,3666600000.0,1.0,406856681.0,406856681.0,,11.904,20582000000.0,0.0,351000000.0,366500000.0,50.588,
17,IVZ,MRT,2017-03-31,2017-03-31,2017-03-31,2021-07-30,-743700000.0,26598900000.0,24993425000.0,,,0.191,18.976,-148800000.0,1932700000.0,1932700000.0,0.0,924700000.0,,2.422,6366500000.0,,,6366500000.0,0.0,102800000.0,0.0,0.046,1.4,1340800000.0,1443600000.0,0.302,1443600000.0,1340800000.0,1247300000.0,2.19,2.19,2.19,7663300000.0,7639925000.0,7663300000.0,16804844953.0,13.0,11.641,663900000.0,1.644,1.0,4778300000.0,1.0,7568700000.0,93500000.0,23464000000.0,21577675000.0,0.0,5579800000.0,,,18558000000.0,,,12369544953.0,366000000.0,-88700000.0,-425900000.0,1045900000.0,-462200000.0,495900000.0,-942600000.0,-705100000.0,812700000.0,-109500000.0,905200000.0,905200000.0,905200000.0,0.0,19500000.0,0.189,3618400000.0,1159900000.0,10919800000.0,0.639,1.614,13.665,13.986,467900000.0,0.0,30.63,2.589,2.589,1613300000.0,4930600000.0,4778300000.0,4778300000.0,0.0,0.036,0.118,0.062,0.281,170200000.0,3618400000.0,1.0,403837576.0,403837576.0,,11.832,19030200000.0,0.0,342100000.0,390300000.0,47.123,
18,IVZ,MRT,2016-12-31,2016-12-31,2016-12-31,2021-07-30,-809300000.0,25734300000.0,24008250000.0,,,0.197,18.368,-147700000.0,2070200000.0,2070200000.0,0.0,868300000.0,,2.377,6505500000.0,,,6505500000.0,0.0,101200000.0,0.0,0.046,1.39,1285900000.0,1387100000.0,0.293,1387100000.0,1285900000.0,1192500000.0,2.06,2.06,2.06,7503800000.0,7700100000.0,7503800000.0,16431866494.0,13.0,11.846,506300000.0,1.239,1.0,4734400000.0,1.0,7528600000.0,93400000.0,22641000000.0,20340850000.0,0.0,5911400000.0,,,17838800000.0,,,12394966494.0,118200000.0,-121900000.0,-535000000.0,1185100000.0,-460400000.0,470100000.0,-1005900000.0,-736300000.0,654000000.0,-132000000.0,854200000.0,854200000.0,854200000.0,0.0,14100000.0,0.18,3558000000.0,1176400000.0,9695900000.0,0.675,1.652,14.511,14.728,464700000.0,0.0,30.34,2.618,2.618,1323300000.0,4833400000.0,4734400000.0,4734400000.0,0.0,0.036,0.111,0.063,0.272,159700000.0,3558000000.0,1.0,408535481.0,408535481.0,,11.589,18205700000.0,0.0,338300000.0,309700000.0,44.563,
19,IVZ,MRT,2016-09-30,2016-09-30,2016-09-30,2021-07-30,-573700000.0,24137700000.0,23842975000.0,,,0.2,18.874,-137700000.0,1896300000.0,1896300000.0,0.0,845000000.0,,2.064,5933200000.0,,,5933200000.0,0.0,100500000.0,0.0,0.035,1.1,1254800000.0,1355300000.0,0.284,1355300000.0,1254800000.0,1161900000.0,1.98,1.98,1.98,7736700000.0,7795475000.0,7736700000.0,16716277323.0,13.0,12.334,1016900000.0,2.481,1.0,4779400000.0,1.0,7650500000.0,92900000.0,20524100000.0,20390250000.0,0.0,5281200000.0,,,15966400000.0,,,12818077323.0,99300000.0,-121900000.0,-712800000.0,910300000.0,-460000000.0,-128200000.0,-927100000.0,-667500000.0,1154600000.0,-108700000.0,829600000.0,829600000.0,829600000.0,0.0,15400000.0,0.174,3593600000.0,1185800000.0,8918400000.0,0.556,1.657,15.451,15.793,444600000.0,0.0,31.27,2.682,2.682,1263300000.0,4721000000.0,4779400000.0,4779400000.0,0.0,0.035,0.106,0.062,0.263,155800000.0,3593600000.0,1.0,409916128.0,409916128.0,,11.659,16487200000.0,0.0,332300000.0,341000000.0,40.221,
20,IVZ,MRT,2016-06-30,2016-06-30,2016-06-30,2021-07-30,-513900000.0,23502800000.0,24049100000.0,,,0.202,18.348,-139400000.0,1704100000.0,1704100000.0,0.0,830400000.0,,2.019,5602300000.0,,,5602300000.0,0.0,97500000.0,0.0,0.053,1.36,1270000000.0,1367500000.0,0.282,1367500000.0,1270000000.0,1180600000.0,1.98,1.98,1.98,7655900000.0,7884475000.0,7655900000.0,14169080383.0,11.0,10.361,744100000.0,1.783,1.0,4851300000.0,1.0,7719400000.0,89400000.0,19681600000.0,20888250000.0,0.0,4928900000.0,,,15460100000.0,,,10656980383.0,109900000.0,-121900000.0,-707100000.0,1021900000.0,-460500000.0,-23800000.0,-749800000.0,-488500000.0,883500000.0,-129400000.0,837700000.0,837700000.0,837700000.0,0.0,-7300000.0,0.173,3619100000.0,1232200000.0,8741600000.0,0.687,1.392,12.722,12.899,432100000.0,0.0,25.54,2.197,2.197,1901300000.0,4595500000.0,4851300000.0,4851300000.0,0.0,0.035,0.106,0.061,0.262,152700000.0,3619100000.0,1.0,417266264.0,417266264.0,,11.626,15783400000.0,0.0,342900000.0,390100000.0,37.826,
21,IVZ,MRT,2016-03-31,2016-03-31,2016-03-31,2021-07-30,-348700000.0,22658200000.0,23897975000.0,,,0.208,18.981,-127500000.0,1622300000.0,1622300000.0,0.0,837900000.0,,1.808,5134400000.0,,,5134400000.0,0.0,95600000.0,0.0,0.044,1.35,1325000000.0,1420600000.0,0.285,1420600000.0,1325000000.0,1238100000.0,2.04,2.04,2.04,7904000000.0,8052575000.0,7904000000.0,18108229920.0,14.0,12.747,1025000000.0,2.461,1.0,4980000000.0,1.0,7653600000.0,86900000.0,18516700000.0,21052300000.0,0.0,4559000000.0,,,14288400000.0,,,12813129920.0,267100000.0,-33200000.0,-705700000.0,597300000.0,-459400000.0,-480000000.0,-405400000.0,-244700000.0,1152500000.0,-32300000.0,869500000.0,869500000.0,869500000.0,0.0,-31600000.0,0.175,3685300000.0,1294700000.0,8267100000.0,0.662,1.621,14.736,15.083,428900000.0,0.0,30.77,2.573,2.573,1610800000.0,4487600000.0,4980000000.0,4980000000.0,0.0,0.036,0.108,0.063,0.266,148300000.0,3685300000.0,1.0,416416312.0,416416312.0,,11.959,15004600000.0,0.0,368600000.0,374400000.0,36.033,
22,IVZ,MRT,2015-12-31,2015-12-31,2015-12-31,2021-07-30,-446000000.0,25073200000.0,23723725000.0,,,0.216,18.603,-124500000.0,2214700000.0,2214700000.0,0.0,964100000.0,,2.056,7509800000.0,,,7509800000.0,0.0,93600000.0,0.0,0.04,1.33,1447800000.0,1541400000.0,0.301,1541400000.0,1447800000.0,1366100000.0,2.26,2.26,2.26,7885300000.0,8095825000.0,7885300000.0,19371709804.0,13.0,12.568,1003900000.0,2.368,1.0,5122900000.0,1.0,7529700000.0,81700000.0,22838600000.0,21356075000.0,0.0,7035200000.0,,,16210200000.0,,,14190909804.0,412000000.0,0.0,-620000000.0,1014200000.0,-454500000.0,-51600000.0,-664800000.0,-540300000.0,1128400000.0,-74800000.0,968100000.0,968100000.0,968100000.0,0.0,-4000000.0,0.189,3764500000.0,1358400000.0,7476500000.0,0.588,1.8,14.659,14.814,426900000.0,0.0,33.48,2.77,2.77,1267900000.0,4439600000.0,5122900000.0,5122900000.0,0.0,0.041,0.12,0.068,0.283,150300000.0,3764500000.0,1.0,423862300.0,423862300.0,,12.086,17543500000.0,0.0,398000000.0,288900000.0,41.39,
23,IVZ,MRT,2015-09-30,2015-09-30,2015-09-30,2021-07-30,-328300000.0,24962200000.0,22567925000.0,,,0.229,18.876,-134600000.0,2178200000.0,2178200000.0,0.0,995200000.0,,1.968,7359000000.0,,,7359000000.0,0.0,90600000.0,0.0,0.042,1.31,1425500000.0,1516100000.0,0.294,1516100000.0,1425500000.0,1446800000.0,2.4,2.4,2.4,8092700000.0,8206000000.0,8092700000.0,18637999242.0,13.0,12.293,604000000.0,1.409,1.0,5159900000.0,1.0,7626900000.0,-21300000.0,22516100000.0,20004450000.0,0.0,7058800000.0,,,15930000000.0,,,13388899242.0,311300000.0,0.0,-379500000.0,1174000000.0,-449100000.0,439800000.0,-867100000.0,-732500000.0,738600000.0,-73200000.0,1036000000.0,1036000000.0,1036000000.0,1000000.0,-40800000.0,0.201,3756900000.0,1403000000.0,7345400000.0,0.546,1.654,12.924,13.012,415900000.0,0.0,31.23,2.595,2.595,1644600000.0,4351400000.0,5159900000.0,5159900000.0,0.0,0.046,0.126,0.071,0.276,146600000.0,3756900000.0,1.0,428719156.0,428719156.0,,12.036,17335300000.0,0.0,410800000.0,316300000.0,40.435,
24,IVZ,MRT,2015-06-30,2015-06-30,2015-06-30,2021-07-30,-94800000.0,22898300000.0,21347625000.0,,,0.243,19.336,-133800000.0,1780500000.0,1780500000.0,0.0,1005500000.0,,1.638,7029600000.0,,,7029600000.0,0.0,89600000.0,0.0,0.027,1.02,1461900000.0,1551500000.0,0.299,1551500000.0,1461900000.0,1448000000.0,2.41,2.41,2.41,8328300000.0,8288850000.0,8328300000.0,21613872289.0,15.0,13.931,974800000.0,2.263,1.0,5197400000.0,1.0,7809600000.0,13900000.0,20337800000.0,18579650000.0,0.0,7144600000.0,,,13644100000.0,,,16147172289.0,343100000.0,0.0,-251100000.0,1158700000.0,-441500000.0,489700000.0,-1255200000.0,-1121400000.0,1108600000.0,-73400000.0,1042700000.0,1042700000.0,1042700000.0,1600000.0,-37200000.0,0.201,3817500000.0,1379900000.0,5445900000.0,0.423,1.939,15.486,15.556,410300000.0,0.0,37.49,3.107,3.107,1756300000.0,4218300000.0,5197400000.0,5197400000.0,0.0,0.049,0.126,0.079,0.281,144700000.0,3817500000.0,1.0,430706116.0,430706116.0,,12.067,15088700000.0,0.0,405300000.0,367000000.0,35.032,
25,IVZ,MRT,2015-03-31,2015-03-31,2015-03-31,2021-07-30,-253600000.0,21961200000.0,20597925000.0,,,0.251,18.818,-134800000.0,1613600000.0,1613600000.0,0.0,1078300000.0,,1.6,7080300000.0,,,7080300000.0,0.0,88700000.0,0.0,0.025,1.0,1505600000.0,1594300000.0,0.308,1594300000.0,1505600000.0,1462800000.0,2.44,2.44,2.44,8077000000.0,8344200000.0,8077000000.0,21856638067.0,15.0,13.709,1228500000.0,2.862,1.0,5169200000.0,1.0,7696100000.0,42800000.0,19731800000.0,17525975000.0,0.0,7149600000.0,,,12920800000.0,,,17035938067.0,347200000.0,60800000.0,-216400000.0,1090700000.0,-434100000.0,633100000.0,-1649200000.0,-1575200000.0,1363300000.0,-106200000.0,1059900000.0,1059900000.0,1059900000.0,1400000.0,18400000.0,0.205,3798500000.0,1370700000.0,4760400000.0,0.41,2.109,16.073,16.266,393100000.0,0.0,39.69,3.296,3.296,2004700000.0,4077500000.0,5169200000.0,5169200000.0,0.0,0.051,0.127,0.086,0.291,142200000.0,3798500000.0,1.0,429224945.0,429224945.0,,12.043,14265100000.0,0.0,402900000.0,387700000.0,33.235,
26,IVZ,MRT,2014-12-31,2014-12-31,2014-12-31,2021-07-30,48800000.0,20450000000.0,20194200000.0,,,0.255,19.326,-133200000.0,1918200000.0,1918200000.0,0.0,1001100000.0,,1.341,6726400000.0,,,6726400000.0,0.0,89400000.0,0.0,0.025,0.975,1451800000.0,1541200000.0,0.299,1541200000.0,1451800000.0,1378700000.0,2.27,2.27,2.27,8326000000.0,8394875000.0,8326000000.0,21734508965.0,15.0,14.102,1067200000.0,2.477,1.0,5147100000.0,1.0,7826100000.0,73100000.0,17432100000.0,16810000000.0,0.0,6648200000.0,,,11164700000.0,,,17026308965.0,235700000.0,60800000.0,-258600000.0,1274500000.0,-424000000.0,862500000.0,-1827200000.0,-1754800000.0,1200400000.0,-52700000.0,988100000.0,988100000.0,988100000.0,3400000.0,13000000.0,0.192,3870200000.0,1276900000.0,3185300000.0,0.43,2.045,17.231,17.41,402600000.0,0.0,39.52,3.308,3.308,1439600000.0,3943600000.0,5147100000.0,5147100000.0,0.0,0.049,0.118,0.086,0.282,138000000.0,3870200000.0,1.0,430827656.0,430827656.0,,11.947,12623900000.0,0.0,390600000.0,304800000.0,29.302,
27,IVZ,MRT,2014-09-30,2014-09-30,2014-09-30,2021-07-30,252900000.0,20081000000.0,19899325000.0,,,0.256,19.516,-107900000.0,1591200000.0,1591200000.0,0.0,1106000000.0,,1.28,6299400000.0,,,6299400000.0,0.0,89800000.0,0.0,0.024,0.95,1565600000.0,1655400000.0,0.325,1655400000.0,1565600000.0,1370800000.0,2.29,2.3,2.29,8424100000.0,8411525000.0,8424100000.0,21443673824.0,14.0,12.954,1099800000.0,2.548,1.0,5095500000.0,1.0,7972300000.0,194800000.0,16816900000.0,16200725000.0,0.0,6442400000.0,,,10784400000.0,,,17041673824.0,189400000.0,197100000.0,-556100000.0,1490600000.0,-416200000.0,652300000.0,-1670600000.0,-1759800000.0,1207700000.0,-11300000.0,1005700000.0,1005700000.0,1005700000.0,-64000000.0,100300000.0,0.197,3873500000.0,1222000000.0,3270400000.0,0.415,2.023,16.945,17.24,367300000.0,0.0,39.48,3.344,3.344,1649800000.0,3820900000.0,5095500000.0,5095500000.0,0.0,0.051,0.12,0.097,0.307,134400000.0,3873500000.0,1.0,431653339.0,431653339.0,,11.805,12108700000.0,0.0,365100000.0,325300000.0,28.052,
28,IVZ,MRT,2014-06-30,2014-06-30,2014-06-30,2021-07-30,509900000.0,19899500000.0,19569950000.0,,,0.253,19.76,-97700000.0,1488400000.0,1488400000.0,0.0,1103100000.0,,1.219,5890400000.0,,,5890400000.0,0.0,90000000.0,0.0,0.025,0.925,1523300000.0,1613300000.0,0.326,1613300000.0,1523300000.0,1340900000.0,2.21,2.22,2.21,8549700000.0,8438200000.0,8549700000.0,20926310430.0,14.0,12.971,977200000.0,2.258,1.0,4956300000.0,1.0,8178400000.0,182400000.0,16123100000.0,15588375000.0,0.0,5890500000.0,,,10421600000.0,,,16333610430.0,213900000.0,197100000.0,-507300000.0,1036600000.0,-408400000.0,270300000.0,-1131300000.0,-1230700000.0,1074900000.0,65900000.0,977800000.0,977800000.0,977800000.0,-63200000.0,125300000.0,0.197,3777900000.0,1178400000.0,3515100000.0,0.419,1.91,16.704,17.081,354800000.0,0.0,37.75,3.296,3.296,1868300000.0,3680400000.0,4956300000.0,4956300000.0,0.0,0.05,0.116,0.098,0.307,133700000.0,3777900000.0,1.0,432678422.0,432678422.0,,11.455,11721100000.0,0.0,363100000.0,351900000.0,27.09,
29,IVZ,MRT,2014-03-31,2014-03-31,2014-03-31,2021-07-30,379900000.0,20346300000.0,19129725000.0,,,0.251,19.115,-91500000.0,1758700000.0,1758700000.0,0.0,990000000.0,,1.369,6351400000.0,,,6351400000.0,0.0,89500000.0,0.0,0.024,0.9,1420000000.0,1509500000.0,0.314,1509500000.0,1420000000.0,1245500000.0,2.03,2.04,2.03,8279700000.0,8341900000.0,8279700000.0,19882088887.0,14.0,13.171,954100000.0,2.203,1.0,4801900000.0,1.0,8071100000.0,174500000.0,16867900000.0,14285550000.0,0.0,6042400000.0,,,11338900000.0,,,16026588887.0,45000000.0,135100000.0,-530900000.0,893700000.0,-400500000.0,-69800000.0,-930800000.0,-974400000.0,1045600000.0,49000000.0,905900000.0,905900000.0,905900000.0,-58400000.0,84100000.0,0.189,3704400000.0,1097500000.0,3584400000.0,0.443,1.936,17.691,18.227,342400000.0,0.0,37.0,3.338,3.338,2225000000.0,3525700000.0,4801900000.0,4801900000.0,0.0,0.047,0.109,0.099,0.296,136100000.0,3702600000.0,1.0,433151051.0,433151051.0,,11.086,12275200000.0,0.0,339600000.0,390000000.0,28.339,
30,IVZ,MRT,2013-12-31,2013-12-31,2013-12-31,2021-07-30,427900000.0,19270500000.0,18676775000.0,,,0.249,18.933,-88200000.0,1914800000.0,1914800000.0,0.0,982800000.0,,1.226,5770300000.0,,,5770300000.0,0.0,88400000.0,0.0,0.023,0.848,1445100000.0,1533500000.0,0.33,1533500000.0,1445100000.0,1277200000.0,2.1,2.1,2.1,8392600000.0,8321025000.0,8392600000.0,19906594293.0,14.0,12.981,692000000.0,1.561,1.0,4644600000.0,1.0,8131000000.0,167900000.0,14995000000.0,12859475000.0,0.0,5574400000.0,,,10293200000.0,,,16135394293.0,481000000.0,135100000.0,-452600000.0,921300000.0,-379700000.0,-59300000.0,-239900000.0,-286800000.0,780200000.0,14700000.0,940300000.0,940300000.0,940300000.0,-64500000.0,42500000.0,0.202,3524400000.0,1120200000.0,3061100000.0,0.404,1.923,17.16,17.333,350800000.0,0.0,36.4,3.474,3.474,1491500000.0,3466200000.0,4644600000.0,4644600000.0,0.0,0.05,0.113,0.112,0.311,133100000.0,3521200000.0,1.0,443280063.0,443280063.0,,10.478,11139500000.0,0.0,336900000.0,323600000.0,25.13,
31,IVZ,MRT,2013-09-30,2013-09-30,2013-09-30,2021-07-30,434800000.0,18763500000.0,18232250000.0,,,0.245,19.265,-97900000.0,1619500000.0,1619500000.0,0.0,780000000.0,,1.131,5390700000.0,,,5390700000.0,0.0,88500000.0,0.0,0.025,0.795,1302700000.0,1391200000.0,0.311,1391200000.0,1302700000.0,1129900000.0,1.82,1.8,1.82,8530800000.0,8302075000.0,8530800000.0,18338900127.0,14.0,13.182,993600000.0,2.244,1.0,4466200000.0,1.0,8167200000.0,172800000.0,14367500000.0,11712125000.0,0.0,5219600000.0,,,9644100000.0,,,14125800127.0,290700000.0,-32800000.0,-176700000.0,138600000.0,-356700000.0,-664000000.0,-136800000.0,-6100000.0,1091500000.0,3700000.0,811600000.0,811600000.0,811600000.0,-8900000.0,-31600000.0,0.182,3433800000.0,1032400000.0,3103100000.0,0.437,1.656,17.405,17.527,336400000.0,0.0,31.9,3.163,3.163,1540900000.0,3281300000.0,4466200000.0,4466200000.0,0.0,0.045,0.098,0.111,0.292,136500000.0,3428000000.0,1.0,442815051.0,442815051.0,,10.086,10596300000.0,10900000.0,318300000.0,333800000.0,23.929,
32,IVZ,MRT,2013-06-30,2013-06-30,2013-06-30,2021-07-30,243900000.0,18138600000.0,18006625000.0,5018700000.0,13119900000.0,0.239,18.362,-102400000.0,1276800000.0,1276800000.0,0.0,688200000.0,1.463,1.149,5489900000.0,206000000.0,5283900000.0,5489900000.0,0.0,88300000.0,14700000.0,0.023,0.742,1235900000.0,1324200000.0,0.307,1324200000.0,1235900000.0,1051800000.0,1.69,1.67,1.69,8164500000.0,8248150000.0,8164500000.0,18226673710.0,15.0,13.764,725300000.0,1.631,1.0,4308300000.0,1.0,8010200000.0,184100000.0,10911800000.0,10632325000.0,0.0,5254700000.0,567200000.0,4687500000.0,9384600000.0,3429700000.0,5954900000.0,14139773710.0,220200000.0,-32800000.0,-213800000.0,231000000.0,-333700000.0,-633600000.0,26100000.0,144900000.0,827700000.0,-22400000.0,754100000.0,754100000.0,754100000.0,-13500000.0,-65900000.0,0.175,3351000000.0,957300000.0,2289500000.0,0.439,1.732,18.751,18.817,328800000.0,0.0,31.8,3.282,3.282,1656700000.0,3145700000.0,4308300000.0,4308300000.0,0.0,0.042,0.091,0.116,0.287,138800000.0,3342200000.0,1.0,444646972.0,444646972.0,,9.689,10128400000.0,37300000.0,297700000.0,394900000.0,22.779,1589000000.0
33,IVZ,MRT,2013-03-31,2013-03-31,2013-03-31,2021-07-30,334500000.0,18534500000.0,18125200000.0,4903500000.0,13631000000.0,0.229,18.588,-99000000.0,1649000000.0,1649000000.0,0.0,712100000.0,1.492,1.183,5735900000.0,0.0,5735900000.0,5735900000.0,0.0,93000000.0,22800000.0,0.024,0.69,1184600000.0,1277600000.0,0.308,1277600000.0,1184600000.0,980800000.0,1.58,1.56,1.58,8196200000.0,8248475000.0,8196200000.0,16731528716.0,14.0,13.096,394000000.0,0.894,1.0,4154600000.0,1.0,8170200000.0,203800000.0,11163600000.0,11149925000.0,0.0,5382800000.0,359900000.0,5022900000.0,9695300000.0,3287600000.0,6407700000.0,12769428716.0,315600000.0,-32100000.0,-217000000.0,420500000.0,-310500000.0,-406100000.0,228700000.0,343400000.0,493000000.0,-23200000.0,705400000.0,705400000.0,705400000.0,-20100000.0,6700000.0,0.17,3271400000.0,883200000.0,2147000000.0,0.437,1.558,18.102,18.329,337200000.0,0.0,28.96,3.074,3.074,1520400000.0,3054000000.0,4154600000.0,4154600000.0,0.0,0.039,0.086,0.106,0.285,139900000.0,3263300000.0,1.0,440933312.0,440933312.0,,9.422,10364300000.0,34600000.0,275400000.0,414900000.0,23.505,1615900000.0
34,IVZ,MRT,2012-12-31,2012-12-31,2012-12-31,2021-07-30,530500000.0,17492400000.0,18323925000.0,3907600000.0,13584800000.0,0.221,18.73,-98700000.0,1123300000.0,1123300000.0,0.0,587300000.0,1.44,1.015,5085400000.0,0.0,5085400000.0,5085400000.0,0.0,95000000.0,0.0,0.025,0.64,1159100000.0,1254100000.0,0.31,1254100000.0,1159100000.0,938500000.0,1.5,1.49,1.5,8316800000.0,8247475000.0,8316800000.0,15292356615.0,13.0,12.194,720600000.0,1.623,1.0,4050400000.0,1.0,8335900000.0,220600000.0,10405600000.0,11670650000.0,0.0,5161300000.0,363900000.0,4797400000.0,8443400000.0,2713000000.0,5730400000.0,11585056615.0,91000000.0,-37200000.0,-242000000.0,129400000.0,-289000000.0,-645900000.0,-82400000.0,37100000.0,819300000.0,17100000.0,677100000.0,677100000.0,677100000.0,-18100000.0,-89800000.0,0.167,3207800000.0,842600000.0,2332500000.0,0.427,1.393,17.11,17.393,349600000.0,0.0,26.09,2.86,2.86,1083600000.0,2930100000.0,4050400000.0,4050400000.0,0.0,0.037,0.082,0.099,0.286,136400000.0,3199600000.0,1.0,444042032.0,444042032.0,,9.122,9156500000.0,38400000.0,261400000.0,311400000.0,20.621,1194600000.0
35,IVZ,MRT,2012-09-30,2012-09-30,2012-09-30,2021-07-30,538200000.0,17861000000.0,18787575000.0,4160700000.0,13700300000.0,0.208,18.676,-114200000.0,1432800000.0,1432800000.0,0.0,769200000.0,1.307,1.042,5140100000.0,333500000.0,4806600000.0,5140100000.0,0.0,94600000.0,30100000.0,0.024,0.59,1237800000.0,1332400000.0,0.34,1332400000.0,1237800000.0,997700000.0,1.6,1.59,1.6,8315100000.0,8198050000.0,8315100000.0,16438576898.0,13.0,12.338,526300000.0,1.182,1.0,3916600000.0,1.0,8335700000.0,240100000.0,10048300000.0,12526700000.0,0.0,5305600000.0,364200000.0,4941400000.0,8663600000.0,3184300000.0,5479300000.0,11126176898.0,106100000.0,-17000000.0,-274900000.0,72400000.0,-267400000.0,-564200000.0,29800000.0,144600000.0,640500000.0,17000000.0,720700000.0,720700000.0,720700000.0,-15100000.0,48500000.0,0.184,3080500000.0,836100000.0,1737500000.0,0.369,1.338,15.438,15.619,329900000.0,0.0,24.99,2.841,2.841,1060400000.0,2879200000.0,3916600000.0,3916600000.0,0.0,0.038,0.088,0.099,0.316,132000000.0,3069400000.0,1.0,445225166.0,445225166.0,,8.797,9525300000.0,26500000.0,277000000.0,377900000.0,21.394,976400000.0
36,IVZ,MRT,2012-06-30,2012-06-30,2012-06-30,2021-07-30,389900000.0,18612900000.0,19256775000.0,3673000000.0,14939900000.0,0.203,18.218,-90300000.0,1098900000.0,1098900000.0,0.0,695700000.0,1.348,1.163,6411300000.0,333500000.0,6077800000.0,6411300000.0,0.0,108300000.0,75000000.0,0.024,0.54,1230400000.0,1338700000.0,0.343,1338700000.0,1230400000.0,980800000.0,1.58,1.57,1.58,8165800000.0,8106550000.0,8165800000.0,15731478938.0,13.0,11.751,975700000.0,2.177,1.0,3900500000.0,1.0,8218400000.0,249600000.0,12982200000.0,13666125000.0,0.0,6614200000.0,344500000.0,6269700000.0,9494100000.0,2724700000.0,6769400000.0,10129778938.0,111600000.0,-17000000.0,-238900000.0,-363400000.0,-246100000.0,-885700000.0,-68700000.0,38600000.0,1066000000.0,-14700000.0,717000000.0,717000000.0,717000000.0,-11900000.0,-21300000.0,0.184,3047500000.0,853000000.0,1538100000.0,0.342,1.241,14.128,14.304,314600000.0,0.0,22.6,2.597,2.597,1000200000.0,2879100000.0,3900500000.0,3900500000.0,0.0,0.037,0.088,0.09,0.315,125300000.0,3034700000.0,1.0,448220307.0,448220307.0,,8.702,10394500000.0,24200000.0,263800000.0,357900000.0,23.191,948300000.0
37,IVZ,MRT,2012-03-31,2012-03-31,2012-03-31,2021-07-30,481100000.0,19329400000.0,19832450000.0,4014400000.0,15315000000.0,0.201,18.362,-91400000.0,1069000000.0,1069000000.0,0.0,597500000.0,1.19,1.245,6670700000.0,548600000.0,6122100000.0,6670700000.0,0.0,113800000.0,71900000.0,0.018,0.49,1275900000.0,1389700000.0,0.348,1389700000.0,1275900000.0,1024100000.0,1.63,1.62,1.63,8192200000.0,8112175000.0,8192200000.0,17586931326.0,14.0,12.655,820200000.0,1.838,1.0,3988700000.0,1.0,8310100000.0,251800000.0,13246500000.0,14364200000.0,0.0,6896900000.0,337700000.0,6559200000.0,10195400000.0,3374500000.0,6820900000.0,11899031326.0,127300000.0,-16800000.0,-444500000.0,-172200000.0,-225000000.0,-934300000.0,150000000.0,258200000.0,911600000.0,-6900000.0,746100000.0,746100000.0,746100000.0,-9900000.0,-148600000.0,0.187,3102500000.0,886200000.0,1856300000.0,0.301,1.452,15.948,16.362,312100000.0,0.0,26.67,2.983,2.983,1277900000.0,2777700000.0,3988700000.0,3988700000.0,0.0,0.038,0.092,0.089,0.32,118800000.0,3079500000.0,1.0,446157905.0,446157905.0,,8.94,11019300000.0,27900000.0,278000000.0,366800000.0,24.698,639900000.0
38,IVZ,MRT,2011-12-31,2011-12-31,2011-12-31,2021-07-30,373300000.0,19347000000.0,20284750000.0,3834100000.0,15512900000.0,0.196,18.003,-94400000.0,1109700000.0,1109700000.0,0.0,622000000.0,1.289,1.257,6797600000.0,215100000.0,6582500000.0,6797600000.0,0.0,117400000.0,81200000.0,0.024,0.477,1258500000.0,1375900000.0,0.346,1375900000.0,1258500000.0,1009700000.0,1.58,1.57,1.58,8119100000.0,8147525000.0,8119100000.0,15202787742.0,12.0,11.049,870400000.0,1.93,1.0,3982300000.0,1.0,8230700000.0,248800000.0,13829800000.0,15004550000.0,0.0,7113500000.0,283700000.0,6829800000.0,10209400000.0,2974400000.0,7235000000.0,9060487742.0,-9200000.0,-31700000.0,-424100000.0,-544300000.0,-220900000.0,-1322100000.0,348100000.0,474200000.0,964800000.0,-3900000.0,729700000.0,729700000.0,729700000.0,-9900000.0,-107700000.0,0.183,3100200000.0,882100000.0,1683100000.0,0.302,1.116,12.417,12.715,312800000.0,0.0,20.09,2.275,2.275,967300000.0,2747500000.0,3982300000.0,3982300000.0,0.0,0.036,0.09,0.084,0.316,115100000.0,3070800000.0,1.0,450994910.0,450994910.0,,8.83,11116300000.0,28700000.0,280000000.0,333600000.0,24.648,859700000.0
39,IVZ,MRT,2011-09-30,2011-09-30,2011-09-30,2021-07-30,372400000.0,19737800000.0,20559025000.0,3982400000.0,15755400000.0,0.201,17.63,-80200000.0,1113700000.0,1113700000.0,0.0,468800000.0,1.279,1.355,7256000000.0,215100000.0,7040900000.0,7256000000.0,0.0,126600000.0,92700000.0,0.03,0.465,1203700000.0,1330300000.0,0.323,1330300000.0,1203700000.0,968400000.0,1.5,1.51,1.5,7949100000.0,8183900000.0,7949100000.0,13625798222.0,11.0,10.243,565500000.0,1.254,1.0,4123600000.0,1.0,8160900000.0,235300000.0,14606000000.0,15213625000.0,0.0,7453000000.0,295200000.0,7157800000.0,10770300000.0,3113200000.0,7657100000.0,6993098222.0,95400000.0,-71100000.0,-377700000.0,-481400000.0,-216600000.0,-1210700000.0,660400000.0,811700000.0,645700000.0,-2500000.0,702600000.0,702600000.0,702600000.0,0.0,-233800000.0,0.17,3238400000.0,885200000.0,1860900000.0,0.31,0.88,9.953,10.34,275800000.0,0.0,15.51,1.696,1.696,1126300000.0,2499600000.0,4123600000.0,4123600000.0,0.0,0.034,0.086,0.079,0.292,116800000.0,3187800000.0,1.0,450876739.0,450876739.0,,9.146,11576900000.0,29700000.0,265800000.0,329600000.0,25.676,869200000.0
40,IVZ,MRT,2011-06-30,2011-06-30,2011-06-30,2021-07-30,644500000.0,20915600000.0,20610000000.0,4458700000.0,16456900000.0,0.198,17.721,-94600000.0,1243700000.0,1243700000.0,0.0,412800000.0,1.325,1.431,7876400000.0,215100000.0,7661300000.0,7876400000.0,0.0,117600000.0,152000000.0,0.019,0.452,1174600000.0,1292200000.0,0.317,1292200000.0,1174600000.0,951600000.0,1.46,1.47,1.46,8188300000.0,8234150000.0,8188300000.0,17307495821.0,15.0,13.394,494000000.0,1.069,1.0,4078900000.0,1.0,8409200000.0,223000000.0,15774500000.0,15118775000.0,0.0,7895800000.0,352000000.0,7543800000.0,11717800000.0,3364600000.0,8353200000.0,10812495821.0,30100000.0,-84000000.0,-501900000.0,-163200000.0,-212700000.0,-1009700000.0,451200000.0,629800000.0,588600000.0,35800000.0,690400000.0,690400000.0,690400000.0,0.0,-277600000.0,0.169,3238600000.0,840300000.0,2040600000.0,0.31,1.32,15.661,16.027,281800000.0,0.0,23.4,2.651,2.651,1269400000.0,2496600000.0,4078900000.0,4078900000.0,0.0,0.033,0.084,0.078,0.288,119100000.0,3165900000.0,1.0,462072471.0,462072471.0,,8.827,12506400000.0,33100000.0,261200000.0,315000000.0,27.066,1094100000.0
41,IVZ,MRT,2011-03-31,2011-03-31,2011-03-31,2021-07-30,615700000.0,21138600000.0,20107075000.0,4528800000.0,16609800000.0,0.189,18.101,-94900000.0,1128700000.0,1128700000.0,0.0,521600000.0,1.323,1.407,7623700000.0,0.0,7623700000.0,7623700000.0,0.0,106300000.0,140300000.0,0.017,0.44,970900000.0,1077200000.0,0.284,1077200000.0,970900000.0,770700000.0,1.16,1.17,1.16,8333600000.0,8214300000.0,8333600000.0,17571277058.0,18.0,16.312,356200000.0,0.774,1.0,3795900000.0,1.0,8402600000.0,200200000.0,15807900000.0,14690150000.0,0.0,8063900000.0,344200000.0,7719700000.0,11725400000.0,3423100000.0,8302300000.0,11767377058.0,-152800000.0,-795900000.0,-220700000.0,329300000.0,-204700000.0,-165400000.0,-438500000.0,452300000.0,451100000.0,27700000.0,548200000.0,548200000.0,548200000.0,0.0,-26600000.0,0.144,3117200000.0,678700000.0,2149300000.0,0.379,1.412,21.465,22.034,276100000.0,0.0,25.56,3.1,3.1,1512700000.0,2419400000.0,3795900000.0,3795900000.0,0.0,0.027,0.067,0.066,0.256,119900000.0,2976500000.0,1.0,460382514.0,460382514.0,,8.245,12736000000.0,29000000.0,222500000.0,321800000.0,27.664,1105700000.0
42,IVZ,MRT,2010-12-31,2010-12-31,2010-12-31,2021-07-30,495500000.0,20444100000.0,19020300000.0,4274500000.0,16169600000.0,0.183,17.887,-89600000.0,1377200000.0,1377200000.0,0.0,636800000.0,1.309,1.341,7181100000.0,0.0,7181100000.0,7181100000.0,0.0,96700000.0,146300000.0,0.018,0.432,839900000.0,936600000.0,0.269,936600000.0,839900000.0,662700000.0,1.01,1.01,1.01,8264600000.0,7956650000.0,8264600000.0,17173455763.0,20.0,18.336,289600000.0,0.627,1.0,3487700000.0,1.0,8317400000.0,177200000.0,14666100000.0,13854350000.0,0.0,7679200000.0,308800000.0,7370400000.0,11083200000.0,3264500000.0,7818700000.0,11117055763.0,-24500000.0,-775900000.0,-172600000.0,362700000.0,-197900000.0,-65900000.0,-337800000.0,527700000.0,379200000.0,3000000.0,465700000.0,465700000.0,465700000.0,0.0,171100000.0,0.134,2897800000.0,589900000.0,1800200000.0,0.428,1.345,23.872,23.822,272400000.0,0.0,24.06,3.188,3.188,1096900000.0,2399900000.0,3487700000.0,3487700000.0,0.0,0.024,0.059,0.061,0.241,117800000.0,2747800000.0,1.0,462055518.0,462055518.0,,7.548,12126700000.0,30400000.0,197000000.0,301200000.0,26.245,1010000000.0
43,IVZ,MRT,2010-09-30,2010-09-30,2010-09-30,2021-07-30,417200000.0,19941700000.0,16636675000.0,4461200000.0,15480500000.0,0.193,17.41,-73200000.0,981600000.0,981600000.0,0.0,358300000.0,1.256,1.361,7038000000.0,0.0,7038000000.0,7038000000.0,0.0,90300000.0,0.0,0.02,0.425,886200000.0,976500000.0,0.304,976500000.0,886200000.0,590900000.0,0.89,0.87,0.89,8150100000.0,7618725000.0,8150100000.0,15881220026.0,18.0,16.263,503600000.0,1.076,1.0,3207000000.0,1.0,8220300000.0,295300000.0,14226600000.0,10677875000.0,0.0,7332300000.0,377100000.0,6955200000.0,11095500000.0,3551200000.0,7544300000.0,9938420026.0,-264800000.0,-759300000.0,-77400000.0,189000000.0,-191000000.0,-134600000.0,-707000000.0,125500000.0,576800000.0,5100000.0,401400000.0,401400000.0,401400000.0,0.0,-43100000.0,0.125,2655300000.0,551700000.0,2387400000.0,0.478,1.219,24.759,23.854,244900000.0,0.0,21.23,3.099,3.099,1601200000.0,2327700000.0,3207000000.0,3207000000.0,0.0,0.024,0.053,0.083,0.276,109700000.0,2522200000.0,1.0,468130948.0,468130948.0,,6.851,11721400000.0,76300000.0,189500000.0,350400000.0,25.039,910000000.0
44,IVZ,MRT,2010-06-30,2010-06-30,2010-06-30,2021-07-30,213600000.0,18903900000.0,14388650000.0,3658000000.0,15245900000.0,0.206,18.586,-51600000.0,857300000.0,857300000.0,0.0,436100000.0,1.318,1.244,6800100000.0,0.0,6800100000.0,6800100000.0,0.0,84000000.0,0.0,0.025,0.417,878900000.0,962900000.0,0.325,962900000.0,878900000.0,530600000.0,0.81,0.79,0.81,8108900000.0,7262850000.0,8108900000.0,12278608271.0,14.0,12.752,250500000.0,0.574,1.0,2959700000.0,1.0,8011700000.0,348300000.0,14060000000.0,7609650000.0,0.0,7250200000.0,314000000.0,6936200000.0,10083800000.0,2775000000.0,7308800000.0,7342608271.0,-247900000.0,-746400000.0,76600000.0,253400000.0,-182400000.0,109400000.0,-659400000.0,138600000.0,302100000.0,-14200000.0,351900000.0,351900000.0,351900000.0,0.0,84200000.0,0.119,2439300000.0,520400000.0,1795100000.0,0.515,0.905,20.866,20.778,232100000.0,0.0,16.83,2.481,2.481,1111700000.0,2398200000.0,2959700000.0,2959700000.0,0.0,0.024,0.048,0.115,0.297,102400000.0,2332000000.0,1.0,436280943.0,436280943.0,,6.784,10892200000.0,64800000.0,178700000.0,316800000.0,24.966,883000000.0
45,IVZ,MRT,2010-03-31,2010-03-31,2010-03-31,2021-07-30,340500000.0,16791500000.0,12307075000.0,3645300000.0,13146200000.0,0.227,16.918,-43200000.0,928800000.0,928800000.0,0.0,273600000.0,1.35,1.204,5864800000.0,0.0,5864800000.0,5864800000.0,0.0,79900000.0,0.0,0.019,0.41,901600000.0,981500000.0,0.351,981500000.0,901600000.0,564800000.0,0.9,0.88,0.9,7303000000.0,6859475000.0,7303000000.0,9413748022.0,10.0,9.591,322500000.0,0.747,1.0,2797800000.0,1.0,6561700000.0,336800000.0,12464700000.0,4576350000.0,0.0,6401500000.0,154000000.0,6247500000.0,8790600000.0,2701100000.0,6089500000.0,9458048022.0,251600000.0,-34200000.0,523800000.0,-450000000.0,-174800000.0,-148400000.0,34300000.0,111700000.0,365700000.0,12300000.0,386800000.0,386800000.0,386800000.0,0.0,-113200000.0,0.138,2238400000.0,559400000.0,1956900000.0,0.456,1.295,24.452,24.344,221100000.0,0.0,21.91,3.381,3.381,1128100000.0,2070600000.0,2797800000.0,2797800000.0,0.0,0.031,0.056,0.197,0.322,91300000.0,2210400000.0,1.0,431677226.0,431677226.0,,6.481,10229800000.0,123700000.0,178000000.0,84400000.0,23.698,944200000.0
46,IVZ,MRT,2009-12-31,2009-12-31,2009-12-31,2021-07-30,393600000.0,10909600000.0,10435625000.0,3121000000.0,7788600000.0,0.252,16.122,-32700000.0,790000000.0,790000000.0,0.0,209300000.0,1.358,0.476,745700000.0,0.0,745700000.0,745700000.0,0.0,77600000.0,0.0,0.017,0.407,535200000.0,612800000.0,0.233,612800000.0,535200000.0,470700000.0,0.77,0.76,0.77,6912900000.0,6434900000.0,6912900000.0,10149800223.0,19.0,16.563,330000000.0,0.77,1.0,2627300000.0,1.0,6606700000.0,64500000.0,1960200000.0,1990500000.0,0.0,1024800000.0,182400000.0,842400000.0,3288800000.0,2298400000.0,990400000.0,10072000223.0,159600000.0,-34200000.0,521800000.0,-409200000.0,-168900000.0,-100700000.0,-102400000.0,-35500000.0,362700000.0,17200000.0,322500000.0,322500000.0,322500000.0,0.0,-113200000.0,0.123,2143000000.0,484300000.0,1650900000.0,0.529,1.457,31.231,30.506,220700000.0,0.0,23.49,3.834,3.834,672400000.0,1631400000.0,2627300000.0,2627300000.0,0.0,0.031,0.05,0.269,0.204,90800000.0,2132200000.0,1.0,428778213.0,428778213.0,,6.127,4302900000.0,123500000.0,148200000.0,82800000.0,10.035,822600000.0
47,IVZ,MRT,2009-09-30,2009-09-30,2009-09-30,2021-07-30,336400000.0,10949600000.0,10147450000.0,3311800000.0,7637800000.0,0.248,16.168,-31400000.0,962100000.0,962100000.0,0.0,243500000.0,1.297,0.524,1039900000.0,294200000.0,745700000.0,1039900000.0,0.0,69900000.0,0.0,0.018,0.405,425100000.0,495000000.0,0.197,495000000.0,425100000.0,379300000.0,0.59,0.59,0.59,6726600000.0,6129050000.0,6726600000.0,9644161159.0,23.0,19.483,317500000.0,0.763,1.0,2513900000.0,1.0,6521000000.0,45800000.0,1953700000.0,2011675000.0,0.0,973300000.0,174200000.0,799100000.0,3525400000.0,2552700000.0,972700000.0,9469361159.0,234600000.0,-71500000.0,493500000.0,-287100000.0,-162900000.0,-26600000.0,-87700000.0,15200000.0,348900000.0,-51400000.0,243500000.0,243500000.0,243500000.0,0.0,0.0,0.097,2105600000.0,408300000.0,1680100000.0,0.686,1.408,38.889,38.576,209200000.0,0.0,22.76,3.767,3.767,805700000.0,1565200000.0,2513900000.0,2513900000.0,0.0,0.024,0.04,0.211,0.169,76100000.0,2104600000.0,1.0,416052775.0,416052775.0,,6.042,4428600000.0,117700000.0,135800000.0,72100000.0,10.644,759100000.0
48,IVZ,MRT,2009-06-30,2009-06-30,2009-06-30,2021-07-30,223800000.0,10577600000.0,10284925000.0,3056000000.0,7521600000.0,0.256,16.974,-52500000.0,865100000.0,865100000.0,0.0,270100000.0,1.269,0.52,1039900000.0,294200000.0,745700000.0,1039900000.0,0.0,66600000.0,0.0,0.023,0.402,488600000.0,555200000.0,0.211,555200000.0,488600000.0,411400000.0,0.69,0.68,0.69,6495400000.0,6038900000.0,6495400000.0,7578901538.0,16.0,13.651,402000000.0,1.05,1.0,2635300000.0,1.0,6417400000.0,77200000.0,1926800000.0,2177925000.0,0.0,939800000.0,147300000.0,792500000.0,3374800000.0,2408200000.0,966600000.0,6819301538.0,261700000.0,-71500000.0,378700000.0,-302100000.0,-157700000.0,-190800000.0,-2000000.0,122000000.0,454500000.0,-88800000.0,270100000.0,270100000.0,270100000.0,0.0,0.0,0.102,2183400000.0,451900000.0,1605500000.0,0.583,1.05,25.247,25.826,219100000.0,0.0,17.82,2.588,2.588,800900000.0,1504000000.0,2635300000.0,2635300000.0,0.0,0.026,0.045,0.224,0.185,83600000.0,2183400000.0,1.0,382676854.0,382676854.0,,6.886,4160200000.0,94500000.0,141300000.0,32700000.0,10.871,647800000.0
49,IVZ,MRT,2009-03-31,2009-03-31,2009-03-31,2021-07-30,-172400000.0,9305700000.0,10702950000.0,2150500000.0,7155200000.0,0.275,14.811,-74700000.0,392100000.0,392100000.0,0.0,357200000.0,1.132,0.525,1151700000.0,301700000.0,850000000.0,1151700000.0,0.0,67000000.0,0.0,0.029,0.4,791500000.0,858500000.0,0.291,858500000.0,791500000.0,539700000.0,0.93,0.91,0.93,5604700000.0,6085800000.0,5604700000.0,5745867340.0,7.0,6.693,405200000.0,1.071,1.0,2945800000.0,1.0,6043600000.0,251800000.0,2121300000.0,2395850000.0,0.0,934400000.0,107200000.0,827200000.0,2942700000.0,1900400000.0,1042300000.0,5244867340.0,-350500000.0,-44700000.0,-90300000.0,-394600000.0,-246000000.0,-865000000.0,34600000.0,154000000.0,479900000.0,-118700000.0,357200000.0,357200000.0,357200000.0,0.0,0.0,0.121,2364300000.0,581500000.0,1224500000.0,0.43,0.936,14.683,14.903,201200000.0,0.0,13.86,1.78,1.78,669100000.0,1468100000.0,2945800000.0,2945800000.0,0.0,0.033,0.059,0.33,0.269,94700000.0,2364300000.0,1.0,378417557.0,378417557.0,,7.785,3262100000.0,76300000.0,182500000.0,400000.0,8.62,250100000.0
50,IVZ,MRT,2008-12-31,2008-12-31,2008-12-31,2021-07-30,-95800000.0,9756900000.0,11596850000.0,2374000000.0,7382900000.0,0.285,14.779,-83900000.0,658200000.0,658200000.0,0.0,481700000.0,1.129,0.556,1159200000.0,297200000.0,862000000.0,1159200000.0,0.0,67600000.0,0.0,0.036,0.52,1138700000.0,1206300000.0,0.365,1206300000.0,1138700000.0,717700000.0,1.24,1.21,1.24,5689500000.0,6326825000.0,5689500000.0,6049336317.0,5.0,5.015,441600000.0,1.147,1.0,3307600000.0,1.0,6109600000.0,421000000.0,2044900000.0,2700375000.0,0.0,1088700000.0,123600000.0,965100000.0,3160700000.0,2103400000.0,1057300000.0,5558936317.0,-239300000.0,-174300000.0,-233600000.0,-97600000.0,-207100000.0,-666400000.0,-98400000.0,159800000.0,525500000.0,-91300000.0,481700000.0,481700000.0,481700000.0,0.0,0.0,0.146,2559800000.0,747800000.0,1128500000.0,0.419,0.977,11.54,11.645,205300000.0,0.0,14.44,1.681,1.681,543000000.0,1476300000.0,3307600000.0,3307600000.0,0.0,0.042,0.076,0.422,0.344,97700000.0,2559800000.0,1.0,384967889.0,384967889.0,,8.592,3647300000.0,123300000.0,236000000.0,37900000.0,9.474,270600000.0
51,IVZ,MRT,2008-09-30,2008-09-30,2008-09-30,2021-07-30,582100000.0,11499500000.0,12388925000.0,3411500000.0,8088000000.0,0.298,16.46,-81000000.0,831600000.0,831600000.0,0.0,581900000.0,1.278,0.657,1322000000.0,0.0,1322000000.0,1322000000.0,0.0,86200000.0,0.0,0.02,0.42,2110500000.0,2196700000.0,0.594,2196700000.0,2110500000.0,917200000.0,1.59,1.56,1.59,6366000000.0,6552100000.0,6366000000.0,8757305037.0,4.0,3.987,553700000.0,1.432,1.0,3696300000.0,1.0,6701000000.0,1193300000.0,2618700000.0,2869825000.0,0.0,1140500000.0,158800000.0,981700000.0,4183200000.0,2670200000.0,1513000000.0,8114205037.0,-295300000.0,-148200000.0,-685500000.0,322800000.0,-237000000.0,-777400000.0,-152600000.0,76600000.0,634700000.0,-35900000.0,625700000.0,625700000.0,625700000.0,0.0,-43800000.0,0.169,2789300000.0,907000000.0,1939900000.0,0.264,1.275,12.968,13.195,211700000.0,0.0,20.98,2.195,2.195,783300000.0,1482900000.0,3696300000.0,3696300000.0,0.0,0.051,0.095,0.735,0.571,121500000.0,2789300000.0,1.0,386759058.0,386759058.0,,9.557,4798500000.0,125200000.0,291500000.0,72500000.0,12.407,741300000.0
52,IVZ,MRT,2008-06-30,2008-06-30,2008-06-30,2021-07-30,940100000.0,12249700000.0,12180875000.0,3784900000.0,8464800000.0,0.316,17.237,-68400000.0,693900000.0,693900000.0,0.0,617100000.0,1.228,0.688,1337000000.0,0.0,1337000000.0,1337000000.0,0.0,85600000.0,0.0,0.02,0.484,2069500000.0,2155100000.0,0.56,2155100000.0,2069500000.0,995900000.0,1.67,1.64,1.67,6683000000.0,6208500000.0,6683000000.0,10118990623.0,5.0,4.695,634800000.0,1.637,1.0,3845700000.0,1.0,7012000000.0,1073600000.0,2798500000.0,2516250000.0,0.0,1235200000.0,183600000.0,1051600000.0,4596600000.0,3082300000.0,1514300000.0,9297190623.0,-160100000.0,-150700000.0,-657000000.0,337800000.0,-198200000.0,-644000000.0,-219300000.0,-200000.0,703200000.0,13100000.0,660900000.0,660900000.0,660900000.0,0.0,-43800000.0,0.172,2877400000.0,968300000.0,2351600000.0,0.29,1.391,14.067,14.359,207600000.0,0.0,23.98,2.418,2.418,960700000.0,1389900000.0,3845700000.0,3845700000.0,0.0,0.054,0.106,0.822,0.538,113300000.0,2877400000.0,1.0,387706031.0,387706031.0,,9.919,5237700000.0,118800000.0,335000000.0,69800000.0,13.509,702600000.0
53,IVZ,MRT,2008-03-31,2008-03-31,2008-03-31,2021-07-30,969700000.0,12881300000.0,,4136100000.0,8745200000.0,,15.464,-30600000.0,851400000.0,851400000.0,0.0,629800000.0,1.228,0.796,1673200000.0,0.0,1673200000.0,1673200000.0,0.0,84400000.0,0.0,0.024,0.592,1912200000.0,1996600000.0,0.513,1996600000.0,1912200000.0,1022800000.0,1.69,1.66,1.69,6568800000.0,,6568800000.0,10787929796.0,6.0,5.403,747300000.0,1.759,1.0,3889100000.0,1.0,6995600000.0,889400000.0,3339400000.0,,0.0,1483600000.0,149800000.0,1333800000.0,5230300000.0,3368100000.0,1862200000.0,10347329796.0,9900000.0,-184000000.0,-656500000.0,393400000.0,-155000000.0,-474600000.0,-293400000.0,-78800000.0,777900000.0,27900000.0,673600000.0,673600000.0,673600000.0,0.0,-43800000.0,0.173,2898800000.0,990300000.0,2605600000.0,0.35,1.575,15.361,14.414,186700000.0,0.0,24.36,2.661,2.661,1146300000.0,1267400000.0,3889100000.0,3889100000.0,0.0,,,,0.492,107100000.0,2898800000.0,1.0,424767233.0,424767233.0,,9.156,5885700000.0,148300000.0,349200000.0,117100000.0,13.856,768000000.0
54,IVZ,MRT,2007-12-31,2007-12-31,2007-12-31,2021-07-30,952100000.0,12925200000.0,12576850000.0,4168600000.0,8756600000.0,0.308,15.754,-24600000.0,952400000.0,952400000.0,0.0,673600000.0,1.145,0.791,1393000000.0,0.0,1393000000.0,1393000000.0,0.0,84100000.0,0.0,0.012,0.372,1917400000.0,2001500000.0,0.516,2001500000.0,1917400000.0,1030900000.0,1.68,1.64,1.68,6590600000.0,6377300000.0,6590600000.0,13168311271.0,7.0,6.579,890900000.0,2.13,1.0,3878900000.0,1.0,7002200000.0,886500000.0,2722700000.0,2770450000.0,0.0,1505100000.0,151400000.0,1353700000.0,5213400000.0,3640900000.0,1572500000.0,13127511271.0,126500000.0,-54400000.0,-578600000.0,110000000.0,-155000000.0,-740800000.0,-48200000.0,30800000.0,915500000.0,10400000.0,673600000.0,673600000.0,673600000.0,0.0,0.0,0.174,2884600000.0,994300000.0,2479200000.0,0.221,1.992,19.489,18.679,180000000.0,0.0,31.38,3.384,3.384,978500000.0,1201700000.0,3878900000.0,3878900000.0,0.0,0.054,0.106,0.692,0.494,105200000.0,2884600000.0,1.0,418340066.0,418340066.0,,9.272,5923000000.0,166300000.0,357300000.0,140600000.0,14.158,527700000.0
55,IVZ,MRT,2007-09-30,2007-09-30,2007-09-30,2021-07-30,0.0,10667300000.0,,4601100000.0,6066200000.0,,12.481,-23400000.0,1102400000.0,1102400000.0,0.0,653800000.0,1.137,1.134,1143200000.0,0.0,1143200000.0,1143200000.0,0.0,65900000.0,0.0,0.014,0.372,1070400000.0,1136300000.0,0.262,1136300000.0,1070400000.0,995900000.0,1.65,1.61,1.65,4991600000.0,,4991600000.0,11838385655.0,11.0,10.418,819700000.0,2.05,1.0,4343200000.0,1.0,5457200000.0,74500000.0,1204400000.0,,0.0,285200000.0,126500000.0,158700000.0,5662300000.0,4046500000.0,1615800000.0,11355285655.0,381200000.0,-105600000.0,-119500000.0,-87000000.0,-149700000.0,-419100000.0,-42800000.0,86200000.0,843100000.0,32600000.0,653800000.0,653800000.0,653800000.0,0.0,0.0,0.151,3368500000.0,974700000.0,1811100000.0,0.225,2.275,17.368,16.545,149600000.0,0.0,27.3,2.614,2.514,1479600000.0,1541900000.0,4343200000.0,4343200000.0,0.0,,,,0.246,106300000.0,3355400000.0,1.0,415944530.0,399950000.0,,10.859,5210100000.0,248700000.0,342100000.0,148500000.0,13.027,554600000.0
56,IVZ,MRT,2007-06-30,2007-06-30,2007-06-30,2021-07-30,,,,,,,,,,,0.0,588800000.0,,,,,,,,,,0.014,0.362,964300000.0,,,,964300000.0,886500000.0,1.49,1.46,1.49,,,,11235266088.0,12.0,,,,1.0,3953700000.0,1.0,,77800000.0,,,,,,,,,,10752166088.0,,,,,,,,,,,588800000.0,588800000.0,588800000.0,0.0,0.0,0.149,3078700000.0,875000000.0,,0.243,,18.261,17.349,,0.0,25.85,2.72,2.72,,,3953700000.0,3953700000.0,0.0,,,,0.244,,3065600000.0,1.0,415944530.0,415944530.0,,9.505,,,297700000.0,,,
57,IVZ,MRT,2007-03-31,2007-03-31,2007-03-31,2021-07-30,,,,,,,,,,,,,,,,,,,,,,0.007,0.154,,,,,,,,,,,,,9507563256.0,,,,,1.0,,,,,,,,,,,,,,9040081256.0,,,,,,,,,,,,,,,,,,,,,,,,,,22.1,,,,,,,,,,,,,,1.0,409053450.0,409053450.0,,,,,,,,
58,IVZ,MRT,2006-12-31,2006-12-31,2006-12-31,2021-07-30,614500000.0,12228500000.0,9906450000.0,3709000000.0,8519500000.0,0.328,15.069,-35400000.0,834300000.0,834300000.0,0.0,482700000.0,1.102,0.74,1316000000.0,300000000.0,1016000000.0,1316000000.0,0.0,67500000.0,0.0,0.014,0.345,814500000.0,882000000.0,0.272,882000000.0,814500000.0,737300000.0,1.22,1.19,1.22,6164000000.0,4888500000.0,6164000000.0,10550649555.0,13.0,11.962,420500000.0,1.028,1.0,3246700000.0,1.0,6526600000.0,77200000.0,2818200000.0,2011550000.0,0.0,1749700000.0,187800000.0,1561900000.0,4559900000.0,3365400000.0,1194500000.0,10083167555.0,34100000.0,-197100000.0,-89100000.0,95300000.0,-143600000.0,-163100000.0,-258700000.0,-26200000.0,455900000.0,35300000.0,482700000.0,482700000.0,482700000.0,0.0,0.0,0.149,2487500000.0,759200000.0,2107900000.0,0.283,1.636,20.889,20.205,198700000.0,0.0,24.65,3.106,3.106,804900000.0,700700000.0,3246700000.0,3246700000.0,0.0,0.049,0.099,0.405,0.251,140600000.0,2474400000.0,1.0,409053450.0,409053450.0,,7.937,5701900000.0,118500000.0,254600000.0,99700000.0,13.939,343600000.0
59,IVZ,MRT,2006-09-30,2006-09-30,2006-09-30,2021-07-30,,,,,,,,,,,,,,,,,,,,,,0.016,0.345,,,,,,,,,,,,,9433933635.0,,,,,1.0,,,,,,,,,,,,,,8966451635.0,,,,,,,,,,,,,,,,,,,,,,,,,,21.92,,,,,,,,,,,,,,1.0,409053450.0,395150000.0,,,,,,,,
60,IVZ,MRT,2005-12-31,2005-12-31,2005-12-31,2021-07-30,0.0,7584400000.0,7502015500.0,2723100000.0,4861300000.0,0.383,8.833,-36600000.0,715700000.0,715700000.0,0.0,219800000.0,1.058,1.098,1222200000.0,10000000.0,1212200000.0,1222200000.0,0.0,94500000.0,0.0,0.022,0.333,456000000.0,550500000.0,0.192,550500000.0,456000000.0,370900000.0,0.55,0.54,0.55,3613000000.0,3576723000.0,3613000000.0,,,,270300000.0,0.661,1.0,2872600000.0,1.0,4312600000.0,85100000.0,1204900000.0,1342600000.0,0.0,180700000.0,31300000.0,149400000.0,3968100000.0,2573400000.0,1394700000.0,6295332603.0,167900000.0,53600000.0,7700000.0,-102600000.0,-134100000.0,-251000000.0,112000000.0,95000000.0,306900000.0,-5300000.0,219800000.0,219800000.0,219800000.0,0.0,0.0,0.077,2464700000.0,407900000.0,1300500000.0,0.605,1.742,28.641,27.982,180000000.0,0.0,15.39,2.192,2.192,805300000.0,638700000.0,2872600000.0,2872600000.0,0.0,0.029,0.061,0.34,0.159,40600000.0,2385500000.0,1.0,409053450.0,409053450.0,,7.023,3271800000.0,140400000.0,151100000.0,40000000.0,7.998,149700000.0
61,IVZ,MRT,2004-12-31,2004-12-31,2004-12-31,2021-07-30,0.0,7419631000.0,,2349810000.0,5069821000.0,,,-50600000.0,546928000.0,546928000.0,0.0,-35700000.0,1.01,1.095,1381644000.0,79476000.0,1302168000.0,1381644000.0,0.0,92500000.0,0.0,0.026,0.322,119700000.0,212200000.0,0.1,212200000.0,119700000.0,38500000.0,-0.1,-0.1,-0.1,3540446000.0,,3540446000.0,,,,154800000.0,,1.0,2124500000.0,1.0,4447260000.0,81200000.0,1480300000.0,,0.0,1093002000.0,958524000.0,134478000.0,3876664000.0,2326787000.0,1549877000.0,,-28300000.0,-53900000.0,-87600000.0,96600000.0,-135700000.0,-126700000.0,-107000000.0,-2500000.0,205400000.0,11900000.0,-36200000.0,-36200000.0,-36200000.0,0.0,500000.0,-0.017,2037200000.0,87300000.0,2218862000.0,-3.22,,,-125.6,226987000.0,0.0,12.56,,,844358000.0,571574000.0,2124500000.0,2124500000.0,0.0,,,,0.056,30000000.0,1624000000.0,1.0,,,,,2972371000.0,150114000.0,74700000.0,36655000.0,,23023000.0
