None,ticker,dimension,calendardate,datekey,reportperiod,lastupdated,accoci,assets,assetsavg,assetsc,assetsnc,assetturnover,bvps,capex,cashneq,cashnequsd,cor,consolinc,currentratio,de,debt,debtc,debtnc,debtusd,deferredrev,depamor,deposits,divyield,dps,ebit,ebitda,ebitdamargin,ebitdausd,ebitusd,ebt,eps,epsdil,epsusd,equity,equityavg,equityusd,ev,evebit,evebitda,fcf,fcfps,fxusd,gp,grossmargin,intangibles,intexp,invcap,invcapavg,inventory,investments,investmentsc,investmentsnc,liabilities,liabilitiesc,liabilitiesnc,marketcap,ncf,ncfbus,ncfcommon,ncfdebt,ncfdiv,ncff,ncfi,ncfinv,ncfo,ncfx,netinc,netinccmn,netinccmnusd,netincdis,netincnci,netmargin,opex,opinc,payables,payoutratio,pb,pe,pe1,ppnenet,prefdivis,price,ps,ps1,receivables,retearn,revenue,revenueusd,rnd,roa,roe,roic,ros,sbcomp,sgna,sharefactor,sharesbas,shareswa,shareswadil,sps,tangibles,taxassets,taxexp,taxliabilities,tbvps,workingcapital
0,PCP,MRY,2015-12-31,2015-03-29,2015-03-29,2019-05-23,-955000000.0,19428000000.0,19529000000.0,5972000000.0,13456000000.0,0.512,76.641,-455000000.0,474000000.0,474000000.0,6752000000.0,1533000000.0,2.112,0.775,4586000000.0,1093000000.0,3493000000.0,4586000000.0,0.0,325000000.0,0.0,0.001,0.12,2415000000.0,2740000000.0,0.274,2740000000.0,2415000000.0,2346000000.0,10.73,10.66,10.73,10929000000.0,11534250000.0,10929000000.0,33796265706.0,14.0,12.334,1247000000.0,8.745,1.0,3253000000.0,0.325,10405000000.0,69000000.0,10308000000.0,10610500000.0,3640000000.0,238000000.0,0.0,238000000.0,8471000000.0,2827000000.0,5644000000.0,30080265706.0,113000000.0,-613000000.0,-1496000000.0,1017000000.0,-17000000.0,-485000000.0,-1009000000.0,0.0,1702000000.0,-95000000.0,1530000000.0,1530000000.0,1530000000.0,15000000.0,3000000.0,0.153,649000000.0,2604000000.0,1162000000.0,0.011,2.752,19.66,19.774,2474000000.0,0.0,212.18,3.007,3.024,1710000000.0,11685000000.0,10005000000.0,10005000000.0,0.0,0.078,0.133,0.228,0.241,44000000.0,641000000.0,1.0,141767677.0,142600000.0,143500000.0,70.161,9023000000.0,39000000.0,816000000.0,924000000.0,63.275,3145000000.0
1,PCP,MRY,2014-12-31,2014-03-30,2014-03-30,2019-05-23,-418000000.0,18586000000.0,17735000000.0,5507000000.0,13079000000.0,0.538,78.201,-351000000.0,361000000.0,361000000.0,6253000000.0,1784000000.0,3.425,0.63,3571000000.0,2000000.0,3569000000.0,3571000000.0,0.0,292000000.0,0.0,0.0,0.12,2683000000.0,2975000000.0,0.312,2975000000.0,2683000000.0,2607000000.0,12.2,12.12,12.2,11386000000.0,10779500000.0,11386000000.0,39239487831.0,15.0,13.19,1531000000.0,10.515,1.0,3280000000.0,0.344,10053000000.0,76000000.0,10135000000.0,9844000000.0,3426000000.0,416000000.0,0.0,416000000.0,7173000000.0,1608000000.0,5565000000.0,35955487831.0,81000000.0,-948000000.0,-373000000.0,-233000000.0,-18000000.0,-603000000.0,-1244000000.0,40000000.0,1882000000.0,46000000.0,1777000000.0,1777000000.0,1777000000.0,-25000000.0,7000000.0,0.186,621000000.0,2659000000.0,1039000000.0,0.01,3.158,20.234,20.293,2300000000.0,0.0,247.58,3.772,3.781,1568000000.0,10172000000.0,9533000000.0,9533000000.0,0.0,0.1,0.165,0.273,0.281,38000000.0,621000000.0,1.0,145227756.0,145600000.0,146600000.0,65.474,8533000000.0,18000000.0,830000000.0,950000000.0,58.606,3899000000.0
2,PCP,MRY,2013-12-31,2013-03-31,2013-03-31,2019-05-23,-553000000.0,16896000000.0,14116050000.0,5080000000.0,11816000000.0,0.591,67.145,-320000000.0,280000000.0,280000000.0,5654000000.0,1430000000.0,2.967,0.725,3806000000.0,204000000.0,3602000000.0,3806000000.0,0.0,214000000.0,0.0,0.001,0.12,2160000000.0,2374000000.0,0.284,2374000000.0,2160000000.0,2122000000.0,9.79,9.72,9.79,9783000000.0,9256500000.0,9783000000.0,31112728170.0,14.0,13.106,1139000000.0,7.817,1.0,2693000000.0,0.323,8925000000.0,38000000.0,9785000000.0,7357700000.0,2980000000.0,445000000.0,0.0,445000000.0,7092000000.0,1712000000.0,5380000000.0,27770328170.0,-419000000.0,-5034000000.0,36000000.0,3440000000.0,-17000000.0,3492000000.0,-5346000000.0,0.0,1459000000.0,-24000000.0,1427000000.0,1427000000.0,1427000000.0,4000000.0,3000000.0,0.171,534000000.0,2159000000.0,940000000.0,0.012,2.839,19.461,19.369,2077000000.0,0.0,189.62,3.327,3.31,1507000000.0,8413000000.0,8347000000.0,8347000000.0,0.0,0.101,0.154,0.294,0.259,17000000.0,534000000.0,1.0,146452527.0,145700000.0,146700000.0,57.289,7971000000.0,106000000.0,695000000.0,762000000.0,54.708,3368000000.0
3,PCP,MRY,2012-12-31,2012-04-01,2012-04-01,2019-05-23,-441700000.0,10558800000.0,9999500000.0,3785800000.0,6773000000.0,0.72,57.9,-192000000.0,698700000.0,698700000.0,4940000000.0,1226000000.0,3.535,0.262,208200000.0,500000.0,207700000.0,208200000.0,0.0,170000000.0,0.0,0.001,0.12,1831000000.0,2001000000.0,0.278,2001000000.0,1831000000.0,1818000000.0,8.48,8.41,8.48,8360700000.0,7931775000.0,8360700000.0,24969694175.0,14.0,12.479,846000000.0,5.859,1.0,2262000000.0,0.314,4742400000.0,13000000.0,4255000000.0,4206975000.0,1815300000.0,442800000.0,0.0,442800000.0,2194000000.0,1070900000.0,1123100000.0,25098594175.0,-460000000.0,-1424000000.0,122000000.0,-29000000.0,-17000000.0,104000000.0,-1590000000.0,0.0,1038000000.0,-12000000.0,1224000000.0,1224000000.0,1224000000.0,6000000.0,2000000.0,0.17,446000000.0,1816000000.0,713700000.0,0.014,3.002,20.505,20.389,1322200000.0,0.0,172.9,3.485,3.467,1186400000.0,7003500000.0,7202000000.0,7202000000.0,0.0,0.122,0.154,0.435,0.254,18000000.0,446000000.0,1.0,145162488.0,144400000.0,145600000.0,49.875,5816400000.0,7800000.0,594000000.0,260500000.0,40.28,2714900000.0
4,PCP,MRY,2011-12-31,2011-04-03,2011-04-03,2019-05-23,-234600000.0,8955900000.0,8396625000.0,3650600000.0,5305300000.0,0.739,50.186,-120400000.0,1159000000.0,1159000000.0,4318200000.0,1014800000.0,3.875,0.25,236600000.0,14700000.0,221900000.0,236600000.0,0.0,163800000.0,0.0,0.001,0.12,1526400000.0,1690200000.0,0.272,1690200000.0,1526400000.0,1512900000.0,7.1,7.04,7.1,7161500000.0,6650600000.0,7161500000.0,20875827898.0,14.0,12.351,917600000.0,6.43,1.0,1890500000.0,0.304,3344300000.0,13500000.0,3747200000.0,3766375000.0,1459400000.0,411900000.0,0.0,411900000.0,1791400000.0,942000000.0,849400000.0,21461727898.0,1046600000.0,-30800000.0,116300000.0,-14700000.0,-17100000.0,113600000.0,-132900000.0,0.0,1038000000.0,27900000.0,1013500000.0,1013500000.0,1013500000.0,-5100000.0,1300000.0,0.163,389000000.0,1501500000.0,607800000.0,0.017,2.997,21.176,21.072,1194800000.0,0.0,149.61,3.457,3.439,978700000.0,5796700000.0,6208700000.0,6208700000.0,0.0,0.121,0.152,0.405,0.246,17000000.0,389000000.0,1.0,143451159.0,142700000.0,143900000.0,43.509,5611600000.0,20000000.0,499400000.0,203700000.0,39.324,2708600000.0
5,PCP,MRY,2010-12-31,2010-03-28,2010-03-28,2019-05-23,-317200000.0,7660700000.0,7270350000.0,2522100000.0,5138600000.0,0.751,41.854,-169500000.0,112400000.0,112400000.0,3668800000.0,922600000.0,2.822,0.3,250000000.0,15100000.0,234900000.0,250000000.0,0.0,151800000.0,0.0,0.001,0.12,1423700000.0,1575500000.0,0.289,1575500000.0,1423700000.0,1407500000.0,6.55,6.49,6.55,5888800000.0,5583550000.0,5888800000.0,17613305001.0,12.0,11.18,740300000.0,5.262,1.0,1790400000.0,0.328,3304300000.0,16200000.0,3600200000.0,3264700000.0,1435300000.0,372400000.0,0.0,372400000.0,1769000000.0,893800000.0,875200000.0,17542605001.0,-442100000.0,-1190400000.0,89000000.0,-55300000.0,-16900000.0,38900000.0,-1375800000.0,0.0,909800000.0,-15000000.0,921800000.0,921800000.0,921800000.0,3300000.0,800000.0,0.169,367100000.0,1423300000.0,581800000.0,0.018,2.979,19.031,18.904,1206500000.0,0.0,123.82,3.213,3.191,846600000.0,4800300000.0,5459200000.0,5459200000.0,0.0,0.127,0.165,0.436,0.261,18000000.0,367100000.0,1.0,141678283.0,140700000.0,142100000.0,38.8,4356400000.0,82100000.0,485700000.0,137600000.0,30.962,1628300000.0
6,PCP,MRY,2009-12-31,2009-03-29,2009-03-29,2019-05-23,-288200000.0,6721400000.0,6505025000.0,2784700000.0,3936700000.0,1.041,34.862,-203900000.0,554500000.0,554500000.0,4792100000.0,1044800000.0,2.625,0.382,305300000.0,55000000.0,250300000.0,305300000.0,0.0,135800000.0,0.0,0.002,0.12,1601200000.0,1737000000.0,0.257,1737000000.0,1601200000.0,1582900000.0,7.49,7.43,7.49,4859800000.0,4590925000.0,4859800000.0,8867600356.0,6.0,5.105,899200000.0,6.451,1.0,1978700000.0,0.292,2556200000.0,18300000.0,2855200000.0,2769625000.0,1225700000.0,0.0,0.0,0.0,1858300000.0,1060800000.0,797500000.0,8832700356.0,333200000.0,-475900000.0,36700000.0,-50000000.0,-16700000.0,-19400000.0,-664100000.0,0.0,1103100000.0,-86400000.0,1044500000.0,1044500000.0,1044500000.0,-7900000.0,300000.0,0.154,392800000.0,1585900000.0,600200000.0,0.016,1.818,8.456,8.427,1143000000.0,0.0,63.12,1.305,1.3,906100000.0,3895400000.0,6770800000.0,6770800000.0,0.0,0.161,0.228,0.578,0.236,26600000.0,381900000.0,1.0,139935050.0,139400000.0,140600000.0,48.571,4165200000.0,58800000.0,538400000.0,156900000.0,29.879,1723900000.0
7,PCP,MRY,2008-12-31,2008-03-30,2008-03-30,2019-05-23,16000000.0,6050100000.0,5843475000.0,2372300000.0,3677800000.0,1.15,29.29,-224700000.0,221300000.0,221300000.0,4873400000.0,988500000.0,1.969,0.496,353900000.0,19500000.0,334400000.0,353900000.0,0.0,125200000.0,0.0,0.001,0.12,1525300000.0,1650500000.0,0.246,1650500000.0,1525300000.0,1477500000.0,7.15,7.04,7.15,4045000000.0,3547475000.0,4045000000.0,14551110428.0,10.0,8.816,689000000.0,4.989,1.0,1845200000.0,0.275,2337800000.0,47800000.0,2640100000.0,2767450000.0,986200000.0,0.0,0.0,0.0,2005100000.0,1204800000.0,800300000.0,14080910428.0,70900000.0,-212800000.0,53600000.0,-517600000.0,-16600000.0,-438100000.0,-429300000.0,0.0,913700000.0,24600000.0,987300000.0,987300000.0,987300000.0,-31200000.0,1200000.0,0.147,355400000.0,1489800000.0,679000000.0,0.017,3.481,14.262,14.175,1106400000.0,0.0,101.35,2.096,2.083,1013300000.0,2873400000.0,6718600000.0,6718600000.0,0.0,0.169,0.278,0.551,0.227,-11200000.0,349300000.0,1.0,138933502.0,138100000.0,140200000.0,48.65,3712300000.0,83000000.0,490200000.0,110400000.0,26.881,1167500000.0
8,PCP,MRY,2007-12-31,2007-04-01,2007-04-01,2019-05-23,-82700000.0,5258700000.0,4878425000.0,2036900000.0,3221800000.0,1.07,20.854,-215100000.0,150400000.0,150400000.0,3937400000.0,633100000.0,1.228,0.854,873000000.0,553800000.0,319200000.0,873000000.0,0.0,107300000.0,0.0,0.001,0.12,989700000.0,1097000000.0,0.21,1097000000.0,989700000.0,932700000.0,4.66,4.59,4.66,2836200000.0,2561550000.0,2836200000.0,14982130061.0,15.0,13.657,650400000.0,4.782,1.0,1283400000.0,0.246,2099000000.0,57000000.0,2224100000.0,2551350000.0,864400000.0,0.0,0.0,0.0,2422500000.0,1658200000.0,764300000.0,14267430061.0,90500000.0,-847500000.0,49300000.0,209000000.0,-16300000.0,274000000.0,-1070600000.0,0.0,865500000.0,21600000.0,633100000.0,633100000.0,633100000.0,-29600000.0,0.0,0.121,326900000.0,956500000.0,576200000.0,0.026,5.03,22.536,22.328,989800000.0,0.0,104.05,2.733,2.71,839600000.0,1903200000.0,5220800000.0,5220800000.0,0.0,0.13,0.247,0.388,0.19,-2100000.0,326900000.0,1.0,137120904.0,136000000.0,138000000.0,38.388,3159700000.0,107800000.0,299600000.0,90800000.0,23.233,378700000.0
9,PCP,MRY,2006-12-31,2006-04-02,2006-04-02,2019-05-23,-65300000.0,3749800000.0,3669075000.0,1233800000.0,2516000000.0,0.948,16.058,-95300000.0,59900000.0,59900000.0,2685000000.0,350600000.0,1.606,0.752,662600000.0,68800000.0,593800000.0,662600000.0,0.0,95600000.0,0.0,0.002,0.105,553200000.0,648800000.0,0.186,648800000.0,553200000.0,512600000.0,2.63,2.58,2.63,2140500000.0,1981875000.0,2140500000.0,8485748348.0,15.0,13.079,135500000.0,1.017,1.0,794700000.0,0.228,1659800000.0,40600000.0,1924300000.0,1926900000.0,557000000.0,0.0,0.0,0.0,1609300000.0,768400000.0,840900000.0,7963048348.0,-94000000.0,-84800000.0,47900000.0,-164900000.0,-11900000.0,-131800000.0,-184200000.0,0.0,230800000.0,-8800000.0,350600000.0,350600000.0,350600000.0,-3400000.0,0.0,0.101,243300000.0,551400000.0,365300000.0,0.04,3.72,22.713,22.586,671600000.0,0.0,59.4,2.288,2.275,495400000.0,1290500000.0,3479700000.0,3479700000.0,0.0,0.096,0.177,0.287,0.159,27800000.0,241000000.0,1.0,134058053.0,133300000.0,135700000.0,26.104,2090000000.0,65200000.0,162000000.0,37300000.0,15.679,465400000.0
10,PCP,MRY,2005-12-31,2005-04-03,2005-04-03,2019-05-23,-11000000.0,3625000000.0,3688350000.0,1213100000.0,2411900000.0,0.786,13.632,-60800000.0,153900000.0,153900000.0,2246400000.0,-1700000.0,1.556,1.036,843000000.0,44300000.0,798700000.0,843000000.0,0.0,94000000.0,0.0,0.002,0.06,175000000.0,269000000.0,0.093,269000000.0,175000000.0,119000000.0,-0.01,-0.01,-0.01,1780400000.0,1713650000.0,1780400000.0,5676357360.0,32.0,21.102,295700000.0,2.264,1.0,653600000.0,0.225,1581300000.0,56000000.0,1953100000.0,2053000000.0,531300000.0,0.0,0.0,0.0,1844600000.0,779700000.0,1064900000.0,5021157360.0,73600000.0,-17900000.0,41200000.0,-229700000.0,-7700000.0,-200500000.0,-85500000.0,0.0,356500000.0,3100000.0,-1700000.0,-1700000.0,-1700000.0,244900000.0,0.0,-0.001,232400000.0,421200000.0,312400000.0,-6.0,2.82,-2953.622,-3800.0,692500000.0,0.0,38.0,1.731,1.711,408200000.0,951800000.0,2900000000.0,2900000000.0,0.0,0.0,-0.001,0.085,0.06,16000000.0,230800000.0,1.0,132135720.0,130600000.0,133000000.0,22.205,2043700000.0,81100000.0,120700000.0,89400000.0,15.649,433400000.0
11,PCP,MRY,2004-12-31,2004-03-28,2004-03-28,2019-05-23,-29000000.0,3755500000.0,3094000000.0,1188600000.0,2566900000.0,0.618,15.2,-55800000.0,80300000.0,80300000.0,1484900000.0,117900000.0,1.301,1.19,1076300000.0,253300000.0,823000000.0,1076300000.0,0.0,80200000.0,0.0,0.003,0.06,241700000.0,321900000.0,0.168,321900000.0,241700000.0,188400000.0,1.05,1.02,1.05,1714600000.0,1407300000.0,1714600000.0,3827808821.0,16.0,11.891,87300000.0,0.774,1.0,428200000.0,0.224,1407900000.0,53300000.0,2429700000.0,1974775000.0,453600000.0,0.0,0.0,0.0,2040900000.0,913900000.0,1127000000.0,2779708821.0,51600000.0,-249500000.0,59500000.0,172000000.0,-6400000.0,223400000.0,-317500000.0,0.0,143100000.0,2600000.0,117900000.0,117900000.0,117900000.0,9000000.0,0.0,0.062,176100000.0,252100000.0,255200000.0,0.057,1.621,23.577,20.486,704400000.0,0.0,21.51,1.453,1.268,389000000.0,961200000.0,1913100000.0,1913100000.0,0.0,0.038,0.084,0.122,0.126,16100000.0,154000000.0,1.0,129228676.0,112800000.0,115200000.0,16.96,2347600000.0,108600000.0,70500000.0,34300000.0,20.812,274700000.0
12,PCP,MRY,2003-12-31,2003-03-30,2003-03-30,2019-05-23,-69700000.0,2467200000.0,2531300000.0,785900000.0,1681300000.0,0.714,10.064,-60700000.0,28700000.0,28700000.0,1391400000.0,124300000.0,1.258,1.324,690300000.0,159800000.0,530500000.0,690300000.0,0.0,74500000.0,0.0,0.005,0.06,257200000.0,331700000.0,0.183,331700000.0,257200000.0,201700000.0,1.185,1.175,1.185,1061700000.0,1052875000.0,1061700000.0,2024989900.0,8.0,6.105,190300000.0,1.804,1.0,417100000.0,0.231,989500000.0,55500000.0,1514500000.0,1628350000.0,326200000.0,0.0,0.0,0.0,1405500000.0,624800000.0,780700000.0,1280689900.0,-9400000.0,5600000.0,13400000.0,-207100000.0,-6300000.0,-210000000.0,-55100000.0,0.0,251000000.0,5100000.0,124300000.0,124300000.0,124300000.0,26300000.0,0.0,0.069,147200000.0,269900000.0,216100000.0,0.051,1.206,10.303,10.245,562100000.0,0.0,12.14,0.708,0.708,322300000.0,849700000.0,1808500000.0,1808500000.0,0.0,0.049,0.118,0.158,0.142,1300000.0,127500000.0,1.0,105493402.0,105493402.0,,17.143,1477700000.0,88600000.0,77400000.0,13900000.0,14.008,161100000.0
13,PCP,MRY,2002-12-31,2002-03-31,2002-03-31,2019-05-23,-46900000.0,2564900000.0,2613675000.0,878500000.0,1686400000.0,0.937,9.173,-123700000.0,38100000.0,38100000.0,1897500000.0,42400000.0,1.208,1.695,901500000.0,204500000.0,697000000.0,901500000.0,0.0,97400000.0,0.0,0.004,0.075,205600000.0,303000000.0,0.124,303000000.0,205600000.0,139500000.0,0.41,0.405,0.41,951800000.0,932775000.0,951800000.0,2816154016.0,14.0,9.294,187100000.0,1.803,1.0,550300000.0,0.225,994000000.0,66100000.0,1707200000.0,1857275000.0,412600000.0,0.0,0.0,0.0,1613100000.0,727100000.0,886000000.0,1837054016.0,-2000000.0,-43200000.0,15500000.0,-150800000.0,-6200000.0,-143700000.0,-166900000.0,0.0,310800000.0,-1700000.0,42400000.0,42400000.0,42400000.0,39300000.0,0.0,0.017,305400000.0,244900000.0,242400000.0,0.183,1.93,43.327,43.183,590100000.0,0.0,17.705,0.75,0.75,352300000.0,731700000.0,2447800000.0,2447800000.0,0.0,0.016,0.045,0.111,0.084,2500000.0,199400000.0,1.0,103759052.0,103759052.0,,23.591,1570900000.0,71300000.0,97100000.0,42900000.0,15.14,151400000.0
14,PCP,MRY,2001-12-31,2001-04-01,2001-04-01,2019-05-23,-36600000.0,2572900000.0,2524600000.0,861100000.0,1711800000.0,0.899,8.803,-88200000.0,40100000.0,40100000.0,1770800000.0,124900000.0,1.302,1.853,1052700000.0,214200000.0,838500000.0,1052700000.0,0.0,99800000.0,0.0,0.005,0.085,290400000.0,390200000.0,0.172,390200000.0,290400000.0,209900000.0,1.25,1.225,1.25,901800000.0,847150000.0,901800000.0,2753690032.0,9.0,7.057,90800000.0,0.886,1.0,497700000.0,0.219,1073700000.0,80500000.0,1850300000.0,1865350000.0,363300000.0,0.0,0.0,0.0,1671100000.0,661500000.0,1009600000.0,1692790032.0,22500000.0,-62100000.0,36100000.0,-13500000.0,-5900000.0,-5800000.0,-150300000.0,0.0,179000000.0,0.0,124900000.0,124900000.0,124900000.0,2200000.0,0.0,0.055,205100000.0,292600000.0,199700000.0,0.068,1.877,13.553,13.22,534800000.0,0.0,16.525,0.746,0.746,398000000.0,695500000.0,2268500000.0,2268500000.0,0.0,0.049,0.147,0.156,0.128,0.0,195700000.0,1.0,102438126.0,102438126.0,,22.145,1499200000.0,57400000.0,85000000.0,21300000.0,14.635,199600000.0
15,PCP,MRY,2000-12-31,2000-04-02,2000-04-02,2019-05-23,-9400000.0,2415700000.0,1932650000.0,751900000.0,1663800000.0,0.866,7.861,-49300000.0,17600000.0,17600000.0,1306900000.0,85300000.0,1.271,2.121,1068200000.0,183700000.0,884500000.0,1068200000.0,0.0,74200000.0,0.0,0.007,0.06,185700000.0,259900000.0,0.155,259900000.0,185700000.0,138600000.0,0.87,0.865,0.87,773900000.0,735650000.0,773900000.0,2046645994.0,11.0,7.875,132400000.0,1.345,1.0,366800000.0,0.219,1059600000.0,47100000.0,1815200000.0,1422700000.0,337300000.0,0.0,0.0,0.0,1641800000.0,591500000.0,1050300000.0,898345994.0,2800000.0,-610600000.0,3900000.0,489800000.0,-5900000.0,481000000.0,-659900000.0,0.0,181700000.0,0.0,85300000.0,85300000.0,85300000.0,0.0,0.0,0.051,185300000.0,181500000.0,152800000.0,0.069,1.161,10.532,10.489,499300000.0,0.0,9.125,0.537,0.537,330700000.0,576500000.0,1673700000.0,1673700000.0,0.0,0.044,0.116,0.131,0.111,0.0,176200000.0,1.0,98448876.0,98448876.0,,17.001,1356100000.0,76500000.0,53300000.0,42700000.0,13.775,160400000.0
16,PCP,MRY,1999-12-31,1999-03-28,1999-03-28,2019-05-23,-2600000.0,1449600000.0,,556900000.0,892700000.0,,,-74800000.0,14800000.0,14800000.0,1134000000.0,103300000.0,1.828,1.079,425900000.0,56200000.0,369700000.0,425900000.0,0.0,54100000.0,0.0,0.006,0.06,178400000.0,232500000.0,0.158,232500000.0,178400000.0,150800000.0,1.06,1.055,1.06,697400000.0,,697400000.0,,,,16000000.0,,1.0,337900000.0,0.23,525900000.0,27600000.0,1030200000.0,,253600000.0,0.0,0.0,0.0,752200000.0,304600000.0,447600000.0,,-10200000.0,-77200000.0,6200000.0,52200000.0,-5900000.0,51000000.0,-152000000.0,0.0,90800000.0,0.0,103300000.0,103300000.0,103300000.0,0.0,0.0,0.07,159500000.0,178400000.0,102100000.0,0.057,,,9.035,331400000.0,0.0,9.578,,,255100000.0,497100000.0,1471900000.0,1471900000.0,0.0,,,,0.121,0.0,146400000.0,1.0,,,,,923700000.0,26100000.0,47500000.0,34300000.0,,252300000.0
17,PCP,MRY,1998-12-31,1998-03-29,1998-03-29,2019-05-23,,,,,,,,-82900000.0,,,1025100000.0,86100000.0,,,,,,,,43500000.0,,0.004,0.06,156000000.0,199500000.0,0.152,199500000.0,156000000.0,135300000.0,0.89,0.882,0.89,,,,,,,64600000.0,,1.0,291600000.0,0.221,,20700000.0,,,,,,,,,,,14900000.0,-122800000.0,11900000.0,69100000.0,-5800000.0,73100000.0,-205700000.0,0.0,147500000.0,0.0,86100000.0,86100000.0,86100000.0,0.0,0.0,0.065,135600000.0,156000000.0,,0.067,,,16.152,,0.0,14.375,,,,,1316700000.0,1316700000.0,0.0,,,,0.118,0.0,127000000.0,,,,,,,,49200000.0,,,
0,PCP,MRQ,2015-09-30,2015-09-27,2015-09-27,2019-05-23,-938000000.0,20189000000.0,,6152000000.0,14037000000.0,,83.462,-116000000.0,632000000.0,632000000.0,1572000000.0,344000000.0,3.056,0.757,4998000000.0,507000000.0,4491000000.0,4998000000.0,0.0,84000000.0,0.0,0.001,0.03,545000000.0,629000000.0,0.275,629000000.0,545000000.0,512000000.0,2.49,2.48,2.49,11476000000.0,,11476000000.0,35720080138.0,17.0,14.45,146000000.0,1.062,1.0,715000000.0,0.313,10836000000.0,33000000.0,11706000000.0,,3769000000.0,229000000.0,0.0,229000000.0,8684000000.0,2013000000.0,6671000000.0,31491080138.0,-424000000.0,-238000000.0,-31000000.0,-289000000.0,-4000000.0,-323000000.0,-344000000.0,0.0,262000000.0,-19000000.0,343000000.0,343000000.0,343000000.0,1000000.0,1000000.0,0.15,167000000.0,548000000.0,945000000.0,0.012,2.744,23.821,24.058,2588000000.0,0.0,229.03,3.259,3.259,1582000000.0,12277000000.0,2287000000.0,2287000000.0,0.0,,,,,12000000.0,167000000.0,1.0,137497621.0,137500000.0,138300000.0,16.633,9353000000.0,87000000.0,169000000.0,1033000000.0,68.022,4139000000.0
1,PCP,MRQ,2015-06-30,2015-06-28,2015-06-28,2019-05-23,-833000000.0,20382000000.0,,6569000000.0,13813000000.0,,81.238,-94000000.0,1056000000.0,1056000000.0,1625000000.0,400000000.0,2.991,0.814,5285000000.0,506000000.0,4779000000.0,5285000000.0,0.0,84000000.0,0.0,0.001,0.03,616000000.0,700000000.0,0.29,700000000.0,616000000.0,596000000.0,2.89,2.87,2.89,11219000000.0,,11219000000.0,32200117763.0,14.0,12.267,352000000.0,2.549,1.0,787000000.0,0.326,10654000000.0,20000000.0,11761000000.0,,3760000000.0,235000000.0,0.0,235000000.0,9134000000.0,2196000000.0,6938000000.0,28088117763.0,582000000.0,-265000000.0,-205000000.0,685000000.0,-4000000.0,477000000.0,-379000000.0,0.0,446000000.0,38000000.0,399000000.0,399000000.0,399000000.0,0.0,1000000.0,0.165,168000000.0,619000000.0,1041000000.0,0.01,2.504,19.425,19.747,2546000000.0,0.0,203.2,2.838,2.835,1644000000.0,11915000000.0,2412000000.0,2412000000.0,0.0,,,,,13000000.0,168000000.0,1.0,138228926.0,138100000.0,138900000.0,17.466,9728000000.0,15000000.0,197000000.0,1076000000.0,70.442,4373000000.0
2,PCP,MRQ,2015-03-31,2015-03-29,2015-03-29,2019-05-23,-955000000.0,19428000000.0,,5972000000.0,13456000000.0,,78.12,-169000000.0,474000000.0,474000000.0,1837000000.0,137000000.0,2.112,0.775,4586000000.0,1093000000.0,3493000000.0,4586000000.0,0.0,86000000.0,0.0,0.001,0.03,302000000.0,388000000.0,0.155,388000000.0,302000000.0,284000000.0,1.01,1.01,1.01,10929000000.0,,10929000000.0,33796265706.0,14.0,12.334,291000000.0,2.08,1.0,667000000.0,0.266,10405000000.0,18000000.0,10308000000.0,,3640000000.0,238000000.0,0.0,238000000.0,8471000000.0,2827000000.0,5644000000.0,30080265706.0,44000000.0,0.0,-675000000.0,440000000.0,-4000000.0,-238000000.0,-144000000.0,0.0,460000000.0,-34000000.0,135000000.0,135000000.0,135000000.0,16000000.0,2000000.0,0.054,175000000.0,492000000.0,1162000000.0,0.03,2.752,19.66,19.774,2474000000.0,0.0,212.18,3.007,3.024,1710000000.0,11685000000.0,2504000000.0,2504000000.0,0.0,,,,,14000000.0,167000000.0,1.0,141767677.0,139900000.0,140500000.0,17.898,9023000000.0,39000000.0,149000000.0,924000000.0,64.496,3145000000.0
3,PCP,MRQ,2014-12-31,2014-12-28,2014-12-28,2019-05-23,-633000000.0,19651000000.0,,6002000000.0,13649000000.0,,82.832,-107000000.0,430000000.0,430000000.0,1629000000.0,446000000.0,2.526,0.665,4146000000.0,648000000.0,3498000000.0,4146000000.0,0.0,83000000.0,0.0,0.0,0.03,672000000.0,755000000.0,0.307,755000000.0,672000000.0,655000000.0,3.13,3.11,3.13,11787000000.0,,11787000000.0,38303440891.0,14.0,12.152,394000000.0,2.769,1.0,830000000.0,0.338,10482000000.0,17000000.0,10509000000.0,,3740000000.0,415000000.0,0.0,415000000.0,7838000000.0,2376000000.0,5462000000.0,34387440891.0,26000000.0,1000000.0,-177000000.0,-171000000.0,-4000000.0,-352000000.0,-97000000.0,0.0,501000000.0,-26000000.0,445000000.0,445000000.0,445000000.0,-3000000.0,1000000.0,0.181,160000000.0,670000000.0,1108000000.0,0.01,2.917,18.301,18.487,2424000000.0,0.0,241.26,3.433,3.427,1701000000.0,11554000000.0,2459000000.0,2459000000.0,0.0,,,,,13000000.0,160000000.0,1.0,142532707.0,142300000.0,143200000.0,17.28,9169000000.0,24000000.0,210000000.0,973000000.0,64.434,3626000000.0
4,PCP,MRQ,2014-09-30,2014-09-28,2014-09-28,2019-05-23,-507000000.0,19562000000.0,,5855000000.0,13707000000.0,,81.172,-103000000.0,404000000.0,404000000.0,1658000000.0,468000000.0,2.992,0.68,4320000000.0,321000000.0,3999000000.0,4320000000.0,0.0,78000000.0,0.0,0.001,0.03,704000000.0,782000000.0,0.31,782000000.0,704000000.0,687000000.0,3.26,3.24,3.26,11632000000.0,,11632000000.0,37901941570.0,13.0,12.109,162000000.0,1.13,1.0,864000000.0,0.343,10568000000.0,17000000.0,10953000000.0,,3656000000.0,420000000.0,0.0,420000000.0,7905000000.0,1957000000.0,5948000000.0,34361941570.0,31000000.0,-4000000.0,-514000000.0,406000000.0,-5000000.0,-109000000.0,-87000000.0,0.0,265000000.0,-38000000.0,467000000.0,467000000.0,467000000.0,1000000.0,1000000.0,0.185,158000000.0,706000000.0,1015000000.0,0.009,2.954,18.405,18.566,2407000000.0,0.0,239.5,3.472,3.468,1666000000.0,11113000000.0,2522000000.0,2522000000.0,0.0,,,,,9000000.0,158000000.0,1.0,143473660.0,143300000.0,144300000.0,17.599,8994000000.0,17000000.0,220000000.0,944000000.0,62.763,3898000000.0
5,PCP,MRQ,2014-06-30,2014-06-29,2014-06-29,2019-05-23,-387000000.0,19475000000.0,,5730000000.0,13745000000.0,,81.36,-75000000.0,373000000.0,373000000.0,1627000000.0,482000000.0,3.361,0.65,3913000000.0,3000000.0,3910000000.0,3913000000.0,0.0,78000000.0,0.0,0.0,0.03,737000000.0,815000000.0,0.323,815000000.0,737000000.0,720000000.0,3.33,3.31,3.33,11789000000.0,,11789000000.0,40031919987.0,14.0,13.061,401000000.0,2.767,1.0,893000000.0,0.354,10638000000.0,17000000.0,10672000000.0,,3599000000.0,416000000.0,0.0,416000000.0,7661000000.0,1705000000.0,5956000000.0,36821919987.0,12000000.0,-610000000.0,-130000000.0,342000000.0,-4000000.0,214000000.0,-681000000.0,0.0,476000000.0,3000000.0,483000000.0,483000000.0,483000000.0,2000000.0,-1000000.0,0.192,156000000.0,737000000.0,978000000.0,0.009,3.123,20.187,20.268,2395000000.0,0.0,254.36,3.79,3.794,1656000000.0,10651000000.0,2520000000.0,2520000000.0,0.0,,,,,8000000.0,156000000.0,1.0,144763013.0,144900000.0,145900000.0,17.391,8837000000.0,6000000.0,237000000.0,1080000000.0,60.987,4025000000.0
6,PCP,MRQ,2014-03-31,2014-03-30,2014-03-30,2019-05-23,-418000000.0,18586000000.0,,5507000000.0,13079000000.0,,78.362,-90000000.0,361000000.0,361000000.0,1631000000.0,486000000.0,3.425,0.63,3571000000.0,2000000.0,3569000000.0,3571000000.0,0.0,76000000.0,0.0,0.0,0.03,724000000.0,800000000.0,0.318,800000000.0,724000000.0,707000000.0,3.33,3.31,3.33,11386000000.0,,11386000000.0,39239487831.0,15.0,13.19,367000000.0,2.526,1.0,885000000.0,0.352,10053000000.0,17000000.0,10135000000.0,,3426000000.0,416000000.0,0.0,416000000.0,7173000000.0,1608000000.0,5565000000.0,35955487831.0,24000000.0,-153000000.0,-148000000.0,-49000000.0,-4000000.0,-199000000.0,-239000000.0,2000000.0,457000000.0,5000000.0,484000000.0,484000000.0,484000000.0,-4000000.0,2000000.0,0.192,165000000.0,720000000.0,1039000000.0,0.009,3.158,20.234,20.293,2300000000.0,0.0,247.58,3.772,3.781,1568000000.0,10172000000.0,2516000000.0,2516000000.0,0.0,,,,,13000000.0,165000000.0,1.0,145227756.0,145300000.0,146300000.0,17.316,8533000000.0,18000000.0,223000000.0,950000000.0,58.727,3899000000.0
7,PCP,MRQ,2013-12-31,2013-12-29,2013-12-29,2019-05-23,-421000000.0,18332000000.0,,5345000000.0,12987000000.0,,75.946,-85000000.0,337000000.0,337000000.0,1533000000.0,435000000.0,3.4,0.659,3621000000.0,3000000.0,3618000000.0,3621000000.0,0.0,76000000.0,0.0,0.0,0.03,657000000.0,733000000.0,0.314,733000000.0,657000000.0,637000000.0,2.98,2.96,2.98,11035000000.0,,11035000000.0,42321227791.0,16.0,14.741,629000000.0,4.329,1.0,805000000.0,0.344,9961000000.0,20000000.0,10083000000.0,,3312000000.0,426000000.0,0.0,426000000.0,7273000000.0,1572000000.0,5701000000.0,39033227791.0,68000000.0,-688000000.0,39000000.0,64000000.0,-5000000.0,110000000.0,-765000000.0,3000000.0,714000000.0,9000000.0,433000000.0,433000000.0,433000000.0,-3000000.0,2000000.0,0.185,150000000.0,655000000.0,959000000.0,0.01,3.537,22.853,22.968,2257000000.0,0.0,268.72,4.124,4.125,1470000000.0,9692000000.0,2338000000.0,2338000000.0,0.0,,,,,2000000.0,150000000.0,1.0,145256132.0,145300000.0,146500000.0,16.091,8371000000.0,76000000.0,204000000.0,912000000.0,57.612,3773000000.0
8,PCP,MRQ,2013-09-30,2013-09-29,2013-09-29,2019-05-23,-447000000.0,17181000000.0,,5246000000.0,11935000000.0,,72.254,-94000000.0,269000000.0,269000000.0,1541000000.0,425000000.0,3.346,0.632,3557000000.0,203000000.0,3354000000.0,3557000000.0,0.0,70000000.0,0.0,0.001,0.03,647000000.0,717000000.0,0.306,717000000.0,647000000.0,628000000.0,2.91,2.89,2.91,10513000000.0,,10513000000.0,36287070167.0,15.0,13.4,103000000.0,0.708,1.0,800000000.0,0.342,9021000000.0,19000000.0,9880000000.0,,3189000000.0,425000000.0,0.0,425000000.0,6643000000.0,1568000000.0,5075000000.0,33195070167.0,-24000000.0,-169000000.0,-217000000.0,173000000.0,-5000000.0,-46000000.0,-205000000.0,35000000.0,197000000.0,30000000.0,424000000.0,424000000.0,424000000.0,-2000000.0,1000000.0,0.181,155000000.0,645000000.0,815000000.0,0.01,3.158,20.58,20.66,2163000000.0,0.0,228.09,3.623,3.622,1531000000.0,9264000000.0,2341000000.0,2341000000.0,0.0,,,,,11000000.0,155000000.0,1.0,145534965.0,145500000.0,146500000.0,16.089,8160000000.0,96000000.0,204000000.0,784000000.0,56.082,3678000000.0
9,PCP,MRQ,2013-06-30,2013-06-30,2013-06-30,2019-05-23,-557000000.0,16841000000.0,,5124000000.0,11717000000.0,,69.658,-82000000.0,293000000.0,293000000.0,1570000000.0,438000000.0,2.898,0.651,3385000000.0,204000000.0,3181000000.0,3385000000.0,0.0,70000000.0,0.0,0.001,0.03,656000000.0,726000000.0,0.307,726000000.0,656000000.0,636000000.0,2.98,2.96,2.98,10184000000.0,,10184000000.0,36599830719.0,16.0,14.426,432000000.0,2.955,1.0,797000000.0,0.337,8887000000.0,20000000.0,9278000000.0,,3112000000.0,422000000.0,0.0,422000000.0,6634000000.0,1768000000.0,4866000000.0,33072830719.0,13000000.0,62000000.0,-47000000.0,-421000000.0,-4000000.0,-468000000.0,-35000000.0,0.0,514000000.0,2000000.0,436000000.0,436000000.0,436000000.0,-12000000.0,2000000.0,0.184,153000000.0,644000000.0,868000000.0,0.01,3.248,21.744,21.69,2087000000.0,0.0,226.01,3.781,3.777,1476000000.0,8845000000.0,2367000000.0,2367000000.0,0.0,,,,,12000000.0,153000000.0,1.0,146333484.0,146200000.0,147100000.0,16.19,7954000000.0,95000000.0,200000000.0,900000000.0,54.405,3356000000.0
10,PCP,MRQ,2013-03-31,2013-03-31,2013-03-31,2019-05-23,-553000000.0,16896000000.0,,5080000000.0,11816000000.0,,66.869,-118000000.0,280000000.0,280000000.0,1634000000.0,417000000.0,2.967,0.725,3806000000.0,204000000.0,3602000000.0,3806000000.0,0.0,68000000.0,0.0,0.001,0.03,627000000.0,695000000.0,0.287,695000000.0,627000000.0,607000000.0,2.83,2.81,2.83,9783000000.0,,9783000000.0,31112728170.0,14.0,13.106,370000000.0,2.529,1.0,786000000.0,0.325,8925000000.0,20000000.0,9785000000.0,,2980000000.0,445000000.0,0.0,445000000.0,7092000000.0,1712000000.0,5380000000.0,27770328170.0,-203000000.0,-527000000.0,-41000000.0,-18000000.0,-4000000.0,-49000000.0,-622000000.0,0.0,488000000.0,-20000000.0,415000000.0,415000000.0,415000000.0,1000000.0,2000000.0,0.171,158000000.0,628000000.0,940000000.0,0.011,2.839,19.461,19.369,2077000000.0,0.0,189.62,3.327,3.31,1507000000.0,8413000000.0,2420000000.0,2420000000.0,0.0,,,,,0.0,158000000.0,1.0,146452527.0,146300000.0,147300000.0,16.541,7971000000.0,106000000.0,192000000.0,762000000.0,54.484,3368000000.0
11,PCP,MRQ,2012-12-31,2012-12-30,2012-12-30,2019-05-23,-437100000.0,16689900000.0,,5214600000.0,11475300000.0,,65.154,-78000000.0,483300000.0,483300000.0,1381000000.0,338000000.0,3.297,0.716,3825700000.0,204900000.0,3620800000.0,3825700000.0,0.0,53000000.0,0.0,0.001,0.03,517000000.0,570000000.0,0.28,570000000.0,517000000.0,505000000.0,2.32,2.3,2.32,9499500000.0,,9499500000.0,27513780506.0,14.0,12.376,315000000.0,2.16,1.0,653000000.0,0.321,8478600000.0,12000000.0,9972100000.0,,3049800000.0,446300000.0,0.0,446300000.0,6799400000.0,1581600000.0,5217800000.0,27040880506.0,290000000.0,-3108000000.0,65000000.0,3013000000.0,-4000000.0,3090000000.0,-3196000000.0,0.0,393000000.0,3000000.0,338000000.0,338000000.0,338000000.0,1000000.0,0.0,0.166,135000000.0,518000000.0,802400000.0,0.013,2.847,20.06,20.043,2190400000.0,0.0,185.8,3.436,3.442,1408700000.0,8002700000.0,2034000000.0,2034000000.0,0.0,,,,,-4000000.0,135000000.0,1.0,145537570.0,145800000.0,146800000.0,13.951,8211300000.0,84800000.0,167000000.0,769300000.0,56.319,3633000000.0
12,PCP,MRQ,2012-09-30,2012-09-30,2012-09-30,2019-05-23,-438400000.0,11810800000.0,,3623000000.0,8187800000.0,,62.391,-64000000.0,193400000.0,193400000.0,1308000000.0,333000000.0,3.28,0.301,666300000.0,4500000.0,661800000.0,666300000.0,0.0,47000000.0,0.0,0.001,0.03,499000000.0,546000000.0,0.283,546000000.0,499000000.0,496000000.0,2.29,2.27,2.29,9071700000.0,,9071700000.0,23784165024.0,12.0,11.015,114000000.0,0.784,1.0,619000000.0,0.321,5921500000.0,3000000.0,5257500000.0,,2103700000.0,445900000.0,0.0,445900000.0,2735100000.0,1104700000.0,1630400000.0,23741165024.0,0.0,-551000000.0,5000000.0,417000000.0,-4000000.0,420000000.0,-608000000.0,0.0,178000000.0,10000000.0,332000000.0,332000000.0,332000000.0,0.0,1000000.0,0.172,121000000.0,498000000.0,741900000.0,0.013,2.617,18.023,17.989,1556000000.0,0.0,163.34,3.108,3.109,1223700000.0,7669100000.0,1927000000.0,1927000000.0,0.0,,,,,10000000.0,121000000.0,1.0,145348139.0,145400000.0,146400000.0,13.253,5889300000.0,25700000.0,164000000.0,362200000.0,40.504,2518300000.0
13,PCP,MRQ,2012-06-30,2012-07-01,2012-07-01,2019-05-23,-489600000.0,11067500000.0,,3479400000.0,7588100000.0,,59.682,-60000000.0,193100000.0,193100000.0,1331000000.0,342000000.0,2.836,0.276,236100000.0,600000.0,235500000.0,236100000.0,0.0,46000000.0,0.0,0.001,0.03,517000000.0,563000000.0,0.286,563000000.0,517000000.0,514000000.0,2.35,2.33,2.35,8671800000.0,,8671800000.0,23411875815.0,12.0,11.158,340000000.0,2.34,1.0,635000000.0,0.323,5467500000.0,3000000.0,4416200000.0,,1976200000.0,440800000.0,0.0,440800000.0,2391700000.0,1226800000.0,1164900000.0,23902375815.0,-506000000.0,-848000000.0,7000000.0,28000000.0,-5000000.0,31000000.0,-920000000.0,0.0,400000000.0,-17000000.0,342000000.0,342000000.0,342000000.0,2000000.0,0.0,0.174,120000000.0,515000000.0,757400000.0,0.013,2.756,18.674,18.607,1403900000.0,0.0,164.49,3.19,3.19,1237200000.0,7340800000.0,1966000000.0,1966000000.0,0.0,,,,,11000000.0,120000000.0,1.0,145312030.0,145300000.0,146400000.0,13.531,5600000000.0,800000.0,172000000.0,429500000.0,38.541,2252600000.0
14,PCP,MRQ,2012-03-31,2012-04-01,2012-04-01,2019-05-23,-441700000.0,10558800000.0,,3785800000.0,6773000000.0,,57.9,-88400000.0,698700000.0,698700000.0,1327300000.0,336800000.0,3.535,0.262,208200000.0,500000.0,207700000.0,208200000.0,0.0,43800000.0,0.0,0.001,0.03,500400000.0,544200000.0,0.28,544200000.0,500400000.0,497400000.0,2.31,2.3,2.31,8360700000.0,,8360700000.0,24969694175.0,14.0,12.479,291800000.0,2.021,1.0,615400000.0,0.317,4742400000.0,3000000.0,4255000000.0,,1815300000.0,442800000.0,0.0,442800000.0,2194000000.0,1070900000.0,1123100000.0,25098594175.0,361700000.0,-15300000.0,47100000.0,-600000.0,-4000000.0,47400000.0,-83400000.0,0.0,380200000.0,17500000.0,336000000.0,336000000.0,336000000.0,2400000.0,800000.0,0.173,118100000.0,497300000.0,713700000.0,0.013,3.002,20.505,20.389,1322200000.0,0.0,172.9,3.485,3.467,1186400000.0,7003500000.0,1942700000.0,1942700000.0,0.0,,,,,5800000.0,118100000.0,1.0,145162488.0,144400000.0,145600000.0,13.454,5816400000.0,7800000.0,161400000.0,260500000.0,40.28,2714900000.0
15,PCP,MRQ,2011-12-31,2012-01-01,2012-01-01,2019-05-23,-288200000.0,10197800000.0,,3375200000.0,6822600000.0,,56.206,-37200000.0,337300000.0,337300000.0,1231000000.0,307700000.0,3.328,0.256,208400000.0,500000.0,207900000.0,208400000.0,0.0,43000000.0,0.0,0.001,0.03,463000000.0,506000000.0,0.281,506000000.0,463000000.0,459100000.0,2.13,2.11,2.13,8116200000.0,,8116200000.0,23810298444.0,14.0,12.515,267200000.0,1.85,1.0,571400000.0,0.317,4685500000.0,3900000.0,4369200000.0,,1834400000.0,439000000.0,0.0,439000000.0,2077700000.0,1014200000.0,1063500000.0,23761098444.0,142200000.0,-140400000.0,47300000.0,-35000000.0,-4300000.0,20600000.0,-178100000.0,0.0,304400000.0,-4700000.0,307300000.0,307300000.0,307300000.0,2400000.0,400000.0,0.17,111300000.0,460100000.0,671200000.0,0.014,2.928,20.501,20.445,1287400000.0,0.0,164.79,3.432,3.437,1140300000.0,6671700000.0,1802400000.0,1802400000.0,0.0,,,,,-300000.0,111300000.0,1.0,144190172.0,144400000.0,145600000.0,12.482,5512300000.0,17100000.0,151800000.0,347500000.0,38.174,2361000000.0
16,PCP,MRQ,2011-09-30,2011-10-02,2011-10-02,2019-05-23,-276400000.0,9871300000.0,,3189200000.0,6682100000.0,,53.808,-37500000.0,195100000.0,195100000.0,1231400000.0,295000000.0,3.014,0.273,244300000.0,26400000.0,217900000.0,244300000.0,0.0,41900000.0,0.0,0.001,0.03,443100000.0,485000000.0,0.272,485000000.0,443100000.0,439900000.0,2.05,2.03,2.05,7753700000.0,,7753700000.0,21303627238.0,13.0,11.666,127700000.0,0.886,1.0,550200000.0,0.309,4573000000.0,3200000.0,4289400000.0,,1783800000.0,429600000.0,0.0,429600000.0,2114100000.0,1058100000.0,1056000000.0,22390227238.0,-1120700000.0,-1255900000.0,10200000.0,15800000.0,-4300000.0,25100000.0,-1284600000.0,0.0,165200000.0,-26400000.0,294700000.0,294700000.0,294700000.0,1600000.0,300000.0,0.165,111100000.0,439100000.0,695000000.0,0.015,2.888,20.204,20.111,1279500000.0,0.0,155.46,3.336,3.338,1142100000.0,6368700000.0,1781600000.0,1781600000.0,0.0,,,,,7700000.0,111100000.0,1.0,144025648.0,144100000.0,145300000.0,12.364,5298300000.0,19000000.0,145200000.0,331900000.0,36.768,2131100000.0
17,PCP,MRQ,2011-06-30,2011-07-03,2011-07-03,2019-05-23,-218100000.0,9370100000.0,,3996500000.0,5373600000.0,,52.131,-28900000.0,1315800000.0,1315800000.0,1150300000.0,286500000.0,3.953,0.249,229200000.0,6800000.0,222400000.0,229200000.0,0.0,41300000.0,0.0,0.001,0.03,424500000.0,465800000.0,0.278,465800000.0,424500000.0,421600000.0,1.99,1.97,1.99,7496500000.0,,7496500000.0,22938042773.0,14.0,13.042,159300000.0,1.108,1.0,525000000.0,0.313,3358300000.0,2900000.0,3914300000.0,,1613500000.0,420800000.0,0.0,420800000.0,1870100000.0,1010900000.0,859200000.0,23860442773.0,156800000.0,-12400000.0,17400000.0,-9200000.0,-4400000.0,10900000.0,-43900000.0,0.0,188200000.0,1600000.0,286000000.0,286000000.0,286000000.0,-400000.0,500000.0,0.171,105500000.0,419500000.0,675800000.0,0.015,3.183,22.415,22.29,1187700000.0,0.0,165.84,3.707,3.705,1034100000.0,6078300000.0,1675300000.0,1675300000.0,0.0,,,,,4800000.0,105500000.0,1.0,143876283.0,143800000.0,145100000.0,11.65,6011800000.0,0.0,135600000.0,242900000.0,41.807,2985600000.0
18,PCP,MRQ,2011-03-31,2011-04-03,2011-04-03,2019-05-23,-234600000.0,8955900000.0,,3650600000.0,5305300000.0,,50.186,-36700000.0,1159000000.0,1159000000.0,1172600000.0,271200000.0,3.875,0.25,236600000.0,14700000.0,221900000.0,236600000.0,0.0,41200000.0,0.0,0.001,0.03,404600000.0,445800000.0,0.268,445800000.0,404600000.0,401600000.0,1.89,1.87,1.89,7161500000.0,,7161500000.0,20875827898.0,14.0,12.351,269300000.0,1.887,1.0,490900000.0,0.295,3344300000.0,3000000.0,3747200000.0,,1459400000.0,411900000.0,0.0,411900000.0,1791400000.0,942000000.0,849400000.0,21461727898.0,336200000.0,-7100000.0,47200000.0,-200000.0,-4300000.0,49600000.0,-36500000.0,0.0,306000000.0,17100000.0,271000000.0,271000000.0,271000000.0,-1000000.0,200000.0,0.163,90800000.0,400100000.0,607800000.0,0.016,2.997,21.176,21.072,1194800000.0,0.0,149.61,3.457,3.439,978700000.0,5796700000.0,1663500000.0,1663500000.0,0.0,,,,,4300000.0,90800000.0,1.0,143451159.0,142700000.0,143900000.0,11.657,5611600000.0,20000000.0,130600000.0,203700000.0,39.324,2708600000.0
19,PCP,MRQ,2010-12-31,2011-01-02,2011-01-02,2019-05-23,-253500000.0,8553800000.0,,3255100000.0,5298700000.0,,47.688,-31700000.0,822800000.0,822800000.0,1101700000.0,256900000.0,3.757,0.256,236900000.0,14800000.0,222100000.0,236900000.0,0.0,41500000.0,0.0,0.001,0.03,388100000.0,429600000.0,0.27,429600000.0,388100000.0,384400000.0,1.8,1.78,1.8,6809800000.0,,6809800000.0,19680712570.0,12.0,11.106,374000000.0,2.619,1.0,488600000.0,0.307,3333900000.0,3700000.0,3767600000.0,,1520500000.0,399500000.0,0.0,399500000.0,1740900000.0,866400000.0,874500000.0,19853712570.0,412200000.0,-25000000.0,48200000.0,-100000.0,-4200000.0,56700000.0,-48800000.0,0.0,405700000.0,-1400000.0,256500000.0,256500000.0,256500000.0,2200000.0,400000.0,0.161,101700000.0,386900000.0,554300000.0,0.017,2.915,20.183,20.146,1190300000.0,0.0,139.21,3.321,3.325,853300000.0,5530000000.0,1590300000.0,1590300000.0,0.0,,,,,-800000.0,101700000.0,1.0,142617000.0,142800000.0,144100000.0,11.137,5219900000.0,24900000.0,127900000.0,192900000.0,36.554,2388700000.0
20,PCP,MRQ,2010-09-30,2010-09-26,2010-09-26,2019-05-23,-254900000.0,8182600000.0,,2899900000.0,5282700000.0,,45.555,-28500000.0,410600000.0,410600000.0,1047200000.0,251300000.0,3.444,0.262,237600000.0,14800000.0,222800000.0,237600000.0,0.0,40700000.0,0.0,0.001,0.03,376900000.0,417600000.0,0.277,417600000.0,376900000.0,373500000.0,1.76,1.75,1.76,6482500000.0,,6482500000.0,18652683592.0,13.0,11.517,111800000.0,0.786,1.0,460900000.0,0.306,3321900000.0,3400000.0,3845600000.0,,1499500000.0,393000000.0,0.0,393000000.0,1697400000.0,842100000.0,855300000.0,18688083592.0,124200000.0,4100000.0,4800000.0,-14400000.0,-4200000.0,-12500000.0,-20500000.0,0.0,140300000.0,16900000.0,251000000.0,251000000.0,251000000.0,-7400000.0,300000.0,0.166,98300000.0,362600000.0,531800000.0,0.017,2.883,19.465,19.435,1197000000.0,0.0,131.38,3.248,3.25,879700000.0,5277700000.0,1508100000.0,1508100000.0,0.0,,,,,9500000.0,98300000.0,1.0,142244509.0,142300000.0,143500000.0,10.598,4860700000.0,74500000.0,122500000.0,171700000.0,34.158,2057800000.0
21,PCP,MRQ,2010-06-30,2010-06-27,2010-06-27,2019-05-23,-323600000.0,7894200000.0,,2657300000.0,5236900000.0,,43.27,-23500000.0,286400000.0,286400000.0,996700000.0,235400000.0,3.116,0.283,251000000.0,15100000.0,235900000.0,251000000.0,0.0,40400000.0,0.0,0.001,0.03,356800000.0,397200000.0,0.275,397200000.0,356800000.0,353400000.0,1.65,1.64,1.65,6148600000.0,,6148600000.0,15574411439.0,11.0,9.945,162500000.0,1.144,1.0,450100000.0,0.311,3301000000.0,3400000.0,3705100000.0,,1491900000.0,379200000.0,0.0,379200000.0,1742300000.0,852700000.0,889600000.0,15436811439.0,174000000.0,-2800000.0,16100000.0,0.0,-4400000.0,19800000.0,-27100000.0,0.0,186000000.0,-4700000.0,235000000.0,235000000.0,235000000.0,1100000.0,400000.0,0.162,98200000.0,351900000.0,551500000.0,0.018,2.511,16.845,16.753,1190900000.0,0.0,108.56,2.788,2.787,835100000.0,5030900000.0,1446800000.0,1446800000.0,0.0,,,,,4000000.0,98200000.0,1.0,142196126.0,142100000.0,143400000.0,10.182,4593200000.0,4400000.0,118400000.0,157400000.0,32.324,1804600000.0
22,PCP,MRQ,2010-03-31,2010-03-28,2010-03-28,2019-05-23,-317200000.0,7660700000.0,,2522100000.0,5138600000.0,,41.854,-31600000.0,112400000.0,112400000.0,978500000.0,241500000.0,2.822,0.3,250000000.0,15100000.0,234900000.0,250000000.0,0.0,39100000.0,0.0,0.001,0.03,488500000.0,527600000.0,0.368,527600000.0,488500000.0,484700000.0,1.7,1.69,1.7,5888800000.0,,5888800000.0,17613305001.0,12.0,11.18,240300000.0,1.708,1.0,455200000.0,0.318,3304300000.0,3800000.0,3600200000.0,,1435300000.0,372400000.0,0.0,372400000.0,1769000000.0,893800000.0,875200000.0,17542605001.0,-106000000.0,-323100000.0,34500000.0,-39100000.0,-4200000.0,-3100000.0,-351900000.0,0.0,271900000.0,-22900000.0,241200000.0,241200000.0,241200000.0,-3900000.0,300000.0,0.168,94300000.0,360900000.0,581800000.0,0.018,2.979,19.031,18.904,1206500000.0,0.0,123.82,3.213,3.191,846600000.0,4800300000.0,1433700000.0,1433700000.0,0.0,,,,,4600000.0,94300000.0,1.0,141678283.0,140700000.0,142100000.0,10.19,4356400000.0,82100000.0,243500000.0,137600000.0,30.962,1628300000.0
23,PCP,MRQ,2009-12-31,2009-12-27,2009-12-27,2019-05-23,-174800000.0,7458100000.0,,2466500000.0,4991600000.0,,40.775,-28400000.0,218400000.0,218400000.0,921600000.0,233200000.0,3.042,0.299,289100000.0,23600000.0,265500000.0,289100000.0,0.0,40000000.0,0.0,0.001,0.03,237200000.0,277200000.0,0.203,277200000.0,237200000.0,232900000.0,1.65,1.64,1.65,5741100000.0,,5741100000.0,15558191652.0,12.0,10.529,270800000.0,1.923,1.0,443000000.0,0.325,3397400000.0,4300000.0,3320500000.0,,1374200000.0,0.0,0.0,0.0,1714100000.0,810900000.0,903200000.0,16041291652.0,-524600000.0,-850000000.0,27000000.0,29900000.0,-4300000.0,62000000.0,-879300000.0,0.0,299200000.0,-6500000.0,232900000.0,232900000.0,232900000.0,-4300000.0,300000.0,0.171,88600000.0,354400000.0,456100000.0,0.018,2.794,17.049,16.988,1254800000.0,0.0,113.99,2.876,2.878,767200000.0,4563300000.0,1364600000.0,1364600000.0,0.0,,,,,1300000.0,88600000.0,1.0,140725429.0,140800000.0,142300000.0,9.692,4060700000.0,64300000.0,0.0,91400000.0,28.84,1655600000.0
24,PCP,MRQ,2009-09-30,2009-09-27,2009-09-27,2019-05-23,-171200000.0,7005500000.0,,2873200000.0,4132300000.0,,38.984,-32100000.0,743000000.0,743000000.0,865200000.0,207400000.0,3.537,0.28,259900000.0,23800000.0,236100000.0,259900000.0,0.0,37000000.0,0.0,0.001,0.03,327000000.0,364000000.0,0.282,364000000.0,327000000.0,323300000.0,1.48,1.46,1.48,5469500000.0,,5469500000.0,13735092988.0,9.0,8.587,166900000.0,1.19,1.0,425800000.0,0.33,2589600000.0,3700000.0,3120400000.0,,1305800000.0,0.0,0.0,0.0,1533100000.0,812400000.0,720700000.0,14061292988.0,110900000.0,-17300000.0,15100000.0,-46000000.0,-4200000.0,-31200000.0,-54000000.0,0.0,199000000.0,-2900000.0,207300000.0,207300000.0,207300000.0,11100000.0,100000.0,0.161,88500000.0,337300000.0,462100000.0,0.02,2.571,14.847,14.791,1216600000.0,0.0,100.28,2.415,2.416,755900000.0,4334700000.0,1291000000.0,1291000000.0,0.0,,,,,5400000.0,88500000.0,1.0,140220313.0,140300000.0,141600000.0,9.202,4415900000.0,35200000.0,116000000.0,123200000.0,31.475,2060800000.0
25,PCP,MRQ,2009-06-30,2009-06-28,2009-06-28,2019-05-23,-175300000.0,6957100000.0,,2835800000.0,4121300000.0,,37.365,-77400000.0,632100000.0,632100000.0,903500000.0,240500000.0,2.776,0.328,305900000.0,55200000.0,250700000.0,305900000.0,0.0,35700000.0,0.0,0.002,0.03,371000000.0,406700000.0,0.297,406700000.0,371000000.0,366600000.0,1.72,1.7,1.72,5234800000.0,,5234800000.0,9999711712.0,6.0,5.941,62300000.0,0.445,1.0,466400000.0,0.34,2591500000.0,4400000.0,3017700000.0,,1303000000.0,0.0,0.0,0.0,1719300000.0,1021700000.0,697600000.0,10248211712.0,77600000.0,0.0,12400000.0,-100000.0,-4200000.0,11200000.0,-90600000.0,0.0,139700000.0,17300000.0,240400000.0,240400000.0,240400000.0,400000.0,100000.0,0.175,95700000.0,370700000.0,491400000.0,0.017,1.958,10.156,10.12,1219200000.0,0.0,73.17,1.619,1.619,813100000.0,4131600000.0,1369900000.0,1369900000.0,0.0,,,,,6700000.0,95700000.0,1.0,140060294.0,140100000.0,141200000.0,9.778,4365600000.0,55100000.0,126200000.0,264800000.0,31.161,1814100000.0
26,PCP,MRQ,2009-03-31,2009-03-29,2009-03-29,2019-05-23,-288200000.0,6721400000.0,,2784700000.0,3936700000.0,,34.862,-54500000.0,554500000.0,554500000.0,1062300000.0,260200000.0,2.625,0.382,305300000.0,55000000.0,250300000.0,305300000.0,0.0,32700000.0,0.0,0.002,0.03,397000000.0,429700000.0,0.277,429700000.0,397000000.0,392600000.0,1.86,1.86,1.86,4859800000.0,,4859800000.0,8867600356.0,6.0,5.105,254600000.0,1.826,1.0,489000000.0,0.315,2556200000.0,4400000.0,2855200000.0,,1225700000.0,0.0,0.0,0.0,1858300000.0,1060800000.0,797500000.0,8832700356.0,277600000.0,200000.0,24000000.0,-6400000.0,-4200000.0,14200000.0,-42800000.0,0.0,309100000.0,-2900000.0,260300000.0,260300000.0,260300000.0,1600000.0,-100000.0,0.168,91300000.0,397700000.0,600200000.0,0.016,1.818,8.456,8.427,1143000000.0,0.0,63.12,1.305,1.3,906100000.0,3895400000.0,1551300000.0,1551300000.0,0.0,,,,,7800000.0,92200000.0,1.0,139935050.0,139400000.0,140600000.0,11.128,4165200000.0,58800000.0,132300000.0,156900000.0,29.879,1723900000.0
27,PCP,MRQ,2008-12-31,2008-12-28,2008-12-28,2019-05-23,-245100000.0,6448700000.0,,2506000000.0,3942700000.0,,33.093,-45800000.0,276900000.0,276900000.0,1144100000.0,239200000.0,2.244,0.398,311800000.0,52500000.0,259300000.0,311800000.0,0.0,31900000.0,0.0,0.002,0.03,367300000.0,399200000.0,0.248,399200000.0,367300000.0,362900000.0,1.72,1.7,1.72,4613100000.0,,4613100000.0,7701371735.0,5.0,4.377,271000000.0,1.944,1.0,466600000.0,0.29,2578600000.0,4400000.0,2788100000.0,,1217400000.0,0.0,0.0,0.0,1835600000.0,1116900000.0,718700000.0,7924671735.0,-255400000.0,-469500000.0,700000.0,1900000.0,-4100000.0,-1400000.0,-514600000.0,0.0,316800000.0,-56200000.0,239100000.0,239100000.0,239100000.0,-2700000.0,100000.0,0.148,104300000.0,362300000.0,596700000.0,0.017,1.718,7.454,7.44,1134000000.0,0.0,56.84,1.148,1.148,896500000.0,3645100000.0,1610700000.0,1610700000.0,0.0,,,,,11800000.0,92500000.0,1.0,139420685.0,139400000.0,140300000.0,11.555,3870100000.0,70900000.0,123800000.0,136600000.0,27.763,1389100000.0
28,PCP,MRQ,2008-09-30,2008-09-28,2008-09-28,2019-05-23,-67900000.0,6428800000.0,,2783100000.0,3645700000.0,,32.565,-55900000.0,532300000.0,532300000.0,1299700000.0,269500000.0,2.351,0.416,309000000.0,49800000.0,259200000.0,309000000.0,0.0,36600000.0,0.0,0.001,0.03,411100000.0,447700000.0,0.249,447700000.0,411100000.0,406500000.0,1.93,1.91,1.93,4539500000.0,,4539500000.0,11251356320.0,7.0,6.361,174600000.0,1.253,1.0,499000000.0,0.277,2300100000.0,4600000.0,2721700000.0,,1111500000.0,0.0,0.0,0.0,1889300000.0,1183700000.0,705600000.0,11340456320.0,118500000.0,-6200000.0,1600000.0,-15500000.0,-4200000.0,-17200000.0,-67100000.0,0.0,230500000.0,-27700000.0,269300000.0,269300000.0,269300000.0,-4400000.0,200000.0,0.15,94900000.0,404100000.0,646800000.0,0.016,2.498,10.593,10.569,1133600000.0,0.0,81.38,1.63,1.63,1026300000.0,3410100000.0,1798700000.0,1798700000.0,0.0,,,,,6800000.0,94900000.0,1.0,139351884.0,139400000.0,140700000.0,12.903,4128700000.0,83300000.0,137200000.0,81600000.0,29.618,1599400000.0
29,PCP,MRQ,2008-06-30,2008-06-29,2008-06-29,2019-05-23,23000000.0,6421200000.0,,2728200000.0,3693000000.0,,31.259,-47700000.0,413800000.0,413800000.0,1286000000.0,275900000.0,2.128,0.476,324700000.0,20100000.0,304600000.0,324700000.0,0.0,34600000.0,0.0,0.001,0.03,425800000.0,460400000.0,0.254,460400000.0,425800000.0,420900000.0,1.98,1.96,1.98,4351300000.0,,4351300000.0,13931127874.0,9.0,8.084,199000000.0,1.43,1.0,524100000.0,0.29,2336300000.0,4900000.0,2713500000.0,,1128100000.0,0.0,0.0,0.0,2069900000.0,1282300000.0,787600000.0,13797427874.0,192500000.0,-400000.0,10400000.0,-30000000.0,-4200000.0,-15000000.0,-39600000.0,0.0,246700000.0,400000.0,275800000.0,275800000.0,275800000.0,-2400000.0,100000.0,0.152,102300000.0,421800000.0,705300000.0,0.015,3.171,13.309,13.242,1140800000.0,0.0,99.05,2.006,2.005,1058000000.0,3145000000.0,1810100000.0,1810100000.0,0.0,,,,,200000.0,102300000.0,1.0,139297606.0,139200000.0,140800000.0,13.004,4084900000.0,81800000.0,145100000.0,210900000.0,29.346,1445900000.0
30,PCP,MRQ,2008-03-31,2008-03-30,2008-03-30,2019-05-23,16000000.0,6050100000.0,,2372300000.0,3677800000.0,,29.29,-71800000.0,221300000.0,221300000.0,1204300000.0,280200000.0,1.969,0.496,353900000.0,19500000.0,334400000.0,353900000.0,0.0,31300000.0,0.0,0.001,0.03,421100000.0,452400000.0,0.269,452400000.0,421100000.0,413700000.0,2.01,1.98,2.01,4045000000.0,,4045000000.0,14551110428.0,10.0,8.816,266200000.0,1.928,1.0,477100000.0,0.284,2337800000.0,7400000.0,2640100000.0,,986200000.0,0.0,0.0,0.0,2005100000.0,1204800000.0,800300000.0,14080910428.0,44800000.0,33600000.0,16000000.0,-291300000.0,-4200000.0,-273500000.0,-27700000.0,0.0,338000000.0,8000000.0,279000000.0,279000000.0,279000000.0,-22000000.0,1200000.0,0.166,79100000.0,398000000.0,679000000.0,0.015,3.481,14.262,14.175,1106400000.0,0.0,101.35,2.096,2.083,1013300000.0,2873400000.0,1681400000.0,1681400000.0,0.0,,,,,800000.0,73000000.0,1.0,138933502.0,138100000.0,140200000.0,12.175,3712300000.0,83000000.0,134700000.0,110400000.0,26.881,1167500000.0
31,PCP,MRQ,2007-12-31,2007-12-30,2007-12-30,2019-05-23,-51700000.0,5842200000.0,,2254600000.0,3587600000.0,,26.482,-45300000.0,176500000.0,176500000.0,1207400000.0,246500000.0,1.817,0.595,646700000.0,170600000.0,476100000.0,646700000.0,0.0,30000000.0,0.0,0.001,0.03,378200000.0,408200000.0,0.245,408200000.0,378200000.0,366800000.0,1.78,1.76,1.78,3662400000.0,,3662400000.0,19835719403.0,14.0,12.943,191900000.0,1.388,1.0,460800000.0,0.276,2358200000.0,11400000.0,2713700000.0,,956700000.0,0.0,0.0,0.0,2179800000.0,1240500000.0,939300000.0,19136019403.0,-36000000.0,3900000.0,21000000.0,-265200000.0,-4100000.0,-232600000.0,-42900000.0,0.0,237200000.0,2300000.0,246500000.0,246500000.0,246500000.0,-5300000.0,0.0,0.148,88900000.0,371900000.0,566200000.0,0.017,5.225,20.964,20.864,1093900000.0,0.0,138.54,2.969,2.973,961500000.0,2598600000.0,1668200000.0,1668200000.0,0.0,,,,,-9700000.0,88900000.0,1.0,138126313.0,138300000.0,140400000.0,12.062,3484000000.0,93900000.0,120300000.0,58400000.0,25.192,1014100000.0
32,PCP,MRQ,2007-09-30,2007-09-30,2007-09-30,2019-05-23,-49300000.0,5878500000.0,,2298900000.0,3579600000.0,,24.46,-53000000.0,212500000.0,212500000.0,1254100000.0,235400000.0,1.776,0.743,912200000.0,170600000.0,741600000.0,912200000.0,0.0,32100000.0,0.0,0.001,0.03,370300000.0,402400000.0,0.234,402400000.0,370300000.0,355700000.0,1.71,1.68,1.71,3373100000.0,,3373100000.0,21092124926.0,16.0,15.066,140700000.0,1.02,1.0,464600000.0,0.27,2362400000.0,14600000.0,2921100000.0,,940600000.0,0.0,0.0,0.0,2505400000.0,1294700000.0,1210700000.0,20399824926.0,11100000.0,-161300000.0,5800000.0,18100000.0,-4100000.0,25200000.0,-214600000.0,0.0,193700000.0,6800000.0,235400000.0,235400000.0,235400000.0,-1600000.0,0.0,0.137,96600000.0,368000000.0,598900000.0,0.018,6.048,24.727,24.541,1088000000.0,0.0,147.98,3.312,3.313,958600000.0,2356200000.0,1718700000.0,1718700000.0,0.0,,,,,4200000.0,96600000.0,1.0,137855284.0,137900000.0,140100000.0,12.463,3516100000.0,124500000.0,120300000.0,77200000.0,25.497,1004200000.0
33,PCP,MRQ,2007-06-30,2007-07-01,2007-07-01,2019-05-23,-63500000.0,5603100000.0,,2259000000.0,3344100000.0,,22.614,-54600000.0,201400000.0,201400000.0,1207600000.0,226400000.0,1.69,0.802,893700000.0,170600000.0,723100000.0,893700000.0,0.0,31800000.0,0.0,0.001,0.03,355700000.0,387500000.0,0.235,387500000.0,355700000.0,341300000.0,1.65,1.62,1.65,3109400000.0,,3109400000.0,17420577619.0,15.0,13.706,90200000.0,0.656,1.0,442700000.0,0.268,2164000000.0,14400000.0,2794900000.0,,930600000.0,0.0,0.0,0.0,2493700000.0,1336500000.0,1157200000.0,16697977619.0,51000000.0,-89000000.0,10800000.0,20800000.0,-4200000.0,42800000.0,-144100000.0,0.0,144800000.0,7500000.0,226400000.0,226400000.0,226400000.0,-2300000.0,0.0,0.137,90800000.0,351900000.0,616800000.0,0.018,5.37,22.431,22.227,1055000000.0,0.0,121.36,2.9,2.898,939600000.0,2124900000.0,1650300000.0,1650300000.0,0.0,,,,,-6500000.0,90800000.0,1.0,137590455.0,137500000.0,139600000.0,12.002,3439100000.0,127600000.0,114900000.0,128900000.0,25.012,922500000.0
34,PCP,MRQ,2007-03-31,2007-04-01,2007-04-01,2019-05-23,-82700000.0,5258700000.0,,2036900000.0,3221800000.0,,20.854,-62500000.0,150400000.0,150400000.0,1038900000.0,204500000.0,1.228,0.854,873000000.0,553800000.0,319200000.0,873000000.0,0.0,24100000.0,0.0,0.001,0.03,310300000.0,334400000.0,0.237,334400000.0,310300000.0,293900000.0,1.5,1.47,1.5,2836200000.0,,2836200000.0,14982130061.0,15.0,13.657,336200000.0,2.472,1.0,369200000.0,0.262,2099000000.0,16400000.0,2224100000.0,,864400000.0,0.0,0.0,0.0,2422500000.0,1658200000.0,764300000.0,14267430061.0,25100000.0,-339800000.0,24700000.0,33600000.0,-4100000.0,60500000.0,-435900000.0,0.0,398700000.0,1800000.0,204500000.0,204500000.0,204500000.0,-15400000.0,0.0,0.145,79100000.0,290100000.0,576200000.0,0.02,5.03,22.536,22.328,989800000.0,0.0,104.05,2.733,2.71,839600000.0,1903200000.0,1408100000.0,1408100000.0,0.0,,,,,900000.0,79100000.0,1.0,137120904.0,136000000.0,138000000.0,10.354,3159700000.0,107800000.0,89400000.0,90800000.0,23.233,378700000.0
35,PCP,MRQ,2006-12-31,2006-12-31,2006-12-31,2019-05-23,-5400000.0,4825900000.0,,1912300000.0,2913600000.0,,19.676,-79300000.0,125300000.0,125300000.0,1049500000.0,158700000.0,1.464,0.802,840000000.0,366500000.0,473500000.0,840000000.0,0.0,29100000.0,0.0,0.002,0.03,246600000.0,275700000.0,0.199,275700000.0,246600000.0,234300000.0,1.17,1.15,1.17,2677900000.0,,2677900000.0,11471339227.0,14.0,12.13,89500000.0,0.658,1.0,333100000.0,0.241,1794900000.0,12300000.0,2439500000.0,,887800000.0,0.0,0.0,0.0,2148000000.0,1306200000.0,841800000.0,10623239227.0,16600000.0,800000.0,19400000.0,-116800000.0,-4100000.0,-91500000.0,-73600000.0,0.0,168800000.0,12900000.0,158700000.0,158700000.0,158700000.0,-800000.0,0.0,0.115,86900000.0,246200000.0,448100000.0,0.026,3.967,20.082,19.969,920200000.0,0.0,78.28,2.254,2.261,784500000.0,1706900000.0,1382600000.0,1382600000.0,0.0,,,,,-6800000.0,86900000.0,1.0,135708217.0,136100000.0,138100000.0,10.159,3031000000.0,67900000.0,75600000.0,58800000.0,22.27,606100000.0
36,PCP,MRQ,2006-09-30,2006-10-01,2006-10-01,2019-05-23,-31000000.0,4713300000.0,,1890600000.0,2822700000.0,,18.143,-44800000.0,108700000.0,108700000.0,999400000.0,154800000.0,1.724,0.917,956800000.0,161000000.0,795800000.0,956800000.0,0.0,28400000.0,0.0,0.002,0.03,245000000.0,273400000.0,0.207,273400000.0,245000000.0,229900000.0,1.14,1.13,1.14,2458400000.0,,2458400000.0,9584255742.0,13.0,11.522,104600000.0,0.772,1.0,318300000.0,0.242,1792200000.0,15100000.0,2672300000.0,,938100000.0,0.0,0.0,0.0,2254900000.0,1096900000.0,1158000000.0,8556755742.0,10900000.0,22400000.0,2500000.0,-153500000.0,-4000000.0,-142500000.0,-1100000.0,0.0,149400000.0,5100000.0,154800000.0,154800000.0,154800000.0,-12800000.0,0.0,0.117,85800000.0,232500000.0,457500000.0,0.026,3.481,18.441,18.307,861900000.0,0.0,63.16,2.043,2.044,740500000.0,1552300000.0,1317700000.0,1317700000.0,0.0,,,,,1500000.0,85800000.0,1.0,135477450.0,135500000.0,137300000.0,9.725,2921100000.0,63200000.0,75100000.0,51800000.0,21.558,793700000.0
37,PCP,MRQ,2006-06-30,2006-07-02,2006-07-02,2019-05-23,-53300000.0,4715800000.0,,1914300000.0,2801500000.0,,16.805,-28500000.0,97800000.0,97800000.0,849600000.0,115100000.0,1.725,1.074,1125300000.0,163100000.0,962200000.0,1125300000.0,0.0,25700000.0,0.0,0.002,0.03,187800000.0,213500000.0,0.192,213500000.0,187800000.0,174600000.0,0.85,0.84,0.85,2273700000.0,,2273700000.0,8706458530.0,14.0,12.278,120100000.0,0.888,1.0,262800000.0,0.236,1763900000.0,13200000.0,2869500000.0,,1006100000.0,0.0,0.0,0.0,2442100000.0,1109900000.0,1332200000.0,8089758530.0,37900000.0,-530900000.0,2700000.0,445700000.0,-4100000.0,447500000.0,-560000000.0,0.0,148600000.0,1800000.0,115100000.0,115100000.0,115100000.0,-600000.0,0.0,0.103,75100000.0,187700000.0,461300000.0,0.035,3.558,20.834,20.607,871100000.0,0.0,59.76,2.164,2.162,722700000.0,1401500000.0,1112400000.0,1112400000.0,0.0,,,,,2300000.0,75100000.0,1.0,135370792.0,135300000.0,137200000.0,8.222,2951900000.0,42600000.0,59500000.0,75700000.0,21.817,804400000.0
38,PCP,MRQ,2006-03-31,2006-04-02,2006-04-02,2019-05-23,-65300000.0,3749800000.0,,1233800000.0,2516000000.0,,16.058,-29700000.0,59900000.0,59900000.0,687500000.0,100400000.0,1.606,0.752,662600000.0,68800000.0,593800000.0,662600000.0,0.0,23200000.0,0.0,0.002,0.03,159900000.0,183100000.0,0.203,183100000.0,159900000.0,150200000.0,0.76,0.74,0.76,2140500000.0,,2140500000.0,8485748348.0,15.0,13.079,-11800000.0,-0.089,1.0,212600000.0,0.236,1659800000.0,9700000.0,1924300000.0,,557000000.0,0.0,0.0,0.0,1609300000.0,768400000.0,840900000.0,7963048348.0,-58900000.0,-107700000.0,32300000.0,35500000.0,-3900000.0,64300000.0,-142000000.0,0.0,17900000.0,900000.0,100400000.0,100400000.0,100400000.0,-2700000.0,0.0,0.112,55000000.0,157600000.0,365300000.0,0.039,3.72,22.713,22.586,671600000.0,0.0,59.4,2.288,2.275,495400000.0,1290500000.0,900100000.0,900100000.0,0.0,,,,,15200000.0,55000000.0,1.0,134058053.0,133300000.0,135700000.0,6.752,2090000000.0,65200000.0,49800000.0,37300000.0,15.679,465400000.0
39,PCP,MRQ,2005-12-31,2006-01-01,2006-01-01,2019-05-23,-46900000.0,3581500000.0,,1195600000.0,2385900000.0,,15.116,-25900000.0,118800000.0,118800000.0,661600000.0,93700000.0,1.687,0.778,641500000.0,49300000.0,592200000.0,641500000.0,0.0,24200000.0,0.0,0.002,0.03,137600000.0,161800000.0,0.189,161800000.0,137600000.0,127700000.0,0.7,0.69,0.7,2014900000.0,,2014900000.0,7552588159.0,15.0,12.575,76900000.0,0.577,1.0,195700000.0,0.228,1577300000.0,9900000.0,1818100000.0,,546500000.0,0.0,0.0,0.0,1566600000.0,708800000.0,857800000.0,6884188159.0,-83200000.0,20500000.0,4200000.0,-176000000.0,-4100000.0,-175200000.0,-7000000.0,0.0,102800000.0,-3800000.0,93700000.0,93700000.0,93700000.0,-2400000.0,0.0,0.109,60000000.0,135700000.0,306900000.0,0.043,3.417,21.772,21.723,676700000.0,0.0,51.81,2.043,2.049,444000000.0,1194000000.0,857300000.0,857300000.0,0.0,,,,,2300000.0,57700000.0,1.0,132873734.0,133300000.0,135800000.0,6.431,2004200000.0,59600000.0,34000000.0,29900000.0,15.035,486800000.0
40,PCP,MRQ,2005-09-30,2005-10-02,2005-10-02,2019-05-23,-35000000.0,3701600000.0,,1307700000.0,2393900000.0,,14.517,-23000000.0,202000000.0,202000000.0,675300000.0,79100000.0,1.766,0.917,817800000.0,44400000.0,773400000.0,817800000.0,0.0,23000000.0,0.0,0.001,0.03,127700000.0,150700000.0,0.173,150700000.0,127700000.0,117300000.0,0.59,0.58,0.59,1930700000.0,,1930700000.0,7723995275.0,16.0,13.492,46400000.0,0.349,1.0,194000000.0,0.223,1582800000.0,10400000.0,1994300000.0,,542800000.0,0.0,0.0,0.0,1770900000.0,740300000.0,1030600000.0,7055595275.0,41900000.0,800000.0,7800000.0,-9900000.0,-1900000.0,-4700000.0,-20100000.0,0.0,69400000.0,-2700000.0,79100000.0,79100000.0,79100000.0,1200000.0,0.0,0.091,64700000.0,129300000.0,324100000.0,0.051,3.654,24.826,24.64,679000000.0,0.0,53.1,2.166,2.169,459000000.0,1104400000.0,869300000.0,869300000.0,0.0,,,,,7700000.0,64700000.0,1.0,132873734.0,133000000.0,135500000.0,6.536,2118800000.0,57200000.0,38200000.0,40500000.0,15.931,567400000.0
41,PCP,MRQ,2005-06-30,2005-07-03,2005-07-03,2019-05-23,-31600000.0,3643400000.0,,1241100000.0,2402300000.0,,13.908,-16700000.0,160100000.0,160100000.0,660600000.0,77400000.0,1.642,0.979,828500000.0,44300000.0,784200000.0,828500000.0,0.0,25200000.0,0.0,0.002,0.015,128000000.0,153200000.0,0.18,153200000.0,128000000.0,117400000.0,0.58,0.57,0.58,1841400000.0,,1841400000.0,5792513238.0,28.0,19.011,24000000.0,0.181,1.0,192400000.0,0.226,1585000000.0,10600000.0,1970900000.0,,554300000.0,0.0,0.0,0.0,1802000000.0,755900000.0,1046100000.0,5103413238.0,6200000.0,1600000.0,3600000.0,-14500000.0,-2000000.0,-16200000.0,-15100000.0,0.0,40700000.0,-3200000.0,77400000.0,77400000.0,77400000.0,500000.0,0.0,0.091,63600000.0,128800000.0,313600000.0,0.026,2.771,230.924,248.387,676800000.0,0.0,38.5,1.654,1.652,424600000.0,1027200000.0,853000000.0,853000000.0,0.0,,,,,2600000.0,63600000.0,1.0,132556188.0,132400000.0,134800000.0,6.443,2058400000.0,70600000.0,40000000.0,81500000.0,15.547,485200000.0
42,PCP,MRQ,2005-03-31,2005-04-03,2005-04-03,2019-05-23,-11000000.0,3625000000.0,,1213100000.0,2411900000.0,,13.632,-22200000.0,153900000.0,153900000.0,614300000.0,66000000.0,1.556,1.036,843000000.0,44300000.0,798700000.0,843000000.0,0.0,22000000.0,0.0,0.002,0.015,112900000.0,134900000.0,0.171,134900000.0,112900000.0,100600000.0,0.515,0.505,0.515,1780400000.0,,1780400000.0,5676357360.0,32.0,21.102,94200000.0,0.721,1.0,176200000.0,0.223,1581300000.0,12300000.0,1953100000.0,,531300000.0,0.0,0.0,0.0,1844600000.0,779700000.0,1064900000.0,5021157360.0,-243000000.0,-132500000.0,16000000.0,-208500000.0,-1900000.0,-196300000.0,-159900000.0,0.0,116400000.0,-3200000.0,66000000.0,66000000.0,66000000.0,7400000.0,0.0,0.083,55600000.0,120600000.0,312400000.0,0.029,2.82,-2953.622,-3800.0,692500000.0,0.0,38.0,1.731,1.711,408200000.0,951800000.0,790500000.0,790500000.0,0.0,,,,,4200000.0,54000000.0,1.0,132135720.0,130600000.0,133000000.0,6.053,2043700000.0,81100000.0,34600000.0,89400000.0,15.649,433400000.0
43,PCP,MRQ,2004-12-31,2005-01-02,2005-01-02,2019-05-23,6400000.0,3702200000.0,,1414600000.0,2287600000.0,,13.1,-13200000.0,396900000.0,396900000.0,575800000.0,61700000.0,1.477,1.161,1052100000.0,305000000.0,747100000.0,1052100000.0,0.0,25000000.0,0.0,0.002,0.015,108700000.0,133700000.0,0.18,133700000.0,108700000.0,94400000.0,0.47,0.46,0.47,1713500000.0,,1713500000.0,5171073674.0,38.0,22.222,99700000.0,0.762,1.0,168100000.0,0.226,1441400000.0,14300000.0,1958100000.0,,501600000.0,0.0,0.0,0.0,1988700000.0,957900000.0,1030800000.0,4279073674.0,234700000.0,116000000.0,18500000.0,-1200000.0,-2000000.0,16100000.0,102500000.0,0.0,112900000.0,3200000.0,61700000.0,61700000.0,61700000.0,400000.0,0.0,0.083,58800000.0,109300000.0,262600000.0,0.032,2.497,-162.086,-177.514,676400000.0,0.0,32.84,1.676,1.683,371300000.0,887700000.0,743900000.0,743900000.0,0.0,,,,,9000000.0,58800000.0,1.0,130300660.0,130800000.0,133200000.0,5.687,2260800000.0,66200000.0,32700000.0,49900000.0,17.284,456700000.0
44,PCP,MRQ,2004-09-30,2004-09-26,2004-09-26,2019-05-23,-29500000.0,3606300000.0,,1293800000.0,2312500000.0,,12.253,-11500000.0,162200000.0,162200000.0,537300000.0,-183000000.0,1.349,1.268,1054200000.0,286500000.0,767700000.0,1054200000.0,0.0,22600000.0,0.0,0.002,0.015,-139700000.0,-117100000.0,-0.168,-117100000.0,-139700000.0,-154500000.0,-1.41,-1.38,-1.41,1590400000.0,,1590400000.0,4838519322.0,59.0,27.968,63700000.0,0.491,1.0,160200000.0,0.23,1422400000.0,14800000.0,2116800000.0,,480400000.0,0.0,0.0,0.0,2015900000.0,959100000.0,1056800000.0,3890619322.0,38200000.0,-700000.0,3600000.0,-15500000.0,-1900000.0,-27700000.0,-13500000.0,0.0,75200000.0,3400000.0,-183000000.0,-183000000.0,-183000000.0,240200000.0,0.0,-0.262,59400000.0,100800000.0,300500000.0,-0.011,2.446,-64.521,-73.975,679200000.0,0.0,29.96,1.722,1.721,426400000.0,828000000.0,697500000.0,697500000.0,0.0,,,,,1600000.0,59400000.0,1.0,129860458.0,129800000.0,132400000.0,5.374,2183900000.0,71500000.0,28500000.0,35000000.0,16.825,334700000.0
45,PCP,MRQ,2004-06-30,2004-06-27,2004-06-27,2019-05-23,-29300000.0,3819900000.0,,1262400000.0,2557500000.0,,13.681,-13900000.0,124000000.0,124000000.0,519000000.0,53600000.0,1.335,1.158,1071900000.0,268100000.0,803800000.0,1071900000.0,0.0,24400000.0,0.0,0.002,0.015,93100000.0,117500000.0,0.176,117500000.0,93100000.0,78500000.0,0.415,0.405,0.415,1770300000.0,,1770300000.0,4424715881.0,17.0,12.675,38100000.0,0.294,1.0,149100000.0,0.223,1638100000.0,14600000.0,2184000000.0,,567700000.0,0.0,0.0,0.0,2049600000.0,945700000.0,1103900000.0,3428715881.0,43700000.0,-700000.0,3100000.0,-4500000.0,-1900000.0,7400000.0,-14600000.0,0.0,52000000.0,-300000.0,53600000.0,53600000.0,53600000.0,-3100000.0,0.0,0.08,58600000.0,90500000.0,294400000.0,0.036,1.937,24.991,23.224,741800000.0,0.0,26.475,1.737,1.735,436300000.0,1012900000.0,668100000.0,668100000.0,0.0,,,,,1200000.0,58600000.0,1.0,129507682.0,129400000.0,131600000.0,5.163,2181800000.0,111100000.0,24900000.0,59500000.0,16.861,316700000.0
46,PCP,MRQ,2004-03-31,2004-03-28,2004-03-28,2019-05-23,-29000000.0,3755500000.0,,1188600000.0,2566900000.0,,15.2,-22100000.0,80300000.0,80300000.0,355500000.0,41300000.0,1.301,1.19,1076300000.0,253300000.0,823000000.0,1076300000.0,0.0,24400000.0,0.0,0.003,0.015,74200000.0,98600000.0,0.222,98600000.0,74200000.0,59300000.0,0.34,0.32,0.34,1714600000.0,,1714600000.0,3827808821.0,16.0,11.891,26700000.0,0.237,1.0,88000000.0,0.198,1407900000.0,14900000.0,2429700000.0,,453600000.0,0.0,0.0,0.0,2040900000.0,913900000.0,1127000000.0,2779708821.0,32700000.0,7900000.0,22500000.0,-16100000.0,-1600000.0,26300000.0,-32600000.0,0.0,48800000.0,1500000.0,41300000.0,41300000.0,41300000.0,-8400000.0,0.0,0.093,32700000.0,55300000.0,255200000.0,0.044,1.621,23.577,20.486,704400000.0,0.0,21.51,1.453,1.268,389000000.0,961200000.0,443500000.0,443500000.0,0.0,,,,,4400000.0,19100000.0,1.0,129228676.0,112800000.0,115200000.0,3.932,2347600000.0,108600000.0,18000000.0,34300000.0,20.812,274700000.0
47,PCP,MRQ,2003-12-31,2003-12-28,2003-12-28,2019-05-23,-13200000.0,3675400000.0,,1117800000.0,2557600000.0,,14.962,-10600000.0,47600000.0,47600000.0,348600000.0,27800000.0,1.778,1.209,1095700000.0,48600000.0,1047100000.0,1095700000.0,0.0,19400000.0,0.0,0.003,0.015,54600000.0,74000000.0,0.164,74000000.0,54600000.0,41800000.0,0.25,0.245,0.25,1663800000.0,,1663800000.0,3040660581.0,15.0,11.025,13000000.0,0.117,1.0,101600000.0,0.226,1623300000.0,12800000.0,2471400000.0,,534400000.0,0.0,0.0,0.0,2011600000.0,628800000.0,1382800000.0,2432560581.0,17000000.0,-271700000.0,32100000.0,251500000.0,-1700000.0,263800000.0,-279500000.0,0.0,23600000.0,1200000.0,27800000.0,27800000.0,27800000.0,-2100000.0,0.0,0.062,48500000.0,53100000.0,262800000.0,0.06,1.462,25.078,25.4,804600000.0,0.0,22.86,1.543,1.613,454600000.0,921500000.0,450200000.0,450200000.0,0.0,,,,,10500000.0,37300000.0,1.0,106411224.0,111200000.0,113800000.0,4.049,2052100000.0,96200000.0,14000000.0,15400000.0,18.454,489000000.0
48,PCP,MRQ,2003-09-30,2003-09-28,2003-09-28,2019-05-23,-45200000.0,2450600000.0,,769200000.0,1681400000.0,,10.756,-9900000.0,30600000.0,30600000.0,314900000.0,14500000.0,1.288,1.153,638700000.0,158200000.0,480500000.0,638700000.0,0.0,16300000.0,0.0,0.003,0.015,42700000.0,59000000.0,0.143,59000000.0,42700000.0,30200000.0,0.135,0.135,0.135,1138000000.0,,1138000000.0,2495374391.0,11.0,8.485,43100000.0,0.407,1.0,97600000.0,0.237,1000500000.0,12500000.0,1460800000.0,,360700000.0,0.0,0.0,0.0,1312600000.0,597400000.0,715200000.0,1846274391.0,-4400000.0,0.0,3200000.0,-46300000.0,-1500000.0,-54000000.0,-8300000.0,0.0,53000000.0,1000000.0,14500000.0,14500000.0,14500000.0,12800000.0,0.0,0.035,42000000.0,55600000.0,200600000.0,0.111,1.622,17.517,17.45,587500000.0,0.0,17.45,1.152,1.152,320500000.0,895400000.0,412500000.0,412500000.0,0.0,,,,,900000.0,33600000.0,1.0,105803690.0,105800000.0,108000000.0,3.899,1450100000.0,65100000.0,15700000.0,20200000.0,13.706,171800000.0
49,PCP,MRQ,2003-06-30,2003-06-29,2003-06-29,2019-05-23,-53300000.0,2494500000.0,,803600000.0,1690900000.0,,10.538,-13200000.0,35000000.0,35000000.0,369000000.0,34300000.0,1.327,1.242,684100000.0,155700000.0,528400000.0,684100000.0,0.0,20100000.0,0.0,0.004,0.015,68200000.0,88300000.0,0.186,88300000.0,68200000.0,55100000.0,0.325,0.32,0.325,1112800000.0,,1112800000.0,2278507857.0,9.0,7.109,4500000.0,0.043,1.0,106700000.0,0.224,1001000000.0,13100000.0,1537200000.0,,376700000.0,0.0,0.0,0.0,1381700000.0,605400000.0,776300000.0,1615107857.0,6300000.0,14300000.0,1700000.0,-17100000.0,-1600000.0,-12700000.0,2900000.0,0.0,17700000.0,-1100000.0,34300000.0,34300000.0,34300000.0,1000000.0,0.0,0.072,37500000.0,69200000.0,211300000.0,0.046,1.451,13.769,13.704,592700000.0,0.0,15.28,0.947,0.946,314600000.0,882400000.0,475700000.0,475700000.0,0.0,,,,,300000.0,37500000.0,1.0,105700776.0,105600000.0,107200000.0,4.505,1493500000.0,87100000.0,20800000.0,33500000.0,14.143,198200000.0
50,PCP,MRQ,2003-03-31,2003-03-30,2003-03-30,2019-05-23,-69700000.0,2467200000.0,,785900000.0,1681300000.0,,10.064,-8100000.0,28700000.0,28700000.0,192400000.0,20400000.0,1.258,1.324,690300000.0,159800000.0,530500000.0,690300000.0,0.0,14500000.0,0.0,0.005,0.015,40000000.0,54500000.0,0.229,54500000.0,40000000.0,27500000.0,0.19,0.195,0.19,1061700000.0,,1061700000.0,2024989900.0,8.0,6.105,94200000.0,0.893,1.0,45400000.0,0.191,989500000.0,12500000.0,1514500000.0,,326200000.0,0.0,0.0,0.0,1405500000.0,624800000.0,780700000.0,1280689900.0,1400000.0,5600000.0,8200000.0,-78200000.0,-1700000.0,-99000000.0,-8000000.0,0.0,102300000.0,5100000.0,20400000.0,20400000.0,20400000.0,8000000.0,0.0,0.086,-3200000.0,48600000.0,216100000.0,0.079,1.206,10.303,10.245,562100000.0,0.0,12.14,0.708,0.708,322300000.0,849700000.0,237800000.0,237800000.0,0.0,,,,,100000.0,-11900000.0,1.0,105493402.0,105493402.0,,2.254,1477700000.0,88600000.0,7100000.0,13900000.0,14.008,161100000.0
51,PCP,MRQ,2002-12-31,2002-12-29,2002-12-29,2019-05-23,-16500000.0,2524900000.0,,808400000.0,1716500000.0,,10.399,-18100000.0,27300000.0,27300000.0,359500000.0,36200000.0,1.205,1.32,771600000.0,217800000.0,553800000.0,771600000.0,0.0,20300000.0,0.0,0.005,0.015,72000000.0,92300000.0,0.194,92300000.0,72000000.0,57900000.0,0.35,0.34,0.35,1088100000.0,,1088100000.0,2070262336.0,7.0,5.236,44300000.0,0.423,1.0,116600000.0,0.245,1008000000.0,14100000.0,1590400000.0,,364500000.0,0.0,0.0,0.0,1436800000.0,670800000.0,766000000.0,1263462336.0,-7900000.0,0.0,3400000.0,-69600000.0,-1500000.0,-52900000.0,-16100000.0,0.0,62400000.0,0.0,36200000.0,36200000.0,36200000.0,2000000.0,0.0,0.076,42300000.0,74300000.0,213700000.0,0.043,1.161,8.269,8.214,588500000.0,0.0,12.075,0.598,0.598,340900000.0,831200000.0,476100000.0,476100000.0,0.0,,,,,1200000.0,42300000.0,1.0,104634562.0,104634562.0,,4.55,1516900000.0,75900000.0,21700000.0,32300000.0,14.497,137600000.0
52,PCP,MRQ,2002-09-30,2002-09-29,2002-09-29,2019-05-23,-25700000.0,2554000000.0,,851200000.0,1702800000.0,,9.97,-16200000.0,35200000.0,35200000.0,390600000.0,26400000.0,1.244,1.448,842000000.0,230300000.0,611700000.0,842000000.0,0.0,20000000.0,0.0,0.007,0.015,65400000.0,85400000.0,0.166,85400000.0,65400000.0,51100000.0,0.25,0.25,0.25,1043200000.0,,1043200000.0,1988359323.0,9.0,6.475,51800000.0,0.495,1.0,124600000.0,0.242,1003400000.0,14300000.0,1672900000.0,,382800000.0,0.0,0.0,0.0,1510800000.0,684500000.0,826300000.0,1135759323.0,9500000.0,0.0,-2000000.0,-37900000.0,-1500000.0,-45100000.0,-13200000.0,0.0,68000000.0,0.0,26400000.0,26400000.0,26400000.0,15300000.0,0.0,0.051,58400000.0,66200000.0,207900000.0,0.06,1.089,19.752,19.917,592000000.0,0.0,10.855,0.505,0.505,356400000.0,796300000.0,515200000.0,515200000.0,0.0,,,,,0.0,47400000.0,1.0,104630062.0,104630062.0,,4.924,1550600000.0,74800000.0,24700000.0,15300000.0,14.82,166700000.0
53,PCP,MRQ,2002-06-30,2002-06-30,2002-06-30,2019-05-23,-23700000.0,2579100000.0,,868900000.0,1710200000.0,,9.756,-18300000.0,25700000.0,25700000.0,448900000.0,41300000.0,1.259,1.532,878300000.0,209700000.0,668600000.0,878300000.0,0.0,19700000.0,0.0,0.005,0.015,79800000.0,99500000.0,0.172,99500000.0,79800000.0,65200000.0,0.395,0.39,0.395,1018500000.0,,1018500000.0,2589547236.0,13.0,8.865,0.0,0.0,1.0,130500000.0,0.225,1005700000.0,14600000.0,1735600000.0,,405100000.0,0.0,0.0,0.0,1560600000.0,690400000.0,870200000.0,1726147236.0,-12400000.0,0.0,3800000.0,-21400000.0,-1600000.0,-13000000.0,-17800000.0,0.0,18300000.0,0.0,41300000.0,41300000.0,41300000.0,1000000.0,0.0,0.071,49700000.0,80800000.0,220800000.0,0.038,1.695,39.957,40.244,603100000.0,0.0,16.5,0.723,0.721,362500000.0,771400000.0,579400000.0,579400000.0,0.0,,,,,0.0,49700000.0,1.0,104614984.0,104400000.0,106400000.0,5.55,1573400000.0,72700000.0,23900000.0,39600000.0,15.071,178500000.0
54,PCP,MRQ,2002-03-31,2002-03-31,2002-03-31,2019-05-23,-46900000.0,2564900000.0,,878500000.0,1686400000.0,,9.173,-22400000.0,38100000.0,38100000.0,413800000.0,48900000.0,1.208,1.695,901500000.0,204500000.0,697000000.0,901500000.0,0.0,23500000.0,0.0,0.004,0.015,94700000.0,118200000.0,0.218,118200000.0,94700000.0,80100000.0,0.475,0.48,0.475,951800000.0,,951800000.0,2816154016.0,14.0,9.294,136300000.0,1.314,1.0,128200000.0,0.237,994000000.0,14600000.0,1707200000.0,,412600000.0,0.0,0.0,0.0,1613100000.0,727100000.0,886000000.0,1837054016.0,-38400000.0,-29300000.0,10400000.0,-154000000.0,-1600000.0,-135300000.0,-63400000.0,0.0,158700000.0,-1700000.0,48900000.0,48900000.0,48900000.0,1600000.0,0.0,0.09,31900000.0,96300000.0,242400000.0,0.032,1.93,43.327,43.183,590100000.0,0.0,17.705,0.75,0.75,352300000.0,731700000.0,542000000.0,542000000.0,0.0,,,,,2500000.0,32000000.0,1.0,103759052.0,103759052.0,,5.224,1570900000.0,71300000.0,31200000.0,42900000.0,15.14,151400000.0
55,PCP,MRQ,2001-12-31,2001-12-30,2001-12-30,2019-05-23,-42200000.0,2638900000.0,,995600000.0,1643300000.0,,8.637,-28500000.0,76500000.0,76500000.0,476300000.0,-59100000.0,1.378,1.964,1055600000.0,214300000.0,841300000.0,1055600000.0,0.0,24600000.0,0.0,0.005,0.03,-20600000.0,4000000.0,0.007,4000000.0,-20600000.0,-36700000.0,-0.575,-0.575,-0.575,890200000.0,,890200000.0,2438650731.0,12.0,8.317,39300000.0,0.381,1.0,138300000.0,0.225,973300000.0,16100000.0,1922200000.0,,423300000.0,0.0,0.0,0.0,1748700000.0,722500000.0,1026200000.0,1433650731.0,46100000.0,-13900000.0,200000.0,21800000.0,-1500000.0,21700000.0,-38400000.0,0.0,67800000.0,0.0,-59100000.0,-59100000.0,-59100000.0,34600000.0,0.0,-0.096,124300000.0,14000000.0,234900000.0,-0.052,1.61,43.576,42.8,569000000.0,0.0,13.91,0.579,0.579,426600000.0,684400000.0,614600000.0,614600000.0,0.0,,,,,0.0,56000000.0,1.0,103066192.0,103066192.0,,5.963,1665600000.0,64100000.0,22400000.0,8700000.0,16.16,273100000.0
56,PCP,MRQ,2001-09-30,2001-09-30,2001-09-30,2019-05-23,-38400000.0,2646600000.0,,926800000.0,1719800000.0,,9.262,-43000000.0,30400000.0,30400000.0,507100000.0,12100000.0,1.35,1.773,1035400000.0,215400000.0,820000000.0,1035400000.0,0.0,23800000.0,0.0,0.005,0.015,46600000.0,70400000.0,0.108,70400000.0,46600000.0,29200000.0,0.115,0.115,0.115,954400000.0,,954400000.0,2166444388.0,8.0,5.692,22900000.0,0.222,1.0,145300000.0,0.223,1061800000.0,17400000.0,1903500000.0,,410000000.0,0.0,0.0,0.0,1692200000.0,686300000.0,1005900000.0,1143844388.0,9100000.0,300000.0,300000.0,-8100000.0,-1600000.0,-19800000.0,-38200000.0,0.0,65900000.0,0.0,12100000.0,12100000.0,12100000.0,3100000.0,0.0,0.019,95600000.0,49700000.0,235300000.0,0.13,1.198,9.661,9.528,564200000.0,0.0,11.1,0.468,0.468,419400000.0,745000000.0,652400000.0,652400000.0,0.0,,,,,0.0,57800000.0,1.0,103049044.0,103049044.0,,6.331,1584800000.0,64600000.0,17100000.0,14900000.0,15.379,240500000.0
57,PCP,MRQ,2001-06-30,2001-07-01,2001-07-01,2019-05-23,-47300000.0,2604300000.0,,889400000.0,1714900000.0,,9.075,-29800000.0,21300000.0,21300000.0,500300000.0,40500000.0,1.342,1.786,1043900000.0,215900000.0,828000000.0,1043900000.0,0.0,25500000.0,0.0,0.005,0.015,84900000.0,110400000.0,0.173,110400000.0,84900000.0,66900000.0,0.395,0.385,0.395,934700000.0,,934700000.0,2939777336.0,10.0,7.227,-11400000.0,-0.111,1.0,138500000.0,0.217,1067900000.0,18000000.0,1896200000.0,,403800000.0,0.0,0.0,0.0,1669600000.0,662800000.0,1006800000.0,1927177336.0,-18800000.0,-300000.0,4600000.0,-10500000.0,-1500000.0,-10300000.0,-26900000.0,0.0,18400000.0,0.0,40500000.0,40500000.0,40500000.0,0.0,0.0,0.063,53600000.0,84900000.0,220300000.0,0.038,2.062,14.057,13.757,543800000.0,0.0,18.71,0.817,0.817,400400000.0,734500000.0,638800000.0,638800000.0,0.0,,,,,0.0,53600000.0,1.0,103002530.0,103002530.0,,6.202,1536400000.0,60500000.0,26400000.0,32300000.0,14.916,226600000.0
58,PCP,MRQ,2001-03-31,2001-04-01,2001-04-01,2019-05-23,-36600000.0,2572900000.0,,861100000.0,1711800000.0,,8.803,-30700000.0,40100000.0,40100000.0,448300000.0,39400000.0,1.302,1.853,1052700000.0,214200000.0,838500000.0,1052700000.0,0.0,22600000.0,0.0,0.005,0.015,85800000.0,108400000.0,0.189,108400000.0,85800000.0,66900000.0,0.39,0.385,0.39,901800000.0,,901800000.0,2753690032.0,9.0,7.057,45900000.0,0.448,1.0,123900000.0,0.217,1073700000.0,18900000.0,1850300000.0,,363300000.0,0.0,0.0,0.0,1671100000.0,661500000.0,1009600000.0,1692790032.0,5900000.0,12100000.0,6100000.0,-32600000.0,-1500000.0,-35600000.0,-34700000.0,0.0,76600000.0,0.0,39400000.0,39400000.0,39400000.0,2200000.0,0.0,0.069,35900000.0,88000000.0,199700000.0,0.038,1.877,13.553,13.22,534800000.0,0.0,16.525,0.746,0.746,398000000.0,695500000.0,572200000.0,572200000.0,0.0,,,,,0.0,35900000.0,1.0,102438126.0,102438126.0,,5.586,1499200000.0,57400000.0,27500000.0,21300000.0,14.635,199600000.0
59,PCP,MRQ,2000-12-31,2000-12-31,2000-12-31,2019-05-23,-24200000.0,2559200000.0,,817900000.0,1741300000.0,,8.763,-23400000.0,34200000.0,34200000.0,453000000.0,26400000.0,1.296,1.941,1095100000.0,214600000.0,880500000.0,1095100000.0,0.0,25600000.0,0.0,0.004,0.015,65800000.0,91400000.0,0.157,91400000.0,65800000.0,45300000.0,0.265,0.255,0.265,870200000.0,,870200000.0,3153888735.0,12.0,8.44,17600000.0,0.177,1.0,127400000.0,0.22,1079200000.0,20500000.0,1910000000.0,,371600000.0,0.0,0.0,0.0,1689000000.0,630900000.0,1058100000.0,2088388735.0,14000000.0,-36500000.0,23800000.0,3700000.0,0.0,26600000.0,-53600000.0,0.0,41000000.0,0.0,26400000.0,26400000.0,26400000.0,0.0,0.0,0.045,61600000.0,65800000.0,177500000.0,0.057,2.4,18.563,18.529,530600000.0,0.0,21.03,0.929,0.929,377300000.0,657600000.0,580400000.0,580400000.0,0.0,,,,,0.0,52200000.0,1.0,99305218.0,99305218.0,,5.845,1480000000.0,70000000.0,18900000.0,24700000.0,14.904,187000000.0
60,PCP,MRQ,2000-09-30,2000-10-01,2000-10-01,2019-05-23,-23400000.0,2493200000.0,,815600000.0,1677600000.0,,8.292,-19600000.0,20200000.0,20200000.0,441900000.0,30800000.0,1.275,2.038,1085700000.0,221400000.0,864300000.0,1085700000.0,0.0,25600000.0,0.0,0.004,0.04,71000000.0,96600000.0,0.171,96600000.0,71000000.0,50500000.0,0.31,0.305,0.31,820800000.0,,820800000.0,2973031994.0,12.0,,7900000.0,0.08,1.0,124500000.0,0.22,1072900000.0,20500000.0,1846100000.0,,364600000.0,0.0,0.0,0.0,1672400000.0,639700000.0,1032700000.0,1899631994.0,-7500000.0,0.0,5300000.0,-15400000.0,-3000000.0,-21200000.0,-13800000.0,0.0,27500000.0,0.0,30800000.0,30800000.0,30800000.0,0.0,0.0,0.054,53500000.0,71000000.0,171700000.0,0.129,2.314,19.227,19.19,500900000.0,0.0,19.19,0.917,0.917,362800000.0,631200000.0,566400000.0,566400000.0,0.0,,,,,0.0,53500000.0,1.0,98990724.0,98990724.0,,5.722,1420300000.0,76400000.0,19700000.0,32300000.0,14.348,175900000.0
61,PCP,MRQ,2000-06-30,2000-07-02,2000-07-02,2019-05-23,-15300000.0,2473100000.0,,786600000.0,1686500000.0,,8.083,-14500000.0,27700000.0,27700000.0,427600000.0,28300000.0,1.283,2.108,1101100000.0,206800000.0,894300000.0,1101100000.0,0.0,26000000.0,0.0,0.005,0.015,67800000.0,93800000.0,0.171,93800000.0,67800000.0,47200000.0,0.285,0.285,0.285,795800000.0,,795800000.0,2163810665.0,,,19400000.0,0.197,1.0,121900000.0,0.222,1078300000.0,20600000.0,1855000000.0,,354900000.0,0.0,0.0,0.0,1677300000.0,613200000.0,1064100000.0,1113210665.0,10100000.0,-37700000.0,900000.0,30800000.0,-1400000.0,24400000.0,-48200000.0,0.0,33900000.0,0.0,28300000.0,28300000.0,28300000.0,0.0,0.0,0.052,54100000.0,67800000.0,163100000.0,0.053,1.399,,,504200000.0,0.0,11.307,,,336800000.0,603400000.0,549500000.0,549500000.0,0.0,,,,,0.0,54100000.0,1.0,98448876.0,98448876.0,,5.582,1394800000.0,76400000.0,18900000.0,37100000.0,14.168,173400000.0
62,PCP,MRQ,2000-03-31,2000-04-02,2000-04-02,2019-05-23,-9400000.0,2415700000.0,,751900000.0,1663800000.0,,7.861,-18800000.0,17600000.0,17600000.0,434600000.0,27000000.0,1.271,2.121,1068200000.0,183700000.0,884500000.0,1068200000.0,0.0,25400000.0,0.0,0.007,0.015,66500000.0,91900000.0,0.166,91900000.0,66500000.0,44200000.0,0.275,0.275,0.275,773900000.0,,773900000.0,2046645994.0,11.0,7.875,60000000.0,0.609,1.0,117500000.0,0.213,1059600000.0,22300000.0,1815200000.0,,337300000.0,0.0,0.0,0.0,1641800000.0,591500000.0,1050300000.0,898345994.0,-6200000.0,50400000.0,2800000.0,-105300000.0,-1500000.0,-108100000.0,23100000.0,0.0,78800000.0,0.0,27000000.0,27000000.0,27000000.0,0.0,0.0,0.049,55200000.0,62300000.0,152800000.0,0.055,1.161,10.532,10.489,499300000.0,0.0,9.125,0.537,0.537,330700000.0,576500000.0,552100000.0,552100000.0,0.0,,,,,0.0,57100000.0,1.0,98448876.0,98448876.0,,5.608,1356100000.0,76500000.0,17200000.0,42700000.0,13.775,160400000.0
63,PCP,MRQ,1999-12-31,1999-12-26,1999-12-26,2019-05-23,-5300000.0,2461200000.0,,837900000.0,1623300000.0,,7.615,,23800000.0,23800000.0,315700000.0,12700000.0,0.994,2.283,1172100000.0,455900000.0,716200000.0,1172100000.0,0.0,,0.0,0.009,0.015,33800000.0,,,,33800000.0,22000000.0,0.13,0.13,0.13,749700000.0,,749700000.0,,,,,,1.0,89000000.0,0.22,1092300000.0,11800000.0,1674500000.0,,330500000.0,0.0,0.0,0.0,1711500000.0,842700000.0,868800000.0,680035611.0,,,,,,,,,,,12700000.0,12700000.0,12700000.0,0.0,0.0,0.031,55200000.0,33800000.0,142900000.0,0.115,0.907,,,485900000.0,0.0,6.907,,,367900000.0,551000000.0,404700000.0,404700000.0,0.0,,,,,,44200000.0,1.0,98448876.0,98448876.0,,4.111,1368900000.0,74500000.0,9300000.0,26300000.0,13.905,-4800000.0
64,PCP,MRQ,1999-03-31,1999-03-28,1999-03-28,2019-05-23,-2600000.0,1449600000.0,,556900000.0,892700000.0,,,,14800000.0,14800000.0,261700000.0,45000000.0,1.828,1.079,425900000.0,56200000.0,369700000.0,425900000.0,0.0,,0.0,0.006,0.015,59200000.0,,,,59200000.0,56400000.0,0.465,0.462,0.465,697400000.0,,697400000.0,,,,,,1.0,88600000.0,0.253,525900000.0,2800000.0,1030200000.0,,253600000.0,0.0,0.0,0.0,752200000.0,304600000.0,447600000.0,,,,,,,,,,,,45000000.0,45000000.0,45000000.0,0.0,0.0,0.128,29400000.0,59200000.0,102100000.0,0.032,,,9.035,331400000.0,0.0,9.578,,,255100000.0,497100000.0,350300000.0,350300000.0,0.0,,,,,,27300000.0,1.0,,,,,923700000.0,26100000.0,11400000.0,34300000.0,,252300000.0
0,PCP,MRT,2015-09-30,2015-09-27,2015-09-27,2019-05-23,-938000000.0,20189000000.0,19912500000.0,6152000000.0,14037000000.0,0.485,83.462,-486000000.0,632000000.0,632000000.0,6663000000.0,1327000000.0,3.056,0.757,4998000000.0,507000000.0,4491000000.0,4998000000.0,0.0,337000000.0,0.0,0.001,0.12,2135000000.0,2472000000.0,0.256,2472000000.0,2135000000.0,2047000000.0,9.52,9.47,9.52,11476000000.0,11352750000.0,11476000000.0,35720080138.0,17.0,14.45,1183000000.0,8.604,1.0,2999000000.0,0.31,10836000000.0,88000000.0,11706000000.0,11071000000.0,3769000000.0,229000000.0,0.0,229000000.0,8684000000.0,2013000000.0,6671000000.0,31491080138.0,228000000.0,-502000000.0,-1088000000.0,665000000.0,-16000000.0,-436000000.0,-964000000.0,0.0,1669000000.0,-41000000.0,1322000000.0,1322000000.0,1322000000.0,14000000.0,5000000.0,0.137,670000000.0,2329000000.0,945000000.0,0.013,2.744,23.821,24.058,2588000000.0,0.0,229.03,3.259,3.259,1582000000.0,12277000000.0,9662000000.0,9662000000.0,0.0,0.066,0.116,0.193,0.221,52000000.0,662000000.0,1.0,137497621.0,137500000.0,138300000.0,70.269,9353000000.0,87000000.0,725000000.0,1033000000.0,68.022,4139000000.0
1,PCP,MRT,2015-06-30,2015-06-28,2015-06-28,2019-05-23,-833000000.0,20382000000.0,19755750000.0,6569000000.0,13813000000.0,0.501,81.238,-473000000.0,1056000000.0,1056000000.0,6749000000.0,1451000000.0,2.991,0.814,5285000000.0,506000000.0,4779000000.0,5285000000.0,0.0,331000000.0,0.0,0.001,0.12,2294000000.0,2625000000.0,0.265,2625000000.0,2294000000.0,2222000000.0,10.29,10.23,10.29,11219000000.0,11391750000.0,11219000000.0,32200117763.0,14.0,12.267,1199000000.0,8.682,1.0,3148000000.0,0.318,10654000000.0,72000000.0,11761000000.0,10882750000.0,3760000000.0,235000000.0,0.0,235000000.0,9134000000.0,2196000000.0,6938000000.0,28088117763.0,683000000.0,-268000000.0,-1571000000.0,1360000000.0,-17000000.0,-222000000.0,-707000000.0,0.0,1672000000.0,-60000000.0,1446000000.0,1446000000.0,1446000000.0,14000000.0,5000000.0,0.146,661000000.0,2487000000.0,1041000000.0,0.012,2.504,19.425,19.747,2546000000.0,0.0,203.2,2.838,2.835,1644000000.0,11915000000.0,9897000000.0,9897000000.0,0.0,0.073,0.127,0.211,0.232,49000000.0,653000000.0,1.0,138228926.0,138100000.0,138900000.0,71.665,9728000000.0,15000000.0,776000000.0,1076000000.0,70.442,4373000000.0
2,PCP,MRT,2015-03-31,2015-03-29,2015-03-29,2019-05-23,-955000000.0,19428000000.0,19529000000.0,5972000000.0,13456000000.0,0.512,76.641,-455000000.0,474000000.0,474000000.0,6752000000.0,1533000000.0,2.112,0.775,4586000000.0,1093000000.0,3493000000.0,4586000000.0,0.0,325000000.0,0.0,0.001,0.12,2415000000.0,2740000000.0,0.274,2740000000.0,2415000000.0,2346000000.0,10.73,10.66,10.73,10929000000.0,11534250000.0,10929000000.0,33796265706.0,14.0,12.334,1247000000.0,8.745,1.0,3253000000.0,0.325,10405000000.0,69000000.0,10308000000.0,10610500000.0,3640000000.0,238000000.0,0.0,238000000.0,8471000000.0,2827000000.0,5644000000.0,30080265706.0,113000000.0,-613000000.0,-1496000000.0,1017000000.0,-17000000.0,-485000000.0,-1009000000.0,0.0,1702000000.0,-95000000.0,1530000000.0,1530000000.0,1530000000.0,15000000.0,3000000.0,0.153,649000000.0,2604000000.0,1162000000.0,0.011,2.752,19.66,19.774,2474000000.0,0.0,212.18,3.007,3.024,1710000000.0,11685000000.0,10005000000.0,10005000000.0,0.0,0.078,0.133,0.228,0.241,44000000.0,641000000.0,1.0,141767677.0,142600000.0,143500000.0,70.161,9023000000.0,39000000.0,816000000.0,924000000.0,63.275,3145000000.0
3,PCP,MRT,2014-12-31,2014-12-28,2014-12-28,2019-05-23,-633000000.0,19651000000.0,19318500000.0,6002000000.0,13649000000.0,0.519,82.832,-375000000.0,430000000.0,430000000.0,6545000000.0,1882000000.0,2.526,0.665,4146000000.0,648000000.0,3498000000.0,4146000000.0,0.0,315000000.0,0.0,0.0,0.12,2837000000.0,3152000000.0,0.315,3152000000.0,2837000000.0,2769000000.0,13.05,12.97,13.05,11787000000.0,11648500000.0,11787000000.0,38303440891.0,14.0,12.152,1324000000.0,9.304,1.0,3472000000.0,0.347,10482000000.0,68000000.0,10509000000.0,10567250000.0,3740000000.0,415000000.0,0.0,415000000.0,7838000000.0,2376000000.0,5462000000.0,34387440891.0,93000000.0,-766000000.0,-969000000.0,528000000.0,-17000000.0,-446000000.0,-1104000000.0,2000000.0,1699000000.0,-56000000.0,1879000000.0,1879000000.0,1879000000.0,-4000000.0,3000000.0,0.188,639000000.0,2833000000.0,1108000000.0,0.009,2.917,18.301,18.487,2424000000.0,0.0,241.26,3.433,3.427,1701000000.0,11554000000.0,10017000000.0,10017000000.0,0.0,0.097,0.161,0.268,0.283,43000000.0,639000000.0,1.0,142532707.0,142300000.0,143200000.0,70.394,9169000000.0,24000000.0,890000000.0,973000000.0,64.434,3626000000.0
4,PCP,MRT,2014-09-30,2014-09-28,2014-09-28,2019-05-23,-507000000.0,19562000000.0,18988750000.0,5855000000.0,13707000000.0,0.521,81.172,-353000000.0,404000000.0,404000000.0,6449000000.0,1871000000.0,2.992,0.68,4320000000.0,321000000.0,3999000000.0,4320000000.0,0.0,308000000.0,0.0,0.001,0.12,2822000000.0,3130000000.0,0.316,3130000000.0,2822000000.0,2751000000.0,12.9,12.82,12.9,11632000000.0,11460500000.0,11632000000.0,37901941570.0,13.0,12.109,1559000000.0,10.879,1.0,3447000000.0,0.348,10568000000.0,71000000.0,10953000000.0,10460750000.0,3656000000.0,420000000.0,0.0,420000000.0,7905000000.0,1957000000.0,5948000000.0,34361941570.0,135000000.0,-1455000000.0,-753000000.0,763000000.0,-18000000.0,16000000.0,-1772000000.0,5000000.0,1912000000.0,-21000000.0,1867000000.0,1867000000.0,1867000000.0,-4000000.0,4000000.0,0.189,629000000.0,2818000000.0,1015000000.0,0.009,2.954,18.405,18.566,2407000000.0,0.0,239.5,3.472,3.468,1666000000.0,11113000000.0,9896000000.0,9896000000.0,0.0,0.098,0.163,0.27,0.285,32000000.0,629000000.0,1.0,143473660.0,143300000.0,144300000.0,69.058,8994000000.0,17000000.0,884000000.0,944000000.0,62.763,3898000000.0
5,PCP,MRT,2014-06-30,2014-06-29,2014-06-29,2019-05-23,-387000000.0,19475000000.0,18393500000.0,5730000000.0,13745000000.0,0.528,81.36,-344000000.0,373000000.0,373000000.0,6332000000.0,1828000000.0,3.361,0.65,3913000000.0,3000000.0,3910000000.0,3913000000.0,0.0,300000000.0,0.0,0.0,0.12,2765000000.0,3065000000.0,0.315,3065000000.0,2765000000.0,2692000000.0,12.55,12.47,12.55,11789000000.0,11180750000.0,11789000000.0,40031919987.0,14.0,13.061,1500000000.0,10.352,1.0,3383000000.0,0.348,10638000000.0,73000000.0,10672000000.0,10192500000.0,3599000000.0,416000000.0,0.0,416000000.0,7661000000.0,1705000000.0,5956000000.0,36821919987.0,80000000.0,-1620000000.0,-456000000.0,530000000.0,-18000000.0,79000000.0,-1890000000.0,40000000.0,1844000000.0,47000000.0,1824000000.0,1824000000.0,1824000000.0,-7000000.0,4000000.0,0.188,626000000.0,2757000000.0,978000000.0,0.01,3.123,20.187,20.268,2395000000.0,0.0,254.36,3.79,3.794,1656000000.0,10651000000.0,9715000000.0,9715000000.0,0.0,0.099,0.163,0.271,0.285,34000000.0,626000000.0,1.0,144763013.0,144900000.0,145900000.0,67.046,8837000000.0,6000000.0,868000000.0,1080000000.0,60.987,4025000000.0
6,PCP,MRT,2014-03-31,2014-03-30,2014-03-30,2019-05-23,-418000000.0,18586000000.0,17735000000.0,5507000000.0,13079000000.0,0.538,78.201,-351000000.0,361000000.0,361000000.0,6253000000.0,1784000000.0,3.425,0.63,3571000000.0,2000000.0,3569000000.0,3571000000.0,0.0,292000000.0,0.0,0.0,0.12,2683000000.0,2975000000.0,0.312,2975000000.0,2683000000.0,2607000000.0,12.2,12.12,12.2,11386000000.0,10779500000.0,11386000000.0,39239487831.0,15.0,13.19,1531000000.0,10.515,1.0,3280000000.0,0.344,10053000000.0,76000000.0,10135000000.0,9844000000.0,3426000000.0,416000000.0,0.0,416000000.0,7173000000.0,1608000000.0,5565000000.0,35955487831.0,81000000.0,-948000000.0,-373000000.0,-233000000.0,-18000000.0,-603000000.0,-1244000000.0,40000000.0,1882000000.0,46000000.0,1777000000.0,1777000000.0,1777000000.0,-25000000.0,7000000.0,0.186,621000000.0,2659000000.0,1039000000.0,0.01,3.158,20.234,20.293,2300000000.0,0.0,247.58,3.772,3.781,1568000000.0,10172000000.0,9533000000.0,9533000000.0,0.0,0.1,0.165,0.273,0.281,38000000.0,621000000.0,1.0,145227756.0,145600000.0,146600000.0,65.474,8533000000.0,18000000.0,830000000.0,950000000.0,58.606,3899000000.0
7,PCP,MRT,2013-12-31,2013-12-29,2013-12-29,2019-05-23,-421000000.0,18332000000.0,17312500000.0,5345000000.0,12987000000.0,0.547,75.946,-379000000.0,337000000.0,337000000.0,6278000000.0,1715000000.0,3.4,0.659,3621000000.0,3000000.0,3618000000.0,3621000000.0,0.0,284000000.0,0.0,0.0,0.12,2587000000.0,2871000000.0,0.303,2871000000.0,2587000000.0,2508000000.0,11.7,11.62,11.7,11035000000.0,10378750000.0,11035000000.0,42321227791.0,16.0,14.741,1534000000.0,10.557,1.0,3188000000.0,0.337,9961000000.0,79000000.0,10083000000.0,9756500000.0,3312000000.0,426000000.0,0.0,426000000.0,7273000000.0,1572000000.0,5701000000.0,39033227791.0,-146000000.0,-1322000000.0,-266000000.0,-202000000.0,-18000000.0,-453000000.0,-1627000000.0,38000000.0,1913000000.0,21000000.0,1708000000.0,1708000000.0,1708000000.0,-16000000.0,7000000.0,0.18,616000000.0,2572000000.0,959000000.0,0.01,3.537,22.853,22.968,2257000000.0,0.0,268.72,4.124,4.125,1470000000.0,9692000000.0,9466000000.0,9466000000.0,0.0,0.099,0.165,0.265,0.273,25000000.0,616000000.0,1.0,145256132.0,145300000.0,146500000.0,65.148,8371000000.0,76000000.0,800000000.0,912000000.0,57.612,3773000000.0
8,PCP,MRT,2013-09-30,2013-09-29,2013-09-29,2019-05-23,-447000000.0,17181000000.0,16901975000.0,5246000000.0,11935000000.0,0.542,72.254,-372000000.0,269000000.0,269000000.0,6126000000.0,1618000000.0,3.346,0.632,3557000000.0,203000000.0,3354000000.0,3557000000.0,0.0,261000000.0,0.0,0.001,0.12,2447000000.0,2708000000.0,0.296,2708000000.0,2447000000.0,2376000000.0,11.04,10.96,11.04,10513000000.0,9994875000.0,10513000000.0,36287070167.0,15.0,13.4,1220000000.0,8.385,1.0,3036000000.0,0.331,9021000000.0,71000000.0,9880000000.0,9728775000.0,3189000000.0,425000000.0,0.0,425000000.0,6643000000.0,1568000000.0,5075000000.0,33195070167.0,76000000.0,-3742000000.0,-240000000.0,2747000000.0,-17000000.0,2527000000.0,-4058000000.0,35000000.0,1592000000.0,15000000.0,1613000000.0,1613000000.0,1613000000.0,-12000000.0,5000000.0,0.176,601000000.0,2435000000.0,815000000.0,0.011,3.158,20.58,20.66,2163000000.0,0.0,228.09,3.623,3.622,1531000000.0,9264000000.0,9162000000.0,9162000000.0,0.0,0.095,0.161,0.252,0.267,19000000.0,601000000.0,1.0,145534965.0,145500000.0,146500000.0,62.969,8160000000.0,96000000.0,763000000.0,784000000.0,56.082,3678000000.0
9,PCP,MRT,2013-06-30,2013-06-30,2013-06-30,2019-05-23,-557000000.0,16841000000.0,15559425000.0,5124000000.0,11717000000.0,0.562,69.658,-342000000.0,293000000.0,293000000.0,5893000000.0,1526000000.0,2.898,0.651,3385000000.0,204000000.0,3181000000.0,3385000000.0,0.0,238000000.0,0.0,0.001,0.12,2299000000.0,2537000000.0,0.29,2537000000.0,2299000000.0,2244000000.0,10.42,10.34,10.42,10184000000.0,9634550000.0,10184000000.0,36599830719.0,16.0,14.426,1231000000.0,8.42,1.0,2855000000.0,0.326,8887000000.0,55000000.0,9278000000.0,8573150000.0,3112000000.0,422000000.0,0.0,422000000.0,6634000000.0,1768000000.0,4866000000.0,33072830719.0,100000000.0,-4124000000.0,-18000000.0,2991000000.0,-16000000.0,2993000000.0,-4461000000.0,0.0,1573000000.0,-5000000.0,1521000000.0,1521000000.0,1521000000.0,-10000000.0,5000000.0,0.174,567000000.0,2288000000.0,868000000.0,0.012,3.248,21.744,21.69,2087000000.0,0.0,226.01,3.781,3.777,1476000000.0,8845000000.0,8748000000.0,8748000000.0,0.0,0.098,0.158,0.268,0.263,18000000.0,567000000.0,1.0,146333484.0,146200000.0,147100000.0,59.836,7954000000.0,95000000.0,723000000.0,900000000.0,54.405,3356000000.0
10,PCP,MRT,2013-03-31,2013-03-31,2013-03-31,2019-05-23,-553000000.0,16896000000.0,14116050000.0,5080000000.0,11816000000.0,0.591,67.145,-320000000.0,280000000.0,280000000.0,5654000000.0,1430000000.0,2.967,0.725,3806000000.0,204000000.0,3602000000.0,3806000000.0,0.0,214000000.0,0.0,0.001,0.12,2160000000.0,2374000000.0,0.284,2374000000.0,2160000000.0,2122000000.0,9.79,9.72,9.79,9783000000.0,9256500000.0,9783000000.0,31112728170.0,14.0,13.106,1139000000.0,7.817,1.0,2693000000.0,0.323,8925000000.0,38000000.0,9785000000.0,7357700000.0,2980000000.0,445000000.0,0.0,445000000.0,7092000000.0,1712000000.0,5380000000.0,27770328170.0,-419000000.0,-5034000000.0,36000000.0,3440000000.0,-17000000.0,3492000000.0,-5346000000.0,0.0,1459000000.0,-24000000.0,1427000000.0,1427000000.0,1427000000.0,4000000.0,3000000.0,0.171,534000000.0,2159000000.0,940000000.0,0.012,2.839,19.461,19.369,2077000000.0,0.0,189.62,3.327,3.31,1507000000.0,8413000000.0,8347000000.0,8347000000.0,0.0,0.101,0.154,0.294,0.259,17000000.0,534000000.0,1.0,146452527.0,145700000.0,146700000.0,57.289,7971000000.0,106000000.0,695000000.0,762000000.0,54.708,3368000000.0
11,PCP,MRT,2012-12-31,2012-12-30,2012-12-30,2019-05-23,-437100000.0,16689900000.0,12531750000.0,5214600000.0,11475300000.0,0.628,65.154,-290400000.0,483300000.0,483300000.0,5347300000.0,1349800000.0,3.297,0.716,3825700000.0,204900000.0,3620800000.0,3825700000.0,0.0,189800000.0,0.0,0.001,0.12,2033400000.0,2223200000.0,0.283,2223200000.0,2033400000.0,2012400000.0,9.27,9.2,9.27,9499500000.0,8900925000.0,9499500000.0,27513780506.0,14.0,12.376,1060800000.0,7.276,1.0,2522400000.0,0.321,8478600000.0,21000000.0,9972100000.0,5975200000.0,3049800000.0,446300000.0,0.0,446300000.0,6799400000.0,1581600000.0,5217800000.0,27040880506.0,145700000.0,-4522300000.0,124100000.0,3457400000.0,-17000000.0,3588400000.0,-4807400000.0,0.0,1351200000.0,13500000.0,1348000000.0,1348000000.0,1348000000.0,5400000.0,1800000.0,0.171,494100000.0,2028300000.0,802400000.0,0.013,2.847,20.06,20.043,2190400000.0,0.0,185.8,3.436,3.442,1408700000.0,8002700000.0,7869700000.0,7869700000.0,0.0,0.108,0.151,0.34,0.258,22800000.0,494100000.0,1.0,145537570.0,145800000.0,146800000.0,53.976,8211300000.0,84800000.0,664400000.0,769300000.0,56.319,3633000000.0
12,PCP,MRT,2012-09-30,2012-09-30,2012-09-30,2019-05-23,-438400000.0,11810800000.0,10908725000.0,3623000000.0,8187800000.0,0.7,62.391,-249600000.0,193400000.0,193400000.0,5197300000.0,1319500000.0,3.28,0.301,666300000.0,4500000.0,661800000.0,666300000.0,0.0,179800000.0,0.0,0.001,0.12,1979400000.0,2159200000.0,0.283,2159200000.0,1979400000.0,1966500000.0,9.08,9.01,9.08,9071700000.0,8555100000.0,9071700000.0,23784165024.0,12.0,11.015,1013000000.0,6.967,1.0,2440800000.0,0.32,5921500000.0,12900000.0,5257500000.0,4574475000.0,2103700000.0,445900000.0,0.0,445900000.0,2735100000.0,1104700000.0,1630400000.0,23741165024.0,-2100000.0,-1554700000.0,106400000.0,409400000.0,-17300000.0,519000000.0,-1789500000.0,0.0,1262600000.0,5800000.0,1317300000.0,1317300000.0,1317300000.0,6800000.0,2200000.0,0.172,470400000.0,1970400000.0,741900000.0,0.013,2.617,18.023,17.989,1556000000.0,0.0,163.34,3.108,3.109,1223700000.0,7669100000.0,7638100000.0,7638100000.0,0.0,0.121,0.154,0.433,0.259,26500000.0,470400000.0,1.0,145348139.0,145400000.0,146400000.0,52.532,5889300000.0,25700000.0,649200000.0,362200000.0,40.504,2518300000.0
13,PCP,MRT,2012-06-30,2012-07-01,2012-07-01,2019-05-23,-489600000.0,11067500000.0,10423850000.0,3479400000.0,7588100000.0,0.719,59.682,-223100000.0,193100000.0,193100000.0,5120700000.0,1281500000.0,2.836,0.276,236100000.0,600000.0,235500000.0,236100000.0,0.0,174700000.0,0.0,0.001,0.12,1923500000.0,2098200000.0,0.28,2098200000.0,1923500000.0,1910400000.0,8.84,8.77,8.84,8671800000.0,8225600000.0,8671800000.0,23411875815.0,12.0,11.158,1026700000.0,7.066,1.0,2372000000.0,0.317,5467500000.0,13100000.0,4416200000.0,4332450000.0,1976200000.0,440800000.0,0.0,440800000.0,2391700000.0,1226800000.0,1164900000.0,23902375815.0,-1122800000.0,-2259600000.0,111600000.0,8200000.0,-17600000.0,124100000.0,-2466100000.0,0.0,1249800000.0,-30600000.0,1280000000.0,1280000000.0,1280000000.0,8400000.0,1500000.0,0.171,460500000.0,1911500000.0,757400000.0,0.014,2.756,18.674,18.607,1403900000.0,0.0,164.49,3.19,3.19,1237200000.0,7340800000.0,7492700000.0,7492700000.0,0.0,0.123,0.156,0.444,0.257,24200000.0,460500000.0,1.0,145312030.0,145300000.0,146400000.0,51.567,5600000000.0,800000.0,630400000.0,429500000.0,38.541,2252600000.0
14,PCP,MRT,2012-03-31,2012-04-01,2012-04-01,2019-05-23,-441700000.0,10558800000.0,9999500000.0,3785800000.0,6773000000.0,0.72,57.9,-192000000.0,698700000.0,698700000.0,4940000000.0,1226000000.0,3.535,0.262,208200000.0,500000.0,207700000.0,208200000.0,0.0,170000000.0,0.0,0.001,0.12,1831000000.0,2001000000.0,0.278,2001000000.0,1831000000.0,1818000000.0,8.48,8.41,8.48,8360700000.0,7931775000.0,8360700000.0,24969694175.0,14.0,12.479,846000000.0,5.859,1.0,2262000000.0,0.314,4742400000.0,13000000.0,4255000000.0,4206975000.0,1815300000.0,442800000.0,0.0,442800000.0,2194000000.0,1070900000.0,1123100000.0,25098594175.0,-460000000.0,-1424000000.0,122000000.0,-29000000.0,-17000000.0,104000000.0,-1590000000.0,0.0,1038000000.0,-12000000.0,1224000000.0,1224000000.0,1224000000.0,6000000.0,2000000.0,0.17,446000000.0,1816000000.0,713700000.0,0.014,3.002,20.505,20.389,1322200000.0,0.0,172.9,3.485,3.467,1186400000.0,7003500000.0,7202000000.0,7202000000.0,0.0,0.122,0.154,0.435,0.254,18000000.0,446000000.0,1.0,145162488.0,144400000.0,145600000.0,49.875,5816400000.0,7800000.0,594000000.0,260500000.0,40.28,2714900000.0
15,PCP,MRT,2011-12-31,2012-01-01,2012-01-01,2019-05-23,-288200000.0,10197800000.0,9598775000.0,3375200000.0,6822600000.0,0.721,56.206,-140300000.0,337300000.0,337300000.0,4785300000.0,1160400000.0,3.328,0.256,208400000.0,500000.0,207900000.0,208400000.0,0.0,167400000.0,0.0,0.001,0.12,1735200000.0,1902600000.0,0.275,1902600000.0,1735200000.0,1722200000.0,8.06,7.98,8.06,8116200000.0,7631975000.0,8116200000.0,23810298444.0,14.0,12.515,823500000.0,5.703,1.0,2137500000.0,0.309,4685500000.0,13000000.0,4369200000.0,4080025000.0,1834400000.0,439000000.0,0.0,439000000.0,2077700000.0,1014200000.0,1063500000.0,23761098444.0,-485500000.0,-1415800000.0,122100000.0,-28600000.0,-17300000.0,106200000.0,-1543100000.0,0.0,963800000.0,-12400000.0,1159000000.0,1159000000.0,1159000000.0,2600000.0,1400000.0,0.167,418700000.0,1718800000.0,671200000.0,0.015,2.928,20.501,20.445,1287400000.0,0.0,164.79,3.432,3.437,1140300000.0,6671700000.0,6922800000.0,6922800000.0,0.0,0.121,0.152,0.425,0.251,16500000.0,418700000.0,1.0,144190172.0,144400000.0,145600000.0,47.942,5512300000.0,17100000.0,563200000.0,347500000.0,38.174,2361000000.0
16,PCP,MRT,2011-09-30,2011-10-02,2011-10-02,2019-05-23,-276400000.0,9871300000.0,9187775000.0,3189200000.0,6682100000.0,0.73,53.808,-134800000.0,195100000.0,195100000.0,4656000000.0,1109600000.0,3.014,0.273,244300000.0,26400000.0,217900000.0,244300000.0,0.0,165900000.0,0.0,0.001,0.12,1660300000.0,1826200000.0,0.272,1826200000.0,1660300000.0,1647500000.0,7.73,7.65,7.73,7753700000.0,7305375000.0,7753700000.0,21303627238.0,13.0,11.666,930300000.0,6.456,1.0,2054700000.0,0.306,4573000000.0,12800000.0,4289400000.0,3929625000.0,1783800000.0,429600000.0,0.0,429600000.0,2114100000.0,1058100000.0,1056000000.0,22390227238.0,-215500000.0,-1300400000.0,123000000.0,6300000.0,-17200000.0,142300000.0,-1413800000.0,0.0,1065100000.0,-9100000.0,1108200000.0,1108200000.0,1108200000.0,2400000.0,1400000.0,0.165,409100000.0,1645600000.0,695000000.0,0.016,2.888,20.204,20.111,1279500000.0,0.0,155.46,3.336,3.338,1142100000.0,6368700000.0,6710700000.0,6710700000.0,0.0,0.121,0.152,0.423,0.247,16000000.0,409100000.0,1.0,144025648.0,144100000.0,145300000.0,46.57,5298300000.0,19000000.0,539300000.0,331900000.0,36.768,2131100000.0
17,PCP,MRT,2011-06-30,2011-07-03,2011-07-03,2019-05-23,-218100000.0,9370100000.0,8765600000.0,3996500000.0,5373600000.0,0.734,52.131,-125800000.0,1315800000.0,1315800000.0,4471800000.0,1065900000.0,3.953,0.249,229200000.0,6800000.0,222400000.0,229200000.0,0.0,164700000.0,0.0,0.001,0.12,1594100000.0,1758800000.0,0.273,1758800000.0,1594100000.0,1581100000.0,7.44,7.37,7.44,7496500000.0,6987575000.0,7496500000.0,22938042773.0,14.0,13.042,914400000.0,6.359,1.0,1965400000.0,0.305,3358300000.0,13000000.0,3914300000.0,3818675000.0,1613500000.0,420800000.0,0.0,420800000.0,1870100000.0,1010900000.0,859200000.0,23860442773.0,1029400000.0,-40400000.0,117600000.0,-23900000.0,-17100000.0,104700000.0,-149700000.0,0.0,1040200000.0,34200000.0,1064500000.0,1064500000.0,1064500000.0,-6600000.0,1400000.0,0.165,396300000.0,1569100000.0,675800000.0,0.016,3.183,22.415,22.29,1187700000.0,0.0,165.84,3.707,3.705,1034100000.0,6078300000.0,6437200000.0,6437200000.0,0.0,0.121,0.152,0.417,0.248,17800000.0,396300000.0,1.0,143876283.0,143800000.0,145100000.0,44.765,6011800000.0,0.0,516600000.0,242900000.0,41.807,2985600000.0
18,PCP,MRT,2011-03-31,2011-04-03,2011-04-03,2019-05-23,-234600000.0,8955900000.0,8396625000.0,3650600000.0,5305300000.0,0.739,50.186,-120400000.0,1159000000.0,1159000000.0,4318200000.0,1014800000.0,3.875,0.25,236600000.0,14700000.0,221900000.0,236600000.0,0.0,163800000.0,0.0,0.001,0.12,1526400000.0,1690200000.0,0.272,1690200000.0,1526400000.0,1512900000.0,7.1,7.04,7.1,7161500000.0,6650600000.0,7161500000.0,20875827898.0,14.0,12.351,917600000.0,6.43,1.0,1890500000.0,0.304,3344300000.0,13500000.0,3747200000.0,3766375000.0,1459400000.0,411900000.0,0.0,411900000.0,1791400000.0,942000000.0,849400000.0,21461727898.0,1046600000.0,-30800000.0,116300000.0,-14700000.0,-17100000.0,113600000.0,-132900000.0,0.0,1038000000.0,27900000.0,1013500000.0,1013500000.0,1013500000.0,-5100000.0,1300000.0,0.163,389000000.0,1501500000.0,607800000.0,0.017,2.997,21.176,21.072,1194800000.0,0.0,149.61,3.457,3.439,978700000.0,5796700000.0,6208700000.0,6208700000.0,0.0,0.121,0.152,0.405,0.246,17000000.0,389000000.0,1.0,143451159.0,142700000.0,143900000.0,43.509,5611600000.0,20000000.0,499400000.0,203700000.0,39.324,2708600000.0
19,PCP,MRT,2010-12-31,2011-01-02,2011-01-02,2019-05-23,-253500000.0,8553800000.0,8072825000.0,3255100000.0,5298700000.0,0.741,47.688,-115300000.0,822800000.0,822800000.0,4124100000.0,985100000.0,3.757,0.256,236900000.0,14800000.0,222100000.0,236900000.0,0.0,161700000.0,0.0,0.001,0.12,1610300000.0,1772000000.0,0.296,1772000000.0,1610300000.0,1596000000.0,6.91,6.86,6.91,6809800000.0,6332425000.0,6809800000.0,19680712570.0,12.0,11.106,888600000.0,6.223,1.0,1854800000.0,0.31,3333900000.0,14300000.0,3767600000.0,3729625000.0,1520500000.0,399500000.0,0.0,399500000.0,1740900000.0,866400000.0,874500000.0,19853712570.0,604400000.0,-346800000.0,103600000.0,-53600000.0,-17000000.0,60900000.0,-448300000.0,0.0,1003900000.0,-12100000.0,983700000.0,983700000.0,983700000.0,-8000000.0,1400000.0,0.165,392500000.0,1462300000.0,554300000.0,0.017,2.915,20.183,20.146,1190300000.0,0.0,139.21,3.321,3.325,853300000.0,5530000000.0,5978900000.0,5978900000.0,0.0,0.122,0.155,0.432,0.269,17300000.0,392500000.0,1.0,142617000.0,142800000.0,144100000.0,41.869,5219900000.0,24900000.0,612300000.0,192900000.0,36.554,2388700000.0
20,PCP,MRT,2010-09-30,2010-09-26,2010-09-26,2019-05-23,-254900000.0,8182600000.0,7798900000.0,2899900000.0,5282700000.0,0.738,45.555,-112000000.0,410600000.0,410600000.0,3944000000.0,961400000.0,3.444,0.262,237600000.0,14800000.0,222800000.0,237600000.0,0.0,160200000.0,0.0,0.001,0.12,1459400000.0,1619600000.0,0.282,1619600000.0,1459400000.0,1444500000.0,6.76,6.72,6.76,6482500000.0,6065250000.0,6482500000.0,18652683592.0,13.0,11.517,785400000.0,5.519,1.0,1809200000.0,0.314,3321900000.0,14900000.0,3845600000.0,3617850000.0,1499500000.0,393000000.0,0.0,393000000.0,1697400000.0,842100000.0,855300000.0,18688083592.0,-332400000.0,-1171800000.0,82400000.0,-23600000.0,-17100000.0,66200000.0,-1278800000.0,0.0,897400000.0,-17200000.0,960100000.0,960100000.0,960100000.0,-14500000.0,1300000.0,0.167,379400000.0,1429800000.0,531800000.0,0.018,2.883,19.465,19.435,1197000000.0,0.0,131.38,3.248,3.25,879700000.0,5277700000.0,5753200000.0,5753200000.0,0.0,0.123,0.158,0.403,0.254,19400000.0,379400000.0,1.0,142244509.0,142300000.0,143500000.0,40.43,4860700000.0,74500000.0,484400000.0,171700000.0,34.158,2057800000.0
21,PCP,MRT,2010-06-30,2010-06-27,2010-06-27,2019-05-23,-323600000.0,7894200000.0,7504625000.0,2657300000.0,5236900000.0,0.738,43.27,-115600000.0,286400000.0,286400000.0,3762000000.0,917500000.0,3.116,0.283,251000000.0,15100000.0,235900000.0,251000000.0,0.0,156500000.0,0.0,0.001,0.12,1409500000.0,1566000000.0,0.283,1566000000.0,1409500000.0,1394300000.0,6.48,6.43,6.48,6148600000.0,5812000000.0,6148600000.0,15574411439.0,11.0,9.945,840500000.0,5.915,1.0,1774100000.0,0.32,3301000000.0,15200000.0,3705100000.0,3436550000.0,1491900000.0,379200000.0,0.0,379200000.0,1742300000.0,852700000.0,889600000.0,15436811439.0,-345700000.0,-1193200000.0,92700000.0,-55200000.0,-17100000.0,47500000.0,-1312300000.0,0.0,956100000.0,-37000000.0,916400000.0,916400000.0,916400000.0,4000000.0,1100000.0,0.166,369600000.0,1404500000.0,551500000.0,0.019,2.511,16.845,16.753,1190900000.0,0.0,108.56,2.788,2.787,835100000.0,5030900000.0,5536100000.0,5536100000.0,0.0,0.122,0.158,0.41,0.255,15300000.0,369600000.0,1.0,142196126.0,142100000.0,143400000.0,38.959,4593200000.0,4400000.0,477900000.0,157400000.0,32.324,1804600000.0
22,PCP,MRT,2010-03-31,2010-03-28,2010-03-28,2019-05-23,-317200000.0,7660700000.0,7270350000.0,2522100000.0,5138600000.0,0.751,41.854,-169500000.0,112400000.0,112400000.0,3668800000.0,922600000.0,2.822,0.3,250000000.0,15100000.0,234900000.0,250000000.0,0.0,151800000.0,0.0,0.001,0.12,1423700000.0,1575500000.0,0.289,1575500000.0,1423700000.0,1407500000.0,6.55,6.49,6.55,5888800000.0,5583550000.0,5888800000.0,17613305001.0,12.0,11.18,740300000.0,5.262,1.0,1790400000.0,0.328,3304300000.0,16200000.0,3600200000.0,3264700000.0,1435300000.0,372400000.0,0.0,372400000.0,1769000000.0,893800000.0,875200000.0,17542605001.0,-442100000.0,-1190400000.0,89000000.0,-55300000.0,-16900000.0,38900000.0,-1375800000.0,0.0,909800000.0,-15000000.0,921800000.0,921800000.0,921800000.0,3300000.0,800000.0,0.169,367100000.0,1423300000.0,581800000.0,0.018,2.979,19.031,18.904,1206500000.0,0.0,123.82,3.213,3.191,846600000.0,4800300000.0,5459200000.0,5459200000.0,0.0,0.127,0.165,0.436,0.261,18000000.0,367100000.0,1.0,141678283.0,140700000.0,142100000.0,38.8,4356400000.0,82100000.0,485700000.0,137600000.0,30.962,1628300000.0
23,PCP,MRT,2009-12-31,2009-12-27,2009-12-27,2019-05-23,-174800000.0,7458100000.0,7035525000.0,2466500000.0,4991600000.0,0.793,40.775,-192400000.0,218400000.0,218400000.0,3752600000.0,941300000.0,3.042,0.299,289100000.0,23600000.0,265500000.0,289100000.0,0.0,145400000.0,0.0,0.001,0.12,1332200000.0,1477600000.0,0.265,1477600000.0,1332200000.0,1315400000.0,6.71,6.66,6.71,5741100000.0,5326300000.0,5741100000.0,15558191652.0,12.0,10.529,754600000.0,5.359,1.0,1824200000.0,0.327,3397400000.0,16800000.0,3320500000.0,3078450000.0,1374200000.0,0.0,0.0,0.0,1714100000.0,810900000.0,903200000.0,16041291652.0,-58500000.0,-867100000.0,78500000.0,-22600000.0,-16900000.0,56200000.0,-1066700000.0,0.0,947000000.0,5000000.0,940900000.0,940900000.0,940900000.0,8800000.0,400000.0,0.169,364100000.0,1460100000.0,456100000.0,0.018,2.794,17.049,16.988,1254800000.0,0.0,113.99,2.876,2.878,767200000.0,4563300000.0,5576800000.0,5576800000.0,0.0,0.134,0.177,0.433,0.239,21200000.0,365000000.0,1.0,140725429.0,140800000.0,142300000.0,39.608,4060700000.0,64300000.0,374500000.0,91400000.0,28.84,1655600000.0
24,PCP,MRT,2009-09-30,2009-09-27,2009-09-27,2019-05-23,-171200000.0,7005500000.0,6783175000.0,2873200000.0,4132300000.0,0.858,38.984,-209800000.0,743000000.0,743000000.0,3975100000.0,947300000.0,3.537,0.28,259900000.0,23800000.0,236100000.0,259900000.0,0.0,137300000.0,0.0,0.001,0.12,1462300000.0,1599600000.0,0.275,1599600000.0,1462300000.0,1445400000.0,6.78,6.72,6.78,5469500000.0,5044300000.0,5469500000.0,13735092988.0,9.0,8.587,754800000.0,5.38,1.0,1847800000.0,0.317,2589600000.0,16900000.0,3120400000.0,2945350000.0,1305800000.0,0.0,0.0,0.0,1533100000.0,812400000.0,720700000.0,14061292988.0,210700000.0,-486600000.0,52200000.0,-50600000.0,-16700000.0,-7200000.0,-702000000.0,0.0,964600000.0,-44700000.0,947100000.0,947100000.0,947100000.0,10400000.0,200000.0,0.163,379800000.0,1468000000.0,462100000.0,0.018,2.571,14.847,14.791,1216600000.0,0.0,100.28,2.415,2.416,755900000.0,4334700000.0,5822900000.0,5822900000.0,0.0,0.14,0.188,0.496,0.251,31700000.0,368900000.0,1.0,140220313.0,140300000.0,141600000.0,41.503,4415900000.0,35200000.0,498300000.0,123200000.0,31.475,2060800000.0
25,PCP,MRT,2009-06-30,2009-06-28,2009-06-28,2019-05-23,-175300000.0,6957100000.0,6639000000.0,2835800000.0,4121300000.0,0.954,37.365,-233600000.0,632100000.0,632100000.0,4409600000.0,1009400000.0,2.776,0.328,305900000.0,55200000.0,250700000.0,305900000.0,0.0,136900000.0,0.0,0.002,0.12,1546400000.0,1683300000.0,0.266,1683300000.0,1546400000.0,1528600000.0,7.23,7.17,7.23,5234800000.0,4811800000.0,5234800000.0,9999711712.0,6.0,5.941,762500000.0,5.443,1.0,1921000000.0,0.303,2591500000.0,17800000.0,3017700000.0,2845675000.0,1303000000.0,0.0,0.0,0.0,1719300000.0,1021700000.0,697600000.0,10248211712.0,218300000.0,-475500000.0,38700000.0,-20100000.0,-16700000.0,6800000.0,-715100000.0,0.0,996100000.0,-69500000.0,1009100000.0,1009100000.0,1009100000.0,-5100000.0,300000.0,0.159,386200000.0,1534800000.0,491400000.0,0.017,1.958,10.156,10.12,1219200000.0,0.0,73.17,1.619,1.619,813100000.0,4131600000.0,6330600000.0,6330600000.0,0.0,0.152,0.21,0.543,0.244,33100000.0,375300000.0,1.0,140060294.0,140100000.0,141200000.0,45.186,4365600000.0,55100000.0,519500000.0,264800000.0,31.161,1814100000.0
26,PCP,MRT,2009-03-31,2009-03-29,2009-03-29,2019-05-23,-288200000.0,6721400000.0,6505025000.0,2784700000.0,3936700000.0,1.041,34.862,-203900000.0,554500000.0,554500000.0,4792100000.0,1044800000.0,2.625,0.382,305300000.0,55000000.0,250300000.0,305300000.0,0.0,135800000.0,0.0,0.002,0.12,1601200000.0,1737000000.0,0.257,1737000000.0,1601200000.0,1582900000.0,7.49,7.43,7.49,4859800000.0,4590925000.0,4859800000.0,8867600356.0,6.0,5.105,899200000.0,6.451,1.0,1978700000.0,0.292,2556200000.0,18300000.0,2855200000.0,2769625000.0,1225700000.0,0.0,0.0,0.0,1858300000.0,1060800000.0,797500000.0,8832700356.0,333200000.0,-475900000.0,36700000.0,-50000000.0,-16700000.0,-19400000.0,-664100000.0,0.0,1103100000.0,-86400000.0,1044500000.0,1044500000.0,1044500000.0,-7900000.0,300000.0,0.154,392800000.0,1585900000.0,600200000.0,0.016,1.818,8.456,8.427,1143000000.0,0.0,63.12,1.305,1.3,906100000.0,3895400000.0,6770800000.0,6770800000.0,0.0,0.161,0.228,0.578,0.236,26600000.0,381900000.0,1.0,139935050.0,139400000.0,140600000.0,48.571,4165200000.0,58800000.0,538400000.0,156900000.0,29.879,1723900000.0
27,PCP,MRT,2008-12-31,2008-12-28,2008-12-28,2019-05-23,-245100000.0,6448700000.0,6337200000.0,2506000000.0,3942700000.0,1.089,33.093,-221200000.0,276900000.0,276900000.0,4934100000.0,1064800000.0,2.244,0.398,311800000.0,52500000.0,259300000.0,311800000.0,0.0,134400000.0,0.0,0.002,0.12,1625300000.0,1759700000.0,0.255,1759700000.0,1625300000.0,1604000000.0,7.64,7.55,7.64,4613100000.0,4387225000.0,4613100000.0,7701371735.0,5.0,4.377,910800000.0,6.534,1.0,1966800000.0,0.285,2578600000.0,21300000.0,2788100000.0,2715850000.0,1217400000.0,0.0,0.0,0.0,1835600000.0,1116900000.0,718700000.0,7924671735.0,100400000.0,-442500000.0,28700000.0,-334900000.0,-16700000.0,-307100000.0,-649000000.0,0.0,1132000000.0,-75500000.0,1063200000.0,1063200000.0,1063200000.0,-31500000.0,1600000.0,0.154,380600000.0,1586200000.0,596700000.0,0.016,1.718,7.454,7.44,1134000000.0,0.0,56.84,1.148,1.148,896500000.0,3645100000.0,6900900000.0,6900900000.0,0.0,0.168,0.242,0.598,0.236,19600000.0,362700000.0,1.0,139420685.0,139400000.0,140300000.0,49.504,3870100000.0,70900000.0,540800000.0,136600000.0,27.763,1389100000.0
28,PCP,MRT,2008-09-30,2008-09-28,2008-09-28,2019-05-23,-67900000.0,6428800000.0,6185575000.0,2783100000.0,3645700000.0,1.125,32.565,-220700000.0,532300000.0,532300000.0,4997400000.0,1072100000.0,2.351,0.416,309000000.0,49800000.0,259200000.0,309000000.0,0.0,132500000.0,0.0,0.001,0.12,1636200000.0,1768700000.0,0.254,1768700000.0,1636200000.0,1607900000.0,7.7,7.61,7.7,4539500000.0,4149550000.0,4539500000.0,11251356320.0,7.0,6.361,831700000.0,5.966,1.0,1961000000.0,0.282,2300100000.0,28300000.0,2721700000.0,2697250000.0,1111500000.0,0.0,0.0,0.0,1889300000.0,1183700000.0,705600000.0,11340456320.0,319800000.0,30900000.0,49000000.0,-602000000.0,-16700000.0,-538300000.0,-177300000.0,0.0,1052400000.0,-17000000.0,1070600000.0,1070600000.0,1070600000.0,-34100000.0,1500000.0,0.154,365200000.0,1595800000.0,646800000.0,0.016,2.498,10.593,10.569,1133600000.0,0.0,81.38,1.63,1.63,1026300000.0,3410100000.0,6958400000.0,6958400000.0,0.0,0.173,0.258,0.607,0.235,-1900000.0,359100000.0,1.0,139351884.0,139400000.0,140700000.0,49.917,4128700000.0,83300000.0,537300000.0,81600000.0,29.618,1599400000.0
29,PCP,MRT,2008-06-30,2008-06-29,2008-06-29,2019-05-23,23000000.0,6421200000.0,6048000000.0,2728200000.0,3693000000.0,1.137,31.259,-217800000.0,413800000.0,413800000.0,4951800000.0,1038000000.0,2.128,0.476,324700000.0,20100000.0,304600000.0,324700000.0,0.0,128000000.0,0.0,0.001,0.12,1595400000.0,1723400000.0,0.251,1723400000.0,1595400000.0,1557100000.0,7.48,7.38,7.48,4351300000.0,3857950000.0,4351300000.0,13931127874.0,9.0,8.084,797800000.0,5.731,1.0,1926600000.0,0.28,2336300000.0,38300000.0,2713500000.0,2747100000.0,1128100000.0,0.0,0.0,0.0,2069900000.0,1282300000.0,787600000.0,13797427874.0,212400000.0,-124200000.0,53200000.0,-568400000.0,-16600000.0,-495900000.0,-324800000.0,0.0,1015600000.0,17500000.0,1036700000.0,1036700000.0,1036700000.0,-31300000.0,1300000.0,0.151,366900000.0,1559700000.0,705300000.0,0.016,3.171,13.309,13.242,1140800000.0,0.0,99.05,2.006,2.005,1058000000.0,3145000000.0,6878400000.0,6878400000.0,0.0,0.171,0.269,0.581,0.232,-4500000.0,360800000.0,1.0,139297606.0,139200000.0,140800000.0,49.414,4084900000.0,81800000.0,520400000.0,210900000.0,29.346,1445900000.0
30,PCP,MRT,2008-03-31,2008-03-30,2008-03-30,2019-05-23,16000000.0,6050100000.0,5843475000.0,2372300000.0,3677800000.0,1.15,29.29,-224700000.0,221300000.0,221300000.0,4873400000.0,988500000.0,1.969,0.496,353900000.0,19500000.0,334400000.0,353900000.0,0.0,125200000.0,0.0,0.001,0.12,1525300000.0,1650500000.0,0.246,1650500000.0,1525300000.0,1477500000.0,7.15,7.04,7.15,4045000000.0,3547475000.0,4045000000.0,14551110428.0,10.0,8.816,689000000.0,4.989,1.0,1845200000.0,0.275,2337800000.0,47800000.0,2640100000.0,2767450000.0,986200000.0,0.0,0.0,0.0,2005100000.0,1204800000.0,800300000.0,14080910428.0,70900000.0,-212800000.0,53600000.0,-517600000.0,-16600000.0,-438100000.0,-429300000.0,0.0,913700000.0,24600000.0,987300000.0,987300000.0,987300000.0,-31200000.0,1200000.0,0.147,355400000.0,1489800000.0,679000000.0,0.017,3.481,14.262,14.175,1106400000.0,0.0,101.35,2.096,2.083,1013300000.0,2873400000.0,6718600000.0,6718600000.0,0.0,0.169,0.278,0.551,0.227,-11200000.0,349300000.0,1.0,138933502.0,138100000.0,140200000.0,48.65,3712300000.0,83000000.0,490200000.0,110400000.0,26.881,1167500000.0
31,PCP,MRT,2007-12-31,2007-12-30,2007-12-30,2019-05-23,-51700000.0,5842200000.0,5645625000.0,2254600000.0,3587600000.0,1.142,26.482,-215400000.0,176500000.0,176500000.0,4708000000.0,912800000.0,1.817,0.595,646700000.0,170600000.0,476100000.0,646700000.0,0.0,118000000.0,0.0,0.001,0.12,1414500000.0,1532500000.0,0.238,1532500000.0,1414500000.0,1357700000.0,6.64,6.53,6.64,3662400000.0,3245275000.0,3662400000.0,19835719403.0,14.0,12.943,759000000.0,5.488,1.0,1737300000.0,0.27,2358200000.0,56800000.0,2713700000.0,2663450000.0,956700000.0,0.0,0.0,0.0,2179800000.0,1240500000.0,939300000.0,19136019403.0,51200000.0,-586200000.0,62300000.0,-192700000.0,-16500000.0,-104100000.0,-837500000.0,0.0,974400000.0,18400000.0,912800000.0,912800000.0,912800000.0,-24600000.0,0.0,0.142,355400000.0,1381900000.0,566200000.0,0.018,5.225,20.964,20.864,1093900000.0,0.0,138.54,2.969,2.973,961500000.0,2598600000.0,6445300000.0,6445300000.0,0.0,0.162,0.281,0.531,0.219,-11100000.0,355400000.0,1.0,138126313.0,138300000.0,140400000.0,46.604,3484000000.0,93900000.0,444900000.0,58400000.0,25.192,1014100000.0
32,PCP,MRT,2007-09-30,2007-09-30,2007-09-30,2019-05-23,-49300000.0,5878500000.0,5391550000.0,2298900000.0,3579600000.0,1.142,24.46,-249400000.0,212500000.0,212500000.0,4550100000.0,825000000.0,1.776,0.743,912200000.0,170600000.0,741600000.0,912200000.0,0.0,117100000.0,0.0,0.001,0.12,1282900000.0,1400000000.0,0.227,1400000000.0,1282900000.0,1225200000.0,6.03,5.92,6.03,3373100000.0,2999150000.0,3373100000.0,21092124926.0,16.0,15.066,656600000.0,4.761,1.0,1609600000.0,0.261,2362400000.0,57700000.0,2921100000.0,2594900000.0,940600000.0,0.0,0.0,0.0,2505400000.0,1294700000.0,1210700000.0,20399824926.0,103800000.0,-589300000.0,60700000.0,-44300000.0,-16500000.0,37000000.0,-868200000.0,0.0,906000000.0,29000000.0,825000000.0,825000000.0,825000000.0,-20100000.0,0.0,0.134,353400000.0,1256200000.0,598900000.0,0.02,6.048,24.727,24.541,1088000000.0,0.0,147.98,3.312,3.313,958600000.0,2356200000.0,6159700000.0,6159700000.0,0.0,0.153,0.275,0.494,0.208,-8200000.0,353400000.0,1.0,137855284.0,137900000.0,140100000.0,44.668,3516100000.0,124500000.0,400200000.0,77200000.0,25.497,1004200000.0
33,PCP,MRT,2007-06-30,2007-07-01,2007-07-01,2019-05-23,-63500000.0,5603100000.0,5100250000.0,2259000000.0,3344100000.0,1.129,22.614,-241200000.0,201400000.0,201400000.0,4295400000.0,744400000.0,1.69,0.802,893700000.0,170600000.0,723100000.0,893700000.0,0.0,113400000.0,0.0,0.001,0.12,1157600000.0,1271000000.0,0.221,1271000000.0,1157600000.0,1099400000.0,5.46,5.37,5.46,3109400000.0,2770475000.0,3109400000.0,17420577619.0,15.0,13.706,620500000.0,4.513,1.0,1463300000.0,0.254,2164000000.0,58200000.0,2794900000.0,2532700000.0,930600000.0,0.0,0.0,0.0,2493700000.0,1336500000.0,1157200000.0,16697977619.0,103600000.0,-405600000.0,57400000.0,-215900000.0,-16400000.0,-130700000.0,-654700000.0,0.0,861700000.0,27300000.0,744400000.0,744400000.0,744400000.0,-31300000.0,0.0,0.129,342600000.0,1120700000.0,616800000.0,0.022,5.37,22.431,22.227,1055000000.0,0.0,121.36,2.9,2.898,939600000.0,2124900000.0,5758700000.0,5758700000.0,0.0,0.146,0.269,0.457,0.201,-10900000.0,342600000.0,1.0,137590455.0,137500000.0,139600000.0,41.881,3439100000.0,127600000.0,355000000.0,128900000.0,25.012,922500000.0
34,PCP,MRT,2007-03-31,2007-04-01,2007-04-01,2019-05-23,-82700000.0,5258700000.0,4878425000.0,2036900000.0,3221800000.0,1.07,20.854,-215100000.0,150400000.0,150400000.0,3937400000.0,633100000.0,1.228,0.854,873000000.0,553800000.0,319200000.0,873000000.0,0.0,107300000.0,0.0,0.001,0.12,989700000.0,1097000000.0,0.21,1097000000.0,989700000.0,932700000.0,4.66,4.59,4.66,2836200000.0,2561550000.0,2836200000.0,14982130061.0,15.0,13.657,650400000.0,4.782,1.0,1283400000.0,0.246,2099000000.0,57000000.0,2224100000.0,2551350000.0,864400000.0,0.0,0.0,0.0,2422500000.0,1658200000.0,764300000.0,14267430061.0,90500000.0,-847500000.0,49300000.0,209000000.0,-16300000.0,274000000.0,-1070600000.0,0.0,865500000.0,21600000.0,633100000.0,633100000.0,633100000.0,-29600000.0,0.0,0.121,326900000.0,956500000.0,576200000.0,0.026,5.03,22.536,22.328,989800000.0,0.0,104.05,2.733,2.71,839600000.0,1903200000.0,5220800000.0,5220800000.0,0.0,0.13,0.247,0.388,0.19,-2100000.0,326900000.0,1.0,137120904.0,136000000.0,138000000.0,38.388,3159700000.0,107800000.0,299600000.0,90800000.0,23.233,378700000.0
35,PCP,MRT,2006-12-31,2006-12-31,2006-12-31,2019-05-23,-5400000.0,4825900000.0,4501200000.0,1912300000.0,2913600000.0,1.047,19.676,-182300000.0,125300000.0,125300000.0,3586000000.0,529000000.0,1.464,0.802,840000000.0,366500000.0,473500000.0,840000000.0,0.0,106400000.0,0.0,0.002,0.12,839300000.0,945700000.0,0.201,945700000.0,839300000.0,789000000.0,3.92,3.86,3.92,2677900000.0,2387625000.0,2677900000.0,11471339227.0,14.0,12.13,302400000.0,2.222,1.0,1126800000.0,0.239,1794900000.0,50300000.0,2439500000.0,2476400000.0,887800000.0,0.0,0.0,0.0,2148000000.0,1306200000.0,841800000.0,10623239227.0,6500000.0,-615400000.0,56900000.0,210900000.0,-16100000.0,277800000.0,-776700000.0,0.0,484700000.0,20700000.0,529000000.0,529000000.0,529000000.0,-16900000.0,0.0,0.112,302800000.0,824000000.0,448100000.0,0.031,3.967,20.082,19.969,920200000.0,0.0,78.28,2.254,2.261,784500000.0,1706900000.0,4712800000.0,4712800000.0,0.0,0.118,0.222,0.339,0.178,12200000.0,302800000.0,1.0,135708217.0,136100000.0,138100000.0,34.627,3031000000.0,67900000.0,260000000.0,58800000.0,22.27,606100000.0
36,PCP,MRT,2006-09-30,2006-10-01,2006-10-01,2019-05-23,-31000000.0,4713300000.0,4190100000.0,1890600000.0,2822700000.0,0.999,18.143,-128900000.0,108700000.0,108700000.0,3198100000.0,464000000.0,1.724,0.917,956800000.0,161000000.0,795800000.0,956800000.0,0.0,101500000.0,0.0,0.002,0.12,730300000.0,831800000.0,0.199,831800000.0,730300000.0,682400000.0,3.45,3.4,3.45,2458400000.0,2221875000.0,2458400000.0,9584255742.0,13.0,11.522,289800000.0,2.139,1.0,989400000.0,0.236,1792200000.0,47900000.0,2672300000.0,2321050000.0,938100000.0,0.0,0.0,0.0,2254900000.0,1096900000.0,1158000000.0,8556755742.0,-93300000.0,-595700000.0,41700000.0,151700000.0,-16100000.0,194100000.0,-710100000.0,0.0,418700000.0,4000000.0,464000000.0,464000000.0,464000000.0,-18500000.0,0.0,0.111,275900000.0,713500000.0,457500000.0,0.035,3.481,18.441,18.307,861900000.0,0.0,63.16,2.043,2.044,740500000.0,1552300000.0,4187500000.0,4187500000.0,0.0,0.111,0.209,0.315,0.174,21300000.0,273600000.0,1.0,135477450.0,135500000.0,137300000.0,30.904,2921100000.0,63200000.0,218400000.0,51800000.0,21.558,793700000.0
37,PCP,MRT,2006-06-30,2006-07-02,2006-07-02,2019-05-23,-53300000.0,4715800000.0,3937175000.0,1914300000.0,2801500000.0,0.95,16.805,-107100000.0,97800000.0,97800000.0,2874000000.0,388300000.0,1.725,1.074,1125300000.0,163100000.0,962200000.0,1125300000.0,0.0,96100000.0,0.0,0.002,0.12,613000000.0,709100000.0,0.19,709100000.0,613000000.0,569800000.0,2.9,2.85,2.9,2273700000.0,2089950000.0,2273700000.0,8706458530.0,14.0,12.278,231600000.0,1.712,1.0,865100000.0,0.231,1763900000.0,43200000.0,2869500000.0,2151550000.0,1006100000.0,0.0,0.0,0.0,2442100000.0,1109900000.0,1332200000.0,8089758530.0,-62300000.0,-617300000.0,47000000.0,295300000.0,-14000000.0,331900000.0,-729100000.0,0.0,338700000.0,-3800000.0,388300000.0,388300000.0,388300000.0,-4500000.0,0.0,0.104,254800000.0,610300000.0,461300000.0,0.041,3.558,20.834,20.607,871100000.0,0.0,59.76,2.164,2.162,722700000.0,1401500000.0,3739100000.0,3739100000.0,0.0,0.099,0.186,0.285,0.164,27500000.0,252500000.0,1.0,135370792.0,135300000.0,137200000.0,27.636,2951900000.0,42600000.0,181500000.0,75700000.0,21.817,804400000.0
38,PCP,MRT,2006-03-31,2006-04-02,2006-04-02,2019-05-23,-65300000.0,3749800000.0,3669075000.0,1233800000.0,2516000000.0,0.948,16.058,-95300000.0,59900000.0,59900000.0,2685000000.0,350600000.0,1.606,0.752,662600000.0,68800000.0,593800000.0,662600000.0,0.0,95600000.0,0.0,0.002,0.105,553200000.0,648800000.0,0.186,648800000.0,553200000.0,512600000.0,2.63,2.58,2.63,2140500000.0,1981875000.0,2140500000.0,8485748348.0,15.0,13.079,135500000.0,1.017,1.0,794700000.0,0.228,1659800000.0,40600000.0,1924300000.0,1926900000.0,557000000.0,0.0,0.0,0.0,1609300000.0,768400000.0,840900000.0,7963048348.0,-94000000.0,-84800000.0,47900000.0,-164900000.0,-11900000.0,-131800000.0,-184200000.0,0.0,230800000.0,-8800000.0,350600000.0,350600000.0,350600000.0,-3400000.0,0.0,0.101,243300000.0,551400000.0,365300000.0,0.04,3.72,22.713,22.586,671600000.0,0.0,59.4,2.288,2.275,495400000.0,1290500000.0,3479700000.0,3479700000.0,0.0,0.096,0.177,0.287,0.159,27800000.0,241000000.0,1.0,134058053.0,133300000.0,135700000.0,26.104,2090000000.0,65200000.0,162000000.0,37300000.0,15.679,465400000.0
39,PCP,MRT,2005-12-31,2006-01-01,2006-01-01,2019-05-23,-46900000.0,3581500000.0,3637875000.0,1195600000.0,2385900000.0,0.926,15.116,-87800000.0,118800000.0,118800000.0,2611800000.0,316200000.0,1.687,0.778,641500000.0,49300000.0,592200000.0,641500000.0,0.0,94400000.0,0.0,0.002,0.09,506200000.0,600600000.0,0.178,600600000.0,506200000.0,463000000.0,2.385,2.345,2.385,2014900000.0,1891850000.0,2014900000.0,7552588159.0,15.0,12.575,241500000.0,1.812,1.0,758300000.0,0.225,1577300000.0,43200000.0,1818100000.0,1934100000.0,546500000.0,0.0,0.0,0.0,1566600000.0,708800000.0,857800000.0,6884188159.0,-278100000.0,-109600000.0,31600000.0,-408900000.0,-9900000.0,-392400000.0,-202100000.0,0.0,329300000.0,-12900000.0,316200000.0,316200000.0,316200000.0,6700000.0,0.0,0.094,243900000.0,514400000.0,306900000.0,0.038,3.417,21.772,21.723,676700000.0,0.0,51.81,2.043,2.049,444000000.0,1194000000.0,3370100000.0,3370100000.0,0.0,0.087,0.167,0.262,0.15,16800000.0,240000000.0,1.0,132873734.0,133300000.0,135800000.0,25.282,2004200000.0,59600000.0,146800000.0,29900000.0,15.035,486800000.0
40,PCP,MRT,2005-09-30,2005-10-02,2005-10-02,2019-05-23,-35000000.0,3701600000.0,3668050000.0,1307700000.0,2393900000.0,0.888,14.517,-75100000.0,202000000.0,202000000.0,2526000000.0,284200000.0,1.766,0.917,817800000.0,44400000.0,773400000.0,817800000.0,0.0,95200000.0,0.0,0.001,0.075,477300000.0,572500000.0,0.176,572500000.0,477300000.0,429700000.0,2.155,2.115,2.155,1930700000.0,1816500000.0,1930700000.0,7723995275.0,16.0,13.492,264300000.0,1.987,1.0,730700000.0,0.224,1582800000.0,47600000.0,1994300000.0,1969100000.0,542800000.0,0.0,0.0,0.0,1770900000.0,740300000.0,1030600000.0,7055595275.0,39800000.0,-14100000.0,45900000.0,-234100000.0,-7800000.0,-201100000.0,-92600000.0,0.0,339400000.0,-5900000.0,284200000.0,284200000.0,284200000.0,9500000.0,0.0,0.087,242700000.0,488000000.0,324100000.0,0.035,3.654,24.826,24.64,679000000.0,0.0,53.1,2.166,2.169,459000000.0,1104400000.0,3256700000.0,3256700000.0,0.0,0.077,0.156,0.242,0.147,23500000.0,241100000.0,1.0,132873734.0,133000000.0,135500000.0,24.486,2118800000.0,57200000.0,145500000.0,40500000.0,15.931,567400000.0
41,PCP,MRT,2005-06-30,2005-07-03,2005-07-03,2019-05-23,-31600000.0,3643400000.0,3644225000.0,1241100000.0,2402300000.0,0.847,13.908,-63600000.0,160100000.0,160100000.0,2388000000.0,22100000.0,1.642,0.979,828500000.0,44300000.0,784200000.0,828500000.0,0.0,94800000.0,0.0,0.002,0.06,209900000.0,304700000.0,0.099,304700000.0,209900000.0,157900000.0,0.155,0.155,0.155,1841400000.0,1731425000.0,1841400000.0,5792513238.0,28.0,19.011,281600000.0,2.127,1.0,696900000.0,0.226,1585000000.0,52000000.0,1970900000.0,1999725000.0,554300000.0,0.0,0.0,0.0,1802000000.0,755900000.0,1046100000.0,5103413238.0,36100000.0,-15600000.0,41700000.0,-239700000.0,-7800000.0,-224100000.0,-86000000.0,0.0,345200000.0,200000.0,22100000.0,22100000.0,22100000.0,248500000.0,0.0,0.007,237400000.0,459500000.0,313600000.0,0.387,2.771,230.924,248.387,676800000.0,0.0,38.5,1.654,1.652,424600000.0,1027200000.0,3084900000.0,3084900000.0,0.0,0.006,0.013,0.105,0.068,17400000.0,235800000.0,1.0,132556188.0,132400000.0,134800000.0,23.3,2058400000.0,70600000.0,135800000.0,81500000.0,15.547,485200000.0
42,PCP,MRT,2005-03-31,2005-04-03,2005-04-03,2019-05-23,-11000000.0,3625000000.0,3688350000.0,1213100000.0,2411900000.0,0.786,13.632,-60800000.0,153900000.0,153900000.0,2246400000.0,-1700000.0,1.556,1.036,843000000.0,44300000.0,798700000.0,843000000.0,0.0,94000000.0,0.0,0.002,0.06,175000000.0,269000000.0,0.093,269000000.0,175000000.0,119000000.0,-0.01,-0.01,-0.01,1780400000.0,1713650000.0,1780400000.0,5676357360.0,32.0,21.102,295700000.0,2.264,1.0,653600000.0,0.225,1581300000.0,56000000.0,1953100000.0,2053000000.0,531300000.0,0.0,0.0,0.0,1844600000.0,779700000.0,1064900000.0,5021157360.0,73600000.0,-17900000.0,41200000.0,-229700000.0,-7700000.0,-200500000.0,-85500000.0,0.0,356500000.0,3100000.0,-1700000.0,-1700000.0,-1700000.0,244900000.0,0.0,-0.001,232400000.0,421200000.0,312400000.0,-6.0,2.82,-2953.622,-3800.0,692500000.0,0.0,38.0,1.731,1.711,408200000.0,951800000.0,2900000000.0,2900000000.0,0.0,0.0,-0.001,0.085,0.06,16000000.0,230800000.0,1.0,132135720.0,130600000.0,133000000.0,22.205,2043700000.0,81100000.0,120700000.0,89400000.0,15.649,433400000.0
43,PCP,MRT,2004-12-31,2005-01-02,2005-01-02,2019-05-23,6400000.0,3702200000.0,3720975000.0,1414600000.0,2287600000.0,0.686,13.1,-60700000.0,396900000.0,396900000.0,1987600000.0,-26400000.0,1.477,1.161,1052100000.0,305000000.0,747100000.0,1052100000.0,0.0,96400000.0,0.0,0.002,0.06,136300000.0,232700000.0,0.091,232700000.0,136300000.0,77700000.0,-0.185,-0.195,-0.185,1713500000.0,1697200000.0,1713500000.0,5171073674.0,38.0,22.222,228200000.0,1.745,1.0,565400000.0,0.221,1441400000.0,58600000.0,1958100000.0,2172150000.0,501600000.0,0.0,0.0,0.0,1988700000.0,957900000.0,1030800000.0,4279073674.0,349300000.0,122500000.0,47700000.0,-37300000.0,-7400000.0,22100000.0,41800000.0,0.0,288900000.0,7800000.0,-26400000.0,-26400000.0,-26400000.0,229100000.0,0.0,-0.01,209500000.0,355900000.0,262600000.0,-0.324,2.497,-162.086,-177.514,676400000.0,0.0,32.84,1.676,1.683,371300000.0,887700000.0,2553000000.0,2553000000.0,0.0,-0.007,-0.016,0.063,0.053,16200000.0,195900000.0,1.0,130300660.0,130800000.0,133200000.0,19.518,2260800000.0,66200000.0,104100000.0,49900000.0,17.284,456700000.0
44,PCP,MRT,2004-09-30,2004-09-26,2004-09-26,2019-05-23,-29500000.0,3606300000.0,3714275000.0,1293800000.0,2312500000.0,0.608,12.253,-58100000.0,162200000.0,162200000.0,1760400000.0,-60300000.0,1.349,1.268,1054200000.0,286500000.0,767700000.0,1054200000.0,0.0,90800000.0,0.0,0.002,0.06,82200000.0,173000000.0,0.077,173000000.0,82200000.0,25100000.0,-0.405,-0.41,-0.405,1590400000.0,1684775000.0,1590400000.0,4838519322.0,59.0,27.968,141500000.0,1.09,1.0,498900000.0,0.221,1422400000.0,57100000.0,2116800000.0,2300475000.0,480400000.0,0.0,0.0,0.0,2015900000.0,959100000.0,1056800000.0,3890619322.0,131600000.0,-265200000.0,61300000.0,215400000.0,-7100000.0,269800000.0,-340200000.0,0.0,199600000.0,5800000.0,-60300000.0,-60300000.0,-60300000.0,226600000.0,0.0,-0.027,199200000.0,299700000.0,300500000.0,-0.148,2.446,-64.521,-73.975,679200000.0,0.0,29.96,1.722,1.721,426400000.0,828000000.0,2259300000.0,2259300000.0,0.0,-0.016,-0.036,0.036,0.036,17700000.0,174400000.0,1.0,129860458.0,129800000.0,132400000.0,17.406,2183900000.0,71500000.0,85400000.0,35000000.0,16.825,334700000.0
45,PCP,MRT,2004-06-30,2004-06-27,2004-06-27,2019-05-23,-29300000.0,3819900000.0,3425350000.0,1262400000.0,2557500000.0,0.576,13.681,-56500000.0,124000000.0,124000000.0,1538000000.0,137200000.0,1.335,1.158,1071900000.0,268100000.0,803800000.0,1071900000.0,0.0,84500000.0,0.0,0.002,0.06,264600000.0,349100000.0,0.177,349100000.0,264600000.0,209800000.0,1.14,1.105,1.14,1770300000.0,1571675000.0,1770300000.0,4424715881.0,17.0,12.675,120900000.0,0.934,1.0,436300000.0,0.221,1638100000.0,54800000.0,2184000000.0,2136475000.0,567700000.0,0.0,0.0,0.0,2049600000.0,945700000.0,1103900000.0,3428715881.0,89000000.0,-264500000.0,60900000.0,184600000.0,-6700000.0,243500000.0,-335000000.0,0.0,177400000.0,3400000.0,137200000.0,137200000.0,137200000.0,-800000.0,0.0,0.069,181800000.0,254500000.0,294400000.0,0.053,1.937,24.991,23.224,741800000.0,0.0,26.475,1.737,1.735,436300000.0,1012900000.0,1974300000.0,1974300000.0,0.0,0.04,0.087,0.124,0.134,17000000.0,148600000.0,1.0,129507682.0,129400000.0,131600000.0,15.257,2181800000.0,111100000.0,72600000.0,59500000.0,16.861,316700000.0
46,PCP,MRT,2004-03-31,2004-03-28,2004-03-28,2019-05-23,-29000000.0,3755500000.0,3094000000.0,1188600000.0,2566900000.0,0.618,15.2,-55800000.0,80300000.0,80300000.0,1484900000.0,117900000.0,1.301,1.19,1076300000.0,253300000.0,823000000.0,1076300000.0,0.0,80200000.0,0.0,0.003,0.06,241700000.0,321900000.0,0.168,321900000.0,241700000.0,188400000.0,1.05,1.02,1.05,1714600000.0,1407300000.0,1714600000.0,3827808821.0,16.0,11.891,87300000.0,0.774,1.0,428200000.0,0.224,1407900000.0,53300000.0,2429700000.0,1974775000.0,453600000.0,0.0,0.0,0.0,2040900000.0,913900000.0,1127000000.0,2779708821.0,51600000.0,-249500000.0,59500000.0,172000000.0,-6400000.0,223400000.0,-317500000.0,0.0,143100000.0,2600000.0,117900000.0,117900000.0,117900000.0,9000000.0,0.0,0.062,176100000.0,252100000.0,255200000.0,0.057,1.621,23.577,20.486,704400000.0,0.0,21.51,1.453,1.268,389000000.0,961200000.0,1913100000.0,1913100000.0,0.0,0.038,0.084,0.122,0.126,16100000.0,154000000.0,1.0,129228676.0,112800000.0,115200000.0,16.96,2347600000.0,108600000.0,70500000.0,34300000.0,20.812,274700000.0
47,PCP,MRT,2003-12-31,2003-12-28,2003-12-28,2019-05-23,-13200000.0,3675400000.0,2771925000.0,1117800000.0,2557600000.0,0.569,14.962,-41800000.0,47600000.0,47600000.0,1224900000.0,97000000.0,1.778,1.209,1095700000.0,48600000.0,1047100000.0,1095700000.0,0.0,70300000.0,0.0,0.003,0.06,205500000.0,275800000.0,0.175,275800000.0,205500000.0,154600000.0,0.9,0.895,0.9,1663800000.0,1244075000.0,1663800000.0,3040660581.0,15.0,11.025,154800000.0,1.392,1.0,351300000.0,0.223,1623300000.0,50900000.0,2471400000.0,1745975000.0,534400000.0,0.0,0.0,0.0,2011600000.0,628800000.0,1382800000.0,2432560581.0,20300000.0,-251800000.0,45200000.0,109900000.0,-6500000.0,98100000.0,-292900000.0,0.0,196600000.0,6200000.0,97000000.0,97000000.0,97000000.0,19700000.0,0.0,0.062,124800000.0,226500000.0,262800000.0,0.067,1.462,25.078,25.4,804600000.0,0.0,22.86,1.543,1.613,454600000.0,921500000.0,1576200000.0,1576200000.0,0.0,0.035,0.078,0.118,0.13,11800000.0,96500000.0,1.0,106411224.0,111200000.0,,14.174,2052100000.0,96200000.0,57600000.0,15400000.0,18.454,489000000.0
48,PCP,MRT,2003-09-30,2003-09-28,2003-09-28,2019-05-23,-45200000.0,2450600000.0,2484300000.0,769200000.0,1681400000.0,0.645,10.756,-49300000.0,30600000.0,30600000.0,1235800000.0,105400000.0,1.288,1.153,638700000.0,158200000.0,480500000.0,638700000.0,0.0,71200000.0,0.0,0.003,0.06,222900000.0,294100000.0,0.184,294100000.0,222900000.0,170700000.0,1.0,0.99,1.0,1138000000.0,1100150000.0,1138000000.0,2495374391.0,11.0,8.485,186100000.0,1.759,1.0,366300000.0,0.229,1000500000.0,52200000.0,1460800000.0,1525725000.0,360700000.0,0.0,0.0,0.0,1312600000.0,597400000.0,715200000.0,1846274391.0,-4600000.0,19900000.0,16500000.0,-211200000.0,-6300000.0,-218600000.0,-29500000.0,0.0,235400000.0,5000000.0,105400000.0,105400000.0,105400000.0,23800000.0,0.0,0.066,118600000.0,247700000.0,200600000.0,0.06,1.622,17.517,17.45,587500000.0,0.0,17.45,1.152,1.152,320500000.0,895400000.0,1602100000.0,1602100000.0,0.0,0.042,0.096,0.146,0.139,2500000.0,101500000.0,1.0,105803690.0,105800000.0,,15.143,1450100000.0,65100000.0,65300000.0,20200000.0,13.706,171800000.0
49,PCP,MRT,2003-06-30,2003-06-29,2003-06-29,2019-05-23,-53300000.0,2494500000.0,2510150000.0,803600000.0,1690900000.0,0.679,10.538,-55600000.0,35000000.0,35000000.0,1311500000.0,117300000.0,1.327,1.242,684100000.0,155700000.0,528400000.0,684100000.0,0.0,74900000.0,0.0,0.004,0.06,245600000.0,320500000.0,0.188,320500000.0,245600000.0,191600000.0,1.115,1.105,1.115,1112800000.0,1076450000.0,1112800000.0,2278507857.0,9.0,7.109,194800000.0,1.845,1.0,393300000.0,0.231,1001000000.0,54000000.0,1537200000.0,1578750000.0,376700000.0,0.0,0.0,0.0,1381700000.0,605400000.0,776300000.0,1615107857.0,9300000.0,19900000.0,11300000.0,-202800000.0,-6300000.0,-209700000.0,-34400000.0,0.0,250400000.0,4000000.0,117300000.0,117300000.0,117300000.0,26300000.0,0.0,0.069,135000000.0,258300000.0,211300000.0,0.054,1.451,13.769,13.704,592700000.0,0.0,15.28,0.947,0.946,314600000.0,882400000.0,1704800000.0,1704800000.0,0.0,0.047,0.109,0.156,0.144,1600000.0,115300000.0,1.0,105700776.0,105600000.0,,16.144,1493500000.0,87100000.0,74300000.0,33500000.0,14.143,198200000.0
50,PCP,MRT,2003-03-31,2003-03-30,2003-03-30,2019-05-23,-69700000.0,2467200000.0,2531300000.0,785900000.0,1681300000.0,0.714,10.064,-60700000.0,28700000.0,28700000.0,1391400000.0,124300000.0,1.258,1.324,690300000.0,159800000.0,530500000.0,690300000.0,0.0,74500000.0,0.0,0.005,0.06,257200000.0,331700000.0,0.183,331700000.0,257200000.0,201700000.0,1.185,1.175,1.185,1061700000.0,1052875000.0,1061700000.0,2024989900.0,8.0,6.105,190300000.0,1.804,1.0,417100000.0,0.231,989500000.0,55500000.0,1514500000.0,1628350000.0,326200000.0,0.0,0.0,0.0,1405500000.0,624800000.0,780700000.0,1280689900.0,-9400000.0,5600000.0,13400000.0,-207100000.0,-6300000.0,-210000000.0,-55100000.0,0.0,251000000.0,5100000.0,124300000.0,124300000.0,124300000.0,26300000.0,0.0,0.069,147200000.0,269900000.0,216100000.0,0.051,1.206,10.303,10.245,562100000.0,0.0,12.14,0.708,0.708,322300000.0,849700000.0,1808500000.0,1808500000.0,0.0,0.049,0.118,0.158,0.142,1300000.0,127500000.0,1.0,105493402.0,105493402.0,,17.143,1477700000.0,88600000.0,77400000.0,13900000.0,14.008,161100000.0
51,PCP,MRT,2002-12-31,2002-12-29,2002-12-29,2019-05-23,-16500000.0,2524900000.0,2555725000.0,808400000.0,1716500000.0,0.827,10.399,-75000000.0,27300000.0,27300000.0,1612800000.0,152800000.0,1.205,1.32,771600000.0,217800000.0,553800000.0,771600000.0,0.0,83500000.0,0.0,0.005,0.06,311900000.0,395400000.0,0.187,395400000.0,311900000.0,254300000.0,1.47,1.46,1.47,1088100000.0,1025400000.0,1088100000.0,2070262336.0,7.0,5.236,232400000.0,2.221,1.0,499900000.0,0.237,1008000000.0,57600000.0,1590400000.0,1676525000.0,364500000.0,0.0,0.0,0.0,1436800000.0,670800000.0,766000000.0,1263462336.0,-49200000.0,-29300000.0,15600000.0,-282900000.0,-6200000.0,-246300000.0,-110500000.0,0.0,307400000.0,-1700000.0,152800000.0,152800000.0,152800000.0,19900000.0,0.0,0.072,182300000.0,317600000.0,213700000.0,0.041,1.161,8.269,8.214,588500000.0,0.0,12.075,0.598,0.598,340900000.0,831200000.0,2112700000.0,2112700000.0,0.0,0.06,0.149,0.186,0.148,3700000.0,171400000.0,1.0,104634562.0,104634562.0,,20.191,1516900000.0,75900000.0,101500000.0,32300000.0,14.497,137600000.0
52,PCP,MRT,2002-09-30,2002-09-29,2002-09-29,2019-05-23,-25700000.0,2554000000.0,2584225000.0,851200000.0,1702800000.0,0.871,9.97,-85400000.0,35200000.0,35200000.0,1729600000.0,57500000.0,1.244,1.448,842000000.0,230300000.0,611700000.0,842000000.0,0.0,87800000.0,0.0,0.007,0.075,219300000.0,307100000.0,0.136,307100000.0,219300000.0,159700000.0,0.545,0.545,0.545,1043200000.0,975925000.0,1043200000.0,1988359323.0,9.0,6.475,227400000.0,2.173,1.0,521600000.0,0.232,1003400000.0,59600000.0,1672900000.0,1759475000.0,382800000.0,0.0,0.0,0.0,1510800000.0,684500000.0,826300000.0,1135759323.0,4800000.0,-43200000.0,12400000.0,-191500000.0,-6200000.0,-171700000.0,-132800000.0,0.0,312800000.0,-1700000.0,57500000.0,57500000.0,57500000.0,52500000.0,0.0,0.026,264300000.0,257300000.0,207900000.0,0.138,1.089,19.752,19.917,592000000.0,0.0,10.855,0.505,0.505,356400000.0,796300000.0,2251200000.0,2251200000.0,0.0,0.022,0.059,0.125,0.097,2500000.0,185100000.0,1.0,104630062.0,104630062.0,,21.516,1550600000.0,74800000.0,102200000.0,15300000.0,14.82,166700000.0
53,PCP,MRT,2002-06-30,2002-06-30,2002-06-30,2019-05-23,-23700000.0,2579100000.0,2607375000.0,868900000.0,1710200000.0,0.916,9.756,-112200000.0,25700000.0,25700000.0,1846100000.0,43200000.0,1.259,1.532,878300000.0,209700000.0,668600000.0,878300000.0,0.0,91600000.0,0.0,0.005,0.075,200500000.0,292100000.0,0.122,292100000.0,200500000.0,137800000.0,0.41,0.41,0.41,1018500000.0,953725000.0,1018500000.0,2589547236.0,13.0,8.865,198500000.0,1.901,1.0,542300000.0,0.227,1005700000.0,62700000.0,1735600000.0,1817125000.0,405100000.0,0.0,0.0,0.0,1560600000.0,690400000.0,870200000.0,1726147236.0,4400000.0,-42900000.0,14700000.0,-161700000.0,-6300000.0,-146400000.0,-157800000.0,0.0,310700000.0,-1700000.0,43200000.0,43200000.0,43200000.0,40300000.0,0.0,0.018,301500000.0,240800000.0,220800000.0,0.183,1.695,39.957,40.244,603100000.0,0.0,16.5,0.723,0.721,362500000.0,771400000.0,2388400000.0,2388400000.0,0.0,0.017,0.045,0.11,0.084,2500000.0,195500000.0,1.0,104614984.0,104400000.0,,22.877,1573400000.0,72700000.0,94600000.0,39600000.0,15.071,178500000.0
54,PCP,MRT,2002-03-31,2002-03-31,2002-03-31,2019-05-23,-46900000.0,2564900000.0,2613675000.0,878500000.0,1686400000.0,0.937,9.173,-123700000.0,38100000.0,38100000.0,1897500000.0,42400000.0,1.208,1.695,901500000.0,204500000.0,697000000.0,901500000.0,0.0,97400000.0,0.0,0.004,0.075,205600000.0,303000000.0,0.124,303000000.0,205600000.0,139500000.0,0.41,0.405,0.41,951800000.0,932775000.0,951800000.0,2816154016.0,14.0,9.294,187100000.0,1.803,1.0,550300000.0,0.225,994000000.0,66100000.0,1707200000.0,1857275000.0,412600000.0,0.0,0.0,0.0,1613100000.0,727100000.0,886000000.0,1837054016.0,-2000000.0,-43200000.0,15500000.0,-150800000.0,-6200000.0,-143700000.0,-166900000.0,0.0,310800000.0,-1700000.0,42400000.0,42400000.0,42400000.0,39300000.0,0.0,0.017,305400000.0,244900000.0,242400000.0,0.183,1.93,43.327,43.183,590100000.0,0.0,17.705,0.75,0.75,352300000.0,731700000.0,2447800000.0,2447800000.0,0.0,0.016,0.045,0.111,0.084,2500000.0,199400000.0,1.0,103759052.0,103759052.0,,23.591,1570900000.0,71300000.0,97100000.0,42900000.0,15.14,151400000.0
55,PCP,MRT,2001-12-31,2001-12-30,2001-12-30,2019-05-23,-42200000.0,2638900000.0,2615675000.0,995600000.0,1643300000.0,0.947,8.637,-132000000.0,76500000.0,76500000.0,1932000000.0,32900000.0,1.378,1.964,1055600000.0,214300000.0,841300000.0,1055600000.0,0.0,96500000.0,0.0,0.005,0.075,196700000.0,293200000.0,0.118,293200000.0,196700000.0,126300000.0,0.325,0.31,0.325,890200000.0,920275000.0,890200000.0,2438650731.0,12.0,8.317,96700000.0,0.938,1.0,546000000.0,0.22,973300000.0,70400000.0,1922200000.0,1893050000.0,423300000.0,0.0,0.0,0.0,1748700000.0,722500000.0,1026200000.0,1433650731.0,42300000.0,-1800000.0,11200000.0,-29400000.0,-6100000.0,-44000000.0,-138200000.0,0.0,228700000.0,0.0,32900000.0,32900000.0,32900000.0,39900000.0,0.0,0.013,309400000.0,236600000.0,234900000.0,0.231,1.61,43.576,42.8,569000000.0,0.0,13.91,0.579,0.579,426600000.0,684400000.0,2478000000.0,2478000000.0,0.0,0.013,0.036,0.104,0.079,0.0,203300000.0,1.0,103066192.0,103066192.0,,24.043,1665600000.0,64100000.0,93400000.0,8700000.0,16.16,273100000.0
56,PCP,MRT,2001-09-30,2001-09-30,2001-09-30,2019-05-23,-38400000.0,2646600000.0,2595750000.0,926800000.0,1719800000.0,0.941,9.262,-126900000.0,30400000.0,30400000.0,1908700000.0,118400000.0,1.35,1.773,1035400000.0,215400000.0,820000000.0,1035400000.0,0.0,97500000.0,0.0,0.005,0.06,283100000.0,380600000.0,0.156,380600000.0,283100000.0,208300000.0,1.165,1.14,1.165,954400000.0,915275000.0,954400000.0,2166444388.0,8.0,5.692,75000000.0,0.728,1.0,535100000.0,0.219,1061800000.0,74800000.0,1903500000.0,1890000000.0,410000000.0,0.0,0.0,0.0,1692200000.0,686300000.0,1005900000.0,1143844388.0,10200000.0,-24400000.0,34800000.0,-47500000.0,-4600000.0,-39100000.0,-153400000.0,0.0,201900000.0,0.0,118400000.0,118400000.0,118400000.0,5300000.0,0.0,0.048,246700000.0,288400000.0,235300000.0,0.052,1.198,9.661,9.528,564200000.0,0.0,11.1,0.468,0.468,419400000.0,745000000.0,2443800000.0,2443800000.0,0.0,0.046,0.129,0.15,0.116,0.0,199500000.0,1.0,103049044.0,103049044.0,,23.715,1584800000.0,64600000.0,89900000.0,14900000.0,15.379,240500000.0
57,PCP,MRT,2001-06-30,2001-07-01,2001-07-01,2019-05-23,-47300000.0,2604300000.0,2557400000.0,889400000.0,1714900000.0,0.922,9.075,-103500000.0,21300000.0,21300000.0,1843500000.0,137100000.0,1.342,1.786,1043900000.0,215900000.0,828000000.0,1043900000.0,0.0,99300000.0,0.0,0.005,0.085,307500000.0,406800000.0,0.173,406800000.0,307500000.0,229600000.0,1.36,1.33,1.36,934700000.0,881875000.0,934700000.0,2939777336.0,10.0,7.227,60000000.0,0.583,1.0,514300000.0,0.218,1067900000.0,77900000.0,1896200000.0,1875650000.0,403800000.0,0.0,0.0,0.0,1669600000.0,662800000.0,1006800000.0,1927177336.0,-6400000.0,-24700000.0,39800000.0,-54800000.0,-6000000.0,-40500000.0,-129000000.0,0.0,163500000.0,0.0,137100000.0,137100000.0,137100000.0,2200000.0,0.0,0.058,204600000.0,309700000.0,220300000.0,0.063,2.062,14.057,13.757,543800000.0,0.0,18.71,0.817,0.817,400400000.0,734500000.0,2357800000.0,2357800000.0,0.0,0.054,0.155,0.164,0.13,0.0,195200000.0,1.0,103002530.0,103002530.0,,22.891,1536400000.0,60500000.0,92500000.0,32300000.0,14.916,226600000.0
58,PCP,MRT,2001-03-31,2001-04-01,2001-04-01,2019-05-23,-36600000.0,2572900000.0,2524600000.0,861100000.0,1711800000.0,0.899,8.803,-88200000.0,40100000.0,40100000.0,1770800000.0,124900000.0,1.302,1.853,1052700000.0,214200000.0,838500000.0,1052700000.0,0.0,99800000.0,0.0,0.005,0.085,290400000.0,390200000.0,0.172,390200000.0,290400000.0,209900000.0,1.25,1.225,1.25,901800000.0,847150000.0,901800000.0,2753690032.0,9.0,7.057,90800000.0,0.886,1.0,497700000.0,0.219,1073700000.0,80500000.0,1850300000.0,1865350000.0,363300000.0,0.0,0.0,0.0,1671100000.0,661500000.0,1009600000.0,1692790032.0,22500000.0,-62100000.0,36100000.0,-13500000.0,-5900000.0,-5800000.0,-150300000.0,0.0,179000000.0,0.0,124900000.0,124900000.0,124900000.0,2200000.0,0.0,0.055,205100000.0,292600000.0,199700000.0,0.068,1.877,13.553,13.22,534800000.0,0.0,16.525,0.746,0.746,398000000.0,695500000.0,2268500000.0,2268500000.0,0.0,0.049,0.147,0.156,0.128,0.0,195700000.0,1.0,102438126.0,102438126.0,,22.145,1499200000.0,57400000.0,85000000.0,21300000.0,14.635,199600000.0
59,PCP,MRT,2000-12-31,2000-12-31,2000-12-31,2019-05-23,-24200000.0,2559200000.0,2485300000.0,817900000.0,1741300000.0,0.905,8.763,-76300000.0,34200000.0,34200000.0,1757100000.0,112500000.0,1.296,1.941,1095100000.0,214600000.0,880500000.0,1095100000.0,0.0,102600000.0,0.0,0.004,0.085,271100000.0,373700000.0,0.166,373700000.0,271100000.0,187200000.0,1.135,1.12,1.135,870200000.0,815175000.0,870200000.0,3153888735.0,12.0,8.44,104900000.0,1.056,1.0,491300000.0,0.219,1079200000.0,83900000.0,1910000000.0,1856575000.0,371600000.0,0.0,0.0,0.0,1689000000.0,630900000.0,1058100000.0,2088388735.0,10400000.0,-23800000.0,32800000.0,-86200000.0,-5900000.0,-78300000.0,-92500000.0,0.0,181200000.0,0.0,112500000.0,112500000.0,112500000.0,0.0,0.0,0.05,224400000.0,266900000.0,177500000.0,0.075,2.4,18.563,18.529,530600000.0,0.0,21.03,0.929,0.929,377300000.0,657600000.0,2248400000.0,2248400000.0,0.0,0.045,0.138,0.146,0.121,0.0,216900000.0,1.0,99305218.0,99305218.0,,22.641,1480000000.0,70000000.0,74700000.0,24700000.0,14.904,187000000.0
60,PCP,MRT,2000-09-30,2000-10-01,2000-10-01,2019-05-23,-23400000.0,2493200000.0,2460800000.0,815600000.0,1677600000.0,0.842,8.292,,20200000.0,20200000.0,1619800000.0,98800000.0,1.275,2.038,1085700000.0,221400000.0,864300000.0,1085700000.0,0.0,,0.0,0.004,0.085,239100000.0,,,,239100000.0,163900000.0,1.0,0.995,1.0,820800000.0,785050000.0,820800000.0,2973031994.0,12.0,,,,1.0,452900000.0,0.219,1072900000.0,75200000.0,1846100000.0,1797700000.0,364600000.0,0.0,0.0,0.0,1672400000.0,639700000.0,1032700000.0,1899631994.0,,,,,,,,,,,98800000.0,98800000.0,98800000.0,0.0,0.0,0.048,218000000.0,234900000.0,171700000.0,0.085,2.314,19.227,19.19,500900000.0,0.0,19.19,0.917,0.917,362800000.0,631200000.0,2072700000.0,2072700000.0,0.0,0.04,0.126,0.133,0.115,,208900000.0,1.0,98990724.0,98990724.0,,20.938,1420300000.0,76400000.0,65100000.0,32300000.0,14.348,175900000.0
61,PCP,MRT,2000-06-30,2000-07-02,2000-07-02,2019-05-23,-15300000.0,2473100000.0,,786600000.0,1686500000.0,,8.083,,27700000.0,27700000.0,,,1.283,2.108,1101100000.0,206800000.0,894300000.0,1101100000.0,0.0,,0.0,0.005,0.06,,,,,,,,,,795800000.0,,795800000.0,2163810665.0,,,,,1.0,,,1078300000.0,,1855000000.0,,354900000.0,0.0,0.0,0.0,1677300000.0,613200000.0,1064100000.0,1113210665.0,,,,,,,,,,,,,,,,,,,163100000.0,,1.399,,,504200000.0,,11.307,,,336800000.0,603400000.0,,,,,,,,,,1.0,98448876.0,98448876.0,,,1394800000.0,76400000.0,,37100000.0,14.168,173400000.0
62,PCP,MRT,2000-03-31,2000-04-02,2000-04-02,2019-05-23,-9400000.0,2415700000.0,1932650000.0,751900000.0,1663800000.0,0.866,7.861,-49300000.0,17600000.0,17600000.0,1306900000.0,85300000.0,1.271,2.121,1068200000.0,183700000.0,884500000.0,1068200000.0,0.0,74200000.0,0.0,0.007,0.06,185700000.0,259900000.0,0.155,259900000.0,185700000.0,138600000.0,0.87,0.865,0.87,773900000.0,735650000.0,773900000.0,2046645994.0,11.0,7.875,132400000.0,1.345,1.0,366800000.0,0.219,1059600000.0,47100000.0,1815200000.0,1422700000.0,337300000.0,0.0,0.0,0.0,1641800000.0,591500000.0,1050300000.0,898345994.0,2800000.0,-610600000.0,3900000.0,489800000.0,-5900000.0,481000000.0,-659900000.0,0.0,181700000.0,0.0,85300000.0,85300000.0,85300000.0,0.0,0.0,0.051,185300000.0,181500000.0,152800000.0,0.069,1.161,10.532,10.489,499300000.0,0.0,9.125,0.537,0.537,330700000.0,576500000.0,1673700000.0,1673700000.0,0.0,0.044,0.116,0.131,0.111,0.0,176200000.0,1.0,98448876.0,98448876.0,,17.001,1356100000.0,76500000.0,53300000.0,42700000.0,13.775,160400000.0
63,PCP,MRT,1999-12-31,1999-12-26,1999-12-26,2019-05-23,-5300000.0,2461200000.0,,837900000.0,1623300000.0,,7.615,,23800000.0,23800000.0,,,0.994,2.283,1172100000.0,455900000.0,716200000.0,1172100000.0,0.0,,0.0,0.009,0.06,,,,,,,,,,749700000.0,,749700000.0,,,,,,1.0,,,1092300000.0,,1674500000.0,,330500000.0,0.0,0.0,0.0,1711500000.0,842700000.0,868800000.0,680035611.0,,,,,,,,,,,,,,,,,,,142900000.0,,0.907,,,485900000.0,,6.907,,,367900000.0,551000000.0,,,,,,,,,,1.0,98448876.0,98448876.0,,,1368900000.0,74500000.0,,26300000.0,13.905,-4800000.0
64,PCP,MRT,1999-03-31,1999-03-28,1999-03-28,2019-05-23,-2600000.0,1449600000.0,,556900000.0,892700000.0,,,-74800000.0,14800000.0,14800000.0,1134000000.0,103300000.0,1.828,1.079,425900000.0,56200000.0,369700000.0,425900000.0,0.0,54100000.0,0.0,0.006,0.06,178400000.0,232500000.0,0.158,232500000.0,178400000.0,150800000.0,1.06,1.055,1.06,697400000.0,,697400000.0,,,,16000000.0,,1.0,337900000.0,0.23,525900000.0,27600000.0,1030200000.0,,253600000.0,0.0,0.0,0.0,752200000.0,304600000.0,447600000.0,,-10200000.0,-77200000.0,6200000.0,52200000.0,-5900000.0,51000000.0,-152000000.0,0.0,90800000.0,0.0,103300000.0,103300000.0,103300000.0,0.0,0.0,0.07,159500000.0,178400000.0,102100000.0,0.057,,,9.035,331400000.0,0.0,9.578,,,255100000.0,497100000.0,1471900000.0,1471900000.0,0.0,,,,0.121,0.0,146400000.0,1.0,,,,,923700000.0,26100000.0,47500000.0,34300000.0,,252300000.0
65,PCP,MRT,1998-03-31,1998-03-29,1998-03-29,2019-05-23,,,,,,,,-82900000.0,,,1025100000.0,86100000.0,,,,,,,,43500000.0,,0.004,0.06,156000000.0,199500000.0,0.152,199500000.0,156000000.0,135300000.0,0.89,0.882,0.89,,,,,,,64600000.0,,1.0,291600000.0,0.221,,20700000.0,,,,,,,,,,,14900000.0,-122800000.0,11900000.0,69100000.0,-5800000.0,73100000.0,-205700000.0,0.0,147500000.0,0.0,86100000.0,86100000.0,86100000.0,0.0,0.0,0.065,135600000.0,156000000.0,,0.067,,,16.152,,0.0,14.375,,,,,1316700000.0,1316700000.0,0.0,,,,0.118,0.0,127000000.0,,,,,,,,49200000.0,,,
