None,ticker,dimension,calendardate,datekey,reportperiod,lastupdated,accoci,assets,assetsavg,assetsc,assetsnc,assetturnover,bvps,capex,cashneq,cashnequsd,cor,consolinc,currentratio,de,debt,debtc,debtnc,debtusd,deferredrev,depamor,deposits,divyield,dps,ebit,ebitda,ebitdamargin,ebitdausd,ebitusd,ebt,eps,epsdil,epsusd,equity,equityavg,equityusd,ev,evebit,evebitda,fcf,fcfps,fxusd,gp,grossmargin,intangibles,intexp,invcap,invcapavg,inventory,investments,investmentsc,investmentsnc,liabilities,liabilitiesc,liabilitiesnc,marketcap,ncf,ncfbus,ncfcommon,ncfdebt,ncfdiv,ncff,ncfi,ncfinv,ncfo,ncfx,netinc,netinccmn,netinccmnusd,netincdis,netincnci,netmargin,opex,opinc,payables,payoutratio,pb,pe,pe1,ppnenet,prefdivis,price,ps,ps1,receivables,retearn,revenue,revenueusd,rnd,roa,roe,roic,ros,sbcomp,sgna,sharefactor,sharesbas,shareswa,shareswadil,sps,tangibles,taxassets,taxexp,taxliabilities,tbvps,workingcapital
0,RL,MRY,2021-12-31,2021-03-27,2021-03-27,2021-08-03,-120800000.0,7887500000.0,7887925000.0,4208000000.0,3679500000.0,0.558,35.434,-107800000.0,2579000000.0,2579000000.0,1539400000.0,-121100000.0,2.655,2.029,3230300000.0,302900000.0,2927400000.0,3230300000.0,0.0,247600000.0,0.0,0.0,0.0,-26300000.0,221300000.0,0.05,221300000.0,-26300000.0,-74800000.0,-1.65,-1.65,-1.65,2604400000.0,2599000000.0,2604400000.0,9620139591.0,-366.0,43.471,273100000.0,3.716,1.0,2861400000.0,0.65,1055700000.0,48500000.0,5898300000.0,6260450000.0,759000000.0,197500000.0,197500000.0,0.0,5283100000.0,1584800000.0,3698300000.0,8932139591.0,958200000.0,0.0,-37700000.0,453000000.0,-49800000.0,356800000.0,195000000.0,306300000.0,380900000.0,25500000.0,-121100000.0,-121100000.0,-121100000.0,0.0,0.0,-0.028,2905000000.0,-43600000.0,355900000.0,0.0,3.43,-73.758,-74.036,2253500000.0,0.0,122.16,2.03,2.04,451500000.0,5872900000.0,4400800000.0,4400800000.0,0.0,-0.015,-0.047,-0.004,-0.006,72700000.0,2638500000.0,1.0,73118366.0,73500000.0,73500000.0,59.875,6831800000.0,338300000.0,46300000.0,260700000.0,92.95,2623200000.0
1,RL,MRY,2020-12-31,2020-03-28,2020-03-28,2021-08-03,-118200000.0,7279900000.0,7324500000.0,3375200000.0,3904700000.0,0.841,35.529,-249500000.0,1620400000.0,1620400000.0,2506500000.0,384300000.0,1.613,1.703,3027700000.0,1063000000.0,1964700000.0,3027700000.0,0.0,269500000.0,0.0,0.04,2.75,344000000.0,613500000.0,0.1,613500000.0,344000000.0,326400000.0,5.07,4.98,5.07,2693100000.0,2934000000.0,2693100000.0,6553292757.0,19.0,10.682,505100000.0,6.664,1.0,3653300000.0,0.593,1056500000.0,17600000.0,5538700000.0,6168050000.0,736200000.0,495900000.0,495900000.0,0.0,4586800000.0,2092000000.0,2494800000.0,5013792757.0,1003300000.0,0.0,-694800000.0,461400000.0,-203900000.0,-438200000.0,702100000.0,950700000.0,754600000.0,-15200000.0,384300000.0,384300000.0,384300000.0,0.0,0.0,0.062,3336300000.0,317000000.0,246800000.0,0.542,1.862,13.047,13.41,2491100000.0,0.0,67.99,0.814,0.837,277100000.0,5994000000.0,6159800000.0,6159800000.0,0.0,0.052,0.131,0.056,0.056,100600000.0,3237500000.0,1.0,73743091.0,75800000.0,77200000.0,81.264,6223400000.0,330000000.0,-57900000.0,286700000.0,82.103,1283200000.0
2,RL,MRY,2019-12-31,2019-03-30,2019-03-30,2021-08-03,-103400000.0,5942800000.0,6056400000.0,3594800000.0,2348000000.0,1.042,40.784,-177700000.0,584100000.0,584100000.0,2427000000.0,430900000.0,2.995,0.808,689100000.0,0.0,689100000.0,689100000.0,0.0,281300000.0,0.0,0.019,2.5,603200000.0,884500000.0,0.14,884500000.0,603200000.0,582500000.0,5.35,5.27,5.35,3287200000.0,3381025000.0,3287200000.0,10201994735.0,17.0,11.534,606100000.0,7.52,1.0,3886000000.0,0.616,1083300000.0,20700000.0,3764400000.0,3713125000.0,817800000.0,1403400000.0,1403400000.0,0.0,2655600000.0,1200100000.0,1455500000.0,10195694735.0,-729000000.0,0.0,-480800000.0,68600000.0,-190700000.0,-605700000.0,-879300000.0,-697100000.0,783800000.0,-27800000.0,430900000.0,430900000.0,430900000.0,0.0,0.0,0.068,3324200000.0,561800000.0,202300000.0,0.467,3.102,23.661,24.239,1039200000.0,0.0,129.68,1.615,1.656,398100000.0,5979100000.0,6313000000.0,6313000000.0,0.0,0.071,0.127,0.162,0.096,88600000.0,3168300000.0,1.0,78621952.0,80600000.0,81700000.0,78.325,4859500000.0,99100000.0,151600000.0,254900000.0,60.292,2394700000.0
3,RL,MRY,2018-12-31,2018-03-31,2018-03-31,2021-08-03,-98500000.0,6143300000.0,6046150000.0,3548400000.0,2594900000.0,1.023,42.318,-161600000.0,1304600000.0,1304600000.0,2430600000.0,162800000.0,2.236,0.777,596200000.0,308200000.0,288000000.0,596200000.0,0.0,295200000.0,0.0,0.018,2.0,507400000.0,802600000.0,0.13,802600000.0,507400000.0,489200000.0,1.99,1.97,1.99,3457400000.0,3433650000.0,3457400000.0,8501091590.0,17.0,10.592,813500000.0,9.957,1.0,3751700000.0,0.607,1138500000.0,18200000.0,2709200000.0,2867475000.0,761300000.0,699400000.0,699400000.0,0.0,2685900000.0,1587200000.0,1098700000.0,9088191590.0,643700000.0,-4600000.0,-17000000.0,-18100000.0,-162400000.0,-197500000.0,-189100000.0,-22900000.0,975100000.0,55200000.0,162800000.0,162800000.0,162800000.0,0.0,0.0,0.026,3253500000.0,498200000.0,165600000.0,1.005,2.629,55.824,56.181,1186300000.0,0.0,111.8,1.47,1.477,421400000.0,5752200000.0,6182300000.0,6182300000.0,0.0,0.027,0.047,0.177,0.082,74500000.0,3095500000.0,1.0,81289728.0,81700000.0,82500000.0,75.671,5004800000.0,124600000.0,326400000.0,234000000.0,61.258,1961200000.0
4,RL,MRY,2017-12-31,2017-04-01,2017-04-01,2021-08-03,-198400000.0,5652000000.0,5950750000.0,2954500000.0,2697500000.0,1.118,39.898,-284000000.0,668300000.0,668300000.0,3001700000.0,-99300000.0,2.547,0.713,588200000.0,0.0,588200000.0,588200000.0,0.0,307500000.0,0.0,0.025,2.0,-92500000.0,215000000.0,0.032,215000000.0,-92500000.0,-104900000.0,-1.2,-1.2,-1.2,3299600000.0,3518400000.0,3299600000.0,6371194779.0,-69.0,29.633,668600000.0,8.085,1.0,3651100000.0,0.549,1124400000.0,12400000.0,3287600000.0,3615650000.0,791500000.0,684700000.0,684700000.0,0.0,2352400000.0,1159900000.0,1192500000.0,6710194779.0,209700000.0,-6100000.0,-210200000.0,-143400000.0,-164800000.0,-518400000.0,-208100000.0,82000000.0,952600000.0,-16400000.0,-99300000.0,-99300000.0,-99300000.0,0.0,0.0,-0.015,3743400000.0,-92300000.0,147700000.0,-1.667,2.034,-67.575,-68.017,1316000000.0,0.0,81.62,1.009,1.015,450200000.0,5751900000.0,6652800000.0,6652800000.0,0.0,-0.017,-0.028,-0.026,-0.014,63600000.0,3171000000.0,1.0,82212629.0,82700000.0,82700000.0,80.445,4527600000.0,205300000.0,-5600000.0,92200000.0,54.747,1794600000.0
5,RL,MRY,2016-12-31,2016-04-02,2016-04-02,2021-08-03,-181500000.0,6213100000.0,6266275000.0,3052700000.0,3160400000.0,1.182,43.938,-417700000.0,456300000.0,456300000.0,3218500000.0,396400000.0,2.548,0.66,713100000.0,116100000.0,597000000.0,713100000.0,0.0,309400000.0,0.0,0.021,2.0,572800000.0,882200000.0,0.119,882200000.0,572800000.0,551800000.0,4.65,4.62,4.65,3743500000.0,3791375000.0,3743500000.0,8255273029.0,14.0,9.358,599000000.0,7.031,1.0,4186700000.0,0.565,1161800000.0,21000000.0,4109800000.0,4040700000.0,1124600000.0,629400000.0,629400000.0,0.0,2469600000.0,1198300000.0,1271300000.0,8171273029.0,-35400000.0,-16300000.0,-467200000.0,156400000.0,-170300000.0,-483000000.0,-576300000.0,-142300000.0,1016700000.0,7200000.0,396400000.0,396400000.0,396400000.0,0.0,0.0,0.054,3603900000.0,582800000.0,151000000.0,0.43,2.183,20.614,20.916,1583200000.0,0.0,97.26,1.103,1.119,516500000.0,6015000000.0,7405200000.0,7405200000.0,0.0,0.063,0.105,0.142,0.077,97000000.0,3412500000.0,1.0,84014734.0,85200000.0,85900000.0,86.915,5051300000.0,176500000.0,155400000.0,113600000.0,59.288,1854400000.0
6,RL,MRY,2015-12-31,2015-03-28,2015-03-28,2021-08-03,-165000000.0,6106000000.0,6244500000.0,3324000000.0,2782000000.0,1.22,44.116,-391200000.0,500000000.0,500000000.0,3242400000.0,702200000.0,2.803,0.569,532000000.0,234000000.0,298000000.0,532000000.0,0.0,294400000.0,0.0,0.014,1.85,1004100000.0,1298500000.0,0.17,1298500000.0,1004100000.0,987400000.0,7.96,7.88,7.96,3891000000.0,3991750000.0,3891000000.0,11107379822.0,11.0,8.554,502100000.0,5.693,1.0,4377900000.0,0.575,1170000000.0,16700000.0,3782000000.0,3662250000.0,1042000000.0,644000000.0,644000000.0,0.0,2215000000.0,1186000000.0,1029000000.0,11457379822.0,-297700000.0,-11700000.0,-479100000.0,210000000.0,-158200000.0,-420600000.0,-688700000.0,-284900000.0,893300000.0,-81700000.0,702200000.0,702200000.0,702200000.0,0.0,0.0,0.092,3342500000.0,1035400000.0,210000000.0,0.232,2.945,16.316,16.485,1436000000.0,0.0,131.22,1.504,1.519,655000000.0,5787000000.0,7620300000.0,7620300000.0,0.0,0.112,0.176,0.274,0.132,72800000.0,3300300000.0,1.0,87314280.0,88200000.0,89100000.0,86.398,4936000000.0,247000000.0,285200000.0,143000000.0,55.964,2138000000.0
7,RL,MRY,2014-12-31,2014-03-29,2014-03-29,2021-08-03,114000000.0,6088000000.0,5968500000.0,3329000000.0,2759000000.0,1.248,44.476,-390000000.0,797000000.0,797000000.0,3140000000.0,776000000.0,3.432,0.509,298000000.0,0.0,298000000.0,298000000.0,0.0,258000000.0,0.0,0.013,2.1,1116000000.0,1374000000.0,0.184,1374000000.0,1116000000.0,1096000000.0,8.55,8.43,8.55,4034000000.0,3955000000.0,4034000000.0,13594156841.0,12.0,9.894,517000000.0,5.7,1.0,4310000000.0,0.579,1263000000.0,20000000.0,3356000000.0,3104500000.0,1020000000.0,488000000.0,488000000.0,0.0,2054000000.0,970000000.0,1084000000.0,14176156841.0,-177000000.0,-40000000.0,-506000000.0,22000000.0,-149000000.0,-599000000.0,-488000000.0,-56000000.0,907000000.0,3000000.0,776000000.0,776000000.0,776000000.0,0.0,0.0,0.104,3196000000.0,1114000000.0,203000000.0,0.246,3.514,18.268,18.508,1322000000.0,0.0,158.24,1.903,1.926,588000000.0,5257000000.0,7450000000.0,7450000000.0,0.0,0.13,0.196,0.359,0.15,59000000.0,3142000000.0,1.0,89586431.0,90700000.0,92000000.0,82.139,4825000000.0,251000000.0,320000000.0,209000000.0,53.197,2359000000.0
8,RL,MRY,2013-12-31,2013-03-30,2013-03-30,2021-08-03,94000000.0,5418000000.0,5406200000.0,2963000000.0,2455000000.0,1.285,41.457,-276000000.0,974000000.0,974000000.0,2789000000.0,750000000.0,2.643,0.431,267000000.0,267000000.0,0.0,267000000.0,0.0,233000000.0,0.0,0.009,1.6,1111000000.0,1344000000.0,0.194,1344000000.0,1111000000.0,1089000000.0,8.21,8.0,8.21,3785000000.0,3690725000.0,3785000000.0,14634169303.0,13.0,10.889,743000000.0,8.138,1.0,4156000000.0,0.598,1296000000.0,22000000.0,2294000000.0,2538375000.0,896000000.0,406000000.0,325000000.0,81000000.0,1633000000.0,1121000000.0,512000000.0,15359169303.0,302000000.0,-22000000.0,-498000000.0,-9000000.0,-128000000.0,-595000000.0,-113000000.0,182000000.0,1019000000.0,-9000000.0,750000000.0,750000000.0,750000000.0,0.0,0.0,0.108,3029000000.0,1127000000.0,147000000.0,0.195,4.058,20.479,20.622,932000000.0,0.0,169.31,2.212,2.226,458000000.0,4647000000.0,6945000000.0,6945000000.0,0.0,0.139,0.203,0.438,0.16,47000000.0,2971000000.0,1.0,90716256.0,91300000.0,93700000.0,76.068,4122000000.0,171000000.0,339000000.0,193000000.0,45.148,1842000000.0
9,RL,MRY,2012-12-31,2012-03-31,2012-03-31,2021-08-03,196600000.0,5416400000.0,5257875000.0,2899900000.0,2516500000.0,1.305,39.401,-272000000.0,671600000.0,671600000.0,2862000000.0,681000000.0,3.065,0.483,274400000.0,0.0,274400000.0,274400000.0,0.0,225000000.0,0.0,0.005,0.8,1039000000.0,1264000000.0,0.184,1264000000.0,1039000000.0,1015000000.0,7.35,7.13,7.35,3652500000.0,3441950000.0,3652500000.0,15547600254.0,15.0,12.3,613000000.0,6.613,1.0,3998000000.0,0.583,1363000000.0,24000000.0,2710000000.0,2603200000.0,841600000.0,615600000.0,515700000.0,99900000.0,1763900000.0,946200000.0,817700000.0,16097800254.0,219000000.0,-12000000.0,-358000000.0,-8000000.0,-74000000.0,-408000000.0,-249000000.0,34000000.0,885000000.0,-9000000.0,681000000.0,681000000.0,681000000.0,0.0,0.0,0.099,2959000000.0,1039000000.0,180600000.0,0.109,4.407,23.638,23.718,884100000.0,0.0,174.33,2.347,2.356,547200000.0,4042400000.0,6860000000.0,6860000000.0,0.0,0.13,0.198,0.399,0.151,38000000.0,2916000000.0,1.0,92340964.0,92700000.0,95500000.0,74.002,4053400000.0,182600000.0,334000000.0,239900000.0,43.726,1953700000.0
10,RL,MRY,2011-12-31,2011-04-02,2011-04-02,2021-08-03,215800000.0,4981100000.0,4840925000.0,2478000000.0,2503100000.0,1.169,34.424,-255000000.0,453000000.0,453000000.0,2342000000.0,567600000.0,2.978,0.507,291900000.0,0.0,291900000.0,291900000.0,0.0,194100000.0,0.0,0.004,0.5,843700000.0,1037800000.0,0.183,1037800000.0,843700000.0,825400000.0,5.91,5.75,5.91,3304700000.0,3214000000.0,3304700000.0,11811823594.0,14.0,11.382,433700000.0,4.518,1.0,3318300000.0,0.586,1404000000.0,18300000.0,2584000000.0,2459050000.0,702100000.0,677500000.0,593900000.0,83600000.0,1676400000.0,832000000.0,844400000.0,12180123594.0,-110100000.0,-70900000.0,-506300000.0,-7900000.0,-38500000.0,-512600000.0,-299400000.0,-2000000.0,688700000.0,13200000.0,567600000.0,567600000.0,567600000.0,0.0,0.0,0.1,2473200000.0,845100000.0,141300000.0,0.085,3.686,21.459,21.426,788800000.0,0.0,126.63,2.152,2.148,442800000.0,3435300000.0,5660300000.0,5660300000.0,0.0,0.117,0.177,0.343,0.149,27800000.0,2442700000.0,1.0,96186714.0,96000000.0,98700000.0,58.961,3577100000.0,226600000.0,257800000.0,165300000.0,37.261,1646000000.0
11,RL,MRY,2010-12-31,2010-04-03,2010-04-03,2021-08-03,154000000.0,4648900000.0,4593275000.0,2275800000.0,2373100000.0,1.084,31.513,-201300000.0,563100000.0,563100000.0,2079800000.0,479500000.0,3.045,0.492,282100000.0,0.0,282100000.0,282100000.0,0.0,181200000.0,0.0,0.003,0.3,711500000.0,892700000.0,0.179,892700000.0,711500000.0,689300000.0,4.85,4.73,4.85,3116600000.0,3004825000.0,3116600000.0,7859810201.0,11.0,8.805,705200000.0,7.13,1.0,2899100000.0,0.582,1349800000.0,22200000.0,2270800000.0,2156925000.0,504000000.0,659600000.0,584100000.0,75500000.0,1532300000.0,747300000.0,785000000.0,8535310201.0,81900000.0,-30800000.0,-180500000.0,-127700000.0,-24700000.0,-306400000.0,-504400000.0,-278500000.0,906500000.0,-13800000.0,479500000.0,479500000.0,479500000.0,0.0,0.0,0.096,2192200000.0,706900000.0,149800000.0,0.062,2.739,17.8,17.841,697200000.0,0.0,86.53,1.714,1.719,381900000.0,2915300000.0,4978900000.0,4978900000.0,0.0,0.104,0.16,0.33,0.143,34500000.0,2157000000.0,1.0,98639896.0,98900000.0,101300000.0,50.343,3299100000.0,206200000.0,209800000.0,163800000.0,33.358,1528500000.0
12,RL,MRY,2009-12-31,2009-03-28,2009-03-28,2021-08-03,126800000.0,4356500000.0,4319900000.0,2056700000.0,2299800000.0,1.162,27.572,-185000000.0,481200000.0,481200000.0,2288200000.0,406000000.0,3.051,0.593,406400000.0,0.0,406400000.0,406400000.0,0.0,184400000.0,0.0,0.005,0.2,614100000.0,798500000.0,0.159,798500000.0,614100000.0,587500000.0,4.09,4.01,4.09,2735100000.0,2609825000.0,2735100000.0,4233484044.0,7.0,5.302,589200000.0,5.94,1.0,2730700000.0,0.544,1315300000.0,26600000.0,2292300000.0,2215375000.0,525100000.0,368400000.0,338700000.0,29700000.0,1621400000.0,674100000.0,947300000.0,4388184044.0,-70300000.0,-46300000.0,-140800000.0,-203500000.0,-19900000.0,-352100000.0,-458000000.0,-253600000.0,774200000.0,-34400000.0,406000000.0,406000000.0,406000000.0,0.0,0.0,0.081,2135200000.0,595500000.0,165900000.0,0.049,1.604,10.808,10.826,651600000.0,0.0,44.28,0.874,0.875,474900000.0,2465500000.0,5018900000.0,5018900000.0,0.0,0.094,0.156,0.277,0.122,37600000.0,2036000000.0,1.0,99100814.0,99200000.0,101300000.0,50.594,3041200000.0,204600000.0,181500000.0,190700000.0,30.657,1382600000.0
13,RL,MRY,2008-12-31,2008-03-29,2008-03-29,2021-08-03,112600000.0,4365500000.0,4223275000.0,1893500000.0,2472000000.0,1.156,23.36,-217100000.0,551500000.0,551500000.0,2242000000.0,421900000.0,2.084,0.827,679200000.0,206400000.0,472800000.0,679200000.0,0.0,201300000.0,0.0,0.003,0.2,667800000.0,869100000.0,0.178,869100000.0,667800000.0,642100000.0,4.1,3.99,4.1,2389700000.0,2315175000.0,2389700000.0,5677412035.0,9.0,6.533,478300000.0,4.675,1.0,2638100000.0,0.541,1324400000.0,25700000.0,2260200000.0,2032850000.0,514900000.0,74300000.0,74300000.0,0.0,1975800000.0,908600000.0,1067200000.0,5863512035.0,-12400000.0,-188700000.0,-435300000.0,160900000.0,-20500000.0,-260500000.0,-505000000.0,-84100000.0,695400000.0,57700000.0,419800000.0,419800000.0,419800000.0,0.0,2100000.0,0.086,1984700000.0,653400000.0,205700000.0,0.049,2.454,13.967,14.054,709900000.0,0.0,57.62,1.202,1.208,508400000.0,2079300000.0,4880100000.0,4880100000.0,0.0,0.099,0.181,0.329,0.137,70700000.0,1932500000.0,1.0,101761750.0,102300000.0,105200000.0,47.704,3041100000.0,193500000.0,222300000.0,184000000.0,29.727,984900000.0
14,RL,MRY,2007-12-31,2007-03-31,2007-03-31,2021-08-03,40500000.0,3758000000.0,3448325000.0,1685900000.0,2072100000.0,1.246,22.365,-184000000.0,563900000.0,563900000.0,1959200000.0,400900000.0,2.633,0.609,398800000.0,0.0,398800000.0,398800000.0,0.0,144700000.0,0.0,0.002,0.2,664900000.0,809600000.0,0.188,809600000.0,664900000.0,643300000.0,3.84,3.73,3.84,2334900000.0,2232900000.0,2334900000.0,8797365397.0,13.0,10.866,612100000.0,5.863,1.0,2336200000.0,0.544,1088200000.0,21600000.0,1864400000.0,1524000000.0,526900000.0,0.0,0.0,0.0,1423100000.0,640300000.0,782800000.0,9155365397.0,278200000.0,-176100000.0,-179900000.0,80800000.0,-20900000.0,-95200000.0,-434600000.0,0.0,796100000.0,11900000.0,400900000.0,400900000.0,400900000.0,0.0,0.0,0.093,1683600000.0,652600000.0,174700000.0,0.052,3.921,22.837,22.956,629800000.0,0.0,88.15,2.131,2.142,467500000.0,1742300000.0,4295400000.0,4295400000.0,0.0,0.116,0.18,0.436,0.155,43600000.0,1663400000.0,1.0,103861207.0,104400000.0,107600000.0,41.144,2669800000.0,101300000.0,242400000.0,74600000.0,25.573,1045600000.0
15,RL,MRY,2006-12-31,2006-04-01,2006-04-01,2021-08-03,15500000.0,3088700000.0,2940821500.0,1378500000.0,1710200000.0,1.274,19.67,-158600000.0,285700000.0,285700000.0,1723900000.0,308000000.0,1.634,0.507,280400000.0,280400000.0,0.0,280400000.0,0.0,127000000.0,0.0,0.003,0.2,515400000.0,642400000.0,0.171,642400000.0,515400000.0,502900000.0,2.96,2.87,2.96,2049600000.0,1911762000.0,2049600000.0,5976551653.0,12.0,9.303,290500000.0,2.788,1.0,2022400000.0,0.54,958200000.0,12500000.0,1281700000.0,1295108500.0,485500000.0,0.0,0.0,0.0,1039100000.0,843500000.0,195600000.0,6359647653.0,-64800000.0,-380600000.0,51400000.0,-2200000.0,-20800000.0,33500000.0,-539200000.0,0.0,449100000.0,-8200000.0,308000000.0,308000000.0,308000000.0,0.0,0.0,0.082,1505800000.0,516600000.0,202200000.0,0.068,3.103,20.648,20.476,548800000.0,0.0,60.61,1.698,1.686,484200000.0,1379200000.0,3746300000.0,3746300000.0,0.0,0.105,0.161,0.398,0.138,26600000.0,1476900000.0,1.0,104927366.0,104200000.0,107200000.0,35.953,2130500000.0,32400000.0,194900000.0,67400000.0,20.446,535000000.0
16,RL,MRY,2005-12-31,2005-04-02,2005-04-02,2021-08-03,29900000.0,2726700000.0,2483167500.0,1413800000.0,1312900000.0,1.331,16.509,-174100000.0,350500000.0,350500000.0,1620900000.0,190400000.0,2.272,0.627,291000000.0,0.0,291000000.0,291000000.0,0.0,102100000.0,0.0,0.005,0.2,308800000.0,410900000.0,0.124,410900000.0,308800000.0,297800000.0,1.88,1.83,1.88,1675700000.0,1578506500.0,1675700000.0,3888950006.0,13.0,9.464,207900000.0,2.048,1.0,1684500000.0,0.51,605900000.0,11000000.0,1438900000.0,1396001250.0,430100000.0,0.0,0.0,0.0,1051000000.0,622400000.0,428600000.0,3943900006.0,-1800000.0,-243300000.0,53200000.0,0.0,-21700000.0,31500000.0,-417400000.0,0.0,382000000.0,2100000.0,190400000.0,190400000.0,190400000.0,0.0,0.0,0.058,1384800000.0,299700000.0,184400000.0,0.106,2.354,20.714,20.431,487900000.0,0.0,38.41,1.193,1.179,455700000.0,1090300000.0,3305400000.0,3305400000.0,0.0,0.077,0.121,0.221,0.093,12900000.0,1377600000.0,1.0,102678990.0,101500000.0,104100000.0,32.566,2120800000.0,110800000.0,107400000.0,72100000.0,20.895,791400000.0
17,RL,MRY,2004-12-31,2004-04-03,2004-04-03,2021-08-03,23104000.0,2297552000.0,2109489500.0,1287151000.0,1010401000.0,1.256,14.297,-126300000.0,352335000.0,352335000.0,1326400000.0,169200000.0,2.548,0.623,277345000.0,0.0,277345000.0,277345000.0,0.0,85600000.0,0.0,0.006,0.2,275800000.0,361400000.0,0.136,361400000.0,275800000.0,263100000.0,1.71,1.68,1.71,1415447000.0,1299191000.0,1415447000.0,3448600948.0,13.0,9.542,87300000.0,0.882,1.0,1323300000.0,0.499,359243000.0,12700000.0,1358119000.0,1289585500.0,373170000.0,0.0,0.0,0.0,882105000.0,505200000.0,376905000.0,3501557948.0,8700000.0,-8200000.0,39400000.0,-101000000.0,-14800000.0,-76400000.0,-134500000.0,0.0,213600000.0,6000000.0,169200000.0,169200000.0,169200000.0,0.0,0.0,0.064,1052400000.0,270900000.0,188919000.0,0.117,2.474,20.695,20.544,408741000.0,0.0,35.13,1.321,1.313,441724000.0,921602000.0,2649700000.0,2649700000.0,0.0,0.08,0.13,0.214,0.104,4100000.0,1031500000.0,1.0,99674294.0,99000000.0,101000000.0,26.765,1938309000.0,87107000.0,93900000.0,79557000.0,19.579,781951000.0
18,RL,MRY,2003-12-31,2003-03-29,2003-03-29,2021-08-03,10787000.0,2038822000.0,1909556750.0,1162550000.0,876272000.0,1.277,12.293,-102426000.0,343606000.0,343606000.0,1231739000.0,175683000.0,2.323,0.687,349437000.0,100943000.0,248494000.0,349437000.0,0.0,80618000.0,0.0,0.0,0.0,295899000.0,376517000.0,0.154,376517000.0,295899000.0,276824000.0,1.79,1.77,1.79,1208767000.0,1098510000.0,1208767000.0,2112704882.0,7.0,5.611,183762000.0,1.869,1.0,1207601000.0,0.495,326959000.0,19075000.0,1217347000.0,1082547250.0,363771000.0,0.0,0.0,0.0,830055000.0,500347000.0,329708000.0,2210409882.0,98873000.0,-30326000.0,3036000.0,-19700000.0,0.0,-16664000.0,-183483000.0,-47631000.0,286188000.0,12832000.0,175683000.0,175683000.0,175683000.0,0.0,0.0,0.072,916746000.0,290855000.0,181392000.0,0.0,1.829,12.582,12.486,354996000.0,0.0,22.35,0.906,0.901,375823000.0,776359000.0,2439340000.0,2439340000.0,0.0,0.092,0.16,0.273,0.121,2715000.0,902303000.0,1.0,98899771.0,98331000.0,99263000.0,24.807,1711863000.0,70121000.0,101141000.0,55501000.0,17.409,662203000.0
19,RL,MRY,2002-12-31,2002-03-30,2002-03-30,2021-08-03,-19799000.0,1749497000.0,1697745750.0,1008057000.0,741440000.0,1.392,10.241,-88008000.0,244733000.0,244733000.0,1216904000.0,172500000.0,2.573,0.753,318402000.0,32988000.0,285414000.0,318402000.0,0.0,83919000.0,0.0,0.0,0.0,295032000.0,378951000.0,0.16,378951000.0,295032000.0,275999000.0,1.77,1.75,1.77,998195000.0,926323250.0,998195000.0,2935554816.0,10.0,7.747,211709000.0,2.172,1.0,1146803000.0,0.485,273348000.0,19033000.0,1158047000.0,1198725500.0,349818000.0,0.0,0.0,0.0,751302000.0,391771000.0,359531000.0,2858170816.0,142514000.0,-23702000.0,22419000.0,-62742000.0,0.0,-40323000.0,-115952000.0,0.0,299717000.0,-928000.0,172500000.0,172500000.0,172500000.0,0.0,0.0,0.073,853591000.0,293212000.0,177472000.0,0.0,2.863,16.569,16.486,343836000.0,0.0,29.18,1.209,1.203,353608000.0,602124000.0,2363707000.0,2363707000.0,0.0,0.102,0.186,0.246,0.125,0.0,837591000.0,1.0,97949651.0,97470000.0,98523000.0,24.251,1476149000.0,76024000.0,103499000.0,52819000.0,15.145,616286000.0
20,RL,MRY,2001-12-31,2001-03-31,2001-03-31,2021-08-03,-10529000.0,1626093000.0,1601155250.0,901721000.0,724372000.0,1.39,8.363,-105170000.0,102219000.0,102219000.0,1162727000.0,59262000.0,2.051,1.009,383100000.0,86112000.0,296988000.0,383100000.0,0.0,78599000.0,0.0,0.0,0.0,123067000.0,201666000.0,0.091,201666000.0,123067000.0,97954000.0,0.61,0.61,0.61,809309000.0,770943000.0,809309000.0,2990492615.0,24.0,14.829,-4884000.0,-0.05,1.0,1063047000.0,0.478,249391000.0,25113000.0,1218006000.0,1244615750.0,425594000.0,0.0,0.0,0.0,816784000.0,439577000.0,377207000.0,2663869615.0,-62352000.0,-20929000.0,-3536000.0,-22350000.0,0.0,-25886000.0,-131251000.0,0.0,100286000.0,-5501000.0,59262000.0,59262000.0,59262000.0,0.0,0.0,0.027,945826000.0,117221000.0,178293000.0,0.0,3.292,44.951,45.082,347757000.0,0.0,27.5,1.197,1.196,269010000.0,430047000.0,2225774000.0,2225774000.0,0.0,0.037,0.077,0.099,0.055,0.0,822272000.0,1.0,96867986.0,96773282.0,97446482.0,23.0,1376702000.0,92300000.0,38692000.0,0.0,14.226,462144000.0
21,RL,MRY,2000-12-31,2000-04-01,2000-04-01,2021-08-03,9655000.0,1620562000.0,1370804750.0,852891000.0,767671000.0,1.427,7.808,-122010000.0,164571000.0,164571000.0,1002390000.0,143497000.0,2.1,1.098,428838000.0,86131000.0,342707000.0,428838000.0,0.0,66280000.0,0.0,0.0,0.0,259944000.0,326224000.0,0.167,326224000.0,259944000.0,244919000.0,1.45,1.45,1.45,772437000.0,732099750.0,772437000.0,1880347543.0,7.0,5.764,120679000.0,1.22,1.0,953138000.0,0.487,277822000.0,15025000.0,1200779000.0,1061690250.0,390953000.0,0.0,0.0,0.0,848125000.0,406228000.0,441897000.0,1843972543.0,120113000.0,-190927000.0,-41262000.0,242852000.0,0.0,201590000.0,-318322000.0,0.0,242689000.0,-5844000.0,143497000.0,143497000.0,143497000.0,0.0,0.0,0.073,689227000.0,263911000.0,151281000.0,0.0,2.387,12.85,12.888,372977000.0,0.0,18.688,0.943,0.945,204447000.0,370785000.0,1955528000.0,1955528000.0,0.0,0.105,0.196,0.245,0.133,0.0,689227000.0,1.0,98671476.0,98926993.0,99035781.0,19.767,1342740000.0,51446000.0,101422000.0,0.0,13.573,446663000.0
22,RL,MRY,1999-12-31,1999-04-03,1999-04-03,2021-08-03,0.0,1104584000.0,981736750.0,679454000.0,425130000.0,1.759,6.601,-141692000.0,88675000.0,88675000.0,904586000.0,90550000.0,1.953,0.676,159717000.0,115500000.0,44217000.0,159717000.0,0.0,46414000.0,0.0,0.0,0.0,155585000.0,201999000.0,0.117,201999000.0,155585000.0,152826000.0,0.91,0.91,0.91,658905000.0,641508250.0,658905000.0,1968849648.0,13.0,9.747,-103169000.0,-1.034,1.0,822273000.0,0.476,27464000.0,2759000.0,800190000.0,716503000.0,376860000.0,0.0,0.0,0.0,445679000.0,347972000.0,97707000.0,1949926648.0,-14297000.0,-51198000.0,-15971000.0,159380000.0,0.0,143409000.0,-196229000.0,0.0,38523000.0,0.0,90550000.0,90550000.0,90550000.0,0.0,0.0,0.052,666688000.0,155585000.0,88898000.0,0.0,2.959,21.534,21.498,261799000.0,0.0,19.563,1.129,1.131,157203000.0,227288000.0,1726859000.0,1726859000.0,0.0,0.092,0.141,0.217,0.09,0.0,608128000.0,1.0,99674214.0,99813328.0,99972152.0,17.301,1077120000.0,64432000.0,62276000.0,17432000.0,10.791,331482000.0
23,RL,MRY,1998-12-31,1998-03-28,1998-03-28,2021-08-03,0.0,825130000.0,706944000.0,556464000.0,268666000.0,2.094,5.83,-63079000.0,58755000.0,58755000.0,759988000.0,147571000.0,2.751,0.412,0.0,0.0,0.0,0.0,0.0,27402000.0,0.0,0.0,0.0,199755000.0,227157000.0,0.153,227157000.0,199755000.0,199596000.0,1.2,1.2,1.2,584326000.0,422505500.0,584326000.0,2879680564.0,14.0,12.677,33127000.0,0.331,1.0,720556000.0,0.487,0.0,159000.0,564117000.0,518437500.0,298485000.0,0.0,0.0,0.0,240804000.0,202258000.0,38546000.0,2995677564.0,29156000.0,-14363000.0,268797000.0,-167668000.0,-93306000.0,7823000.0,-74873000.0,0.0,96206000.0,0.0,147571000.0,147571000.0,147571000.0,0.0,0.0,0.1,520801000.0,199755000.0,100126000.0,0.0,5.127,20.3,24.896,175348000.0,0.0,29.875,2.023,2.022,149120000.0,136738000.0,1480544000.0,1480544000.0,0.0,0.209,0.349,0.385,0.135,0.0,520801000.0,1.0,100273726.0,100222444.0,100222444.0,14.773,825130000.0,38661000.0,52025000.0,2554000.0,8.233,354206000.0
24,RL,MRY,1997-12-31,1997-03-29,1997-03-29,2021-08-03,-152000.0,588758000.0,,436339000.0,152419000.0,,,-35330000.0,29599000.0,29599000.0,652000000.0,117300000.0,1.92,1.259,140900000.0,69025000.0,71875000.0,140900000.0,0.0,13755000.0,0.0,,0.0,153764000.0,167519000.0,0.141,167519000.0,153764000.0,140104000.0,,,,260685000.0,,260685000.0,,,,168290000.0,,1.0,536217000.0,0.451,0.0,13660000.0,472758000.0,,222147000.0,17977000.0,0.0,17977000.0,328073000.0,227301000.0,100772000.0,,16031000.0,0.0,0.0,-58745000.0,-90284000.0,-149029000.0,-38560000.0,0.0,203620000.0,0.0,117300000.0,117300000.0,117300000.0,0.0,0.0,0.099,378854000.0,157363000.0,89417000.0,,,,,95255000.0,0.0,,,,144303000.0,260837000.0,1188217000.0,1188217000.0,0.0,,,,0.129,0.0,378854000.0,1.0,,,,,588758000.0,2753000.0,22804000.0,0.0,,209038000.0
25,RL,MRY,1996-12-31,1996-03-30,1996-03-30,2021-08-03,,,,,,,,-5575000.0,,,583546000.0,98807000.0,,,,,,,,9743000.0,,,0.0,126019000.0,135762000.0,0.133,135762000.0,126019000.0,109732000.0,,,,,,,,,,85750000.0,,1.0,436327000.0,0.428,,16287000.0,,,,,,,,,,,8445000.0,-39726000.0,10000000.0,12390000.0,-56284000.0,-33894000.0,-48986000.0,0.0,91325000.0,-26000.0,98807000.0,98807000.0,98807000.0,0.0,0.0,0.097,309207000.0,127120000.0,,,,,,,0.0,,,,,,1019873000.0,1019873000.0,0.0,,,,0.124,0.0,309207000.0,1.0,,,,,,,10925000.0,,,
0,RL,MRQ,2021-06-30,2021-06-26,2021-06-26,2021-08-03,-111300000.0,7961900000.0,,4378200000.0,3583700000.0,,36.825,-28200000.0,2596400000.0,2596400000.0,408200000.0,164700000.0,2.072,1.93,3148900000.0,782800000.0,2366100000.0,3148900000.0,0.0,57200000.0,0.0,0.006,0.688,223300000.0,280500000.0,0.204,280500000.0,223300000.0,210000000.0,2.23,2.18,2.23,2717700000.0,,2717700000.0,9513352388.0,26.0,15.827,219400000.0,2.973,1.0,968100000.0,0.703,1054400000.0,13300000.0,5346700000.0,,803000000.0,368000000.0,368000000.0,0.0,5244200000.0,2113300000.0,3130900000.0,8862052388.0,17200000.0,0.0,-28800000.0,-5500000.0,0.0,-34300000.0,-199400000.0,-170600000.0,247600000.0,3300000.0,164700000.0,164700000.0,164700000.0,0.0,0.0,0.12,747500000.0,220600000.0,370300000.0,0.309,3.261,51.734,52.233,2155900000.0,0.0,121.18,1.675,1.691,367200000.0,5987100000.0,1376300000.0,1376300000.0,0.0,,,,,18400000.0,728200000.0,1.0,73131312.0,73800000.0,75400000.0,18.649,6907500000.0,348000000.0,45300000.0,277000000.0,93.598,2264900000.0
1,RL,MRQ,2021-03-31,2021-03-27,2021-03-27,2021-08-03,-120800000.0,7887500000.0,,4208000000.0,3679500000.0,,35.29,-27000000.0,2579000000.0,2579000000.0,504100000.0,-74100000.0,2.655,2.029,3230300000.0,302900000.0,2927400000.0,3230300000.0,0.0,62100000.0,0.0,0.0,0.0,-21400000.0,40700000.0,0.032,40700000.0,-21400000.0,-35300000.0,-1.01,-1.01,-1.01,2604400000.0,,2604400000.0,9620139591.0,-366.0,43.471,19300000.0,0.262,1.0,782900000.0,0.608,1055700000.0,13900000.0,5898300000.0,,759000000.0,197500000.0,197500000.0,0.0,5283100000.0,1584800000.0,3698300000.0,8932139591.0,-43500000.0,2000000.0,-1600000.0,-5300000.0,0.0,-6900000.0,-61600000.0,-33100000.0,46300000.0,-21300000.0,-74100000.0,-74100000.0,-74100000.0,0.0,0.0,-0.058,808600000.0,-25700000.0,355900000.0,0.0,3.43,-73.758,-74.036,2253500000.0,0.0,122.16,2.03,2.04,451500000.0,5872900000.0,1287000000.0,1287000000.0,0.0,,,,,18300000.0,755200000.0,1.0,73118366.0,73800000.0,73800000.0,17.439,6831800000.0,338300000.0,38800000.0,260700000.0,92.572,2623200000.0
2,RL,MRQ,2020-12-31,2020-12-26,2020-12-26,2021-08-03,-90600000.0,8172200000.0,,4276400000.0,3895800000.0,,36.576,-26900000.0,2621500000.0,2621500000.0,502400000.0,119800000.0,2.55,2.036,3309500000.0,296100000.0,3013400000.0,3309500000.0,0.0,60300000.0,0.0,0.007,0.0,174400000.0,234700000.0,0.164,234700000.0,174400000.0,162200000.0,1.63,1.61,1.63,2692000000.0,,2692000000.0,8774339533.0,-31.0,-263.494,320400000.0,4.353,1.0,930400000.0,0.649,1075000000.0,12200000.0,6108400000.0,,866000000.0,165700000.0,165700000.0,0.0,5480200000.0,1676800000.0,3803400000.0,7377639533.0,609700000.0,-1500000.0,-600000.0,-2900000.0,0.0,-3600000.0,242800000.0,271200000.0,347300000.0,23200000.0,119800000.0,119800000.0,119800000.0,0.0,0.0,0.084,760000000.0,170400000.0,335000000.0,0.0,2.741,-24.924,-26.145,2426000000.0,0.0,100.92,1.681,1.693,373600000.0,5947000000.0,1432800000.0,1432800000.0,0.0,,,,,19800000.0,747500000.0,1.0,73103840.0,73600000.0,74600000.0,19.467,7097200000.0,397600000.0,42400000.0,280600000.0,96.429,2599600000.0
3,RL,MRQ,2020-09-30,2020-09-26,2020-09-26,2021-08-03,-99500000.0,7751600000.0,,3907100000.0,3844500000.0,,34.614,-32600000.0,2012000000.0,2012000000.0,394100000.0,-39100000.0,2.515,2.047,3408700000.0,317700000.0,3091000000.0,3408700000.0,0.0,61500000.0,0.0,0.019,0.0,-16300000.0,45200000.0,0.038,45200000.0,-16300000.0,-29100000.0,-0.53,-0.53,-0.53,2544100000.0,,2544100000.0,6502385479.0,-29.0,186.85,25000000.0,0.34,1.0,799400000.0,0.67,1066100000.0,12800000.0,6528500000.0,,887000000.0,434100000.0,434100000.0,0.0,5207500000.0,1553700000.0,3653800000.0,5191285479.0,-439100000.0,-500000.0,-1600000.0,-304100000.0,0.0,-305800000.0,-206900000.0,-173800000.0,57600000.0,16000000.0,-39100000.0,-39100000.0,-39100000.0,0.0,0.0,-0.033,819700000.0,-20300000.0,284500000.0,0.0,2.041,-63.541,-69.676,2327800000.0,0.0,71.07,1.103,1.11,354000000.0,5827200000.0,1193500000.0,1193500000.0,0.0,,,,,19500000.0,628200000.0,1.0,73044681.0,73500000.0,73500000.0,16.238,6685500000.0,414000000.0,10000000.0,288700000.0,90.959,2353400000.0
4,RL,MRQ,2020-06-30,2020-06-27,2020-06-27,2021-08-03,-109300000.0,7740400000.0,,3857000000.0,3883400000.0,,34.959,-21300000.0,2451300000.0,2451300000.0,138800000.0,-127700000.0,2.594,2.029,3762400000.0,614600000.0,3147800000.0,3762400000.0,0.0,63700000.0,0.0,0.03,0.0,-163000000.0,-99300000.0,-0.204,-99300000.0,-163000000.0,-172600000.0,-1.75,-1.75,-1.75,2555500000.0,,2555500000.0,6326281195.0,209.0,21.286,-91600000.0,-1.253,1.0,348700000.0,0.715,1058000000.0,9600000.0,6506600000.0,,773200000.0,259300000.0,259300000.0,0.0,5184900000.0,1486900000.0,3698000000.0,4918981195.0,831100000.0,0.0,-33900000.0,765300000.0,-49800000.0,673100000.0,220700000.0,238300000.0,-70300000.0,7600000.0,-127700000.0,-127700000.0,-127700000.0,0.0,0.0,-0.262,516700000.0,-168000000.0,144200000.0,0.0,1.925,35.262,36.011,2409900000.0,0.0,67.7,0.943,0.948,108700000.0,5866300000.0,487500000.0,487500000.0,0.0,,,,,15100000.0,507600000.0,1.0,72658511.0,73100000.0,73100000.0,6.669,6682400000.0,373400000.0,-44900000.0,295300000.0,91.415,2370100000.0
5,RL,MRQ,2020-03-31,2020-03-28,2020-03-28,2021-08-03,-118200000.0,7279900000.0,,3375200000.0,3904700000.0,,36.541,-54300000.0,1620400000.0,1620400000.0,679700000.0,-249000000.0,1.613,1.703,3027700000.0,1063000000.0,1964700000.0,3027700000.0,0.0,68500000.0,0.0,0.04,0.688,-282400000.0,-213900000.0,-0.168,-213900000.0,-282400000.0,-287200000.0,-3.21,-3.15,-3.21,2693100000.0,,2693100000.0,6553292757.0,19.0,10.682,-47700000.0,-0.647,1.0,594400000.0,0.467,1056500000.0,4800000.0,5538700000.0,,736200000.0,495900000.0,495900000.0,0.0,4586800000.0,2092000000.0,2494800000.0,5013792757.0,540400000.0,-900000.0,-152700000.0,472000000.0,-50700000.0,268600000.0,276200000.0,330500000.0,6600000.0,-11000000.0,-249000000.0,-249000000.0,-249000000.0,0.0,0.0,-0.195,878200000.0,-283800000.0,246800000.0,-0.214,1.862,13.047,13.41,2491100000.0,0.0,67.99,0.814,0.837,277100000.0,5994000000.0,1274100000.0,1274100000.0,0.0,,,,,27700000.0,852200000.0,1.0,73743091.0,73700000.0,75100000.0,17.288,6223400000.0,330000000.0,-38200000.0,286700000.0,84.442,1283200000.0
6,RL,MRQ,2019-12-31,2019-12-28,2019-12-28,2021-08-03,-118600000.0,7445900000.0,,3448900000.0,3997000000.0,,41.72,-85400000.0,1079900000.0,1079900000.0,661600000.0,334100000.0,1.943,1.389,2619400000.0,585600000.0,2033800000.0,2619400000.0,0.0,68200000.0,0.0,0.023,0.688,234600000.0,302800000.0,0.173,302800000.0,234600000.0,230400000.0,4.47,4.41,4.47,3116500000.0,,3116500000.0,10830512933.0,16.0,11.557,458500000.0,6.138,1.0,1089100000.0,0.622,1063300000.0,4200000.0,6146700000.0,,904600000.0,828500000.0,828500000.0,0.0,4329400000.0,1775400000.0,2554000000.0,8760712933.0,526100000.0,0.0,-99400000.0,-2900000.0,-51300000.0,-153800000.0,130300000.0,215700000.0,543900000.0,5700000.0,334100000.0,334100000.0,334100000.0,0.0,0.0,0.191,864700000.0,224400000.0,267600000.0,0.154,2.811,13.176,13.388,2601600000.0,0.0,117.41,1.371,1.372,349400000.0,6292800000.0,1750700000.0,1750700000.0,0.0,,,,,22100000.0,843300000.0,1.0,74616412.0,74700000.0,75800000.0,23.436,6382600000.0,272900000.0,-103700000.0,272400000.0,85.443,1673500000.0
7,RL,MRQ,2019-09-30,2019-09-28,2019-09-28,2021-08-03,-115400000.0,7228500000.0,,3386700000.0,3841800000.0,,37.987,-81200000.0,548100000.0,548100000.0,657200000.0,182100000.0,1.951,1.481,2617900000.0,570500000.0,2047400000.0,2617900000.0,0.0,66600000.0,0.0,0.028,0.687,241000000.0,307600000.0,0.18,307600000.0,241000000.0,236600000.0,2.37,2.34,2.37,2913600000.0,,2913600000.0,9098757081.0,14.0,9.988,-74500000.0,-0.971,1.0,1049000000.0,0.615,1066100000.0,4400000.0,6496200000.0,,1012500000.0,1041400000.0,1041400000.0,0.0,4314900000.0,1736000000.0,2578900000.0,7277357081.0,-128100000.0,0.0,-251600000.0,-2800000.0,-53100000.0,-308200000.0,188400000.0,269600000.0,6700000.0,-15000000.0,182100000.0,182100000.0,182100000.0,0.0,0.0,0.107,815900000.0,233100000.0,350300000.0,0.29,2.498,16.143,16.248,2578100000.0,0.0,94.24,1.143,1.135,483200000.0,6009400000.0,1706200000.0,1706200000.0,0.0,,,,,27800000.0,795300000.0,1.0,77221531.0,76700000.0,77900000.0,22.245,6162400000.0,131200000.0,54500000.0,272500000.0,80.344,1650700000.0
8,RL,MRQ,2019-06-30,2019-06-29,2019-06-29,2021-08-03,-109200000.0,7343700000.0,,3654100000.0,3689600000.0,,38.527,-28600000.0,648400000.0,648400000.0,508000000.0,117100000.0,2.297,1.438,2469800000.0,293800000.0,2176000000.0,2469800000.0,0.0,66200000.0,0.0,0.023,0.688,150800000.0,217000000.0,0.152,217000000.0,150800000.0,146600000.0,1.5,1.47,1.5,3012800000.0,,3012800000.0,8973386699.0,15.0,10.038,168800000.0,2.159,1.0,920800000.0,0.644,1083500000.0,4200000.0,6490600000.0,,988600000.0,1280700000.0,1280700000.0,0.0,4330900000.0,1591000000.0,2739900000.0,8868386699.0,64900000.0,900000.0,-191100000.0,-4900000.0,-48800000.0,-244800000.0,107200000.0,134900000.0,197400000.0,5100000.0,117100000.0,117100000.0,117100000.0,0.0,0.0,0.082,777500000.0,143300000.0,351500000.0,0.459,2.944,20.201,20.578,2402800000.0,0.0,113.59,1.396,1.399,290700000.0,5878600000.0,1428800000.0,1428800000.0,0.0,,,,,23000000.0,746700000.0,1.0,78073657.0,78200000.0,79900000.0,18.271,6260200000.0,127300000.0,29500000.0,269900000.0,80.054,2063100000.0
9,RL,MRQ,2019-03-31,2019-03-30,2019-03-30,2021-08-03,-103400000.0,5942800000.0,,3594800000.0,2348000000.0,,41.558,-48500000.0,584100000.0,584100000.0,604200000.0,31600000.0,2.995,0.808,689100000.0,0.0,689100000.0,689100000.0,0.0,69300000.0,0.0,0.019,0.625,40400000.0,109700000.0,0.073,109700000.0,40400000.0,35300000.0,0.43,0.42,0.43,3287200000.0,,3287200000.0,10201994735.0,17.0,11.534,52200000.0,0.66,1.0,901500000.0,0.599,1083300000.0,5100000.0,3764400000.0,,817800000.0,1403400000.0,1403400000.0,0.0,2655600000.0,1200100000.0,1455500000.0,10195694735.0,-97000000.0,4500000.0,-70700000.0,-4800000.0,-49100000.0,-124600000.0,-69200000.0,-20700000.0,100700000.0,-3900000.0,31600000.0,31600000.0,31600000.0,0.0,0.0,0.021,873600000.0,27900000.0,202300000.0,1.453,3.102,23.661,24.239,1039200000.0,0.0,129.68,1.615,1.656,398100000.0,5979100000.0,1505700000.0,1505700000.0,0.0,,,,,23300000.0,809400000.0,1.0,78621952.0,79100000.0,79900000.0,19.035,4859500000.0,99100000.0,3700000.0,254900000.0,61.435,2394700000.0
10,RL,MRQ,2018-12-31,2018-12-29,2018-12-29,2021-08-03,-101300000.0,6092000000.0,,3696400000.0,2395600000.0,,41.819,-36100000.0,680500000.0,680500000.0,666300000.0,120000000.0,2.902,0.816,686800000.0,0.0,686800000.0,686800000.0,0.0,72000000.0,0.0,0.023,0.625,204700000.0,276700000.0,0.16,276700000.0,204700000.0,199500000.0,1.5,1.48,1.5,3353900000.0,,3353900000.0,8317794805.0,14.0,9.46,434000000.0,5.411,1.0,1059500000.0,0.614,1094300000.0,5200000.0,3730300000.0,,914500000.0,1382500000.0,1382500000.0,0.0,2738100000.0,1273700000.0,1464400000.0,8186994805.0,127000000.0,0.0,-208000000.0,-4300000.0,-50300000.0,-262600000.0,-77300000.0,-41200000.0,470100000.0,-3200000.0,120000000.0,120000000.0,120000000.0,0.0,0.0,0.07,865700000.0,193800000.0,169100000.0,0.417,2.441,18.581,18.779,1079300000.0,0.0,101.78,1.292,1.288,304000000.0,5996300000.0,1725800000.0,1725800000.0,0.0,,,,,22500000.0,823400000.0,1.0,80438149.0,80200000.0,81200000.0,21.519,4997700000.0,110900000.0,79500000.0,308300000.0,62.315,2422700000.0
11,RL,MRQ,2018-09-30,2018-09-29,2018-09-29,2021-08-03,-107800000.0,6155500000.0,,3693500000.0,2462000000.0,,42.583,-50800000.0,553100000.0,553100000.0,661600000.0,170300000.0,2.976,0.778,683900000.0,0.0,683900000.0,683900000.0,0.0,69700000.0,0.0,0.016,0.625,220800000.0,290500000.0,0.172,290500000.0,220800000.0,214800000.0,2.09,2.07,2.09,3462000000.0,,3462000000.0,11214147456.0,19.0,12.943,-68400000.0,-0.841,1.0,1029300000.0,0.609,1103600000.0,6000000.0,3941600000.0,,994600000.0,1319500000.0,1319500000.0,0.0,2693500000.0,1241100000.0,1452400000.0,11159447456.0,20700000.0,0.0,-93900000.0,93300000.0,-50700000.0,-54100000.0,94300000.0,145100000.0,-17600000.0,-1900000.0,170300000.0,170300000.0,170300000.0,0.0,0.0,0.101,819300000.0,210000000.0,202100000.0,0.299,3.223,46.731,47.106,1130500000.0,0.0,137.55,1.785,1.789,432300000.0,5925400000.0,1690900000.0,1690900000.0,0.0,,,,,21300000.0,793600000.0,1.0,81130116.0,81300000.0,82300000.0,20.798,5051900000.0,102500000.0,44500000.0,247600000.0,62.139,2452400000.0
12,RL,MRQ,2018-06-30,2018-06-30,2018-06-30,2021-08-03,-101400000.0,6035300000.0,,3550100000.0,2485200000.0,,41.77,-42300000.0,532300000.0,532300000.0,494900000.0,109000000.0,2.27,0.764,587000000.0,299000000.0,288000000.0,587000000.0,0.0,70300000.0,0.0,0.017,0.625,137300000.0,207600000.0,0.149,207600000.0,137300000.0,132900000.0,1.33,1.31,1.33,3421000000.0,,3421000000.0,9544647706.0,17.0,11.289,188300000.0,2.299,1.0,895700000.0,0.644,1110100000.0,4400000.0,3416200000.0,,890000000.0,1487700000.0,1487700000.0,0.0,2614300000.0,1563700000.0,1050600000.0,10253047706.0,-779700000.0,-4500000.0,-108200000.0,-15600000.0,-40600000.0,-164400000.0,-827100000.0,-780300000.0,230600000.0,-18800000.0,109000000.0,109000000.0,109000000.0,0.0,0.0,0.078,765600000.0,130100000.0,202700000.0,0.47,2.997,48.295,48.541,1141700000.0,0.0,125.72,1.647,1.654,260000000.0,5805400000.0,1390600000.0,1390600000.0,0.0,,,,,21500000.0,741900000.0,1.0,81554627.0,81900000.0,83300000.0,16.979,4925200000.0,108000000.0,23900000.0,248000000.0,60.137,1986400000.0
13,RL,MRQ,2018-03-31,2018-03-31,2018-03-31,2021-08-03,-98500000.0,6143300000.0,,3548400000.0,2594900000.0,,42.318,-38600000.0,1304600000.0,1304600000.0,620700000.0,41300000.0,2.236,0.777,596200000.0,308200000.0,288000000.0,596200000.0,0.0,75800000.0,0.0,0.018,0.5,28700000.0,104500000.0,0.068,104500000.0,28700000.0,24900000.0,0.5,0.5,0.5,3457400000.0,,3457400000.0,8501091590.0,17.0,10.592,-14600000.0,-0.179,1.0,908500000.0,0.594,1138500000.0,3800000.0,2709200000.0,,761300000.0,699400000.0,699400000.0,0.0,2685900000.0,1587200000.0,1098700000.0,9088191590.0,132300000.0,0.0,-1200000.0,3100000.0,-40700000.0,-38800000.0,128700000.0,167300000.0,24000000.0,18400000.0,41300000.0,41300000.0,41300000.0,0.0,0.0,0.027,883100000.0,25400000.0,165600000.0,1.0,2.629,55.824,56.181,1186300000.0,0.0,111.8,1.47,1.477,421400000.0,5752200000.0,1529200000.0,1529200000.0,0.0,,,,,18200000.0,828600000.0,1.0,81289728.0,81700000.0,82500000.0,18.717,5004800000.0,124600000.0,-16400000.0,234000000.0,61.258,1961200000.0
14,RL,MRQ,2017-12-31,2017-12-30,2017-12-30,2021-08-03,-130600000.0,6199000000.0,,3533200000.0,2665800000.0,,41.707,-48300000.0,1175700000.0,1175700000.0,645600000.0,-81800000.0,2.066,0.819,588600000.0,298300000.0,290300000.0,588600000.0,0.0,72700000.0,0.0,0.019,0.5,191100000.0,263800000.0,0.161,263800000.0,191100000.0,186300000.0,-1.0,-1.0,-1.0,3407500000.0,,3407500000.0,7906313521.0,37.0,15.61,465800000.0,5.701,1.0,996200000.0,0.607,1136500000.0,4800000.0,2765200000.0,,825400000.0,862300000.0,862300000.0,0.0,2791500000.0,1710200000.0,1081300000.0,8427513521.0,64300000.0,-1000000.0,-1300000.0,-7000000.0,-40600000.0,-48900000.0,-404500000.0,-355200000.0,514100000.0,3600000.0,-81800000.0,-81800000.0,-81800000.0,0.0,0.0,-0.05,807000000.0,189200000.0,184300000.0,-0.5,2.473,-102.152,-106.897,1215900000.0,0.0,103.69,1.355,1.362,295200000.0,5751500000.0,1641800000.0,1641800000.0,0.0,,,,,16900000.0,779800000.0,1.0,81276049.0,81700000.0,81700000.0,20.095,5062500000.0,202900000.0,268100000.0,365700000.0,61.965,1823000000.0
15,RL,MRQ,2017-09-30,2017-09-30,2017-09-30,2021-08-03,-135400000.0,6028300000.0,,3324400000.0,2703900000.0,,42.957,-32800000.0,1111600000.0,1111600000.0,668400000.0,143800000.0,2.091,0.718,590400000.0,298600000.0,291800000.0,590400000.0,0.0,73800000.0,0.0,0.023,0.5,195800000.0,269600000.0,0.162,269600000.0,195800000.0,191200000.0,1.76,1.75,1.76,3509600000.0,,3509600000.0,6934665330.0,47.0,15.503,70000000.0,0.857,1.0,995800000.0,0.598,1140700000.0,4600000.0,2776300000.0,,864600000.0,507100000.0,507100000.0,0.0,2518700000.0,1590100000.0,928600000.0,7174665330.0,282500000.0,0.0,-200000.0,-8000000.0,-40600000.0,-48800000.0,215200000.0,248000000.0,102800000.0,13300000.0,143800000.0,143800000.0,143800000.0,0.0,0.0,0.086,802500000.0,193300000.0,172800000.0,0.284,2.044,89.016,87.416,1240500000.0,0.0,88.29,1.14,1.147,470300000.0,5874000000.0,1664200000.0,1664200000.0,0.0,,,,,17800000.0,772700000.0,1.0,81262491.0,81700000.0,82300000.0,20.37,4887600000.0,213700000.0,47400000.0,131900000.0,59.824,1734300000.0
16,RL,MRQ,2017-06-30,2017-07-01,2017-07-01,2021-08-03,-164100000.0,5814000000.0,,3086700000.0,2727300000.0,,41.178,-41900000.0,830400000.0,830400000.0,495900000.0,59500000.0,2.537,0.73,590400000.0,0.0,590400000.0,590400000.0,0.0,72900000.0,0.0,0.027,0.5,91800000.0,164700000.0,0.122,164700000.0,91800000.0,86800000.0,0.73,0.72,0.73,3360100000.0,,3360100000.0,5897349598.0,203.0,17.811,292300000.0,3.582,1.0,851200000.0,0.632,1137900000.0,5000000.0,3219200000.0,,859900000.0,740500000.0,740500000.0,0.0,2453900000.0,1216900000.0,1237000000.0,5977449598.0,164600000.0,-3600000.0,-14300000.0,-6200000.0,-40500000.0,-61000000.0,-128500000.0,-83000000.0,334200000.0,19900000.0,59500000.0,59500000.0,59500000.0,0.0,0.0,0.044,760900000.0,90300000.0,160900000.0,0.685,1.779,-341.569,-369.0,1273300000.0,0.0,73.8,0.927,0.934,279200000.0,5770800000.0,1347100000.0,1347100000.0,0.0,,,,,21600000.0,714400000.0,1.0,80995252.0,81600000.0,82500000.0,16.509,4676100000.0,218900000.0,27300000.0,101300000.0,57.305,1869800000.0
17,RL,MRQ,2017-03-31,2017-04-01,2017-04-01,2021-08-03,-198400000.0,5652000000.0,,2954500000.0,2697500000.0,,40.19,-58500000.0,668300000.0,668300000.0,746300000.0,-204000000.0,2.547,0.713,588200000.0,0.0,588200000.0,588200000.0,0.0,75600000.0,0.0,0.025,0.5,-267200000.0,-191600000.0,-0.122,-191600000.0,-267200000.0,-268500000.0,-2.46,-2.45,-2.46,3299600000.0,,3299600000.0,6371194779.0,-69.0,29.633,43400000.0,0.529,1.0,819100000.0,0.523,1124400000.0,1300000.0,3287600000.0,,791500000.0,684700000.0,684700000.0,0.0,2352400000.0,1159900000.0,1192500000.0,6710194779.0,-258800000.0,-3600000.0,-99900000.0,-7900000.0,-41100000.0,-148900000.0,-224400000.0,-162300000.0,101900000.0,12600000.0,-204000000.0,-204000000.0,-204000000.0,0.0,0.0,-0.13,1084800000.0,-265700000.0,147700000.0,-0.203,2.034,-67.575,-68.017,1316000000.0,0.0,81.62,1.009,1.015,450200000.0,5751900000.0,1565400000.0,1565400000.0,0.0,,,,,17200000.0,781100000.0,1.0,82212629.0,82100000.0,80000000.0,19.067,4527600000.0,205300000.0,-64500000.0,92200000.0,55.147,1794600000.0
18,RL,MRQ,2016-12-31,2016-12-31,2016-12-31,2021-08-03,-223000000.0,5966000000.0,,3034000000.0,2932000000.0,,43.705,-60100000.0,928000000.0,928000000.0,731400000.0,81300000.0,2.636,0.653,589000000.0,0.0,589000000.0,589000000.0,0.0,77900000.0,0.0,0.022,0.5,126700000.0,204600000.0,0.119,204600000.0,126700000.0,123100000.0,0.98,0.98,0.98,3610000000.0,,3610000000.0,7681957081.0,32.0,13.772,558000000.0,6.755,1.0,983200000.0,0.573,1125000000.0,3600000.0,3351000000.0,,984000000.0,453000000.0,453000000.0,0.0,2356000000.0,1151000000.0,1205000000.0,7423957081.0,490400000.0,0.0,600000.0,-101100000.0,-41100000.0,-141600000.0,30000000.0,90100000.0,618100000.0,-16100000.0,81300000.0,81300000.0,81300000.0,0.0,0.0,0.047,854900000.0,128300000.0,158000000.0,0.51,2.056,50.814,51.318,1514000000.0,0.0,90.32,1.067,1.072,285000000.0,5997000000.0,1714600000.0,1714600000.0,0.0,,,,,14500000.0,771900000.0,1.0,82196159.0,82600000.0,83300000.0,20.758,4841000000.0,154000000.0,41800000.0,115000000.0,58.608,1883000000.0
19,RL,MRQ,2016-09-30,2016-10-01,2016-10-01,2021-08-03,-180000000.0,6067000000.0,,2976000000.0,3091000000.0,,43.507,-87800000.0,434000000.0,434000000.0,866400000.0,45700000.0,2.445,0.686,692000000.0,95000000.0,597000000.0,692000000.0,0.0,75600000.0,0.0,0.02,0.5,77800000.0,153400000.0,0.084,153400000.0,77800000.0,73700000.0,0.55,0.55,0.55,3598000000.0,,3598000000.0,8554622465.0,28.0,13.883,-98100000.0,-1.186,1.0,954200000.0,0.524,1171000000.0,4100000.0,3937000000.0,,1173000000.0,531000000.0,531000000.0,0.0,2469000000.0,1217000000.0,1252000000.0,8319622465.0,-22600000.0,-1200000.0,800000.0,-1100000.0,-41200000.0,-41500000.0,27500000.0,116500000.0,-10300000.0,1700000.0,45700000.0,45700000.0,45700000.0,0.0,0.0,0.025,877900000.0,76300000.0,159000000.0,0.909,2.312,42.49,43.408,1564000000.0,0.0,101.14,1.157,1.163,490000000.0,5956000000.0,1820600000.0,1820600000.0,0.0,,,,,14200000.0,803300000.0,1.0,82258478.0,82700000.0,83200000.0,22.015,4896000000.0,177000000.0,28000000.0,94000000.0,59.202,1759000000.0
20,RL,MRQ,2016-06-30,2016-07-02,2016-07-02,2021-08-03,-192000000.0,6118000000.0,,3002000000.0,3116000000.0,,42.809,-77600000.0,457000000.0,457000000.0,657600000.0,-22300000.0,2.316,0.716,692000000.0,90000000.0,602000000.0,692000000.0,0.0,78400000.0,0.0,0.022,0.5,-29800000.0,48600000.0,0.031,48600000.0,-29800000.0,-33200000.0,-0.27,-0.27,-0.27,3566000000.0,,3566000000.0,7724815943.0,17.0,10.127,165300000.0,1.984,1.0,894600000.0,0.576,1170000000.0,3400000.0,3887000000.0,,1242000000.0,619000000.0,619000000.0,0.0,2552000000.0,1296000000.0,1256000000.0,7467815943.0,700000.0,-1300000.0,-111700000.0,-33300000.0,-41400000.0,-186400000.0,-41200000.0,37700000.0,242900000.0,-14600000.0,-22300000.0,-22300000.0,-22300000.0,0.0,0.0,-0.014,925800000.0,-31200000.0,192000000.0,-1.852,2.094,24.082,24.679,1565000000.0,0.0,90.08,1.017,1.022,338000000.0,5952000000.0,1552200000.0,1552200000.0,0.0,,,,,17700000.0,814700000.0,1.0,82902042.0,83300000.0,83300000.0,18.634,4948000000.0,176000000.0,-10900000.0,99000000.0,59.4,1706000000.0
21,RL,MRQ,2016-03-31,2016-04-02,2016-04-02,2021-08-03,-181500000.0,6213100000.0,,3052700000.0,3160400000.0,,44.725,-92700000.0,456300000.0,456300000.0,857500000.0,41400000.0,2.548,0.66,713100000.0,116100000.0,597000000.0,713100000.0,0.0,82400000.0,0.0,0.021,0.5,68800000.0,151200000.0,0.081,151200000.0,68800000.0,61800000.0,0.5,0.51,0.5,3743500000.0,,3743500000.0,8255273029.0,14.0,9.358,72000000.0,0.86,1.0,1013700000.0,0.542,1161800000.0,7000000.0,4109800000.0,,1124600000.0,629400000.0,629400000.0,0.0,2469600000.0,1198300000.0,1271300000.0,8171273029.0,-62400000.0,-2300000.0,-99200000.0,95400000.0,-42300000.0,-55000000.0,-185300000.0,-96300000.0,164700000.0,13200000.0,41400000.0,41400000.0,41400000.0,0.0,0.0,0.022,945900000.0,67800000.0,151000000.0,1.0,2.183,20.614,20.916,1583200000.0,0.0,97.26,1.103,1.119,516500000.0,6015000000.0,1871200000.0,1871200000.0,0.0,,,,,27000000.0,918500000.0,1.0,84014734.0,83700000.0,84700000.0,22.356,5051300000.0,176500000.0,20400000.0,113600000.0,60.35,1854400000.0
22,RL,MRQ,2015-12-31,2015-12-26,2015-12-26,2021-08-03,-200000000.0,6341000000.0,,3452000000.0,2889000000.0,,44.806,-123000000.0,527000000.0,527000000.0,852000000.0,131000000.0,2.843,0.667,611000000.0,15000000.0,596000000.0,611000000.0,0.0,76000000.0,0.0,0.018,0.5,187000000.0,263000000.0,0.135,263000000.0,187000000.0,181000000.0,1.55,1.54,1.55,3804000000.0,,3804000000.0,9949665018.0,15.0,10.106,363000000.0,4.276,1.0,1094000000.0,0.562,1149000000.0,6000000.0,4062000000.0,,1271000000.0,688000000.0,688000000.0,0.0,2537000000.0,1214000000.0,1323000000.0,9602665018.0,147000000.0,-2000000.0,-90000000.0,-122000000.0,-42000000.0,-252000000.0,-80000000.0,46000000.0,486000000.0,-7000000.0,131000000.0,131000000.0,131000000.0,0.0,0.0,0.067,905000000.0,189000000.0,195000000.0,0.323,2.524,20.039,20.283,1564000000.0,0.0,113.38,1.294,1.297,473000000.0,6015000000.0,1946000000.0,1946000000.0,0.0,,,,,23000000.0,833000000.0,1.0,84694523.0,84900000.0,85500000.0,22.921,5192000000.0,262000000.0,50000000.0,135000000.0,61.154,2238000000.0
23,RL,MRQ,2015-09-30,2015-09-26,2015-09-26,2021-08-03,-167000000.0,6443000000.0,,3580000000.0,2863000000.0,,44.521,-134000000.0,380000000.0,380000000.0,857000000.0,160000000.0,2.801,0.691,727000000.0,130000000.0,597000000.0,727000000.0,0.0,77000000.0,0.0,0.018,0.5,223000000.0,300000000.0,0.152,300000000.0,223000000.0,219000000.0,1.87,1.86,1.87,3811000000.0,,3811000000.0,9239376845.0,12.0,8.373,-100000000.0,-1.168,1.0,1113000000.0,0.565,1161000000.0,4000000.0,4351000000.0,,1380000000.0,746000000.0,746000000.0,0.0,2632000000.0,1278000000.0,1354000000.0,9277376845.0,-110000000.0,-9000000.0,-124000000.0,267000000.0,-43000000.0,99000000.0,-234000000.0,-88000000.0,34000000.0,-9000000.0,160000000.0,160000000.0,160000000.0,0.0,0.0,0.081,883000000.0,230000000.0,206000000.0,0.267,2.434,16.473,16.716,1519000000.0,0.0,108.32,1.236,1.235,594000000.0,5926000000.0,1970000000.0,1970000000.0,0.0,,,,,21000000.0,839000000.0,1.0,85647866.0,85600000.0,86000000.0,23.014,5282000000.0,255000000.0,59000000.0,106000000.0,61.706,2302000000.0
24,RL,MRQ,2015-06-30,2015-06-27,2015-06-27,2021-08-03,-154000000.0,6068000000.0,,3304000000.0,2764000000.0,,44.012,-68000000.0,490000000.0,490000000.0,652000000.0,64000000.0,2.688,0.594,452000000.0,155000000.0,297000000.0,452000000.0,0.0,74000000.0,0.0,0.014,0.5,94000000.0,168000000.0,0.104,168000000.0,94000000.0,90000000.0,0.74,0.73,0.74,3807000000.0,,3807000000.0,11839372871.0,14.0,10.22,264000000.0,3.052,1.0,966000000.0,0.597,1161000000.0,4000000.0,3640000000.0,,1270000000.0,661000000.0,661000000.0,0.0,2261000000.0,1229000000.0,1032000000.0,11807372871.0,-10000000.0,-3000000.0,-154000000.0,-84000000.0,-43000000.0,-275000000.0,-77000000.0,-4000000.0,332000000.0,10000000.0,64000000.0,64000000.0,64000000.0,0.0,0.0,0.04,870000000.0,96000000.0,207000000.0,0.676,3.101,19.542,19.892,1419000000.0,0.0,136.86,1.568,1.572,390000000.0,5808000000.0,1618000000.0,1618000000.0,0.0,,,,,26000000.0,822000000.0,1.0,86273366.0,86500000.0,87500000.0,18.705,4907000000.0,265000000.0,26000000.0,137000000.0,56.728,2075000000.0
25,RL,MRQ,2015-03-31,2015-03-28,2015-03-28,2021-08-03,-165000000.0,6106000000.0,,3324000000.0,2782000000.0,,44.57,-91200000.0,500000000.0,500000000.0,841400000.0,124200000.0,2.803,0.569,532000000.0,234000000.0,298000000.0,532000000.0,0.0,75400000.0,0.0,0.014,0.5,178100000.0,253500000.0,0.134,253500000.0,178100000.0,173400000.0,1.43,1.42,1.43,3891000000.0,,3891000000.0,11107379822.0,11.0,8.554,-87900000.0,-1.007,1.0,1043900000.0,0.554,1170000000.0,4700000.0,3782000000.0,,1042000000.0,644000000.0,644000000.0,0.0,2215000000.0,1186000000.0,1029000000.0,11457379822.0,-263700000.0,-3700000.0,-143100000.0,114000000.0,-39200000.0,-68600000.0,-163700000.0,-68900000.0,3300000.0,-34700000.0,124200000.0,124200000.0,124200000.0,0.0,0.0,0.066,853500000.0,190400000.0,210000000.0,0.35,2.945,16.316,16.485,1436000000.0,0.0,131.22,1.504,1.519,655000000.0,5787000000.0,1885300000.0,1885300000.0,0.0,,,,,19800000.0,839300000.0,1.0,87314280.0,87300000.0,87900000.0,21.596,4936000000.0,247000000.0,49200000.0,143000000.0,56.541,2138000000.0
26,RL,MRQ,2014-12-31,2014-12-27,2014-12-27,2021-08-03,-22000000.0,6344000000.0,,3519000000.0,2825000000.0,,46.254,-124000000.0,763000000.0,763000000.0,874000000.0,215000000.0,2.797,0.557,413000000.0,113000000.0,300000000.0,413000000.0,0.0,78000000.0,0.0,0.01,0.45,304000000.0,382000000.0,0.188,382000000.0,304000000.0,301000000.0,2.44,2.41,2.44,4075000000.0,,4075000000.0,16262945342.0,16.0,12.2,491000000.0,5.573,1.0,1159000000.0,0.57,1190000000.0,3000000.0,3546000000.0,,1211000000.0,644000000.0,644000000.0,0.0,2269000000.0,1258000000.0,1011000000.0,16235945342.0,280000000.0,-5000000.0,-88000000.0,-101000000.0,-40000000.0,-227000000.0,-85000000.0,45000000.0,615000000.0,-23000000.0,215000000.0,215000000.0,215000000.0,0.0,0.0,0.106,844000000.0,315000000.0,229000000.0,0.184,3.984,22.211,22.603,1454000000.0,0.0,185.12,2.136,2.145,416000000.0,5706000000.0,2033000000.0,2033000000.0,0.0,,,,,16000000.0,837000000.0,1.0,87704977.0,88100000.0,89000000.0,23.076,5154000000.0,258000000.0,86000000.0,244000000.0,58.502,2261000000.0
27,RL,MRQ,2014-09-30,2014-09-27,2014-09-27,2021-08-03,40000000.0,6398000000.0,,3560000000.0,2838000000.0,,45.577,-91000000.0,483000000.0,483000000.0,862000000.0,201000000.0,2.775,0.588,510000000.0,210000000.0,300000000.0,510000000.0,0.0,72000000.0,0.0,0.011,0.45,283000000.0,355000000.0,0.178,355000000.0,283000000.0,278000000.0,2.27,2.25,2.27,4029000000.0,,4029000000.0,14156409396.0,13.0,10.517,-231000000.0,-2.613,1.0,1132000000.0,0.568,1223000000.0,5000000.0,3919000000.0,,1292000000.0,708000000.0,708000000.0,0.0,2369000000.0,1283000000.0,1086000000.0,14567409396.0,-228000000.0,1000000.0,-51000000.0,202000000.0,-39000000.0,113000000.0,-176000000.0,-86000000.0,-140000000.0,-25000000.0,201000000.0,201000000.0,201000000.0,0.0,0.0,0.101,846000000.0,286000000.0,255000000.0,0.198,3.616,19.346,19.79,1411000000.0,0.0,165.64,1.921,1.931,641000000.0,5530000000.0,1994000000.0,1994000000.0,0.0,,,,,18000000.0,836000000.0,1.0,87946205.0,88400000.0,89200000.0,22.557,5175000000.0,257000000.0,77000000.0,189000000.0,58.541,2277000000.0
28,RL,MRQ,2014-06-30,2014-06-28,2014-06-28,2021-08-03,113000000.0,6130000000.0,,3321000000.0,2809000000.0,,44.679,-85000000.0,711000000.0,711000000.0,665000000.0,162000000.0,3.13,0.543,300000000.0,0.0,300000000.0,300000000.0,0.0,69000000.0,0.0,0.011,0.45,239000000.0,308000000.0,0.18,308000000.0,239000000.0,235000000.0,1.82,1.8,1.82,3972000000.0,,3972000000.0,13736734691.0,13.0,10.16,330000000.0,3.712,1.0,1043000000.0,0.611,1256000000.0,4000000.0,3402000000.0,,1180000000.0,658000000.0,658000000.0,0.0,2158000000.0,1061000000.0,1097000000.0,14233734691.0,-86000000.0,-4000000.0,-197000000.0,-5000000.0,-40000000.0,-238000000.0,-264000000.0,-175000000.0,415000000.0,1000000.0,162000000.0,162000000.0,162000000.0,0.0,0.0,0.095,799000000.0,244000000.0,260000000.0,0.247,3.584,18.803,19.143,1363000000.0,0.0,160.42,1.897,1.9,357000000.0,5369000000.0,1708000000.0,1708000000.0,0.0,,,,,19000000.0,788000000.0,1.0,88727931.0,88900000.0,90200000.0,19.213,4874000000.0,252000000.0,73000000.0,232000000.0,54.826,2260000000.0
29,RL,MRQ,2014-03-31,2014-03-29,2014-03-29,2021-08-03,114000000.0,6088000000.0,,3329000000.0,2759000000.0,,44.039,-95000000.0,797000000.0,797000000.0,817000000.0,153000000.0,3.432,0.509,298000000.0,0.0,298000000.0,298000000.0,0.0,65000000.0,0.0,0.013,0.45,223000000.0,288000000.0,0.154,288000000.0,223000000.0,219000000.0,1.66,1.69,1.66,4034000000.0,,4034000000.0,13594156841.0,12.0,9.894,52000000.0,0.568,1.0,1050000000.0,0.562,1263000000.0,4000000.0,3356000000.0,,1020000000.0,488000000.0,488000000.0,0.0,2054000000.0,970000000.0,1084000000.0,14176156841.0,-85000000.0,-1000000.0,-144000000.0,-3000000.0,-40000000.0,-185000000.0,-48000000.0,48000000.0,147000000.0,1000000.0,153000000.0,153000000.0,153000000.0,0.0,0.0,0.082,825000000.0,225000000.0,203000000.0,0.271,3.514,18.268,18.508,1322000000.0,0.0,158.24,1.903,1.926,588000000.0,5257000000.0,1867000000.0,1867000000.0,0.0,,,,,17000000.0,815000000.0,1.0,89586431.0,91600000.0,90800000.0,20.382,4825000000.0,251000000.0,66000000.0,209000000.0,52.675,2359000000.0
30,RL,MRQ,2013-12-31,2013-12-28,2013-12-28,2021-08-03,104000000.0,6060000000.0,,3342000000.0,2718000000.0,,44.772,-81000000.0,882000000.0,882000000.0,843000000.0,237000000.0,3.396,0.502,300000000.0,0.0,300000000.0,300000000.0,0.0,67000000.0,0.0,0.012,0.45,328000000.0,395000000.0,0.196,395000000.0,328000000.0,324000000.0,2.62,2.57,2.62,4034000000.0,,4034000000.0,15641201244.0,15.0,11.858,459000000.0,5.094,1.0,1172000000.0,0.582,1263000000.0,4000000.0,3231000000.0,,1117000000.0,538000000.0,533000000.0,5000000.0,2026000000.0,984000000.0,1042000000.0,15897201244.0,43000000.0,-3000000.0,-171000000.0,-270000000.0,-36000000.0,-465000000.0,-32000000.0,48000000.0,540000000.0,0.0,237000000.0,237000000.0,237000000.0,0.0,0.0,0.118,838000000.0,334000000.0,207000000.0,0.172,3.941,21.196,21.201,1299000000.0,0.0,175.97,2.2,2.194,425000000.0,5144000000.0,2015000000.0,2015000000.0,0.0,,,,,19000000.0,815000000.0,1.0,90340406.0,90100000.0,91800000.0,22.364,4797000000.0,178000000.0,87000000.0,171000000.0,53.241,2358000000.0
31,RL,MRQ,2013-09-30,2013-09-28,2013-09-28,2021-08-03,114000000.0,6266000000.0,,3558000000.0,2708000000.0,,44.148,-148000000.0,839000000.0,839000000.0,831000000.0,205000000.0,2.921,0.57,583000000.0,283000000.0,300000000.0,583000000.0,0.0,66000000.0,0.0,0.012,0.4,295000000.0,361000000.0,0.189,361000000.0,295000000.0,288000000.0,2.28,2.23,2.28,3991000000.0,,3991000000.0,14317004472.0,14.0,11.142,-223000000.0,-2.467,1.0,1084000000.0,0.566,1285000000.0,7000000.0,3507000000.0,,1215000000.0,579000000.0,572000000.0,7000000.0,2275000000.0,1218000000.0,1057000000.0,14986004472.0,-101000000.0,-4000000.0,5000000.0,297000000.0,-37000000.0,268000000.0,-301000000.0,-145000000.0,-75000000.0,7000000.0,205000000.0,205000000.0,205000000.0,0.0,0.0,0.107,789000000.0,295000000.0,219000000.0,0.175,3.755,20.557,20.575,1280000000.0,0.0,165.63,2.123,2.121,577000000.0,4961000000.0,1915000000.0,1915000000.0,0.0,,,,,18000000.0,777000000.0,1.0,90478805.0,90400000.0,92200000.0,21.184,4981000000.0,175000000.0,83000000.0,177000000.0,55.1,2340000000.0
32,RL,MRQ,2013-06-30,2013-06-29,2013-06-29,2021-08-03,82000000.0,5460000000.0,,3084000000.0,2376000000.0,,41.421,-66000000.0,940000000.0,940000000.0,649000000.0,181000000.0,2.616,0.452,271000000.0,271000000.0,0.0,271000000.0,0.0,60000000.0,0.0,0.012,0.8,270000000.0,330000000.0,0.2,330000000.0,270000000.0,265000000.0,1.99,1.94,1.99,3761000000.0,,3761000000.0,15085520084.0,14.0,11.351,229000000.0,2.522,1.0,1004000000.0,0.607,1288000000.0,5000000.0,2324000000.0,,1053000000.0,420000000.0,411000000.0,9000000.0,1699000000.0,1179000000.0,520000000.0,15792620084.0,-34000000.0,-32000000.0,-196000000.0,-2000000.0,-36000000.0,-217000000.0,-107000000.0,-7000000.0,295000000.0,-5000000.0,181000000.0,181000000.0,181000000.0,0.0,0.0,0.109,744000000.0,260000000.0,196000000.0,0.402,4.199,21.399,21.423,944000000.0,0.0,173.74,2.254,2.252,349000000.0,4791000000.0,1653000000.0,1653000000.0,0.0,,,,,5000000.0,735000000.0,1.0,90898009.0,90800000.0,93100000.0,18.205,4172000000.0,167000000.0,84000000.0,222000000.0,45.947,1905000000.0
33,RL,MRQ,2013-03-31,2013-03-30,2013-03-30,2021-08-03,94000000.0,5418000000.0,,2963000000.0,2455000000.0,,41.869,-81000000.0,974000000.0,974000000.0,669000000.0,127000000.0,2.643,0.431,267000000.0,267000000.0,0.0,267000000.0,0.0,59000000.0,0.0,0.009,0.4,174000000.0,233000000.0,0.142,233000000.0,174000000.0,168000000.0,1.41,1.37,1.41,3785000000.0,,3785000000.0,14634169303.0,13.0,10.889,41000000.0,0.454,1.0,975000000.0,0.593,1296000000.0,6000000.0,2294000000.0,,896000000.0,406000000.0,325000000.0,81000000.0,1633000000.0,1121000000.0,512000000.0,15359169303.0,-25000000.0,-4000000.0,-39000000.0,-1000000.0,0.0,-32000000.0,-106000000.0,-17000000.0,122000000.0,-9000000.0,127000000.0,127000000.0,127000000.0,0.0,0.0,0.077,793000000.0,182000000.0,147000000.0,0.284,4.058,20.479,20.622,932000000.0,0.0,169.31,2.212,2.226,458000000.0,4647000000.0,1644000000.0,1644000000.0,0.0,,,,,15000000.0,770000000.0,1.0,90716256.0,90400000.0,93100000.0,18.186,4122000000.0,171000000.0,41000000.0,193000000.0,45.597,1842000000.0
34,RL,MRQ,2012-12-31,2012-12-29,2012-12-29,2021-08-03,160800000.0,5489200000.0,,3002000000.0,2487200000.0,,41.38,-78000000.0,999100000.0,999100000.0,752000000.0,216000000.0,2.519,0.456,274100000.0,274100000.0,0.0,274100000.0,0.0,61000000.0,0.0,0.01,0.4,300000000.0,361000000.0,0.196,361000000.0,300000000.0,295000000.0,2.37,2.31,2.37,3769700000.0,,3769700000.0,13171310732.0,12.0,10.101,512000000.0,5.62,1.0,1094000000.0,0.593,1332900000.0,5000000.0,2239700000.0,,981100000.0,402200000.0,313200000.0,89000000.0,1719500000.0,1191600000.0,527900000.0,13449210732.0,455000000.0,-8000000.0,-138000000.0,-4000000.0,-73000000.0,-209000000.0,75000000.0,161000000.0,590000000.0,-1000000.0,216000000.0,216000000.0,216000000.0,0.0,0.0,0.117,789000000.0,305000000.0,146200000.0,0.169,3.568,18.747,18.751,926400000.0,0.0,147.01,1.942,1.934,383900000.0,4555900000.0,1846000000.0,1846000000.0,0.0,,,,,15000000.0,768000000.0,1.0,91485006.0,91100000.0,93300000.0,20.263,4156300000.0,161000000.0,79000000.0,244900000.0,45.623,1810400000.0
35,RL,MRQ,2012-09-30,2012-09-29,2012-09-29,2021-08-03,197500000.0,5523500000.0,,3003000000.0,2520500000.0,,40.924,-55000000.0,543700000.0,543700000.0,767000000.0,214000000.0,3.134,0.478,265800000.0,0.0,265800000.0,265800000.0,0.0,57000000.0,0.0,0.008,0.4,348000000.0,405000000.0,0.218,405000000.0,348000000.0,342000000.0,2.34,2.29,2.34,3736400000.0,,3736400000.0,13577690233.0,13.0,10.707,-17000000.0,-0.186,1.0,1095000000.0,0.588,1363700000.0,6000000.0,2923800000.0,,1060200000.0,554000000.0,469100000.0,84900000.0,1787100000.0,958100000.0,829000000.0,13785190233.0,75000000.0,-3000000.0,23000000.0,-1000000.0,-36000000.0,-8000000.0,39000000.0,98000000.0,38000000.0,6000000.0,214000000.0,214000000.0,214000000.0,0.0,0.0,0.115,747000000.0,348000000.0,224400000.0,0.171,3.689,20.563,20.716,911900000.0,0.0,151.23,2.002,2.006,606800000.0,4376500000.0,1862000000.0,1862000000.0,0.0,,,,,15000000.0,741000000.0,1.0,91153807.0,91300000.0,93400000.0,20.394,4159800000.0,180500000.0,128000000.0,221600000.0,45.562,2044900000.0
36,RL,MRQ,2012-06-30,2012-06-30,2012-06-30,2021-08-03,161400000.0,5194100000.0,,2719300000.0,2474800000.0,,37.655,-62000000.0,468500000.0,468500000.0,601000000.0,193000000.0,2.915,0.496,261000000.0,0.0,261000000.0,261000000.0,0.0,56000000.0,0.0,0.007,0.4,289000000.0,345000000.0,0.217,345000000.0,289000000.0,284000000.0,2.1,2.03,2.1,3471800000.0,,3471800000.0,12587553210.0,12.0,9.888,207000000.0,2.245,1.0,992000000.0,0.623,1357600000.0,5000000.0,2696000000.0,,964100000.0,645100000.0,563000000.0,82100000.0,1722300000.0,933000000.0,789300000.0,12984753210.0,-203000000.0,-7000000.0,-344000000.0,-3000000.0,-19000000.0,-346000000.0,-121000000.0,-60000000.0,269000000.0,-5000000.0,193000000.0,193000000.0,193000000.0,0.0,0.0,0.121,700000000.0,292000000.0,206500000.0,0.19,3.74,18.821,18.7,869700000.0,0.0,140.06,1.875,1.864,395300000.0,4199300000.0,1593000000.0,1593000000.0,0.0,,,,,2000000.0,693000000.0,1.0,92708505.0,92200000.0,95100000.0,17.278,3836500000.0,179800000.0,91000000.0,229300000.0,41.611,1786300000.0
37,RL,MRQ,2012-03-31,2012-03-31,2012-03-31,2021-08-03,196600000.0,5416400000.0,,2899900000.0,2516500000.0,,39.529,-111900000.0,671600000.0,671600000.0,697100000.0,94400000.0,3.065,0.483,274400000.0,0.0,274400000.0,274400000.0,0.0,56800000.0,0.0,0.005,0.2,136100000.0,192900000.0,0.119,192900000.0,136100000.0,130900000.0,1.03,0.99,1.03,3652500000.0,,3652500000.0,15547600254.0,15.0,12.3,-11100000.0,-0.12,1.0,926300000.0,0.571,1363000000.0,5200000.0,2710000000.0,,841600000.0,615600000.0,515700000.0,99900000.0,1763900000.0,946200000.0,817700000.0,16097800254.0,-143800000.0,-1900000.0,19800000.0,-2400000.0,-18200000.0,13100000.0,-258200000.0,-144400000.0,100800000.0,500000.0,94400000.0,94400000.0,94400000.0,0.0,0.0,0.058,790300000.0,136000000.0,180600000.0,0.194,4.407,23.638,23.718,884100000.0,0.0,174.33,2.347,2.356,547200000.0,4042400000.0,1623400000.0,1623400000.0,0.0,,,,,8300000.0,773600000.0,1.0,92340964.0,92400000.0,95200000.0,17.569,4053400000.0,182600000.0,36500000.0,239900000.0,43.868,1953700000.0
38,RL,MRQ,2011-12-31,2011-12-31,2011-12-31,2021-08-03,206700000.0,5326500000.0,,2826500000.0,2500000000.0,,38.283,-67700000.0,815800000.0,815800000.0,774000000.0,169000000.0,2.887,0.509,265600000.0,0.0,265600000.0,265600000.0,0.0,56800000.0,0.0,0.006,0.2,268400000.0,325200000.0,0.18,325200000.0,268400000.0,262100000.0,1.83,1.78,1.83,3529700000.0,,3529700000.0,12687244812.0,12.0,10.24,433000000.0,4.696,1.0,1031600000.0,0.571,1383600000.0,6300000.0,2413500000.0,,894700000.0,458800000.0,386300000.0,72500000.0,1796800000.0,979200000.0,817600000.0,12721244812.0,408100000.0,-2200000.0,10500000.0,-101400000.0,-18400000.0,-105000000.0,21800000.0,91000000.0,500700000.0,-9400000.0,169000000.0,169000000.0,169000000.0,0.0,0.0,0.094,761500000.0,270100000.0,169700000.0,0.109,3.604,19.28,19.503,826500000.0,0.0,138.08,1.909,1.911,440200000.0,3966500000.0,1805600000.0,1805600000.0,0.0,,,,,16900000.0,750700000.0,1.0,92129525.0,92200000.0,94900000.0,19.584,3942900000.0,183900000.0,93100000.0,305600000.0,42.765,1847300000.0
39,RL,MRQ,2011-09-30,2011-10-01,2011-10-01,2021-08-03,247400000.0,5328400000.0,,2773900000.0,2554500000.0,,36.702,-53100000.0,407700000.0,407700000.0,826000000.0,233500000.0,2.471,0.575,373700000.0,100000000.0,273700000.0,373700000.0,0.0,56000000.0,0.0,0.005,0.2,353900000.0,409900000.0,0.215,409900000.0,353900000.0,347500000.0,2.53,2.46,2.53,3383900000.0,,3383900000.0,11865807903.0,12.0,9.832,18000000.0,0.195,1.0,1078600000.0,0.566,1403100000.0,6400000.0,2768900000.0,,988400000.0,571700000.0,477900000.0,93800000.0,1944500000.0,1122400000.0,822100000.0,11992907903.0,-23800000.0,0.0,-67000000.0,89500000.0,-18500000.0,14600000.0,-104500000.0,-51400000.0,71100000.0,-5000000.0,233500000.0,233500000.0,233500000.0,0.0,0.0,0.123,727800000.0,350800000.0,190000000.0,0.079,3.544,18.193,18.502,833500000.0,0.0,129.7,1.872,1.867,633500000.0,3816000000.0,1904600000.0,1904600000.0,0.0,,,,,5500000.0,720300000.0,1.0,92466522.0,92200000.0,94900000.0,20.657,3925300000.0,185000000.0,114000000.0,283300000.0,42.574,1651500000.0
40,RL,MRQ,2011-06-30,2011-07-02,2011-07-02,2021-08-03,240000000.0,4960200000.0,,2515700000.0,2444500000.0,,34.097,-39300000.0,431500000.0,431500000.0,564900000.0,184100000.0,2.769,0.549,304400000.0,7700000.0,296700000.0,304400000.0,0.0,55400000.0,0.0,0.004,0.2,280600000.0,336000000.0,0.22,336000000.0,280600000.0,274500000.0,1.96,1.9,1.96,3201700000.0,,3201700000.0,12540217880.0,13.0,10.869,173100000.0,1.843,1.0,961500000.0,0.63,1404300000.0,6100000.0,2520400000.0,,896300000.0,549600000.0,520000000.0,29600000.0,1758500000.0,908400000.0,850100000.0,12701317880.0,-21500000.0,-7900000.0,-321300000.0,6300000.0,-18900000.0,-330700000.0,91900000.0,138800000.0,212400000.0,4900000.0,184100000.0,184100000.0,184100000.0,0.0,0.0,0.121,679400000.0,282100000.0,196800000.0,0.102,3.967,20.132,20.256,785100000.0,0.0,134.3,2.105,2.09,388100000.0,3600900000.0,1526400000.0,1526400000.0,0.0,,,,,7300000.0,672300000.0,1.0,94574221.0,93900000.0,96800000.0,16.256,3555900000.0,207900000.0,90400000.0,211800000.0,37.869,1607300000.0
41,RL,MRQ,2011-03-31,2011-04-02,2011-04-02,2021-08-03,215800000.0,4981100000.0,,2478000000.0,2503100000.0,,34.424,-83500000.0,453000000.0,453000000.0,616600000.0,73200000.0,2.978,0.507,291900000.0,0.0,291900000.0,291900000.0,0.0,51300000.0,0.0,0.004,0.2,116600000.0,167900000.0,0.118,167900000.0,116600000.0,111500000.0,0.76,0.74,0.76,3304700000.0,,3304700000.0,11811823594.0,14.0,11.382,10900000.0,0.114,1.0,810300000.0,0.568,1404000000.0,5100000.0,2584000000.0,,702100000.0,677500000.0,593900000.0,83600000.0,1676400000.0,832000000.0,844400000.0,12180123594.0,-190400000.0,-3100000.0,-226300000.0,-1300000.0,-9600000.0,-230800000.0,-58600000.0,15400000.0,94400000.0,4600000.0,73200000.0,73200000.0,73200000.0,0.0,0.0,0.051,693100000.0,117200000.0,141300000.0,0.263,3.686,21.459,21.426,788800000.0,0.0,126.63,2.152,2.148,442800000.0,3435300000.0,1426900000.0,1426900000.0,0.0,,,,,13100000.0,681100000.0,1.0,96186714.0,96000000.0,98700000.0,14.864,3577100000.0,226600000.0,38300000.0,165300000.0,37.261,1646000000.0
42,RL,MRQ,2010-12-31,2011-01-01,2011-01-01,2021-08-03,182000000.0,5008600000.0,,2513100000.0,2495500000.0,,35.738,-77700000.0,643400000.0,643400000.0,640100000.0,168400000.0,3.171,0.468,275100000.0,0.0,275100000.0,275100000.0,0.0,50400000.0,0.0,0.004,0.1,242700000.0,293100000.0,0.189,293100000.0,242700000.0,238400000.0,1.76,1.72,1.76,3413000000.0,,3413000000.0,10393604548.0,12.0,9.532,292600000.0,3.064,1.0,907900000.0,0.586,1388700000.0,4300000.0,2459100000.0,,697700000.0,664900000.0,599400000.0,65500000.0,1595600000.0,792500000.0,803100000.0,10544304548.0,207500000.0,-46400000.0,45800000.0,-2700000.0,-9500000.0,60800000.0,-222400000.0,-117400000.0,370300000.0,-1200000.0,168400000.0,168400000.0,168400000.0,0.0,0.0,0.109,661600000.0,246300000.0,176500000.0,0.057,3.089,17.328,17.578,756400000.0,0.0,110.92,1.893,1.902,338100000.0,3381000000.0,1548000000.0,1548000000.0,0.0,,,,,-9100000.0,655300000.0,1.0,95062248.0,95500000.0,98100000.0,16.209,3619900000.0,219800000.0,70000000.0,184600000.0,37.905,1720600000.0
43,RL,MRQ,2010-09-30,2010-10-02,2010-10-02,2021-08-03,191500000.0,4875000000.0,,2444000000.0,2431000000.0,,33.22,-55300000.0,435900000.0,435900000.0,644200000.0,205200000.0,2.763,0.537,285200000.0,0.0,285200000.0,285200000.0,0.0,46400000.0,0.0,0.004,0.1,310400000.0,356800000.0,0.233,356800000.0,310400000.0,306000000.0,2.15,2.09,2.15,3172500000.0,,3172500000.0,8573364745.0,10.0,8.476,-2700000.0,-0.028,1.0,887900000.0,0.58,1371700000.0,4400000.0,2468100000.0,,732500000.0,561500000.0,500400000.0,61100000.0,1702500000.0,884500000.0,818000000.0,8657464745.0,90100000.0,-19000000.0,-84100000.0,-2600000.0,-9600000.0,-91600000.0,116500000.0,191200000.0,52600000.0,12600000.0,205200000.0,205200000.0,205200000.0,0.0,0.0,0.134,580500000.0,307400000.0,256400000.0,0.047,2.729,15.707,15.928,716400000.0,0.0,90.31,1.644,1.638,523300000.0,3222200000.0,1532100000.0,1532100000.0,0.0,,,,,10100000.0,574300000.0,1.0,95863855.0,95500000.0,98000000.0,16.043,3503300000.0,237700000.0,100800000.0,211000000.0,36.684,1559500000.0
44,RL,MRQ,2010-06-30,2010-07-03,2010-07-03,2021-08-03,116500000.0,4499000000.0,,2161000000.0,2338000000.0,,30.512,-38500000.0,345800000.0,345800000.0,441100000.0,120800000.0,2.829,0.517,261700000.0,0.0,261700000.0,261700000.0,0.0,46000000.0,0.0,0.005,0.1,174000000.0,220000000.0,0.191,220000000.0,174000000.0,169500000.0,1.24,1.21,1.24,2965800000.0,,2965800000.0,6898897971.0,9.0,7.28,132900000.0,1.367,1.0,712200000.0,0.618,1325900000.0,4500000.0,2325000000.0,,629600000.0,716800000.0,644900000.0,71900000.0,1533200000.0,764000000.0,769200000.0,7179897971.0,-217300000.0,-2400000.0,-241700000.0,-1300000.0,-9800000.0,-251000000.0,-134900000.0,-91200000.0,171400000.0,-2800000.0,120800000.0,120800000.0,120800000.0,0.0,0.0,0.105,538000000.0,174200000.0,220600000.0,0.081,2.421,13.715,13.77,675200000.0,0.0,73.12,1.405,1.391,270100000.0,3026500000.0,1153300000.0,1153300000.0,0.0,,,,,13700000.0,532000000.0,1.0,98193353.0,97200000.0,99900000.0,11.865,3173100000.0,231300000.0,48700000.0,211200000.0,32.645,1397000000.0
45,RL,MRQ,2010-03-31,2010-04-03,2010-04-03,2021-08-03,154000000.0,4648900000.0,,2275800000.0,2373100000.0,,31.705,-97000000.0,563100000.0,563100000.0,547700000.0,114100000.0,3.045,0.492,282100000.0,0.0,282100000.0,282100000.0,0.0,47700000.0,0.0,0.003,0.1,172800000.0,220500000.0,0.165,220500000.0,172800000.0,167400000.0,1.16,1.13,1.16,3116600000.0,,3116600000.0,7859810201.0,11.0,8.805,5200000.0,0.053,1.0,789400000.0,0.59,1349800000.0,5400000.0,2270800000.0,,504000000.0,659600000.0,584100000.0,75500000.0,1532300000.0,747300000.0,785000000.0,8535310201.0,-410700000.0,-27100000.0,-60400000.0,-2000000.0,-9800000.0,-62300000.0,-439700000.0,-321300000.0,102200000.0,-10900000.0,114100000.0,114100000.0,114100000.0,0.0,0.0,0.085,617600000.0,171800000.0,149800000.0,0.086,2.739,17.8,17.841,697200000.0,0.0,86.53,1.714,1.719,381900000.0,2915300000.0,1337100000.0,1337100000.0,0.0,,,,,-5200000.0,612000000.0,1.0,98639896.0,98300000.0,100700000.0,13.602,3299100000.0,206200000.0,53300000.0,163800000.0,33.562,1528500000.0
46,RL,MRQ,2009-12-31,2009-12-26,2009-12-26,2021-08-03,187400000.0,4651400000.0,,2350400000.0,2301000000.0,,31.135,-51300000.0,973800000.0,973800000.0,520200000.0,111100000.0,3.113,0.512,298300000.0,0.0,298300000.0,298300000.0,0.0,44100000.0,0.0,0.003,0.1,170100000.0,214200000.0,0.172,214200000.0,170100000.0,165500000.0,1.12,1.1,1.12,3076100000.0,,3076100000.0,8046878287.0,14.0,10.542,432500000.0,4.378,1.0,723700000.0,0.582,1343400000.0,4600000.0,1877500000.0,,545100000.0,360200000.0,316900000.0,43300000.0,1575300000.0,755000000.0,820300000.0,8162878287.0,550300000.0,-2000000.0,-58200000.0,-1400000.0,-5000000.0,-54500000.0,130300000.0,181900000.0,483800000.0,-9300000.0,111100000.0,111100000.0,111100000.0,0.0,0.0,0.089,551200000.0,172500000.0,154700000.0,0.089,2.654,19.914,19.954,644000000.0,0.0,82.41,1.677,1.673,262900000.0,2811100000.0,1243900000.0,1243900000.0,0.0,,,,,15300000.0,540400000.0,1.0,99052036.0,98800000.0,101400000.0,12.59,3308000000.0,216200000.0,54400000.0,202600000.0,33.482,1595400000.0
47,RL,MRQ,2009-09-30,2009-09-26,2009-09-26,2021-08-03,174000000.0,4572000000.0,,2251100000.0,2320900000.0,,30.137,-35200000.0,423500000.0,423500000.0,589400000.0,177500000.0,3.07,0.526,307500000.0,0.0,307500000.0,307500000.0,0.0,45100000.0,0.0,0.003,0.05,247900000.0,293000000.0,0.213,293000000.0,247900000.0,242300000.0,1.79,1.75,1.79,2995600000.0,,2995600000.0,6996898225.0,12.0,9.213,-7000000.0,-0.07,1.0,784800000.0,0.571,1331200000.0,5600000.0,2391600000.0,,610400000.0,546600000.0,502200000.0,44400000.0,1576400000.0,733200000.0,843200000.0,7199898225.0,-197300000.0,0.0,-52100000.0,-123100000.0,-4900000.0,-176900000.0,-54200000.0,-12100000.0,28200000.0,5600000.0,177500000.0,177500000.0,177500000.0,0.0,0.0,0.129,538900000.0,245900000.0,168100000.0,0.028,2.403,17.817,17.701,643700000.0,0.0,72.22,1.477,1.473,482400000.0,2709900000.0,1374200000.0,1374200000.0,0.0,,,,,11800000.0,525700000.0,1.0,99693966.0,99400000.0,101600000.0,13.825,3240800000.0,220600000.0,64800000.0,210100000.0,32.604,1517900000.0
48,RL,MRQ,2009-06-30,2009-06-27,2009-06-27,2021-08-03,144800000.0,4500800000.0,,2206100000.0,2294700000.0,,28.538,-17800000.0,620800000.0,620800000.0,422500000.0,76800000.0,2.486,0.59,417800000.0,125300000.0,292500000.0,417800000.0,0.0,44300000.0,0.0,0.004,0.05,120700000.0,165000000.0,0.161,165000000.0,120700000.0,114100000.0,0.77,0.76,0.77,2831000000.0,,2831000000.0,5263978117.0,9.0,6.888,274500000.0,2.767,1.0,601200000.0,0.587,1322500000.0,6600000.0,2087800000.0,,612400000.0,467900000.0,467900000.0,0.0,1669800000.0,887500000.0,782300000.0,5338778117.0,139600000.0,-1700000.0,-9800000.0,-1200000.0,-5000000.0,-12700000.0,-140800000.0,-127000000.0,292300000.0,800000.0,76800000.0,76800000.0,76800000.0,0.0,0.0,0.075,484500000.0,116700000.0,166800000.0,0.065,1.886,13.774,13.767,631700000.0,0.0,53.83,1.083,1.083,250300000.0,2537300000.0,1023700000.0,1023700000.0,0.0,,,,,12600000.0,478900000.0,1.0,99178490.0,99200000.0,101500000.0,10.32,3178300000.0,215300000.0,37300000.0,184700000.0,32.039,1318600000.0
49,RL,MRQ,2009-03-31,2009-03-28,2009-03-28,2021-08-03,126800000.0,4356500000.0,,2056700000.0,2299800000.0,,27.572,-55100000.0,481200000.0,481200000.0,590000000.0,44500000.0,3.051,0.593,406400000.0,0.0,406400000.0,406400000.0,0.0,46400000.0,0.0,0.005,0.05,44700000.0,91100000.0,0.074,91100000.0,44700000.0,38600000.0,0.45,0.45,0.45,2735100000.0,,2735100000.0,4233484044.0,7.0,5.302,-31700000.0,-0.32,1.0,634400000.0,0.518,1315300000.0,6100000.0,2292300000.0,,525100000.0,368400000.0,338700000.0,29700000.0,1621400000.0,674100000.0,947300000.0,4388184044.0,-93100000.0,0.0,1400000.0,-1800000.0,-5000000.0,-4300000.0,-107400000.0,-27500000.0,23400000.0,-4800000.0,44500000.0,44500000.0,44500000.0,0.0,0.0,0.036,595000000.0,39400000.0,165900000.0,0.111,1.604,10.808,10.826,651600000.0,0.0,44.28,0.874,0.875,474900000.0,2465500000.0,1224400000.0,1224400000.0,0.0,,,,,300000.0,520700000.0,1.0,99100814.0,99200000.0,100400000.0,12.343,3041200000.0,204600000.0,-5900000.0,190700000.0,30.657,1382600000.0
50,RL,MRQ,2008-12-31,2008-12-27,2008-12-27,2021-08-03,140600000.0,4385300000.0,,2004200000.0,2381100000.0,,27.271,-44600000.0,574300000.0,574300000.0,582300000.0,105300000.0,2.779,0.628,419600000.0,0.0,419600000.0,419600000.0,0.0,44900000.0,0.0,0.005,0.05,165500000.0,210400000.0,0.168,210400000.0,165500000.0,158100000.0,1.07,1.05,1.07,2694400000.0,,2694400000.0,4320125710.0,6.0,4.742,318200000.0,3.221,1.0,669700000.0,0.535,1330600000.0,7400000.0,2178700000.0,,585100000.0,305900000.0,305900000.0,0.0,1690900000.0,721300000.0,969600000.0,4298525710.0,156700000.0,-2800000.0,8700000.0,-1200000.0,-4900000.0,5900000.0,-200700000.0,-210100000.0,362800000.0,-11300000.0,105300000.0,105300000.0,105300000.0,0.0,0.0,0.084,503100000.0,166600000.0,185900000.0,0.047,1.595,9.244,9.325,693600000.0,0.0,43.55,0.854,0.854,310500000.0,2425900000.0,1252000000.0,1252000000.0,0.0,,,,,14700000.0,496500000.0,1.0,98703231.0,98800000.0,100700000.0,12.672,3054700000.0,185200000.0,52800000.0,204600000.0,30.918,1282900000.0
51,RL,MRQ,2008-09-30,2008-09-27,2008-09-27,2021-08-03,98700000.0,4276200000.0,,1866500000.0,2409700000.0,,25.432,-29200000.0,417600000.0,417600000.0,640700000.0,161000000.0,2.539,0.693,439200000.0,0.0,439200000.0,439200000.0,0.0,47000000.0,0.0,0.003,0.05,250700000.0,297700000.0,0.208,297700000.0,250700000.0,244600000.0,1.62,1.58,1.62,2525400000.0,,2525400000.0,7085292511.0,10.0,7.668,-37900000.0,-0.382,1.0,788200000.0,0.552,1312800000.0,6100000.0,2249900000.0,,619300000.0,92300000.0,92300000.0,0.0,1750800000.0,735100000.0,1015700000.0,7169292511.0,-136200000.0,-32900000.0,-107000000.0,-2400000.0,-5000000.0,-109500000.0,-4800000.0,57000000.0,-8700000.0,-13200000.0,161000000.0,161000000.0,161000000.0,0.0,0.0,0.113,545300000.0,242900000.0,221300000.0,0.031,2.839,15.176,15.261,692400000.0,0.0,71.88,1.419,1.413,531100000.0,2325500000.0,1428900000.0,1428900000.0,0.0,,,,,12300000.0,532300000.0,1.0,99739740.0,99300000.0,101800000.0,14.39,2963400000.0,193800000.0,83600000.0,204100000.0,29.843,1131400000.0
52,RL,MRQ,2008-06-30,2008-06-28,2008-06-28,2021-08-03,123900000.0,4261600000.0,,1798800000.0,2462800000.0,,24.969,-56100000.0,553800000.0,553800000.0,475200000.0,95200000.0,2.519,0.715,469800000.0,0.0,469800000.0,469800000.0,0.0,46100000.0,0.0,0.003,0.05,153200000.0,199300000.0,0.179,199300000.0,153200000.0,146200000.0,0.96,0.93,0.96,2484400000.0,,2484400000.0,6387043618.0,10.0,7.305,340600000.0,3.423,1.0,638400000.0,0.573,1322800000.0,7000000.0,2140600000.0,,568100000.0,157000000.0,157000000.0,0.0,1777200000.0,714200000.0,1063000000.0,6259343618.0,2300000.0,-10600000.0,-43900000.0,-198100000.0,-5000000.0,-244200000.0,-145100000.0,-73000000.0,396700000.0,-5100000.0,95200000.0,95200000.0,95200000.0,0.0,0.0,0.085,491800000.0,146600000.0,224900000.0,0.052,2.519,14.669,14.955,706300000.0,0.0,62.96,1.271,1.272,310100000.0,2169500000.0,1113600000.0,1113600000.0,0.0,,,,,10300000.0,486500000.0,1.0,99417783.0,99500000.0,102100000.0,11.192,2938800000.0,197700000.0,51000000.0,186700000.0,29.536,1084600000.0
53,RL,MRQ,2008-03-31,2008-03-29,2008-03-29,2021-08-03,112600000.0,4365500000.0,,1893500000.0,2472000000.0,,23.637,-65400000.0,551500000.0,551500000.0,566600000.0,105600000.0,2.084,0.827,679200000.0,206400000.0,472800000.0,679200000.0,0.0,53700000.0,0.0,0.003,0.05,150000000.0,203700000.0,0.164,203700000.0,150000000.0,143200000.0,1.02,1.0,1.02,2389700000.0,,2389700000.0,5677412035.0,9.0,6.533,-69800000.0,-0.69,1.0,674300000.0,0.543,1324400000.0,6800000.0,2260200000.0,,514900000.0,74300000.0,74300000.0,0.0,1975800000.0,908600000.0,1067200000.0,5863512035.0,-252900000.0,-5700000.0,-129200000.0,-3900000.0,-5000000.0,-137600000.0,-132900000.0,-64100000.0,-4400000.0,22000000.0,103500000.0,103500000.0,103500000.0,0.0,2100000.0,0.083,530100000.0,144200000.0,205700000.0,0.049,2.454,13.967,14.054,709900000.0,0.0,57.62,1.202,1.208,508400000.0,2079300000.0,1240900000.0,1240900000.0,0.0,,,,,21200000.0,513600000.0,1.0,101761750.0,101100000.0,103700000.0,12.274,3041100000.0,193500000.0,39700000.0,184000000.0,30.08,984900000.0
54,RL,MRQ,2007-12-31,2007-12-29,2007-12-29,2021-08-03,90100000.0,4344700000.0,,1925700000.0,2419000000.0,,23.623,-58600000.0,804400000.0,804400000.0,593300000.0,112700000.0,2.116,0.81,618300000.0,179800000.0,438500000.0,618300000.0,0.0,53000000.0,0.0,0.003,0.05,170300000.0,223300000.0,0.176,223300000.0,170300000.0,163500000.0,1.11,1.08,1.11,2400100000.0,,2400100000.0,6399941179.0,10.0,7.694,387000000.0,3.809,1.0,676500000.0,0.533,1309300000.0,6800000.0,1939400000.0,,581200000.0,20000000.0,20000000.0,0.0,1944600000.0,909900000.0,1034700000.0,6270341179.0,331400000.0,-1300000.0,-44400000.0,-1200000.0,-5200000.0,-46400000.0,-83800000.0,-20000000.0,445600000.0,16000000.0,112700000.0,112700000.0,112700000.0,0.0,0.0,0.089,505800000.0,170700000.0,230400000.0,0.045,2.613,16.098,16.296,677300000.0,0.0,61.76,1.343,1.343,354500000.0,1980800000.0,1269800000.0,1269800000.0,0.0,,,,,20000000.0,492200000.0,1.0,101527545.0,101600000.0,104300000.0,12.498,3035400000.0,192600000.0,50800000.0,175000000.0,29.876,1015800000.0
55,RL,MRQ,2007-09-30,2007-09-29,2007-09-29,2021-08-03,70400000.0,4187500000.0,,1812100000.0,2375400000.0,,21.86,-48400000.0,473000000.0,473000000.0,603900000.0,115300000.0,1.993,0.867,602600000.0,178200000.0,424400000.0,602600000.0,0.0,51500000.0,0.0,0.003,0.05,196500000.0,248000000.0,0.191,248000000.0,196500000.0,190300000.0,1.12,1.09,1.12,2242800000.0,,2242800000.0,7956220182.0,12.0,9.595,-75000000.0,-0.731,1.0,695200000.0,0.535,1308900000.0,6200000.0,2099100000.0,,635700000.0,0.0,0.0,0.0,1944700000.0,909100000.0,1035600000.0,8029820182.0,-170200000.0,-2200000.0,-98100000.0,-1400000.0,-5100000.0,-101200000.0,-63400000.0,0.0,-26600000.0,21000000.0,115300000.0,115300000.0,115300000.0,0.0,0.0,0.089,502600000.0,192600000.0,256000000.0,0.045,3.58,20.733,20.789,647000000.0,0.0,77.75,1.767,1.755,549300000.0,1873200000.0,1299100000.0,1299100000.0,0.0,,,,,19300000.0,488200000.0,1.0,103277430.0,102600000.0,105400000.0,12.662,2878600000.0,188000000.0,75000000.0,191100000.0,28.057,903000000.0
56,RL,MRQ,2007-06-30,2007-06-30,2007-06-30,2021-08-03,40300000.0,3995400000.0,,1706200000.0,2289200000.0,,21.445,-44700000.0,643200000.0,643200000.0,478300000.0,88300000.0,2.152,0.793,569600000.0,166500000.0,403100000.0,569600000.0,0.0,43100000.0,0.0,0.002,0.05,150900000.0,194000000.0,0.181,194000000.0,150900000.0,145100000.0,0.85,0.82,0.85,2228100000.0,,2228100000.0,10034127647.0,15.0,12.047,236100000.0,2.272,1.0,592000000.0,0.553,1296400000.0,5800000.0,1832700000.0,,604700000.0,0.0,0.0,0.0,1767300000.0,792700000.0,974600000.0,10199227647.0,79300000.0,-179500000.0,-163600000.0,167400000.0,-5200000.0,24700000.0,-224900000.0,0.0,280800000.0,-1300000.0,88300000.0,88300000.0,88300000.0,0.0,0.0,0.083,446200000.0,145800000.0,223600000.0,0.059,4.578,24.937,24.964,622200000.0,0.0,98.11,2.312,2.31,323000000.0,1763000000.0,1070300000.0,1070300000.0,0.0,,,,,10200000.0,438500000.0,1.0,103957065.0,103900000.0,107300000.0,10.301,2699000000.0,128000000.0,56800000.0,195100000.0,25.977,913500000.0
57,RL,MRQ,2007-03-31,2007-03-31,2007-03-31,2021-08-03,40500000.0,3758000000.0,,1685900000.0,2072100000.0,,22.494,-80000000.0,563900000.0,563900000.0,473200000.0,73200000.0,2.633,0.609,398800000.0,0.0,398800000.0,398800000.0,0.0,40500000.0,0.0,0.002,0.05,126000000.0,166500000.0,0.161,166500000.0,126000000.0,120400000.0,0.71,0.69,0.71,2334900000.0,,2334900000.0,8797365397.0,13.0,10.866,62000000.0,0.597,1.0,558100000.0,0.541,1088200000.0,5600000.0,1864400000.0,,526900000.0,0.0,0.0,0.0,1423100000.0,640300000.0,782800000.0,9155365397.0,-187900000.0,-174800000.0,-47600000.0,-1800000.0,-5200000.0,-54900000.0,-276900000.0,0.0,142000000.0,1900000.0,73200000.0,73200000.0,73200000.0,0.0,0.0,0.071,438000000.0,120100000.0,174700000.0,0.07,3.921,22.837,22.956,629800000.0,0.0,88.15,2.131,2.142,467500000.0,1742300000.0,1031300000.0,1031300000.0,0.0,,,,,12400000.0,434200000.0,1.0,103861207.0,103800000.0,107300000.0,9.935,2669800000.0,101300000.0,47200000.0,74600000.0,25.721,1045600000.0
58,RL,MRQ,2006-12-31,2006-12-30,2006-12-30,2021-08-03,42200000.0,3530600000.0,,1714800000.0,1815800000.0,,22.131,-40400000.0,751800000.0,751800000.0,529700000.0,110500000.0,2.835,0.531,393800000.0,0.0,393800000.0,393800000.0,0.0,32800000.0,0.0,0.003,0.05,187900000.0,220700000.0,0.193,220700000.0,187900000.0,180800000.0,1.06,1.03,1.06,2306000000.0,,2306000000.0,8042495626.0,12.0,10.182,357100000.0,3.427,1.0,614000000.0,0.537,956100000.0,7100000.0,1611600000.0,,483900000.0,0.0,0.0,0.0,1224600000.0,604900000.0,619700000.0,8074395626.0,430800000.0,0.0,-28200000.0,85100000.0,-5200000.0,68400000.0,-40400000.0,0.0,397500000.0,5300000.0,110500000.0,110500000.0,110500000.0,0.0,0.0,0.097,429800000.0,184200000.0,168400000.0,0.047,3.501,20.698,20.82,557300000.0,0.0,77.66,1.906,1.911,366800000.0,1691200000.0,1143700000.0,1143700000.0,0.0,,,,,11900000.0,426800000.0,1.0,103971100.0,104200000.0,107600000.0,10.976,2574500000.0,50000000.0,70300000.0,90000000.0,24.707,1109900000.0
59,RL,MRQ,2006-09-30,2006-09-30,2006-09-30,2021-08-03,29900000.0,3320100000.0,,1533600000.0,1786500000.0,,21.042,-29100000.0,321000000.0,321000000.0,534200000.0,137000000.0,1.68,0.51,289100000.0,289100000.0,0.0,289100000.0,0.0,33600000.0,0.0,0.003,0.05,218100000.0,251700000.0,0.216,251700000.0,218100000.0,213600000.0,1.31,1.28,1.31,2198900000.0,,2198900000.0,6630641255.0,11.0,8.82,-4300000.0,-0.041,1.0,632600000.0,0.542,954700000.0,4500000.0,1420900000.0,,586400000.0,0.0,0.0,0.0,1121200000.0,912600000.0,208600000.0,6768841255.0,-108200000.0,-3400000.0,-44800000.0,-1300000.0,-5200000.0,-46600000.0,-84900000.0,0.0,24800000.0,-1500000.0,137000000.0,137000000.0,137000000.0,0.0,0.0,0.117,417700000.0,214900000.0,240800000.0,0.038,3.078,18.279,18.274,549100000.0,0.0,64.69,1.656,1.654,524800000.0,1586000000.0,1166800000.0,1166800000.0,0.0,,,,,11800000.0,412100000.0,1.0,104635048.0,104500000.0,107300000.0,11.166,2365400000.0,46200000.0,76600000.0,91000000.0,22.635,621000000.0
60,RL,MRQ,2006-06-30,2006-07-01,2006-07-01,2021-08-03,32200000.0,3184600000.0,,1440400000.0,1744200000.0,,19.903,-34500000.0,429200000.0,429200000.0,422100000.0,80200000.0,1.621,0.522,291000000.0,291000000.0,0.0,291000000.0,0.0,37800000.0,0.0,0.004,0.05,132900000.0,170700000.0,0.179,170700000.0,132900000.0,128500000.0,0.76,0.74,0.76,2091800000.0,,2091800000.0,5789496675.0,10.0,8.259,197300000.0,1.877,1.0,531500000.0,0.557,958500000.0,4400000.0,1199100000.0,,525600000.0,0.0,0.0,0.0,1092800000.0,888800000.0,204000000.0,5794796675.0,143500000.0,2100000.0,-59300000.0,-1200000.0,-5300000.0,-62100000.0,-32400000.0,0.0,231800000.0,6200000.0,80200000.0,80200000.0,80200000.0,0.0,0.0,0.084,398100000.0,133400000.0,203600000.0,0.066,2.77,17.17,16.997,541600000.0,0.0,54.9,1.468,1.461,349700000.0,1454200000.0,953600000.0,953600000.0,0.0,,,,,7500000.0,390300000.0,1.0,105551852.0,105100000.0,108100000.0,9.073,2226100000.0,43500000.0,48300000.0,106500000.0,21.181,551600000.0
61,RL,MRQ,2006-03-31,2006-04-01,2006-04-01,2021-08-03,15500000.0,3088700000.0,,1378500000.0,1710200000.0,,19.557,-61000000.0,285700000.0,285700000.0,446500000.0,62400000.0,1.634,0.507,280400000.0,280400000.0,0.0,280400000.0,0.0,32500000.0,0.0,0.003,0.05,114300000.0,146800000.0,0.151,146800000.0,114300000.0,110400000.0,0.6,0.57,0.6,2049600000.0,,2049600000.0,5976551653.0,12.0,9.303,-105500000.0,-1.007,1.0,525000000.0,0.54,958200000.0,3900000.0,1281700000.0,,485500000.0,0.0,0.0,0.0,1039100000.0,843500000.0,195600000.0,6359647653.0,-358200000.0,-266600000.0,9700000.0,-1200000.0,-5100000.0,8500000.0,-327600000.0,0.0,-44500000.0,5400000.0,62400000.0,62400000.0,62400000.0,0.0,0.0,0.064,409200000.0,115800000.0,202200000.0,0.083,3.103,20.648,20.476,548800000.0,0.0,60.61,1.698,1.686,484200000.0,1379200000.0,971500000.0,971500000.0,0.0,,,,,5500000.0,394000000.0,1.0,104927366.0,104800000.0,108100000.0,9.27,2130500000.0,32400000.0,48000000.0,67400000.0,20.329,535000000.0
62,RL,MRQ,2005-12-31,2005-12-31,2005-12-31,2021-08-03,24593000.0,3017459000.0,,1593505000.0,1423954000.0,,18.867,-23100000.0,643874000.0,643874000.0,464000000.0,90700000.0,1.827,0.528,260778000.0,260778000.0,0.0,260778000.0,0.0,36200000.0,0.0,0.004,0.05,146400000.0,182600000.0,0.183,182600000.0,146400000.0,143100000.0,0.87,0.84,0.87,1975397000.0,,1975397000.0,5769305595.0,13.0,10.166,272400000.0,2.602,1.0,531500000.0,0.534,672088000.0,3300000.0,1090112000.0,,443267000.0,0.0,0.0,0.0,1042062000.0,872163000.0,169899000.0,5884804595.0,260700000.0,0.0,2500000.0,0.0,-5300000.0,-2800000.0,-23100000.0,0.0,295500000.0,-8900000.0,90700000.0,90700000.0,90700000.0,0.0,0.0,0.091,387900000.0,143600000.0,158795000.0,0.057,2.979,21.879,21.676,517860000.0,0.0,56.14,1.6,1.599,356677000.0,1317457000.0,995500000.0,995500000.0,0.0,,,,,10100000.0,381700000.0,1.0,104823737.0,104700000.0,107800000.0,9.508,2345371000.0,103324000.0,52400000.0,55374000.0,22.401,721342000.0
63,RL,MRQ,2005-09-30,2005-10-01,2005-10-01,2021-08-03,27146000.0,2913313000.0,,1527227000.0,1386086000.0,,18.032,-41900000.0,383156000.0,383156000.0,475900000.0,104200000.0,2.468,0.551,267657000.0,0.0,267657000.0,267657000.0,0.0,29600000.0,0.0,0.004,0.05,171300000.0,200900000.0,0.196,200900000.0,171300000.0,168500000.0,1.0,0.97,1.0,1878928000.0,,1878928000.0,4984941067.0,12.0,9.403,-34500000.0,-0.331,1.0,551500000.0,0.537,675413000.0,2800000.0,1503538000.0,,513101000.0,0.0,0.0,0.0,1034385000.0,618863000.0,415522000.0,5238119067.0,-139100000.0,-114000000.0,15200000.0,-300000.0,-5200000.0,9700000.0,-155900000.0,0.0,7400000.0,-300000.0,104200000.0,104200000.0,104200000.0,0.0,0.0,0.101,374500000.0,177000000.0,192868000.0,0.05,2.788,20.679,20.447,494144000.0,0.0,50.3,1.462,1.463,458651000.0,1232021000.0,1027400000.0,1027400000.0,0.0,,,,,6100000.0,368000000.0,1.0,104137556.0,104200000.0,107400000.0,9.86,2237900000.0,107020000.0,64300000.0,41240000.0,21.477,908364000.0
64,RL,MRQ,2005-06-30,2005-07-02,2005-07-02,2021-08-03,19341000.0,2743814000.0,,1447485000.0,1296329000.0,,16.924,-32600000.0,522327000.0,522327000.0,337500000.0,50700000.0,2.446,0.574,269149000.0,0.0,269149000.0,269149000.0,0.0,28700000.0,0.0,0.005,0.05,83500000.0,112200000.0,0.149,112200000.0,83500000.0,81000000.0,0.49,0.48,0.49,1743123000.0,,1743123000.0,4419256001.0,12.0,9.239,158100000.0,1.535,1.0,414400000.0,0.551,593795000.0,2500000.0,1305084000.0,,467610000.0,0.0,0.0,0.0,1000691000.0,591757000.0,408934000.0,4478781001.0,171800000.0,0.0,24000000.0,-700000.0,-5200000.0,18100000.0,-32600000.0,0.0,190700000.0,-4400000.0,50700000.0,50700000.0,50700000.0,0.0,0.0,0.067,334200000.0,80200000.0,160324000.0,0.102,2.569,19.612,19.554,488728000.0,0.0,43.8,1.298,1.307,275598000.0,1133048000.0,751900000.0,751900000.0,0.0,,,,,4900000.0,333200000.0,1.0,102255274.0,103000000.0,105500000.0,7.3,2150019000.0,105364000.0,30300000.0,55689000.0,20.874,855728000.0
65,RL,MRQ,2005-03-31,2005-04-02,2005-04-02,2021-08-03,29900000.0,2726700000.0,,1413800000.0,1312900000.0,,16.359,-47974000.0,350500000.0,350500000.0,425344000.0,23371000.0,2.272,0.627,291000000.0,0.0,291000000.0,291000000.0,0.0,28181000.0,0.0,0.005,0.05,43618000.0,71799000.0,0.08,71799000.0,43618000.0,40784000.0,0.23,0.22,0.23,1675700000.0,,1675700000.0,3888950006.0,13.0,9.464,-25884000.0,-0.253,1.0,476862000.0,0.529,605900000.0,2834000.0,1438900000.0,,430100000.0,0.0,0.0,0.0,1051000000.0,622400000.0,428600000.0,3943900006.0,-18988000.0,534000.0,12024000.0,2079000.0,-6563000.0,7540000.0,-47440000.0,0.0,22090000.0,-1178000.0,23371000.0,23371000.0,23371000.0,0.0,0.0,0.026,435375000.0,41487000.0,184400000.0,0.217,2.354,20.714,20.431,487900000.0,0.0,38.41,1.193,1.179,455700000.0,1090300000.0,902206000.0,902206000.0,0.0,,,,,3550000.0,432483000.0,1.0,102678990.0,102430000.0,105702000.0,8.808,2120800000.0,110800000.0,17413000.0,72100000.0,20.705,791400000.0
66,RL,MRQ,2004-12-31,2005-01-01,2005-01-01,2021-08-03,39559000.0,2590048000.0,,1264124000.0,1325924000.0,,16.224,-41734000.0,362931000.0,362931000.0,455498000.0,75036000.0,2.388,0.567,307981000.0,0.0,307981000.0,307981000.0,0.0,26998000.0,0.0,0.005,0.05,118274000.0,145272000.0,0.161,145272000.0,118274000.0,115316000.0,0.74,0.72,0.74,1653207000.0,,1653207000.0,4473949084.0,12.0,9.219,198786000.0,1.951,1.0,446076000.0,0.495,616364000.0,2958000.0,1389475000.0,,425071000.0,0.0,0.0,0.0,936841000.0,529259000.0,407582000.0,4338983084.0,211327000.0,286000.0,16209000.0,-1432000.0,-5017000.0,9760000.0,-41448000.0,0.0,240520000.0,2495000.0,75036000.0,75036000.0,75036000.0,0.0,0.0,0.083,329886000.0,116190000.0,154447000.0,0.068,2.625,17.944,17.75,467340000.0,0.0,42.6,1.347,1.347,334347000.0,1079467000.0,901574000.0,901574000.0,0.0,,,,,4501000.0,329047000.0,1.0,101854063.0,101896000.0,104325000.0,8.848,1973684000.0,88859000.0,40280000.0,71663000.0,19.37,734865000.0
67,RL,MRQ,2004-09-30,2004-10-02,2004-10-02,2021-08-03,26579000.0,2399571000.0,,1112082000.0,1287489000.0,,15.222,-48375000.0,145982000.0,145982000.0,449580000.0,79268000.0,2.279,0.558,280948000.0,0.0,280948000.0,280948000.0,0.0,23767000.0,0.0,0.005,0.05,125268000.0,149035000.0,0.166,149035000.0,125268000.0,122659000.0,0.78,0.77,0.78,1540365000.0,,1540365000.0,3843187034.0,12.0,9.22,-41907000.0,-0.414,1.0,446034000.0,0.498,598244000.0,2609000.0,1448282000.0,,444176000.0,0.0,0.0,0.0,859206000.0,488011000.0,371195000.0,3739112034.0,-39229000.0,-4149000.0,12149000.0,-325000.0,-5097000.0,6727000.0,-52524000.0,0.0,6468000.0,100000.0,79268000.0,79268000.0,79268000.0,0.0,0.0,0.089,323765000.0,122269000.0,160747000.0,0.064,2.427,18.499,18.307,443560000.0,0.0,36.98,1.261,1.262,428423000.0,1009740000.0,895614000.0,895614000.0,0.0,,,,,1545000.0,321587000.0,1.0,101111737.0,101192000.0,103571000.0,8.851,1801327000.0,83266000.0,43391000.0,80204000.0,17.801,624071000.0
68,RL,MRQ,2004-06-30,2004-07-03,2004-07-03,2021-08-03,25599000.0,2216351000.0,,954734000.0,1261617000.0,,14.378,-36017000.0,174908000.0,174908000.0,290478000.0,12725000.0,2.296,0.534,278983000.0,0.0,278983000.0,278983000.0,0.0,23154000.0,0.0,0.006,0.05,21476000.0,44630000.0,0.074,44630000.0,21476000.0,19041000.0,0.13,0.12,0.13,1444754000.0,,1444754000.0,3363561147.0,12.0,8.996,76905000.0,0.765,1.0,315528000.0,0.521,597292000.0,2435000.0,1307348000.0,,418049000.0,0.0,0.0,0.0,771597000.0,415786000.0,355811000.0,3429693147.0,-154910000.0,-239971000.0,12818000.0,-322000.0,-5023000.0,7473000.0,-275988000.0,0.0,112922000.0,683000.0,12725000.0,12725000.0,12725000.0,0.0,0.0,0.021,295774000.0,19754000.0,129332000.0,0.385,2.374,19.391,19.039,420151000.0,0.0,34.08,1.235,1.233,262330000.0,934412000.0,606006000.0,606006000.0,0.0,,,,,3304000.0,295043000.0,1.0,100636536.0,100481000.0,102802000.0,6.031,1619059000.0,86349000.0,6316000.0,40131000.0,16.113,538948000.0
69,RL,MRQ,2004-03-31,2004-04-03,2004-04-03,2021-08-03,23104000.0,2297552000.0,,1287151000.0,1010401000.0,,14.176,-56650000.0,352335000.0,352335000.0,427847000.0,74777000.0,2.548,0.623,277345000.0,0.0,277345000.0,277345000.0,0.0,26496000.0,0.0,0.006,0.05,119883000.0,146379000.0,0.179,146379000.0,119883000.0,116904000.0,0.75,0.74,0.75,1415447000.0,,1415447000.0,3448600948.0,13.0,9.542,-25751000.0,-0.258,1.0,390980000.0,0.477,359243000.0,2979000.0,1358119000.0,,373170000.0,0.0,0.0,0.0,882105000.0,505200000.0,376905000.0,3501557948.0,14603000.0,-3681000.0,21762000.0,-57000.0,-4923000.0,16782000.0,-47404000.0,5427000.0,30899000.0,14326000.0,74777000.0,74777000.0,74777000.0,0.0,0.0,0.091,269017000.0,121963000.0,188919000.0,0.067,2.474,20.695,20.544,408741000.0,0.0,35.13,1.321,1.313,441724000.0,921602000.0,818827000.0,818827000.0,0.0,,,,,-780000.0,264047000.0,1.0,99674294.0,99846000.0,102791000.0,8.201,1938309000.0,87107000.0,42127000.0,79557000.0,19.413,781951000.0
70,RL,MRQ,2003-12-31,2003-12-27,2003-12-27,2021-08-03,-8981000.0,2131158000.0,,1171294000.0,959864000.0,,13.031,-30124000.0,337703000.0,337703000.0,312363000.0,35358000.0,2.445,0.651,284746000.0,0.0,284746000.0,284746000.0,0.0,18603000.0,0.0,0.005,0.05,58181000.0,76784000.0,0.119,76784000.0,58181000.0,55212000.0,0.36,0.35,0.36,1291025000.0,,1291025000.0,2991980015.0,11.0,8.321,142254000.0,1.436,1.0,333002000.0,0.516,353596000.0,2969000.0,1245601000.0,,422248000.0,0.0,0.0,0.0,840133000.0,479004000.0,361129000.0,2938592015.0,127066000.0,-1000.0,6822000.0,0.0,-4950000.0,1872000.0,-37625000.0,0.0,172378000.0,-9559000.0,35358000.0,35358000.0,35358000.0,0.0,0.0,0.055,272544000.0,60458000.0,167322000.0,0.139,2.276,17.379,16.517,372721000.0,0.0,28.41,1.165,1.116,292248000.0,855890000.0,645365000.0,645365000.0,0.0,,,,,4880000.0,256614000.0,1.0,103435129.0,99072000.0,101291000.0,6.514,1777562000.0,89661000.0,19854000.0,54846000.0,17.942,692290000.0
71,RL,MRQ,2003-09-30,2003-09-27,2003-09-27,2021-08-03,10194000.0,2035824000.0,,1112508000.0,923316000.0,,12.881,-26016000.0,210637000.0,210637000.0,357211000.0,54010000.0,2.585,0.601,264025000.0,0.0,264025000.0,264025000.0,0.0,19059000.0,0.0,0.004,0.05,87028000.0,106087000.0,0.15,106087000.0,87028000.0,84138000.0,0.55,0.54,0.55,1271385000.0,,1271385000.0,2748561229.0,9.0,7.311,-27496000.0,-0.279,1.0,350566000.0,0.495,339826000.0,2890000.0,1318940000.0,,400736000.0,0.0,0.0,0.0,764439000.0,430446000.0,333993000.0,2720872229.0,-76836000.0,-39000.0,7519000.0,-50116000.0,-4927000.0,-47524000.0,-26055000.0,0.0,-1480000.0,-1777000.0,54010000.0,54010000.0,54010000.0,0.0,0.0,0.076,267613000.0,82953000.0,162869000.0,0.091,2.14,15.412,14.667,357924000.0,0.0,26.4,1.081,1.035,371591000.0,825514000.0,707777000.0,707777000.0,0.0,,,,,0.0,267613000.0,1.0,103063342.0,98704000.0,100781000.0,7.171,1695998000.0,77816000.0,30128000.0,58619000.0,17.183,682062000.0
72,RL,MRQ,2003-06-30,2003-06-28,2003-06-28,2021-08-03,16444000.0,1973424000.0,,1072238000.0,901186000.0,,12.39,-13510000.0,287473000.0,287473000.0,228979000.0,5055000.0,2.53,0.619,315162000.0,50093000.0,265069000.0,315162000.0,0.0,21442000.0,0.0,0.002,0.05,9764000.0,31206000.0,0.065,31206000.0,9764000.0,6846000.0,0.05,0.05,0.05,1218907000.0,,1218907000.0,2516161971.0,9.0,6.733,-1707000.0,-0.017,1.0,248752000.0,0.521,341610000.0,2918000.0,1235682000.0,,430101000.0,0.0,0.0,0.0,754517000.0,423821000.0,330696000.0,2510330971.0,-56133000.0,-4479000.0,3297000.0,-50827000.0,0.0,-47530000.0,-23416000.0,-5427000.0,11803000.0,3010000.0,5055000.0,5055000.0,5055000.0,0.0,0.0,0.011,243226000.0,5526000.0,188222000.0,1.0,2.059,14.404,14.27,352233000.0,0.0,25.4,1.025,1.02,249997000.0,776468000.0,477731000.0,477731000.0,0.0,,,,,0.0,243226000.0,1.0,98831928.0,98377000.0,99544000.0,4.856,1631814000.0,74879000.0,1791000.0,38015000.0,16.587,648417000.0
73,RL,MRQ,2003-03-31,2003-03-29,2003-03-29,2021-08-03,10787000.0,2038822000.0,,1162550000.0,876272000.0,,12.278,-48400000.0,343606000.0,343606000.0,346510000.0,74667000.0,2.323,0.687,349437000.0,100943000.0,248494000.0,349437000.0,0.0,23268000.0,0.0,0.0,0.0,122210000.0,145478000.0,0.21,145478000.0,122210000.0,117744000.0,0.76,0.75,0.76,1208767000.0,,1208767000.0,2112704882.0,7.0,5.611,-17058000.0,-0.173,1.0,345821000.0,0.5,326959000.0,4466000.0,1217347000.0,,363771000.0,0.0,0.0,0.0,830055000.0,500347000.0,329708000.0,2210409882.0,-97978000.0,-25530000.0,-3703000.0,-2707000.0,0.0,-6410000.0,-127417000.0,-47631000.0,31342000.0,4507000.0,74667000.0,74667000.0,74667000.0,0.0,0.0,0.108,226821000.0,119000000.0,181392000.0,0.0,1.829,12.582,12.486,354996000.0,0.0,22.35,0.906,0.901,375823000.0,776359000.0,692331000.0,692331000.0,0.0,,,,,2715000.0,220378000.0,1.0,98899771.0,98451603.0,98949053.0,7.032,1711863000.0,70121000.0,43077000.0,55501000.0,17.388,662203000.0
74,RL,MRQ,2002-12-31,2002-12-28,2002-12-28,2021-08-03,-5737000.0,1903827000.0,,1117199000.0,786628000.0,,11.392,-19518000.0,441584000.0,441584000.0,331260000.0,42812000.0,2.382,0.698,343879000.0,105752000.0,238127000.0,343879000.0,0.0,20904000.0,0.0,0.0,0.0,72267000.0,93171000.0,0.146,93171000.0,72267000.0,67422000.0,0.44,0.43,0.44,1121068000.0,,1121068000.0,2153231040.0,8.0,6.479,101231000.0,1.029,1.0,307910000.0,0.482,295378000.0,4845000.0,1041817000.0,,340077000.0,0.0,0.0,0.0,782759000.0,468927000.0,313832000.0,2161687040.0,86109000.0,-4796000.0,1404000.0,-15554000.0,0.0,-14150000.0,-23469000.0,0.0,120749000.0,2979000.0,42812000.0,42812000.0,42812000.0,0.0,0.0,0.067,238391000.0,69519000.0,144946000.0,0.0,1.928,14.504,13.758,343539000.0,0.0,21.05,0.908,0.87,262559000.0,703140000.0,639170000.0,639170000.0,0.0,,,,,0.0,230391000.0,1.0,102692971.0,98412022.0,99311085.0,6.495,1608449000.0,75257000.0,24610000.0,67298000.0,16.344,648272000.0
75,RL,MRQ,2002-09-30,2002-09-28,2002-09-28,2021-08-03,-24128000.0,1892955000.0,,1125669000.0,767286000.0,,10.763,-22013000.0,355475000.0,355475000.0,319573000.0,51744000.0,2.128,0.789,347019000.0,120442000.0,226577000.0,347019000.0,0.0,17984000.0,0.0,0.0,0.0,85869000.0,103853000.0,0.162,103853000.0,85869000.0,81486000.0,0.53,0.52,0.53,1057987000.0,,1057987000.0,2030772252.0,8.0,6.059,-16216000.0,-0.165,1.0,321266000.0,0.501,284623000.0,4383000.0,1070933000.0,,401521000.0,0.0,0.0,0.0,834968000.0,528943000.0,306025000.0,2052033252.0,-16148000.0,0.0,1577000.0,-3007000.0,0.0,-1430000.0,-20877000.0,0.0,5797000.0,362000.0,51744000.0,51744000.0,51744000.0,0.0,0.0,0.081,236618000.0,84648000.0,173786000.0,0.0,1.94,13.514,13.365,344032000.0,0.0,20.85,0.87,0.869,290698000.0,660328000.0,640839000.0,640839000.0,0.0,,,,,0.0,236618000.0,1.0,98418861.0,98301441.0,99319019.0,6.519,1608332000.0,85751000.0,29742000.0,83560000.0,16.361,596726000.0
76,RL,MRQ,2002-06-30,2002-06-29,2002-06-29,2021-08-03,-22194000.0,1802623000.0,,1038801000.0,763822000.0,,10.251,-12495000.0,371623000.0,371623000.0,234396000.0,6460000.0,2.112,0.791,350362000.0,124887000.0,225475000.0,350362000.0,0.0,18462000.0,0.0,0.0,0.0,15508000.0,33970000.0,0.073,33970000.0,15508000.0,10173000.0,0.07,0.07,0.07,1006218000.0,,1006218000.0,2283774426.0,9.0,6.805,115805000.0,1.18,1.0,232604000.0,0.498,289430000.0,5335000.0,1000092000.0,,384865000.0,0.0,0.0,0.0,796405000.0,491840000.0,304565000.0,2204146426.0,126890000.0,0.0,3758000.0,1568000.0,0.0,5326000.0,-11720000.0,0.0,128300000.0,4984000.0,6460000.0,6460000.0,6460000.0,0.0,0.0,0.014,214916000.0,17688000.0,159952000.0,0.0,2.191,14.902,14.737,341519000.0,0.0,22.4,0.953,0.951,208363000.0,608584000.0,467000000.0,467000000.0,0.0,,,,,0.0,214916000.0,1.0,98399394.0,98161220.0,99333199.0,4.757,1513193000.0,85167000.0,3713000.0,58608000.0,15.415,546961000.0
77,RL,MRQ,2002-03-31,2002-03-30,2002-03-30,2021-08-03,-19799000.0,1749497000.0,,1008057000.0,741440000.0,,10.204,-26956000.0,244733000.0,244733000.0,321296000.0,48023000.0,2.573,0.753,318402000.0,32988000.0,285414000.0,318402000.0,0.0,20685000.0,0.0,0.0,0.0,80666000.0,101351000.0,0.16,101351000.0,80666000.0,76837000.0,0.49,0.49,0.49,998195000.0,,998195000.0,2935554816.0,10.0,7.747,-4992000.0,-0.051,1.0,311792000.0,0.492,273348000.0,3829000.0,1158047000.0,,349818000.0,0.0,0.0,0.0,751302000.0,391771000.0,359531000.0,2858170816.0,-49836000.0,0.0,8844000.0,-51129000.0,0.0,-42285000.0,-28883000.0,0.0,21964000.0,-632000.0,48023000.0,48023000.0,48023000.0,0.0,0.0,0.076,232747000.0,79045000.0,177472000.0,0.0,2.863,16.569,16.486,343836000.0,0.0,29.18,1.209,1.203,353608000.0,602124000.0,633088000.0,633088000.0,0.0,,,,,0.0,216747000.0,1.0,97949651.0,97827675.0,98792001.0,6.471,1476149000.0,76024000.0,28814000.0,52819000.0,15.089,616286000.0
78,RL,MRQ,2001-12-31,2001-12-29,2001-12-29,2021-08-03,-12250000.0,1741745000.0,,972618000.0,769127000.0,,9.716,-20810000.0,294569000.0,294569000.0,330086000.0,45614000.0,2.414,0.838,371953000.0,73920000.0,298033000.0,371953000.0,0.0,18497000.0,0.0,0.0,0.0,77484000.0,95981000.0,0.156,95981000.0,77484000.0,72983000.0,0.47,0.46,0.47,947390000.0,,947390000.0,2746334156.0,9.0,7.213,130706000.0,1.34,1.0,287009000.0,0.465,280760000.0,4501000.0,1135438000.0,,355152000.0,0.0,0.0,0.0,794355000.0,402931000.0,391424000.0,2523788156.0,122817000.0,-23702000.0,3760000.0,12766000.0,0.0,16526000.0,-45287000.0,0.0,151516000.0,62000.0,45614000.0,45614000.0,45614000.0,0.0,0.0,0.074,212561000.0,74448000.0,195255000.0,0.0,2.664,14.676,14.605,334821000.0,0.0,25.85,1.112,1.111,245615000.0,554489000.0,617095000.0,617095000.0,0.0,,,,,0.0,212561000.0,1.0,97632037.0,97506076.0,98504094.0,6.329,1460985000.0,97455000.0,27369000.0,36940000.0,14.984,569687000.0
79,RL,MRQ,2001-09-30,2001-09-29,2001-09-29,2021-08-03,-7770000.0,1682450000.0,,958602000.0,723848000.0,,9.257,-24005000.0,141101000.0,141101000.0,310055000.0,47810000.0,2.453,0.865,363647000.0,58096000.0,305551000.0,363647000.0,0.0,23814000.0,0.0,0.0,0.0,80469000.0,104283000.0,0.175,104283000.0,80469000.0,75690000.0,0.49,0.49,0.49,901945000.0,,901945000.0,2079922556.0,7.0,5.292,18134000.0,0.186,1.0,285640000.0,0.48,246054000.0,4779000.0,1268181000.0,,419511000.0,30651000.0,30651000.0,0.0,780505000.0,390761000.0,389744000.0,1830076556.0,42151000.0,0.0,-299000.0,24286000.0,0.0,23987000.0,-24708000.0,0.0,42139000.0,733000.0,47810000.0,47810000.0,47810000.0,0.0,0.0,0.08,199507000.0,86133000.0,176930000.0,0.0,2.029,10.342,10.302,325327000.0,0.0,18.75,0.808,0.806,279620000.0,508913000.0,595695000.0,595695000.0,0.0,,,,,0.0,199507000.0,1.0,97604083.0,97437461.0,98483031.0,6.114,1436396000.0,99924000.0,27880000.0,44066000.0,14.742,567841000.0
80,RL,MRQ,2001-06-30,2001-06-30,2001-06-30,2021-08-03,-4236000.0,1617291000.0,,898785000.0,718506000.0,,8.833,-16237000.0,76658000.0,76658000.0,255468000.0,31051000.0,2.309,0.885,326504000.0,36372000.0,290132000.0,326504000.0,0.0,20923000.0,0.0,0.0,0.0,56415000.0,77338000.0,0.149,77338000.0,56415000.0,50491000.0,0.32,0.32,0.32,857763000.0,,857763000.0,2848185548.0,21.0,13.401,67861000.0,0.699,1.0,262361000.0,0.507,244701000.0,5924000.0,1233236000.0,,448123000.0,52943000.0,52943000.0,0.0,759528000.0,389200000.0,370328000.0,2516583548.0,27382000.0,0.0,10114000.0,-48665000.0,0.0,-38551000.0,-17074000.0,0.0,84098000.0,-1091000.0,31051000.0,31051000.0,31051000.0,0.0,0.0,0.06,208773000.0,53588000.0,224156000.0,0.0,2.934,37.94,37.941,324357000.0,0.0,25.8,1.115,1.11,237039000.0,461098000.0,517829000.0,517829000.0,0.0,,,,,0.0,208773000.0,1.0,97541998.0,97108788.0,98493077.0,5.332,1372590000.0,91907000.0,19440000.0,0.0,14.135,509585000.0
81,RL,MRQ,2001-03-31,2001-03-31,2001-03-31,2021-08-03,-10529000.0,1626093000.0,,901721000.0,724372000.0,,8.364,-37310000.0,102219000.0,102219000.0,275673000.0,47497000.0,2.051,1.009,383100000.0,86112000.0,296988000.0,383100000.0,0.0,18515000.0,0.0,0.0,0.0,84627000.0,103142000.0,0.192,103142000.0,84627000.0,78506000.0,0.49,0.49,0.49,809309000.0,,809309000.0,2990492615.0,24.0,14.829,-42320000.0,-0.437,1.0,262847000.0,0.488,249391000.0,6121000.0,1218006000.0,,425594000.0,0.0,0.0,0.0,816784000.0,439577000.0,377207000.0,2663869615.0,-55109000.0,0.0,9844000.0,-18798000.0,0.0,-8954000.0,-38980000.0,0.0,-5010000.0,-2165000.0,47497000.0,47497000.0,47497000.0,0.0,0.0,0.088,184066000.0,78781000.0,178293000.0,0.0,3.292,44.951,45.082,347757000.0,0.0,27.5,1.197,1.196,269010000.0,430047000.0,538520000.0,538520000.0,0.0,,,,,0.0,189083000.0,1.0,96867986.0,96757595.0,98049041.0,5.566,1376702000.0,92300000.0,31009000.0,0.0,14.228,462144000.0
82,RL,MRQ,2000-12-31,2000-12-30,2000-12-30,2021-08-03,2853000.0,1570344000.0,,875981000.0,694363000.0,,7.919,-21536000.0,87014000.0,87014000.0,316220000.0,50603000.0,2.314,1.054,413637000.0,84709000.0,328928000.0,413637000.0,0.0,18939000.0,0.0,0.0,0.0,89348000.0,108287000.0,0.176,108287000.0,89348000.0,83644000.0,0.52,0.52,0.52,764437000.0,,764437000.0,2528054813.0,26.0,14.803,59496000.0,0.616,1.0,297520000.0,0.485,253261000.0,5704000.0,1265220000.0,,401863000.0,70314000.0,70314000.0,0.0,805907000.0,378486000.0,427421000.0,2158497813.0,77895000.0,0.0,-2901000.0,-45646000.0,0.0,-48547000.0,43526000.0,66248000.0,81032000.0,1884000.0,50603000.0,50603000.0,50603000.0,0.0,0.0,0.082,208172000.0,89348000.0,145804000.0,0.0,2.824,49.581,50.711,310735000.0,0.0,22.313,1.002,1.0,211669000.0,382550000.0,613740000.0,613740000.0,0.0,,,,,0.0,208172000.0,1.0,96737230.0,96530102.0,97347194.0,6.358,1317083000.0,85467000.0,33041000.0,0.0,13.644,497495000.0
83,RL,MRQ,2000-09-30,2000-09-30,2000-09-30,2021-08-03,13129000.0,1599145000.0,,905893000.0,693252000.0,,7.516,-28337000.0,79433000.0,79433000.0,336084000.0,-62821000.0,2.016,1.2,448990000.0,126247000.0,322743000.0,448990000.0,0.0,20818000.0,0.0,0.0,0.0,-97055000.0,-76237000.0,-0.13,-76237000.0,-97055000.0,-103838000.0,-0.65,-0.65,-0.65,726872000.0,,726872000.0,1833760343.0,28.0,12.991,-46653000.0,-0.482,1.0,250133000.0,0.427,262002000.0,6783000.0,1257424000.0,,433610000.0,66248000.0,66248000.0,0.0,872273000.0,449276000.0,422997000.0,1562881343.0,-60474000.0,708000.0,-2481000.0,60807000.0,0.0,58326000.0,-95065000.0,-66248000.0,-18316000.0,-5419000.0,-62821000.0,-62821000.0,-62821000.0,0.0,0.0,-0.107,347188000.0,-97055000.0,158566000.0,0.0,2.15,62.019,64.5,306124000.0,0.0,16.125,0.762,0.76,226237000.0,331947000.0,586217000.0,586217000.0,0.0,,,,,0.0,218617000.0,1.0,96922874.0,96713414.0,97256321.0,6.061,1337143000.0,84226000.0,-41017000.0,0.0,13.826,456617000.0
84,RL,MRQ,2000-06-30,2000-07-01,2000-07-01,2021-08-03,4248000.0,1609039000.0,,848040000.0,760999000.0,,8.066,-17987000.0,139907000.0,139907000.0,234750000.0,23983000.0,2.287,1.055,410786000.0,67418000.0,343368000.0,410786000.0,0.0,20327000.0,0.0,0.0,0.0,46147000.0,66474000.0,0.136,66474000.0,46147000.0,39642000.0,0.25,0.25,0.25,783154000.0,,783154000.0,1647200245.0,6.0,4.912,24593000.0,0.253,1.0,252547000.0,0.518,271251000.0,6505000.0,1237813000.0,,446624000.0,0.0,0.0,0.0,825885000.0,370854000.0,455031000.0,1382933245.0,-24664000.0,-21637000.0,-7998000.0,-18713000.0,0.0,-26711000.0,-40732000.0,0.0,42580000.0,199000.0,23983000.0,23983000.0,23983000.0,0.0,0.0,0.049,206400000.0,46147000.0,175567000.0,0.0,1.766,9.646,9.76,375071000.0,0.0,14.25,0.689,0.689,172063000.0,394768000.0,487297000.0,487297000.0,0.0,,,,,0.0,206400000.0,1.0,97047947.0,97092017.0,97350907.0,5.019,1337788000.0,51098000.0,15659000.0,7819000.0,13.779,477186000.0
85,RL,MRQ,2000-03-31,2000-04-01,2000-04-01,2021-08-03,9655000.0,1620562000.0,,852891000.0,767671000.0,,7.863,-33383000.0,164571000.0,164571000.0,239755000.0,31770000.0,2.1,1.098,428838000.0,86131000.0,342707000.0,428838000.0,0.0,13206000.0,0.0,0.0,0.0,59046000.0,72252000.0,0.155,72252000.0,59046000.0,53618000.0,0.32,0.32,0.32,772437000.0,,772437000.0,1880347543.0,7.0,5.764,-24453000.0,-0.249,1.0,227168000.0,0.487,277822000.0,5428000.0,1200779000.0,,390953000.0,0.0,0.0,0.0,848125000.0,406228000.0,441897000.0,1843972543.0,-180759000.0,-182753000.0,-20517000.0,51099000.0,0.0,30582000.0,-217456000.0,0.0,8930000.0,-2815000.0,31770000.0,31770000.0,31770000.0,0.0,0.0,0.068,168122000.0,59046000.0,151281000.0,0.0,2.387,12.85,12.888,372977000.0,0.0,18.688,0.943,0.945,204447000.0,370785000.0,466923000.0,466923000.0,0.0,,,,,0.0,168122000.0,1.0,98671476.0,98242708.0,98244039.0,4.753,1342740000.0,51446000.0,21848000.0,0.0,13.668,446663000.0
86,RL,MRQ,1999-12-31,2000-01-01,2000-01-01,2021-08-03,2425000.0,1419651000.0,,898798000.0,520853000.0,,7.629,-29945000.0,345330000.0,345330000.0,270719000.0,32268000.0,3.81,0.883,381705000.0,25000000.0,356705000.0,381705000.0,0.0,20786000.0,0.0,0.0,0.0,57884000.0,78670000.0,0.154,78670000.0,57884000.0,54462000.0,0.33,0.33,0.33,753813000.0,,753813000.0,1882106753.0,10.0,7.345,161397000.0,1.633,1.0,239580000.0,0.469,76937000.0,3422000.0,1143154000.0,,343210000.0,0.0,0.0,0.0,665838000.0,235935000.0,429903000.0,1689659753.0,302977000.0,-1567000.0,-6680000.0,154028000.0,0.0,147348000.0,-32684000.0,0.0,191342000.0,-3029000.0,32268000.0,32268000.0,32268000.0,0.0,0.0,0.063,181696000.0,57884000.0,82741000.0,0.0,2.241,16.201,16.097,334901000.0,0.0,17.063,0.874,0.872,128908000.0,339015000.0,510299000.0,510299000.0,0.0,,,,,0.0,181696000.0,1.0,99024776.0,98807754.0,98938341.0,5.165,1342714000.0,64676000.0,22194000.0,16639000.0,13.589,662863000.0
87,RL,MRQ,1999-09-30,1999-10-02,1999-10-02,2021-08-03,0.0,1264322000.0,,761186000.0,503136000.0,,7.314,-45268000.0,42353000.0,42353000.0,274470000.0,55349000.0,1.964,0.744,234800000.0,154800000.0,80000000.0,234800000.0,0.0,20871000.0,0.0,0.0,0.0,97104000.0,117975000.0,0.217,117975000.0,97104000.0,93417000.0,0.56,0.56,0.56,724966000.0,,724966000.0,1898905030.0,11.0,8.165,-22339000.0,-0.225,1.0,269415000.0,0.495,76014000.0,3687000.0,993193000.0,,420769000.0,0.0,0.0,0.0,539356000.0,387562000.0,151794000.0,1737535030.0,-1777000.0,0.0,-7566000.0,29300000.0,0.0,21734000.0,-46440000.0,0.0,22929000.0,0.0,55349000.0,55349000.0,55349000.0,0.0,0.0,0.102,172311000.0,97104000.0,107196000.0,0.0,2.397,17.843,17.857,326070000.0,0.0,17.5,0.928,0.927,212331000.0,306747000.0,543885000.0,543885000.0,0.0,,,,,0.0,172311000.0,1.0,99287716.0,99117576.0,99250565.0,5.487,1188308000.0,64676000.0,38068000.0,18943000.0,11.989,373624000.0
88,RL,MRQ,1999-06-30,1999-07-03,1999-07-03,2021-08-03,0.0,1178684000.0,,705191000.0,473493000.0,,6.804,-13414000.0,44130000.0,44130000.0,217446000.0,24110000.0,1.997,0.741,205500000.0,125500000.0,80000000.0,205500000.0,0.0,11417000.0,0.0,0.0,0.0,45910000.0,57327000.0,0.132,57327000.0,45910000.0,43422000.0,0.24,0.24,0.24,677183000.0,,677183000.0,1944889964.0,12.0,9.221,6074000.0,0.061,1.0,216975000.0,0.499,77209000.0,2488000.0,909635000.0,,426457000.0,0.0,0.0,0.0,501501000.0,353210000.0,148291000.0,1873847964.0,-328000.0,-6607000.0,-6499000.0,8425000.0,0.0,1926000.0,-21742000.0,0.0,19488000.0,0.0,24110000.0,24110000.0,24110000.0,0.0,0.0,0.055,167098000.0,49877000.0,99730000.0,0.0,2.767,20.379,20.449,299308000.0,0.0,18.813,1.04,1.039,148660000.0,251398000.0,434421000.0,434421000.0,0.0,,,,,0.0,167098000.0,1.0,99603889.0,99533454.0,99704140.0,4.365,1101475000.0,64676000.0,19312000.0,22472000.0,11.066,351981000.0
89,RL,MRQ,1999-03-31,1999-04-03,1999-04-03,2021-08-03,0.0,1104584000.0,,679454000.0,425130000.0,,6.615,-46701000.0,88675000.0,88675000.0,246669000.0,-7431000.0,1.953,0.676,159717000.0,115500000.0,44217000.0,159717000.0,0.0,13126000.0,0.0,0.0,0.0,-10855000.0,2271000.0,0.005,2271000.0,-10855000.0,-12544000.0,-0.07,-0.07,-0.07,658905000.0,,658905000.0,1968849648.0,13.0,9.747,-50517000.0,-0.507,1.0,199077000.0,0.447,27464000.0,1689000.0,800190000.0,,376860000.0,0.0,0.0,0.0,445679000.0,347972000.0,97707000.0,1949926648.0,23381000.0,-44217000.0,0.0,119717000.0,0.0,119717000.0,-92520000.0,0.0,-3816000.0,0.0,-7431000.0,-7431000.0,-7431000.0,0.0,0.0,-0.017,209932000.0,-10855000.0,88898000.0,0.0,2.959,21.534,21.498,261799000.0,0.0,19.563,1.129,1.131,157203000.0,227288000.0,445746000.0,445746000.0,0.0,,,,,0.0,151372000.0,1.0,99674214.0,99608287.0,100089737.0,4.475,1077120000.0,64432000.0,-5113000.0,17432000.0,10.814,331482000.0
90,RL,MRQ,1998-12-31,1998-12-26,1998-12-26,2021-08-03,0.0,964094000.0,,597726000.0,366368000.0,,6.689,-22584000.0,21077000.0,21077000.0,240661000.0,25351000.0,2.431,0.447,40000000.0,40000000.0,0.0,40000000.0,0.0,11146000.0,0.0,0.0,0.0,43860000.0,55006000.0,0.123,55006000.0,43860000.0,42786000.0,0.25,0.25,0.25,666336000.0,,666336000.0,1746270390.0,8.0,6.901,14475000.0,0.145,1.0,206869000.0,0.462,0.0,1074000.0,737160000.0,,380054000.0,0.0,0.0,0.0,297758000.0,245857000.0,51901000.0,1713200390.0,-25453000.0,0.0,0.0,-39600000.0,0.0,-39600000.0,-22912000.0,0.0,37059000.0,0.0,25351000.0,25351000.0,25351000.0,0.0,0.0,0.057,163009000.0,43860000.0,84582000.0,0.0,2.571,13.525,13.534,247641000.0,0.0,17.188,1.044,1.044,133003000.0,234719000.0,447530000.0,447530000.0,0.0,,,,,0.0,163009000.0,1.0,99674214.0,99622932.0,99674214.0,4.492,964094000.0,38661000.0,17435000.0,16725000.0,9.677,351869000.0
91,RL,MRQ,1998-09-30,1998-09-26,1998-09-26,2021-08-03,0.0,1015813000.0,,671355000.0,344458000.0,,6.421,-50857000.0,46530000.0,46530000.0,241095000.0,49919000.0,2.041,0.585,79600000.0,79600000.0,0.0,79600000.0,0.0,11383000.0,0.0,0.0,0.0,84928000.0,96311000.0,0.203,96311000.0,84928000.0,84252000.0,0.5,0.5,0.5,640985000.0,,640985000.0,2042267622.0,9.0,8.017,-49009000.0,-0.491,1.0,233711000.0,0.492,0.0,676000.0,719940000.0,,398335000.0,0.0,0.0,0.0,374828000.0,328943000.0,45885000.0,2074440622.0,11357000.0,-6981000.0,-8741000.0,76437000.0,0.0,67696000.0,-58187000.0,0.0,1848000.0,0.0,49919000.0,49919000.0,49919000.0,0.0,0.0,0.105,148783000.0,84928000.0,132789000.0,0.0,3.236,15.88,15.84,229774000.0,0.0,20.75,1.296,1.294,170453000.0,209368000.0,474806000.0,474806000.0,0.0,,,,,0.0,148783000.0,1.0,99973042.0,99826960.0,99878242.0,4.756,1015813000.0,38647000.0,34333000.0,20819000.0,10.176,342412000.0
92,RL,MRQ,1998-06-30,1998-06-27,1998-06-27,2021-08-03,0.0,842456000.0,,558949000.0,283507000.0,,5.986,-21550000.0,35173000.0,35173000.0,176162000.0,22711000.0,2.773,0.405,3000000.0,3000000.0,0.0,3000000.0,0.0,10759000.0,0.0,0.0,0.0,37651000.0,48410000.0,0.135,48410000.0,37651000.0,38331000.0,0.23,0.23,0.23,599807000.0,,599807000.0,2831516220.0,14.0,11.752,-18118000.0,-0.181,1.0,182614000.0,0.509,0.0,-680000.0,608722000.0,,357710000.0,0.0,0.0,0.0,242649000.0,201561000.0,41088000.0,2889934220.0,-23582000.0,0.0,-7230000.0,2826000.0,0.0,-4404000.0,-22610000.0,0.0,3432000.0,0.0,22711000.0,22711000.0,22711000.0,0.0,0.0,0.063,144963000.0,37651000.0,92513000.0,0.0,4.818,23.001,22.917,185332000.0,0.0,28.875,1.865,1.867,111824000.0,159449000.0,358776000.0,358776000.0,0.0,,,,,0.0,144963000.0,1.0,100084302.0,100195134.0,100570710.0,3.581,842456000.0,38661000.0,15620000.0,12572000.0,8.408,357388000.0
93,RL,MRQ,1998-03-31,1998-03-28,1998-03-28,2021-08-03,0.0,825130000.0,,556464000.0,268666000.0,,5.83,-23523000.0,58755000.0,58755000.0,186539000.0,28689000.0,2.751,0.412,0.0,0.0,0.0,0.0,0.0,7438000.0,0.0,0.0,0.0,45881000.0,53319000.0,0.148,53319000.0,45881000.0,47778000.0,0.29,0.29,0.29,584326000.0,,584326000.0,2879680564.0,14.0,12.677,-56138000.0,-0.56,1.0,172704000.0,0.481,0.0,-1897000.0,564117000.0,,298485000.0,0.0,0.0,0.0,240804000.0,202258000.0,38546000.0,2995677564.0,-57749000.0,102000.0,0.0,-170000.0,-5427000.0,-5597000.0,-19537000.0,0.0,-32615000.0,0.0,28689000.0,28689000.0,28689000.0,0.0,0.0,0.08,126823000.0,45881000.0,100126000.0,0.0,5.127,20.3,24.896,175348000.0,0.0,29.875,2.023,2.022,149120000.0,136738000.0,359243000.0,359243000.0,0.0,,,,,0.0,126823000.0,1.0,100273726.0,100222444.0,100222444.0,3.584,825130000.0,38661000.0,19089000.0,2554000.0,8.233,354206000.0
94,RL,MRQ,1997-12-31,1997-12-27,1997-12-27,2021-08-03,0.0,773257000.0,,543961000.0,229296000.0,,5.543,-14651000.0,116504000.0,116504000.0,215376000.0,29311000.0,2.786,0.392,507000.0,507000.0,0.0,507000.0,0.0,7492000.0,0.0,0.0,0.0,49226000.0,56718000.0,0.139,56718000.0,49226000.0,49679000.0,0.29,0.29,0.29,555486000.0,,555486000.0,,,,70670000.0,0.705,1.0,192921000.0,0.473,0.0,-453000.0,462037000.0,,280042000.0,5914000.0,0.0,5914000.0,217771000.0,195223000.0,22548000.0,2268693051.0,63051000.0,-823000.0,0.0,-7319000.0,0.0,-7319000.0,-14951000.0,0.0,85321000.0,0.0,29311000.0,29311000.0,29311000.0,0.0,0.0,0.072,143695000.0,49226000.0,66024000.0,0.0,4.084,14.654,,131927000.0,0.0,22.625,1.568,1.567,115119000.0,108048000.0,408297000.0,408297000.0,0.0,,,,,0.0,143695000.0,1.0,100273726.0,100222444.0,100222444.0,4.074,773257000.0,29874000.0,20368000.0,15773000.0,7.715,348738000.0
95,RL,MRQ,1997-09-30,1997-09-27,1997-09-27,2021-08-03,,,,,,,,-14604000.0,,,215075000.0,44933000.0,,,,,,,,6594000.0,,0.0,0.0,75904000.0,82498000.0,0.195,82498000.0,75904000.0,76157000.0,0.45,0.45,0.45,,,,,,,11880000.0,0.119,1.0,208279000.0,0.492,,-253000.0,,,,,,,,,,,7184000.0,-91000.0,0.0,-3422000.0,0.0,-3422000.0,-15878000.0,0.0,26484000.0,0.0,44933000.0,44933000.0,44933000.0,0.0,0.0,0.106,132375000.0,75904000.0,,0.0,,,,,0.0,26.125,,1.946,,,423354000.0,423354000.0,0.0,,,,,0.0,132375000.0,1.0,,100222444.0,100222444.0,4.224,,,31224000.0,,,
96,RL,MRQ,1997-06-30,1997-06-28,1997-06-28,2021-08-03,,,,,,,,-10301000.0,,,142998000.0,44638000.0,,,,,,,,5878000.0,,0.0,0.0,28744000.0,34622000.0,0.12,34622000.0,28744000.0,25982000.0,0.17,0.17,0.17,,,,,,,6715000.0,,1.0,146652000.0,0.506,,2762000.0,,,,,,,,,,,16670000.0,-13551000.0,268797000.0,-156757000.0,-87879000.0,24161000.0,-24507000.0,0.0,17016000.0,0.0,44638000.0,44638000.0,44638000.0,0.0,0.0,0.154,117908000.0,28744000.0,,0.0,,,,,0.0,27.25,,,,,289650000.0,289650000.0,0.0,,,,,0.0,117908000.0,1.0,,,,,,,-18656000.0,,,
97,RL,MRQ,1997-03-31,1997-03-29,1997-03-29,2021-08-03,-152000.0,588758000.0,,436339000.0,152419000.0,,,-11151000.0,29599000.0,29599000.0,178371000.0,35940000.0,1.92,1.259,140900000.0,69025000.0,71875000.0,140900000.0,0.0,4716000.0,0.0,,0.0,40991000.0,45707000.0,0.14,45707000.0,40991000.0,38056000.0,,,,260685000.0,,260685000.0,,,,34893000.0,,1.0,147340000.0,0.452,0.0,2935000.0,472758000.0,,222147000.0,17977000.0,0.0,17977000.0,328073000.0,227301000.0,100772000.0,,10739000.0,0.0,0.0,3317000.0,-26427000.0,-23110000.0,-12195000.0,0.0,46044000.0,-83000.0,35940000.0,35940000.0,35940000.0,0.0,0.0,0.11,104404000.0,42936000.0,89417000.0,,,,,95255000.0,0.0,,,,144303000.0,260837000.0,325711000.0,325711000.0,0.0,,,,,0.0,104404000.0,1.0,,,,,588758000.0,2753000.0,2116000.0,0.0,,209038000.0
98,RL,MRQ,1996-12-31,1996-12-27,1996-12-27,2021-08-03,,,,,,,,,,,168605000.0,24785000.0,,,,,,,,,,,0.0,34920000.0,,,,34920000.0,32038000.0,,,,,,,,,,,,1.0,137854000.0,0.45,,2882000.0,,,,,,,,,,,,,,,,,,,,,24785000.0,24785000.0,24785000.0,0.0,0.0,0.081,102882000.0,34972000.0,,,,,,,0.0,,,,,,306459000.0,306459000.0,0.0,,,,,,102882000.0,1.0,,,,,,,7253000.0,,,
0,RL,MRT,2021-06-30,2021-06-26,2021-06-26,2021-08-03,-111300000.0,7961900000.0,7943300000.0,4378200000.0,3583700000.0,0.666,36.825,-114700000.0,2596400000.0,2596400000.0,1808800000.0,171300000.0,2.072,1.93,3148900000.0,782800000.0,2366100000.0,3148900000.0,0.0,241100000.0,0.0,0.006,0.688,360000000.0,601100000.0,0.114,601100000.0,360000000.0,307800000.0,2.32,2.25,2.32,2717700000.0,2639550000.0,2717700000.0,9513352388.0,26.0,15.827,584100000.0,7.915,1.0,3480800000.0,0.658,1054400000.0,52200000.0,5346700000.0,5970475000.0,803000000.0,368000000.0,368000000.0,0.0,5244200000.0,2113300000.0,3130900000.0,8862052388.0,144300000.0,0.0,-32600000.0,-317800000.0,0.0,-350600000.0,-225100000.0,-106300000.0,698800000.0,21200000.0,171300000.0,171300000.0,171300000.0,0.0,0.0,0.032,3135800000.0,345000000.0,370300000.0,0.297,3.261,51.734,52.233,2155900000.0,0.0,121.18,1.675,1.691,367200000.0,5987100000.0,5289600000.0,5289600000.0,0.0,0.022,0.065,0.06,0.068,76000000.0,2859100000.0,1.0,73131312.0,73800000.0,75400000.0,71.675,6907500000.0,348000000.0,136500000.0,277000000.0,93.598,2264900000.0
1,RL,MRT,2021-03-31,2021-03-27,2021-03-27,2021-08-03,-120800000.0,7887500000.0,7887925000.0,4208000000.0,3679500000.0,0.558,35.434,-107800000.0,2579000000.0,2579000000.0,1539400000.0,-121100000.0,2.655,2.029,3230300000.0,302900000.0,2927400000.0,3230300000.0,0.0,247600000.0,0.0,0.0,0.0,-26300000.0,221300000.0,0.05,221300000.0,-26300000.0,-74800000.0,-1.65,-1.65,-1.65,2604400000.0,2599000000.0,2604400000.0,9620139591.0,-366.0,43.471,273100000.0,3.716,1.0,2861400000.0,0.65,1055700000.0,48500000.0,5898300000.0,6260450000.0,759000000.0,197500000.0,197500000.0,0.0,5283100000.0,1584800000.0,3698300000.0,8932139591.0,958200000.0,0.0,-37700000.0,453000000.0,-49800000.0,356800000.0,195000000.0,306300000.0,380900000.0,25500000.0,-121100000.0,-121100000.0,-121100000.0,0.0,0.0,-0.028,2905000000.0,-43600000.0,355900000.0,0.0,3.43,-73.758,-74.036,2253500000.0,0.0,122.16,2.03,2.04,451500000.0,5872900000.0,4400800000.0,4400800000.0,0.0,-0.015,-0.047,-0.004,-0.006,72700000.0,2638500000.0,1.0,73118366.0,73500000.0,73500000.0,59.875,6831800000.0,338300000.0,46300000.0,260700000.0,92.95,2623200000.0
2,RL,MRT,2020-12-31,2020-12-26,2020-12-26,2021-08-03,-90600000.0,8172200000.0,7736025000.0,4276400000.0,3895800000.0,0.567,36.576,-135100000.0,2621500000.0,2621500000.0,1715000000.0,-296000000.0,2.55,2.036,3309500000.0,296100000.0,3013400000.0,3309500000.0,0.0,254000000.0,0.0,0.007,0.688,-287300000.0,-33300000.0,-0.008,-33300000.0,-287300000.0,-326700000.0,-3.86,-3.82,-3.86,2692000000.0,2621175000.0,2692000000.0,8774339533.0,-31.0,-263.494,206100000.0,2.8,1.0,2672900000.0,0.609,1075000000.0,39400000.0,6108400000.0,6170550000.0,866000000.0,165700000.0,165700000.0,0.0,5480200000.0,1676800000.0,3803400000.0,7377639533.0,1542100000.0,-2900000.0,-188800000.0,930300000.0,-100500000.0,632300000.0,532800000.0,666200000.0,341200000.0,35800000.0,-296000000.0,-296000000.0,-296000000.0,0.0,0.0,-0.067,2974600000.0,-301700000.0,335000000.0,-0.178,2.741,-24.924,-26.145,2426000000.0,0.0,100.92,1.681,1.693,373600000.0,5947000000.0,4387900000.0,4387900000.0,0.0,-0.038,-0.113,-0.047,-0.065,82100000.0,2735500000.0,1.0,73103840.0,73600000.0,74600000.0,59.618,7097200000.0,397600000.0,-30700000.0,280600000.0,96.429,2599600000.0
3,RL,MRT,2020-09-30,2020-09-26,2020-09-26,2021-08-03,-99500000.0,7751600000.0,7554450000.0,3907100000.0,3844500000.0,0.623,34.614,-193600000.0,2012000000.0,2012000000.0,1874200000.0,-81700000.0,2.515,2.047,3408700000.0,317700000.0,3091000000.0,3408700000.0,0.0,261900000.0,0.0,0.019,1.375,-227100000.0,34800000.0,0.007,34800000.0,-227100000.0,-258500000.0,-1.02,-1.02,-1.02,2544100000.0,2727300000.0,2544100000.0,6502385479.0,-29.0,186.85,344200000.0,4.683,1.0,2831600000.0,0.602,1066100000.0,31400000.0,6528500000.0,6180125000.0,887000000.0,434100000.0,434100000.0,0.0,5207500000.0,1553700000.0,3653800000.0,5191285479.0,1458500000.0,-1400000.0,-287600000.0,930300000.0,-151800000.0,482100000.0,420300000.0,610700000.0,537800000.0,18300000.0,-81700000.0,-81700000.0,-81700000.0,0.0,0.0,-0.017,3079300000.0,-247700000.0,284500000.0,-1.348,2.041,-63.541,-69.676,2327800000.0,0.0,71.07,1.103,1.11,354000000.0,5827200000.0,4705800000.0,4705800000.0,0.0,-0.011,-0.03,-0.037,-0.048,84400000.0,2831300000.0,1.0,73044681.0,73500000.0,73500000.0,64.024,6685500000.0,414000000.0,-176800000.0,288700000.0,90.959,2353400000.0
4,RL,MRT,2020-06-30,2020-06-27,2020-06-27,2021-08-03,-109300000.0,7740400000.0,7423675000.0,3857000000.0,3883400000.0,0.703,34.959,-242200000.0,2451300000.0,2451300000.0,2137300000.0,139500000.0,2.594,2.029,3762400000.0,614600000.0,3147800000.0,3762400000.0,0.0,267000000.0,0.0,0.03,2.062,30200000.0,297200000.0,0.057,297200000.0,30200000.0,7200000.0,1.88,1.85,1.88,2555500000.0,2819675000.0,2555500000.0,6326281195.0,209.0,21.286,244700000.0,3.347,1.0,3081200000.0,0.59,1058000000.0,23000000.0,6506600000.0,6172050000.0,773200000.0,259300000.0,259300000.0,0.0,5184900000.0,1486900000.0,3698000000.0,4918981195.0,1769500000.0,-900000.0,-537600000.0,1231600000.0,-204900000.0,479700000.0,815600000.0,1054100000.0,486900000.0,-12700000.0,139500000.0,139500000.0,139500000.0,0.0,0.0,0.027,3075500000.0,5700000.0,144200000.0,1.097,1.925,35.262,36.011,2409900000.0,0.0,67.7,0.943,0.948,108700000.0,5866300000.0,5218500000.0,5218500000.0,0.0,0.019,0.049,0.005,0.006,92700000.0,2998400000.0,1.0,72658511.0,73100000.0,73100000.0,71.389,6682400000.0,373400000.0,-132300000.0,295300000.0,91.415,2370100000.0
5,RL,MRT,2020-03-31,2020-03-28,2020-03-28,2021-08-03,-118200000.0,7279900000.0,7324500000.0,3375200000.0,3904700000.0,0.841,35.529,-249500000.0,1620400000.0,1620400000.0,2506500000.0,384300000.0,1.613,1.703,3027700000.0,1063000000.0,1964700000.0,3027700000.0,0.0,269500000.0,0.0,0.04,2.75,344000000.0,613500000.0,0.1,613500000.0,344000000.0,326400000.0,5.07,4.98,5.07,2693100000.0,2934000000.0,2693100000.0,6553292757.0,19.0,10.682,505100000.0,6.664,1.0,3653300000.0,0.593,1056500000.0,17600000.0,5538700000.0,6168050000.0,736200000.0,495900000.0,495900000.0,0.0,4586800000.0,2092000000.0,2494800000.0,5013792757.0,1003300000.0,0.0,-694800000.0,461400000.0,-203900000.0,-438200000.0,702100000.0,950700000.0,754600000.0,-15200000.0,384300000.0,384300000.0,384300000.0,0.0,0.0,0.062,3336300000.0,317000000.0,246800000.0,0.542,1.862,13.047,13.41,2491100000.0,0.0,67.99,0.814,0.837,277100000.0,5994000000.0,6159800000.0,6159800000.0,0.0,0.052,0.131,0.056,0.056,100600000.0,3237500000.0,1.0,73743091.0,75800000.0,77200000.0,81.264,6223400000.0,330000000.0,-57900000.0,286700000.0,82.103,1283200000.0
6,RL,MRT,2019-12-31,2019-12-28,2019-12-28,2021-08-03,-118600000.0,7445900000.0,6990225000.0,3448900000.0,3997000000.0,0.914,41.72,-243700000.0,1079900000.0,1079900000.0,2431000000.0,664900000.0,1.943,1.389,2619400000.0,585600000.0,2033800000.0,2619400000.0,0.0,270300000.0,0.0,0.023,2.688,666800000.0,937100000.0,0.147,937100000.0,666800000.0,648900000.0,8.77,8.64,8.77,3116500000.0,3082525000.0,3116500000.0,10830512933.0,16.0,11.557,605000000.0,8.099,1.0,3960400000.0,0.62,1063300000.0,17900000.0,6146700000.0,5724475000.0,904600000.0,828500000.0,828500000.0,0.0,4329400000.0,1775400000.0,2554000000.0,8760712933.0,365900000.0,5400000.0,-612800000.0,-15400000.0,-202300000.0,-831400000.0,356700000.0,599500000.0,848700000.0,-8100000.0,664900000.0,664900000.0,664900000.0,0.0,0.0,0.104,3331700000.0,628700000.0,267600000.0,0.306,2.811,13.176,13.388,2601600000.0,0.0,117.41,1.371,1.372,349400000.0,6292800000.0,6391400000.0,6391400000.0,0.0,0.095,0.216,0.116,0.104,96200000.0,3194700000.0,1.0,74616412.0,74700000.0,75800000.0,85.561,6382600000.0,272900000.0,-16000000.0,272400000.0,85.443,1673500000.0
7,RL,MRT,2019-09-30,2019-09-28,2019-09-28,2021-08-03,-115400000.0,7228500000.0,6651750000.0,3386700000.0,3841800000.0,0.957,37.987,-194400000.0,548100000.0,548100000.0,2435700000.0,450800000.0,1.951,1.481,2617900000.0,570500000.0,2047400000.0,2617900000.0,0.0,274100000.0,0.0,0.028,2.625,636900000.0,911000000.0,0.143,911000000.0,636900000.0,618000000.0,5.8,5.71,5.8,2913600000.0,3141875000.0,2913600000.0,9098757081.0,14.0,9.988,580500000.0,7.568,1.0,3930800000.0,0.617,1066100000.0,18900000.0,6496200000.0,5120375000.0,1012500000.0,1041400000.0,1041400000.0,0.0,4314900000.0,1736000000.0,2578900000.0,7277357081.0,-33200000.0,5400000.0,-721400000.0,-16800000.0,-201300000.0,-940200000.0,149100000.0,342600000.0,774900000.0,-17000000.0,450800000.0,450800000.0,450800000.0,0.0,0.0,0.071,3332700000.0,598100000.0,350300000.0,0.453,2.498,16.143,16.248,2578100000.0,0.0,94.24,1.143,1.135,483200000.0,6009400000.0,6366500000.0,6366500000.0,0.0,0.068,0.143,0.124,0.1,96600000.0,3174800000.0,1.0,77221531.0,76700000.0,77900000.0,83.005,6162400000.0,131200000.0,167200000.0,272500000.0,80.344,1650700000.0
8,RL,MRT,2019-06-30,2019-06-29,2019-06-29,2021-08-03,-109200000.0,7343700000.0,6383500000.0,3654100000.0,3689600000.0,0.995,38.527,-164000000.0,648400000.0,648400000.0,2440100000.0,439000000.0,2.297,1.438,2469800000.0,293800000.0,2176000000.0,2469800000.0,0.0,277200000.0,0.0,0.023,2.562,616700000.0,893900000.0,0.141,893900000.0,616700000.0,596200000.0,5.52,5.44,5.52,3012800000.0,3278975000.0,3012800000.0,8973386699.0,15.0,10.038,586600000.0,7.501,1.0,3911100000.0,0.616,1083500000.0,20500000.0,6490600000.0,4481725000.0,988600000.0,1280700000.0,1280700000.0,0.0,4330900000.0,1591000000.0,2739900000.0,8868386699.0,115600000.0,5400000.0,-563700000.0,79300000.0,-198900000.0,-686100000.0,55000000.0,218100000.0,750600000.0,-3900000.0,439000000.0,439000000.0,439000000.0,0.0,0.0,0.069,3336100000.0,575000000.0,351500000.0,0.464,2.944,20.201,20.578,2402800000.0,0.0,113.59,1.396,1.399,290700000.0,5878600000.0,6351200000.0,6351200000.0,0.0,0.069,0.134,0.138,0.097,90100000.0,3173100000.0,1.0,78073657.0,78200000.0,79900000.0,81.217,6260200000.0,127300000.0,157200000.0,269900000.0,80.054,2063100000.0
9,RL,MRT,2019-03-31,2019-03-30,2019-03-30,2021-08-03,-103400000.0,5942800000.0,6056400000.0,3594800000.0,2348000000.0,1.042,40.784,-177700000.0,584100000.0,584100000.0,2427000000.0,430900000.0,2.995,0.808,689100000.0,0.0,689100000.0,689100000.0,0.0,281300000.0,0.0,0.019,2.5,603200000.0,884500000.0,0.14,884500000.0,603200000.0,582500000.0,5.35,5.27,5.35,3287200000.0,3381025000.0,3287200000.0,10201994735.0,17.0,11.534,606100000.0,7.52,1.0,3886000000.0,0.616,1083300000.0,20700000.0,3764400000.0,3713125000.0,817800000.0,1403400000.0,1403400000.0,0.0,2655600000.0,1200100000.0,1455500000.0,10195694735.0,-729000000.0,0.0,-480800000.0,68600000.0,-190700000.0,-605700000.0,-879300000.0,-697100000.0,783800000.0,-27800000.0,430900000.0,430900000.0,430900000.0,0.0,0.0,0.068,3324200000.0,561800000.0,202300000.0,0.467,3.102,23.661,24.239,1039200000.0,0.0,129.68,1.615,1.656,398100000.0,5979100000.0,6313000000.0,6313000000.0,0.0,0.071,0.127,0.162,0.096,88600000.0,3168300000.0,1.0,78621952.0,80600000.0,81700000.0,78.325,4859500000.0,99100000.0,151600000.0,254900000.0,60.292,2394700000.0
10,RL,MRT,2018-12-31,2018-12-29,2018-12-29,2021-08-03,-101300000.0,6092000000.0,6106525000.0,3696400000.0,2395600000.0,1.038,41.819,-167800000.0,680500000.0,680500000.0,2443500000.0,440600000.0,2.902,0.816,686800000.0,0.0,686800000.0,686800000.0,0.0,287800000.0,0.0,0.023,2.375,591500000.0,879300000.0,0.139,879300000.0,591500000.0,572100000.0,5.42,5.36,5.42,3353900000.0,3423575000.0,3353900000.0,8317794805.0,14.0,9.46,539300000.0,6.724,1.0,3893000000.0,0.614,1094300000.0,19400000.0,3730300000.0,3449325000.0,914500000.0,1382500000.0,1382500000.0,0.0,2738100000.0,1273700000.0,1464400000.0,8186994805.0,-499700000.0,-4500000.0,-411300000.0,76500000.0,-182300000.0,-519900000.0,-681400000.0,-509100000.0,707100000.0,-5500000.0,440600000.0,440600000.0,440600000.0,0.0,0.0,0.07,3333700000.0,559300000.0,169100000.0,0.438,2.441,18.581,18.779,1079300000.0,0.0,101.78,1.292,1.288,304000000.0,5996300000.0,6336500000.0,6336500000.0,0.0,0.072,0.129,0.171,0.093,83500000.0,3187500000.0,1.0,80438149.0,80200000.0,81200000.0,79.009,4997700000.0,110900000.0,131500000.0,308300000.0,62.315,2422700000.0
11,RL,MRT,2018-09-30,2018-09-29,2018-09-29,2021-08-03,-107800000.0,6155500000.0,6133275000.0,3693500000.0,2462000000.0,1.019,42.583,-180000000.0,553100000.0,553100000.0,2422800000.0,238800000.0,2.976,0.778,683900000.0,0.0,683900000.0,683900000.0,0.0,288500000.0,0.0,0.016,2.25,577900000.0,866400000.0,0.139,866400000.0,577900000.0,558900000.0,2.92,2.88,2.92,3462000000.0,3436975000.0,3462000000.0,11214147456.0,19.0,12.943,571100000.0,7.025,1.0,3829700000.0,0.613,1103600000.0,19000000.0,3941600000.0,3208050000.0,994600000.0,1319500000.0,1319500000.0,0.0,2693500000.0,1241100000.0,1452400000.0,11159447456.0,-562400000.0,-5500000.0,-204600000.0,73800000.0,-172600000.0,-306200000.0,-1008600000.0,-823100000.0,751100000.0,1300000.0,238800000.0,238800000.0,238800000.0,0.0,0.0,0.038,3275000000.0,554700000.0,202100000.0,0.771,3.223,46.731,47.106,1130500000.0,0.0,137.55,1.785,1.789,432300000.0,5925400000.0,6252500000.0,6252500000.0,0.0,0.039,0.069,0.18,0.092,77900000.0,3143900000.0,1.0,81130116.0,81300000.0,82300000.0,76.907,5051900000.0,102500000.0,320100000.0,247600000.0,62.139,2452400000.0
12,RL,MRT,2018-06-30,2018-06-30,2018-06-30,2021-08-03,-101400000.0,6035300000.0,6101475000.0,3550100000.0,2485200000.0,1.02,41.77,-162000000.0,532300000.0,532300000.0,2429600000.0,212300000.0,2.27,0.764,587000000.0,299000000.0,288000000.0,587000000.0,0.0,292600000.0,0.0,0.017,2.125,552900000.0,845500000.0,0.136,845500000.0,552900000.0,535300000.0,2.59,2.56,2.59,3421000000.0,3448875000.0,3421000000.0,9544647706.0,17.0,11.289,709500000.0,8.663,1.0,3796200000.0,0.61,1110100000.0,17600000.0,3416200000.0,2916725000.0,890000000.0,1487700000.0,1487700000.0,0.0,2614300000.0,1563700000.0,1050600000.0,10253047706.0,-300600000.0,-5500000.0,-110900000.0,-27500000.0,-162500000.0,-300900000.0,-887700000.0,-720200000.0,871500000.0,16500000.0,212300000.0,212300000.0,212300000.0,0.0,0.0,0.034,3258200000.0,538000000.0,202700000.0,0.82,2.997,48.295,48.541,1141700000.0,0.0,125.72,1.647,1.654,260000000.0,5805400000.0,6225800000.0,6225800000.0,0.0,0.035,0.062,0.19,0.089,74400000.0,3123000000.0,1.0,81554627.0,81900000.0,83300000.0,76.017,4925200000.0,108000000.0,323000000.0,248000000.0,60.137,1986400000.0
13,RL,MRT,2018-03-31,2018-03-31,2018-03-31,2021-08-03,-98500000.0,6143300000.0,6046150000.0,3548400000.0,2594900000.0,1.023,42.318,-161600000.0,1304600000.0,1304600000.0,2430600000.0,162800000.0,2.236,0.777,596200000.0,308200000.0,288000000.0,596200000.0,0.0,295200000.0,0.0,0.018,2.0,507400000.0,802600000.0,0.13,802600000.0,507400000.0,489200000.0,1.99,1.97,1.99,3457400000.0,3433650000.0,3457400000.0,8501091590.0,17.0,10.592,813500000.0,9.957,1.0,3751700000.0,0.607,1138500000.0,18200000.0,2709200000.0,2867475000.0,761300000.0,699400000.0,699400000.0,0.0,2685900000.0,1587200000.0,1098700000.0,9088191590.0,643700000.0,-4600000.0,-17000000.0,-18100000.0,-162400000.0,-197500000.0,-189100000.0,-22900000.0,975100000.0,55200000.0,162800000.0,162800000.0,162800000.0,0.0,0.0,0.026,3253500000.0,498200000.0,165600000.0,1.005,2.629,55.824,56.181,1186300000.0,0.0,111.8,1.47,1.477,421400000.0,5752200000.0,6182300000.0,6182300000.0,0.0,0.027,0.047,0.177,0.082,74500000.0,3095500000.0,1.0,81289728.0,81700000.0,82500000.0,75.671,5004800000.0,124600000.0,326400000.0,234000000.0,61.258,1961200000.0
14,RL,MRT,2017-12-31,2017-12-30,2017-12-30,2021-08-03,-130600000.0,6199000000.0,5923325000.0,3533200000.0,2665800000.0,1.05,41.707,-181500000.0,1175700000.0,1175700000.0,2556200000.0,-82500000.0,2.066,0.819,588600000.0,298300000.0,290300000.0,588600000.0,0.0,295000000.0,0.0,0.019,2.0,211500000.0,506500000.0,0.081,506500000.0,211500000.0,195800000.0,-0.97,-0.98,-0.97,3407500000.0,3394200000.0,3407500000.0,7906313521.0,37.0,15.61,871500000.0,10.667,1.0,3662300000.0,0.589,1136500000.0,15700000.0,2765200000.0,3012075000.0,825400000.0,862300000.0,862300000.0,0.0,2791500000.0,1710200000.0,1081300000.0,8427513521.0,252600000.0,-8200000.0,-115700000.0,-29100000.0,-162800000.0,-307600000.0,-542200000.0,-352500000.0,1053000000.0,49400000.0,-82500000.0,-82500000.0,-82500000.0,0.0,0.0,-0.013,3455200000.0,207100000.0,184300000.0,-2.062,2.473,-102.152,-106.897,1215900000.0,0.0,103.69,1.355,1.362,295200000.0,5751500000.0,6218500000.0,6218500000.0,0.0,-0.014,-0.024,0.07,0.034,73500000.0,3048000000.0,1.0,81276049.0,81700000.0,81700000.0,76.114,5062500000.0,202900000.0,278300000.0,365700000.0,61.965,1823000000.0
15,RL,MRT,2017-09-30,2017-09-30,2017-09-30,2021-08-03,-135400000.0,6028300000.0,5865075000.0,3324400000.0,2703900000.0,1.073,42.957,-193300000.0,1111600000.0,1111600000.0,2642000000.0,80600000.0,2.091,0.718,590400000.0,298600000.0,291800000.0,590400000.0,0.0,300200000.0,0.0,0.023,2.0,147100000.0,447300000.0,0.071,447300000.0,147100000.0,132600000.0,1.01,1.0,1.01,3509600000.0,3444825000.0,3509600000.0,6934665330.0,47.0,15.503,963700000.0,11.796,1.0,3649300000.0,0.58,1140700000.0,14500000.0,2776300000.0,3158525000.0,864600000.0,507100000.0,507100000.0,0.0,2518700000.0,1590100000.0,928600000.0,7174665330.0,678700000.0,-7200000.0,-113800000.0,-123200000.0,-163300000.0,-400300000.0,-107700000.0,92800000.0,1157000000.0,29700000.0,80600000.0,80600000.0,80600000.0,0.0,0.0,0.013,3503100000.0,146200000.0,172800000.0,1.98,2.044,89.016,87.416,1240500000.0,0.0,88.29,1.14,1.147,470300000.0,5874000000.0,6291300000.0,6291300000.0,0.0,0.014,0.023,0.047,0.023,71100000.0,3040100000.0,1.0,81262491.0,81700000.0,82300000.0,77.005,4887600000.0,213700000.0,52000000.0,131900000.0,59.824,1734300000.0
16,RL,MRT,2017-06-30,2017-07-01,2017-07-01,2021-08-03,-164100000.0,5814000000.0,5874750000.0,3086700000.0,2727300000.0,1.098,41.178,-248300000.0,830400000.0,830400000.0,2840000000.0,-17500000.0,2.537,0.73,590400000.0,0.0,590400000.0,590400000.0,0.0,302000000.0,0.0,0.027,2.0,29100000.0,331100000.0,0.051,331100000.0,29100000.0,15100000.0,-0.2,-0.2,-0.2,3360100000.0,3466925000.0,3360100000.0,5897349598.0,203.0,17.811,795600000.0,9.75,1.0,3607700000.0,0.56,1137900000.0,14000000.0,3219200000.0,3448700000.0,859900000.0,740500000.0,740500000.0,0.0,2453900000.0,1216900000.0,1237000000.0,5977449598.0,373600000.0,-8400000.0,-112800000.0,-116300000.0,-163900000.0,-393000000.0,-295400000.0,-38700000.0,1043900000.0,18100000.0,-17500000.0,-17500000.0,-17500000.0,0.0,0.0,-0.003,3578500000.0,29200000.0,160900000.0,-10.0,1.779,-341.569,-369.0,1273300000.0,0.0,73.8,0.927,0.934,279200000.0,5770800000.0,6447700000.0,6447700000.0,0.0,-0.003,-0.005,0.008,0.005,67500000.0,3070700000.0,1.0,80995252.0,81600000.0,82500000.0,79.016,4676100000.0,218900000.0,32600000.0,101300000.0,57.305,1869800000.0
17,RL,MRT,2017-03-31,2017-04-01,2017-04-01,2021-08-03,-198400000.0,5652000000.0,5950750000.0,2954500000.0,2697500000.0,1.118,39.898,-284000000.0,668300000.0,668300000.0,3001700000.0,-99300000.0,2.547,0.713,588200000.0,0.0,588200000.0,588200000.0,0.0,307500000.0,0.0,0.025,2.0,-92500000.0,215000000.0,0.032,215000000.0,-92500000.0,-104900000.0,-1.2,-1.2,-1.2,3299600000.0,3518400000.0,3299600000.0,6371194779.0,-69.0,29.633,668600000.0,8.085,1.0,3651100000.0,0.549,1124400000.0,12400000.0,3287600000.0,3615650000.0,791500000.0,684700000.0,684700000.0,0.0,2352400000.0,1159900000.0,1192500000.0,6710194779.0,209700000.0,-6100000.0,-210200000.0,-143400000.0,-164800000.0,-518400000.0,-208100000.0,82000000.0,952600000.0,-16400000.0,-99300000.0,-99300000.0,-99300000.0,0.0,0.0,-0.015,3743400000.0,-92300000.0,147700000.0,-1.667,2.034,-67.575,-68.017,1316000000.0,0.0,81.62,1.009,1.015,450200000.0,5751900000.0,6652800000.0,6652800000.0,0.0,-0.017,-0.028,-0.026,-0.014,63600000.0,3171000000.0,1.0,82212629.0,82700000.0,82700000.0,80.445,4527600000.0,205300000.0,-5600000.0,92200000.0,54.747,1794600000.0
18,RL,MRT,2016-12-31,2016-12-31,2016-12-31,2021-08-03,-223000000.0,5966000000.0,6091025000.0,3034000000.0,2932000000.0,1.142,43.705,-318200000.0,928000000.0,928000000.0,3112900000.0,146100000.0,2.636,0.653,589000000.0,0.0,589000000.0,589000000.0,0.0,314300000.0,0.0,0.022,2.0,243500000.0,557800000.0,0.08,557800000.0,243500000.0,225400000.0,1.76,1.77,1.76,3610000000.0,3629375000.0,3610000000.0,7681957081.0,32.0,13.772,697200000.0,8.441,1.0,3845700000.0,0.553,1125000000.0,18100000.0,3351000000.0,3821200000.0,984000000.0,453000000.0,453000000.0,0.0,2356000000.0,1151000000.0,1205000000.0,7423957081.0,406100000.0,-4800000.0,-209500000.0,-40100000.0,-166000000.0,-424500000.0,-169000000.0,148000000.0,1015400000.0,-15800000.0,146100000.0,146100000.0,146100000.0,0.0,0.0,0.021,3604500000.0,241200000.0,158000000.0,1.136,2.056,50.814,51.318,1514000000.0,0.0,90.32,1.067,1.072,285000000.0,5997000000.0,6958600000.0,6958600000.0,0.0,0.024,0.04,0.064,0.035,73400000.0,3308400000.0,1.0,82196159.0,82600000.0,83300000.0,84.245,4841000000.0,154000000.0,79300000.0,115000000.0,58.608,1883000000.0
19,RL,MRT,2016-09-30,2016-10-01,2016-10-01,2021-08-03,-180000000.0,6067000000.0,6184775000.0,2976000000.0,3091000000.0,1.163,43.507,-381100000.0,434000000.0,434000000.0,3233500000.0,195800000.0,2.445,0.686,692000000.0,95000000.0,597000000.0,692000000.0,0.0,312400000.0,0.0,0.02,2.0,303800000.0,616200000.0,0.086,616200000.0,303800000.0,283300000.0,2.33,2.33,2.33,3598000000.0,3677875000.0,3598000000.0,8554622465.0,28.0,13.883,502200000.0,6.073,1.0,3956500000.0,0.55,1171000000.0,20500000.0,3937000000.0,3998950000.0,1173000000.0,531000000.0,531000000.0,0.0,2469000000.0,1217000000.0,1252000000.0,8319622465.0,62700000.0,-6800000.0,-300100000.0,-61000000.0,-166900000.0,-534900000.0,-279000000.0,103900000.0,883300000.0,-6700000.0,195800000.0,195800000.0,195800000.0,0.0,0.0,0.027,3654600000.0,301900000.0,159000000.0,0.858,2.312,42.49,43.408,1564000000.0,0.0,101.14,1.157,1.163,490000000.0,5956000000.0,7190000000.0,7190000000.0,0.0,0.032,0.053,0.076,0.042,81900000.0,3369500000.0,1.0,82258478.0,82700000.0,83200000.0,86.941,4896000000.0,177000000.0,87500000.0,94000000.0,59.202,1759000000.0
20,RL,MRT,2016-06-30,2016-07-02,2016-07-02,2021-08-03,-192000000.0,6118000000.0,6278775000.0,3002000000.0,3116000000.0,1.169,42.809,-427300000.0,457000000.0,457000000.0,3224100000.0,310100000.0,2.316,0.716,692000000.0,90000000.0,602000000.0,692000000.0,0.0,313800000.0,0.0,0.022,2.0,449000000.0,762800000.0,0.104,762800000.0,449000000.0,428600000.0,3.65,3.64,3.65,3566000000.0,3731125000.0,3566000000.0,7724815943.0,17.0,10.127,500300000.0,6.006,1.0,4115300000.0,0.561,1170000000.0,20400000.0,3887000000.0,4102450000.0,1242000000.0,619000000.0,619000000.0,0.0,2552000000.0,1296000000.0,1256000000.0,7467815943.0,-24700000.0,-14600000.0,-424900000.0,207100000.0,-168700000.0,-394400000.0,-540500000.0,-100600000.0,927600000.0,-17400000.0,310100000.0,310100000.0,310100000.0,0.0,0.0,0.042,3659700000.0,455600000.0,192000000.0,0.548,2.094,24.082,24.679,1565000000.0,0.0,90.08,1.017,1.022,338000000.0,5952000000.0,7339400000.0,7339400000.0,0.0,0.049,0.083,0.109,0.061,88700000.0,3405200000.0,1.0,82902042.0,83300000.0,83300000.0,88.108,4948000000.0,176000000.0,118500000.0,99000000.0,59.4,1706000000.0
21,RL,MRT,2016-03-31,2016-04-02,2016-04-02,2021-08-03,-181500000.0,6213100000.0,6266275000.0,3052700000.0,3160400000.0,1.182,43.938,-417700000.0,456300000.0,456300000.0,3218500000.0,396400000.0,2.548,0.66,713100000.0,116100000.0,597000000.0,713100000.0,0.0,309400000.0,0.0,0.021,2.0,572800000.0,882200000.0,0.119,882200000.0,572800000.0,551800000.0,4.65,4.62,4.65,3743500000.0,3791375000.0,3743500000.0,8255273029.0,14.0,9.358,599000000.0,7.031,1.0,4186700000.0,0.565,1161800000.0,21000000.0,4109800000.0,4040700000.0,1124600000.0,629400000.0,629400000.0,0.0,2469600000.0,1198300000.0,1271300000.0,8171273029.0,-35400000.0,-16300000.0,-467200000.0,156400000.0,-170300000.0,-483000000.0,-576300000.0,-142300000.0,1016700000.0,7200000.0,396400000.0,396400000.0,396400000.0,0.0,0.0,0.054,3603900000.0,582800000.0,151000000.0,0.43,2.183,20.614,20.916,1583200000.0,0.0,97.26,1.103,1.119,516500000.0,6015000000.0,7405200000.0,7405200000.0,0.0,0.063,0.105,0.142,0.077,97000000.0,3412500000.0,1.0,84014734.0,85200000.0,85900000.0,86.915,5051300000.0,176500000.0,155400000.0,113600000.0,59.288,1854400000.0
22,RL,MRT,2015-12-31,2015-12-26,2015-12-26,2021-08-03,-200000000.0,6341000000.0,6239500000.0,3452000000.0,2889000000.0,1.189,44.806,-416200000.0,527000000.0,527000000.0,3202400000.0,479200000.0,2.843,0.667,611000000.0,15000000.0,596000000.0,611000000.0,0.0,302400000.0,0.0,0.018,2.0,682100000.0,984500000.0,0.133,984500000.0,682100000.0,663400000.0,5.59,5.55,5.59,3804000000.0,3828250000.0,3804000000.0,9949665018.0,15.0,10.106,439100000.0,5.172,1.0,4216900000.0,0.568,1149000000.0,18700000.0,4062000000.0,3958750000.0,1271000000.0,688000000.0,688000000.0,0.0,2537000000.0,1214000000.0,1323000000.0,9602665018.0,-236700000.0,-17700000.0,-511100000.0,175000000.0,-167200000.0,-496600000.0,-554700000.0,-114900000.0,855300000.0,-40700000.0,479200000.0,479200000.0,479200000.0,0.0,0.0,0.065,3511500000.0,705400000.0,195000000.0,0.358,2.524,20.039,20.283,1564000000.0,0.0,113.38,1.294,1.297,473000000.0,6015000000.0,7419300000.0,7419300000.0,0.0,0.077,0.125,0.172,0.092,89800000.0,3333300000.0,1.0,84694523.0,84900000.0,85500000.0,87.389,5192000000.0,262000000.0,184200000.0,135000000.0,61.154,2238000000.0
23,RL,MRT,2015-09-30,2015-09-26,2015-09-26,2021-08-03,-167000000.0,6443000000.0,6240250000.0,3580000000.0,2863000000.0,1.203,44.521,-417200000.0,380000000.0,380000000.0,3224400000.0,563200000.0,2.801,0.691,727000000.0,130000000.0,597000000.0,727000000.0,0.0,304400000.0,0.0,0.018,1.95,799100000.0,1103500000.0,0.147,1103500000.0,799100000.0,783400000.0,6.48,6.42,6.48,3811000000.0,3896000000.0,3811000000.0,9239376845.0,12.0,8.373,567100000.0,6.625,1.0,4281900000.0,0.57,1161000000.0,15700000.0,4351000000.0,3829750000.0,1380000000.0,746000000.0,746000000.0,0.0,2632000000.0,1278000000.0,1354000000.0,9277376845.0,-103700000.0,-20700000.0,-509100000.0,196000000.0,-165200000.0,-471600000.0,-559700000.0,-115900000.0,984300000.0,-56700000.0,563200000.0,563200000.0,563200000.0,0.0,0.0,0.075,3450500000.0,831400000.0,206000000.0,0.301,2.434,16.473,16.716,1519000000.0,0.0,108.32,1.236,1.235,594000000.0,5926000000.0,7506300000.0,7506300000.0,0.0,0.09,0.145,0.209,0.106,82800000.0,3337300000.0,1.0,85647866.0,85600000.0,86000000.0,87.69,5282000000.0,255000000.0,220200000.0,106000000.0,61.706,2302000000.0
24,RL,MRT,2015-06-30,2015-06-27,2015-06-27,2021-08-03,-154000000.0,6068000000.0,6229000000.0,3304000000.0,2764000000.0,1.209,44.012,-374200000.0,490000000.0,490000000.0,3229400000.0,604200000.0,2.688,0.594,452000000.0,155000000.0,297000000.0,452000000.0,0.0,299400000.0,0.0,0.014,1.9,859100000.0,1158500000.0,0.154,1158500000.0,859100000.0,842400000.0,6.88,6.81,6.88,3807000000.0,3950500000.0,3807000000.0,11839372871.0,14.0,10.22,436100000.0,5.042,1.0,4300900000.0,0.571,1161000000.0,16700000.0,3640000000.0,3721750000.0,1270000000.0,661000000.0,661000000.0,0.0,2261000000.0,1229000000.0,1032000000.0,11807372871.0,-221700000.0,-10700000.0,-436100000.0,131000000.0,-161200000.0,-457600000.0,-501700000.0,-113900000.0,810300000.0,-72700000.0,604200000.0,604200000.0,604200000.0,0.0,0.0,0.08,3413500000.0,887400000.0,207000000.0,0.276,3.101,19.542,19.892,1419000000.0,0.0,136.86,1.568,1.572,390000000.0,5808000000.0,7530300000.0,7530300000.0,0.0,0.097,0.153,0.231,0.114,79800000.0,3334300000.0,1.0,86273366.0,86500000.0,87500000.0,87.055,4907000000.0,265000000.0,238200000.0,137000000.0,56.728,2075000000.0
25,RL,MRT,2015-03-31,2015-03-28,2015-03-28,2021-08-03,-165000000.0,6106000000.0,6244500000.0,3324000000.0,2782000000.0,1.22,44.116,-391200000.0,500000000.0,500000000.0,3242400000.0,702200000.0,2.803,0.569,532000000.0,234000000.0,298000000.0,532000000.0,0.0,294400000.0,0.0,0.014,1.85,1004100000.0,1298500000.0,0.17,1298500000.0,1004100000.0,987400000.0,7.96,7.88,7.96,3891000000.0,3991750000.0,3891000000.0,11107379822.0,11.0,8.554,502100000.0,5.693,1.0,4377900000.0,0.575,1170000000.0,16700000.0,3782000000.0,3662250000.0,1042000000.0,644000000.0,644000000.0,0.0,2215000000.0,1186000000.0,1029000000.0,11457379822.0,-297700000.0,-11700000.0,-479100000.0,210000000.0,-158200000.0,-420600000.0,-688700000.0,-284900000.0,893300000.0,-81700000.0,702200000.0,702200000.0,702200000.0,0.0,0.0,0.092,3342500000.0,1035400000.0,210000000.0,0.232,2.945,16.316,16.485,1436000000.0,0.0,131.22,1.504,1.519,655000000.0,5787000000.0,7620300000.0,7620300000.0,0.0,0.112,0.176,0.274,0.132,72800000.0,3300300000.0,1.0,87314280.0,88200000.0,89100000.0,86.398,4936000000.0,247000000.0,285200000.0,143000000.0,55.964,2138000000.0
26,RL,MRT,2014-12-31,2014-12-27,2014-12-27,2021-08-03,-22000000.0,6344000000.0,6240000000.0,3519000000.0,2825000000.0,1.218,46.254,-395000000.0,763000000.0,763000000.0,3218000000.0,731000000.0,2.797,0.557,413000000.0,113000000.0,300000000.0,413000000.0,0.0,284000000.0,0.0,0.01,1.8,1049000000.0,1333000000.0,0.175,1333000000.0,1049000000.0,1033000000.0,8.19,8.15,8.19,4075000000.0,4027500000.0,4075000000.0,16262945342.0,16.0,12.2,642000000.0,7.287,1.0,4384000000.0,0.577,1190000000.0,16000000.0,3546000000.0,3555750000.0,1211000000.0,644000000.0,644000000.0,0.0,2269000000.0,1258000000.0,1011000000.0,16235945342.0,-119000000.0,-9000000.0,-480000000.0,93000000.0,-159000000.0,-537000000.0,-573000000.0,-168000000.0,1037000000.0,-46000000.0,731000000.0,731000000.0,731000000.0,0.0,0.0,0.096,3314000000.0,1070000000.0,229000000.0,0.22,3.984,22.211,22.603,1454000000.0,0.0,185.12,2.136,2.145,416000000.0,5706000000.0,7602000000.0,7602000000.0,0.0,0.117,0.182,0.295,0.138,70000000.0,3276000000.0,1.0,87704977.0,88100000.0,89000000.0,86.288,5154000000.0,258000000.0,302000000.0,244000000.0,58.502,2261000000.0
27,RL,MRT,2014-09-30,2014-09-27,2014-09-27,2021-08-03,40000000.0,6398000000.0,6169000000.0,3560000000.0,2838000000.0,1.229,45.577,-352000000.0,483000000.0,483000000.0,3187000000.0,753000000.0,2.775,0.588,510000000.0,210000000.0,300000000.0,510000000.0,0.0,273000000.0,0.0,0.011,1.8,1073000000.0,1346000000.0,0.177,1346000000.0,1073000000.0,1056000000.0,8.37,8.31,8.37,4029000000.0,4017250000.0,4029000000.0,14156409396.0,13.0,10.517,610000000.0,6.9,1.0,4397000000.0,0.58,1223000000.0,17000000.0,3919000000.0,3477000000.0,1292000000.0,708000000.0,708000000.0,0.0,2369000000.0,1283000000.0,1086000000.0,14567409396.0,-356000000.0,-7000000.0,-563000000.0,-76000000.0,-155000000.0,-775000000.0,-520000000.0,-165000000.0,962000000.0,-23000000.0,753000000.0,753000000.0,753000000.0,0.0,0.0,0.099,3308000000.0,1089000000.0,255000000.0,0.215,3.616,19.346,19.79,1411000000.0,0.0,165.64,1.921,1.931,641000000.0,5530000000.0,7584000000.0,7584000000.0,0.0,0.122,0.187,0.309,0.141,73000000.0,3254000000.0,1.0,87946205.0,88400000.0,89200000.0,85.792,5175000000.0,257000000.0,303000000.0,189000000.0,58.541,2277000000.0
28,RL,MRT,2014-06-30,2014-06-28,2014-06-28,2021-08-03,113000000.0,6130000000.0,6136000000.0,3321000000.0,2809000000.0,1.223,44.679,-409000000.0,711000000.0,711000000.0,3156000000.0,757000000.0,3.13,0.543,300000000.0,0.0,300000000.0,300000000.0,0.0,267000000.0,0.0,0.011,1.75,1085000000.0,1352000000.0,0.18,1352000000.0,1085000000.0,1066000000.0,8.38,8.29,8.38,3972000000.0,4007750000.0,3972000000.0,13736734691.0,13.0,10.16,618000000.0,6.952,1.0,4349000000.0,0.579,1256000000.0,19000000.0,3402000000.0,3374000000.0,1180000000.0,658000000.0,658000000.0,0.0,2158000000.0,1061000000.0,1097000000.0,14233734691.0,-229000000.0,-12000000.0,-507000000.0,19000000.0,-153000000.0,-620000000.0,-645000000.0,-224000000.0,1027000000.0,9000000.0,757000000.0,757000000.0,757000000.0,0.0,0.0,0.101,3251000000.0,1098000000.0,260000000.0,0.209,3.584,18.803,19.143,1363000000.0,0.0,160.42,1.897,1.9,357000000.0,5369000000.0,7505000000.0,7505000000.0,0.0,0.123,0.189,0.322,0.145,73000000.0,3195000000.0,1.0,88727931.0,88900000.0,90200000.0,84.421,4874000000.0,252000000.0,309000000.0,232000000.0,54.826,2260000000.0
29,RL,MRT,2014-03-31,2014-03-29,2014-03-29,2021-08-03,114000000.0,6088000000.0,5968500000.0,3329000000.0,2759000000.0,1.248,44.476,-390000000.0,797000000.0,797000000.0,3140000000.0,776000000.0,3.432,0.509,298000000.0,0.0,298000000.0,298000000.0,0.0,258000000.0,0.0,0.013,2.1,1116000000.0,1374000000.0,0.184,1374000000.0,1116000000.0,1096000000.0,8.55,8.43,8.55,4034000000.0,3955000000.0,4034000000.0,13594156841.0,12.0,9.894,517000000.0,5.7,1.0,4310000000.0,0.579,1263000000.0,20000000.0,3356000000.0,3104500000.0,1020000000.0,488000000.0,488000000.0,0.0,2054000000.0,970000000.0,1084000000.0,14176156841.0,-177000000.0,-40000000.0,-506000000.0,22000000.0,-149000000.0,-599000000.0,-488000000.0,-56000000.0,907000000.0,3000000.0,776000000.0,776000000.0,776000000.0,0.0,0.0,0.104,3196000000.0,1114000000.0,203000000.0,0.246,3.514,18.268,18.508,1322000000.0,0.0,158.24,1.903,1.926,588000000.0,5257000000.0,7450000000.0,7450000000.0,0.0,0.13,0.196,0.359,0.15,59000000.0,3142000000.0,1.0,89586431.0,90700000.0,92000000.0,82.139,4825000000.0,251000000.0,320000000.0,209000000.0,53.197,2359000000.0
30,RL,MRT,2013-12-31,2013-12-28,2013-12-28,2021-08-03,104000000.0,6060000000.0,5801000000.0,3342000000.0,2718000000.0,1.246,44.772,-376000000.0,882000000.0,882000000.0,2992000000.0,750000000.0,3.396,0.502,300000000.0,0.0,300000000.0,300000000.0,0.0,252000000.0,0.0,0.012,2.05,1067000000.0,1319000000.0,0.183,1319000000.0,1067000000.0,1045000000.0,8.3,8.11,8.3,4034000000.0,3892750000.0,4034000000.0,15641201244.0,15.0,11.858,506000000.0,5.616,1.0,4235000000.0,0.586,1263000000.0,22000000.0,3231000000.0,2839000000.0,1117000000.0,538000000.0,533000000.0,5000000.0,2026000000.0,984000000.0,1042000000.0,15897201244.0,-117000000.0,-43000000.0,-401000000.0,24000000.0,-109000000.0,-446000000.0,-546000000.0,-121000000.0,882000000.0,-7000000.0,750000000.0,750000000.0,750000000.0,0.0,0.0,0.104,3164000000.0,1071000000.0,207000000.0,0.247,3.941,21.196,21.201,1299000000.0,0.0,175.97,2.2,2.194,425000000.0,5144000000.0,7227000000.0,7227000000.0,0.0,0.129,0.193,0.376,0.148,57000000.0,3097000000.0,1.0,90340406.0,90100000.0,91800000.0,80.211,4797000000.0,178000000.0,295000000.0,171000000.0,53.241,2358000000.0
31,RL,MRT,2013-09-30,2013-09-28,2013-09-28,2021-08-03,114000000.0,6266000000.0,5658300000.0,3558000000.0,2708000000.0,1.247,44.148,-373000000.0,839000000.0,839000000.0,2901000000.0,729000000.0,2.921,0.57,583000000.0,283000000.0,300000000.0,583000000.0,0.0,246000000.0,0.0,0.012,2.0,1039000000.0,1285000000.0,0.182,1285000000.0,1039000000.0,1016000000.0,8.05,7.85,8.05,3991000000.0,3826675000.0,3991000000.0,14317004472.0,14.0,11.142,559000000.0,6.184,1.0,4157000000.0,0.589,1285000000.0,23000000.0,3507000000.0,2591175000.0,1215000000.0,579000000.0,572000000.0,7000000.0,2275000000.0,1218000000.0,1057000000.0,14986004472.0,295000000.0,-48000000.0,-368000000.0,290000000.0,-146000000.0,-190000000.0,-439000000.0,-8000000.0,932000000.0,-8000000.0,729000000.0,729000000.0,729000000.0,0.0,0.0,0.103,3115000000.0,1042000000.0,219000000.0,0.248,3.755,20.557,20.575,1280000000.0,0.0,165.63,2.123,2.121,577000000.0,4961000000.0,7058000000.0,7058000000.0,0.0,0.129,0.191,0.401,0.147,53000000.0,3050000000.0,1.0,90478805.0,90400000.0,92200000.0,78.075,4981000000.0,175000000.0,287000000.0,177000000.0,55.1,2340000000.0
32,RL,MRT,2013-06-30,2013-06-29,2013-06-29,2021-08-03,82000000.0,5460000000.0,5472675000.0,3084000000.0,2376000000.0,1.28,41.421,-280000000.0,940000000.0,940000000.0,2837000000.0,738000000.0,2.616,0.452,271000000.0,271000000.0,0.0,271000000.0,0.0,237000000.0,0.0,0.012,2.0,1092000000.0,1329000000.0,0.19,1329000000.0,1092000000.0,1070000000.0,8.11,7.91,8.11,3761000000.0,3763025000.0,3761000000.0,15085520084.0,14.0,11.351,765000000.0,8.425,1.0,4168000000.0,0.595,1288000000.0,22000000.0,2324000000.0,2445375000.0,1053000000.0,420000000.0,411000000.0,9000000.0,1699000000.0,1179000000.0,520000000.0,15792620084.0,471000000.0,-47000000.0,-350000000.0,-8000000.0,-145000000.0,-466000000.0,-99000000.0,235000000.0,1045000000.0,-9000000.0,738000000.0,738000000.0,738000000.0,0.0,0.0,0.105,3073000000.0,1095000000.0,196000000.0,0.247,4.199,21.399,21.423,944000000.0,0.0,173.74,2.254,2.252,349000000.0,4791000000.0,7005000000.0,7005000000.0,0.0,0.135,0.196,0.447,0.156,50000000.0,3014000000.0,1.0,90898009.0,90800000.0,93100000.0,77.148,4172000000.0,167000000.0,332000000.0,222000000.0,45.947,1905000000.0
33,RL,MRT,2013-03-31,2013-03-30,2013-03-30,2021-08-03,94000000.0,5418000000.0,5406200000.0,2963000000.0,2455000000.0,1.285,41.457,-276000000.0,974000000.0,974000000.0,2789000000.0,750000000.0,2.643,0.431,267000000.0,267000000.0,0.0,267000000.0,0.0,233000000.0,0.0,0.009,1.6,1111000000.0,1344000000.0,0.194,1344000000.0,1111000000.0,1089000000.0,8.21,8.0,8.21,3785000000.0,3690725000.0,3785000000.0,14634169303.0,13.0,10.889,743000000.0,8.138,1.0,4156000000.0,0.598,1296000000.0,22000000.0,2294000000.0,2538375000.0,896000000.0,406000000.0,325000000.0,81000000.0,1633000000.0,1121000000.0,512000000.0,15359169303.0,302000000.0,-22000000.0,-498000000.0,-9000000.0,-128000000.0,-595000000.0,-113000000.0,182000000.0,1019000000.0,-9000000.0,750000000.0,750000000.0,750000000.0,0.0,0.0,0.108,3029000000.0,1127000000.0,147000000.0,0.195,4.058,20.479,20.622,932000000.0,0.0,169.31,2.212,2.226,458000000.0,4647000000.0,6945000000.0,6945000000.0,0.0,0.139,0.203,0.438,0.16,47000000.0,2971000000.0,1.0,90716256.0,91300000.0,93700000.0,76.068,4122000000.0,171000000.0,339000000.0,193000000.0,45.148,1842000000.0
34,RL,MRT,2012-12-31,2012-12-29,2012-12-29,2021-08-03,160800000.0,5489200000.0,5405800000.0,3002000000.0,2487200000.0,1.281,41.38,-306900000.0,999100000.0,999100000.0,2817100000.0,717400000.0,2.519,0.456,274100000.0,274100000.0,0.0,274100000.0,0.0,230800000.0,0.0,0.01,1.4,1073100000.0,1303900000.0,0.188,1303900000.0,1073100000.0,1051900000.0,7.84,7.62,7.84,3769700000.0,3657600000.0,3769700000.0,13171310732.0,12.0,10.101,690900000.0,7.584,1.0,4107300000.0,0.593,1332900000.0,21200000.0,2239700000.0,2642375000.0,981100000.0,402200000.0,313200000.0,89000000.0,1719500000.0,1191600000.0,527900000.0,13449210732.0,183200000.0,-19900000.0,-439200000.0,-10400000.0,-146200000.0,-549900000.0,-265200000.0,54600000.0,997800000.0,500000.0,717400000.0,717400000.0,717400000.0,0.0,0.0,0.104,3026300000.0,1081000000.0,146200000.0,0.179,3.568,18.747,18.751,926400000.0,0.0,147.01,1.942,1.934,383900000.0,4555900000.0,6924400000.0,6924400000.0,0.0,0.133,0.196,0.406,0.155,40300000.0,2975600000.0,1.0,91485006.0,91100000.0,93300000.0,76.009,4156300000.0,161000000.0,334500000.0,244900000.0,45.623,1810400000.0
35,RL,MRT,2012-09-30,2012-09-29,2012-09-29,2021-08-03,197500000.0,5523500000.0,5365125000.0,3003000000.0,2520500000.0,1.283,40.924,-296600000.0,543700000.0,543700000.0,2839100000.0,670400000.0,3.134,0.478,265800000.0,0.0,265800000.0,265800000.0,0.0,226600000.0,0.0,0.008,1.2,1041500000.0,1268100000.0,0.184,1268100000.0,1041500000.0,1019000000.0,7.3,7.09,7.3,3736400000.0,3597600000.0,3736400000.0,13577690233.0,13.0,10.707,611900000.0,6.702,1.0,4044900000.0,0.588,1363700000.0,22500000.0,2923800000.0,2685825000.0,1060200000.0,554000000.0,469100000.0,84900000.0,1787100000.0,958100000.0,829000000.0,13785190233.0,136300000.0,-14100000.0,-290700000.0,-107800000.0,-91600000.0,-445900000.0,-318400000.0,-15400000.0,908500000.0,-7900000.0,670400000.0,670400000.0,670400000.0,0.0,0.0,0.097,2998800000.0,1046100000.0,224400000.0,0.164,3.689,20.563,20.716,911900000.0,0.0,151.23,2.002,2.006,606800000.0,4376500000.0,6884000000.0,6884000000.0,0.0,0.125,0.186,0.388,0.151,42200000.0,2958300000.0,1.0,91153807.0,91300000.0,93400000.0,75.4,4159800000.0,180500000.0,348600000.0,221600000.0,45.562,2044900000.0
36,RL,MRT,2012-06-30,2012-06-30,2012-06-30,2021-08-03,161400000.0,5194100000.0,5316350000.0,2719300000.0,2474800000.0,1.303,37.655,-294700000.0,468500000.0,468500000.0,2898100000.0,689900000.0,2.915,0.496,261000000.0,0.0,261000000.0,261000000.0,0.0,225600000.0,0.0,0.007,1.0,1047400000.0,1273000000.0,0.184,1273000000.0,1047400000.0,1024500000.0,7.49,7.26,7.49,3471800000.0,3509475000.0,3471800000.0,12587553210.0,12.0,9.888,646900000.0,7.016,1.0,4028500000.0,0.582,1357600000.0,22900000.0,2696000000.0,2647100000.0,964100000.0,645100000.0,563000000.0,82100000.0,1722300000.0,933000000.0,789300000.0,12984753210.0,37500000.0,-11100000.0,-380700000.0,-17300000.0,-74100000.0,-423300000.0,-461900000.0,-164800000.0,941600000.0,-18900000.0,689900000.0,689900000.0,689900000.0,0.0,0.0,0.1,2979600000.0,1048900000.0,206500000.0,0.134,3.74,18.821,18.7,869700000.0,0.0,140.06,1.875,1.864,395300000.0,4199300000.0,6926600000.0,6926600000.0,0.0,0.13,0.197,0.396,0.151,32700000.0,2937600000.0,1.0,92708505.0,92200000.0,95100000.0,75.126,3836500000.0,179800000.0,334600000.0,229300000.0,41.611,1786300000.0
37,RL,MRT,2012-03-31,2012-03-31,2012-03-31,2021-08-03,196600000.0,5416400000.0,5257875000.0,2899900000.0,2516500000.0,1.305,39.401,-272000000.0,671600000.0,671600000.0,2862000000.0,681000000.0,3.065,0.483,274400000.0,0.0,274400000.0,274400000.0,0.0,225000000.0,0.0,0.005,0.8,1039000000.0,1264000000.0,0.184,1264000000.0,1039000000.0,1015000000.0,7.35,7.13,7.35,3652500000.0,3441950000.0,3652500000.0,15547600254.0,15.0,12.3,613000000.0,6.613,1.0,3998000000.0,0.583,1363000000.0,24000000.0,2710000000.0,2603200000.0,841600000.0,615600000.0,515700000.0,99900000.0,1763900000.0,946200000.0,817700000.0,16097800254.0,219000000.0,-12000000.0,-358000000.0,-8000000.0,-74000000.0,-408000000.0,-249000000.0,34000000.0,885000000.0,-9000000.0,681000000.0,681000000.0,681000000.0,0.0,0.0,0.099,2959000000.0,1039000000.0,180600000.0,0.109,4.407,23.638,23.718,884100000.0,0.0,174.33,2.347,2.356,547200000.0,4042400000.0,6860000000.0,6860000000.0,0.0,0.13,0.198,0.399,0.151,38000000.0,2916000000.0,1.0,92340964.0,92700000.0,95500000.0,74.002,4053400000.0,182600000.0,334000000.0,239900000.0,43.726,1953700000.0
38,RL,MRT,2011-12-31,2011-12-31,2011-12-31,2021-08-03,206700000.0,5326500000.0,5149050000.0,2826500000.0,2500000000.0,1.294,38.283,-243600000.0,815800000.0,815800000.0,2781500000.0,659800000.0,2.887,0.509,265600000.0,0.0,265600000.0,265600000.0,0.0,219500000.0,0.0,0.006,0.8,1019500000.0,1239000000.0,0.186,1239000000.0,1019500000.0,995600000.0,7.08,6.88,7.08,3529700000.0,3355000000.0,3529700000.0,12687244812.0,12.0,10.24,635000000.0,6.887,1.0,3882000000.0,0.583,1383600000.0,23900000.0,2413500000.0,2571700000.0,894700000.0,458800000.0,386300000.0,72500000.0,1796800000.0,979200000.0,817600000.0,12721244812.0,172400000.0,-13200000.0,-604100000.0,-6900000.0,-65400000.0,-651900000.0,-49400000.0,193800000.0,878600000.0,-4900000.0,659800000.0,659800000.0,659800000.0,0.0,0.0,0.099,2861800000.0,1020200000.0,169700000.0,0.113,3.604,19.28,19.503,826500000.0,0.0,138.08,1.909,1.911,440200000.0,3966500000.0,6663500000.0,6663500000.0,0.0,0.128,0.197,0.396,0.153,42800000.0,2824400000.0,1.0,92129525.0,92200000.0,94900000.0,72.272,3942900000.0,183900000.0,335800000.0,305600000.0,42.765,1847300000.0
39,RL,MRT,2011-09-30,2011-10-01,2011-10-01,2021-08-03,247400000.0,5328400000.0,5069575000.0,2773900000.0,2554500000.0,1.264,36.702,-253600000.0,407700000.0,407700000.0,2647600000.0,659200000.0,2.471,0.575,373700000.0,100000000.0,273700000.0,373700000.0,0.0,213100000.0,0.0,0.005,0.7,993800000.0,1206900000.0,0.188,1206900000.0,993800000.0,971900000.0,7.01,6.82,7.01,3383900000.0,3325825000.0,3383900000.0,11865807903.0,12.0,9.832,494600000.0,5.364,1.0,3758300000.0,0.587,1403100000.0,21900000.0,2768900000.0,2583100000.0,988400000.0,571700000.0,477900000.0,93800000.0,1944500000.0,1122400000.0,822100000.0,11992907903.0,-28200000.0,-57400000.0,-568800000.0,91800000.0,-56500000.0,-486100000.0,-293600000.0,-14600000.0,748200000.0,3300000.0,659200000.0,659200000.0,659200000.0,0.0,0.0,0.103,2761900000.0,996400000.0,190000000.0,0.1,3.544,18.193,18.502,833500000.0,0.0,129.7,1.872,1.867,633500000.0,3816000000.0,6405900000.0,6405900000.0,0.0,0.13,0.198,0.385,0.155,16800000.0,2729000000.0,1.0,92466522.0,92200000.0,94900000.0,69.478,3925300000.0,185000000.0,312700000.0,283300000.0,42.574,1651500000.0
40,RL,MRT,2011-06-30,2011-07-02,2011-07-02,2021-08-03,240000000.0,4960200000.0,4956225000.0,2515700000.0,2444500000.0,1.217,34.097,-255800000.0,431500000.0,431500000.0,2465800000.0,630900000.0,2.769,0.549,304400000.0,7700000.0,296700000.0,304400000.0,0.0,203500000.0,0.0,0.004,0.6,950300000.0,1153800000.0,0.191,1153800000.0,950300000.0,930400000.0,6.63,6.45,6.63,3201700000.0,3272975000.0,3201700000.0,12540217880.0,13.0,10.869,473900000.0,5.047,1.0,3567600000.0,0.591,1404300000.0,19900000.0,2520400000.0,2507900000.0,896300000.0,549600000.0,520000000.0,29600000.0,1758500000.0,908400000.0,850100000.0,12701317880.0,85700000.0,-76400000.0,-585900000.0,-300000.0,-47600000.0,-592300000.0,-72600000.0,228000000.0,729700000.0,20900000.0,630900000.0,630900000.0,630900000.0,0.0,0.0,0.105,2614600000.0,953000000.0,196800000.0,0.09,3.967,20.132,20.256,785100000.0,0.0,134.3,2.105,2.09,388100000.0,3600900000.0,6033400000.0,6033400000.0,0.0,0.127,0.193,0.379,0.158,21400000.0,2583000000.0,1.0,94574221.0,93900000.0,96800000.0,64.253,3555900000.0,207900000.0,299500000.0,211800000.0,37.869,1607300000.0
41,RL,MRT,2011-03-31,2011-04-02,2011-04-02,2021-08-03,215800000.0,4981100000.0,4840925000.0,2478000000.0,2503100000.0,1.169,34.424,-255000000.0,453000000.0,453000000.0,2342000000.0,567600000.0,2.978,0.507,291900000.0,0.0,291900000.0,291900000.0,0.0,194100000.0,0.0,0.004,0.5,843700000.0,1037800000.0,0.183,1037800000.0,843700000.0,825400000.0,5.91,5.75,5.91,3304700000.0,3214000000.0,3304700000.0,11811823594.0,14.0,11.382,433700000.0,4.518,1.0,3318300000.0,0.586,1404000000.0,18300000.0,2584000000.0,2459050000.0,702100000.0,677500000.0,593900000.0,83600000.0,1676400000.0,832000000.0,844400000.0,12180123594.0,-110100000.0,-70900000.0,-506300000.0,-7900000.0,-38500000.0,-512600000.0,-299400000.0,-2000000.0,688700000.0,13200000.0,567600000.0,567600000.0,567600000.0,0.0,0.0,0.1,2473200000.0,845100000.0,141300000.0,0.085,3.686,21.459,21.426,788800000.0,0.0,126.63,2.152,2.148,442800000.0,3435300000.0,5660300000.0,5660300000.0,0.0,0.117,0.177,0.343,0.149,27800000.0,2442700000.0,1.0,96186714.0,96000000.0,98700000.0,58.961,3577100000.0,226600000.0,257800000.0,165300000.0,37.261,1646000000.0
42,RL,MRT,2010-12-31,2011-01-01,2011-01-01,2021-08-03,182000000.0,5008600000.0,4757875000.0,2513100000.0,2495500000.0,1.171,35.738,-268500000.0,643400000.0,643400000.0,2273100000.0,608500000.0,3.171,0.468,275100000.0,0.0,275100000.0,275100000.0,0.0,190500000.0,0.0,0.004,0.4,899900000.0,1090400000.0,0.196,1090400000.0,899900000.0,881300000.0,6.31,6.15,6.31,3413000000.0,3166975000.0,3413000000.0,10393604548.0,12.0,9.532,428000000.0,4.482,1.0,3297400000.0,0.592,1388700000.0,18600000.0,2459100000.0,2380750000.0,697700000.0,664900000.0,599400000.0,65500000.0,1595600000.0,792500000.0,803100000.0,10544304548.0,-330400000.0,-94900000.0,-340400000.0,-8600000.0,-38700000.0,-344100000.0,-680500000.0,-338700000.0,696500000.0,-2300000.0,608500000.0,608500000.0,608500000.0,0.0,0.0,0.109,2397700000.0,899700000.0,176500000.0,0.063,3.089,17.328,17.578,756400000.0,0.0,110.92,1.893,1.902,338100000.0,3381000000.0,5570500000.0,5570500000.0,0.0,0.128,0.192,0.378,0.162,9500000.0,2373600000.0,1.0,95062248.0,95500000.0,98100000.0,58.33,3619900000.0,219800000.0,272800000.0,184600000.0,37.905,1720600000.0
43,RL,MRT,2010-09-30,2010-10-02,2010-10-02,2021-08-03,191500000.0,4875000000.0,4668575000.0,2444000000.0,2431000000.0,1.128,33.22,-242100000.0,435900000.0,435900000.0,2153200000.0,551200000.0,2.763,0.537,285200000.0,0.0,285200000.0,285200000.0,0.0,184200000.0,0.0,0.004,0.4,827300000.0,1011500000.0,0.192,1011500000.0,827300000.0,808400000.0,5.67,5.53,5.67,3172500000.0,3082750000.0,3172500000.0,8573364745.0,10.0,8.476,567900000.0,5.947,1.0,3113200000.0,0.591,1371700000.0,18900000.0,2468100000.0,2235350000.0,732500000.0,561500000.0,500400000.0,61100000.0,1702500000.0,884500000.0,818000000.0,8657464745.0,12400000.0,-50500000.0,-444400000.0,-7300000.0,-34200000.0,-459400000.0,-327800000.0,-39400000.0,810000000.0,-10400000.0,551200000.0,551200000.0,551200000.0,0.0,0.0,0.105,2287300000.0,825900000.0,256400000.0,0.071,2.729,15.707,15.928,716400000.0,0.0,90.31,1.644,1.638,523300000.0,3222200000.0,5266400000.0,5266400000.0,0.0,0.118,0.179,0.37,0.157,33900000.0,2258700000.0,1.0,95863855.0,95500000.0,98000000.0,55.146,3503300000.0,237700000.0,257200000.0,211000000.0,36.684,1559500000.0
44,RL,MRT,2010-06-30,2010-07-03,2010-07-03,2021-08-03,116500000.0,4499000000.0,4592825000.0,2161000000.0,2338000000.0,1.112,30.512,-222000000.0,345800000.0,345800000.0,2098400000.0,523500000.0,2.829,0.517,261700000.0,0.0,261700000.0,261700000.0,0.0,182900000.0,0.0,0.005,0.35,764800000.0,947700000.0,0.186,947700000.0,764800000.0,744700000.0,5.31,5.19,5.31,2965800000.0,3038525000.0,2965800000.0,6898897971.0,9.0,7.28,563600000.0,5.798,1.0,3010100000.0,0.589,1325900000.0,20100000.0,2325000000.0,2216225000.0,629600000.0,716800000.0,644900000.0,71900000.0,1533200000.0,764000000.0,769200000.0,7179897971.0,-275000000.0,-31500000.0,-412400000.0,-127800000.0,-29500000.0,-544700000.0,-498500000.0,-242700000.0,785600000.0,-17400000.0,523500000.0,523500000.0,523500000.0,0.0,0.0,0.102,2245700000.0,764400000.0,220600000.0,0.066,2.421,13.715,13.77,675200000.0,0.0,73.12,1.405,1.391,270100000.0,3026500000.0,5108500000.0,5108500000.0,0.0,0.114,0.172,0.345,0.15,35600000.0,2210100000.0,1.0,98193353.0,97200000.0,99900000.0,52.557,3173100000.0,231300000.0,221200000.0,211200000.0,32.645,1397000000.0
45,RL,MRT,2010-03-31,2010-04-03,2010-04-03,2021-08-03,154000000.0,4648900000.0,4593275000.0,2275800000.0,2373100000.0,1.084,31.513,-201300000.0,563100000.0,563100000.0,2079800000.0,479500000.0,3.045,0.492,282100000.0,0.0,282100000.0,282100000.0,0.0,181200000.0,0.0,0.003,0.3,711500000.0,892700000.0,0.179,892700000.0,711500000.0,689300000.0,4.85,4.73,4.85,3116600000.0,3004825000.0,3116600000.0,7859810201.0,11.0,8.805,705200000.0,7.13,1.0,2899100000.0,0.582,1349800000.0,22200000.0,2270800000.0,2156925000.0,504000000.0,659600000.0,584100000.0,75500000.0,1532300000.0,747300000.0,785000000.0,8535310201.0,81900000.0,-30800000.0,-180500000.0,-127700000.0,-24700000.0,-306400000.0,-504400000.0,-278500000.0,906500000.0,-13800000.0,479500000.0,479500000.0,479500000.0,0.0,0.0,0.096,2192200000.0,706900000.0,149800000.0,0.062,2.739,17.8,17.841,697200000.0,0.0,86.53,1.714,1.719,381900000.0,2915300000.0,4978900000.0,4978900000.0,0.0,0.104,0.16,0.33,0.143,34500000.0,2157000000.0,1.0,98639896.0,98900000.0,101300000.0,50.343,3299100000.0,206200000.0,209800000.0,163800000.0,33.358,1528500000.0
46,RL,MRT,2009-12-31,2009-12-26,2009-12-26,2021-08-03,187400000.0,4651400000.0,4520175000.0,2350400000.0,2301000000.0,1.077,31.135,-159400000.0,973800000.0,973800000.0,2122100000.0,409900000.0,3.113,0.512,298300000.0,0.0,298300000.0,298300000.0,0.0,179900000.0,0.0,0.003,0.25,583400000.0,763300000.0,0.157,763300000.0,583400000.0,560500000.0,4.13,4.06,4.13,3076100000.0,2909450000.0,3076100000.0,8046878287.0,14.0,10.542,668300000.0,6.764,1.0,2744100000.0,0.564,1343400000.0,22900000.0,1877500000.0,2162300000.0,545100000.0,360200000.0,316900000.0,43300000.0,1575300000.0,755000000.0,820300000.0,8162878287.0,399500000.0,-3700000.0,-118700000.0,-127500000.0,-19900000.0,-248400000.0,-172100000.0,15300000.0,827700000.0,-7700000.0,409900000.0,409900000.0,409900000.0,0.0,0.0,0.084,2169600000.0,574500000.0,154700000.0,0.061,2.654,19.914,19.954,644000000.0,0.0,82.41,1.677,1.673,262900000.0,2811100000.0,4866200000.0,4866200000.0,0.0,0.091,0.141,0.27,0.12,40000000.0,2065700000.0,1.0,99052036.0,98800000.0,101400000.0,49.253,3308000000.0,216200000.0,150600000.0,202600000.0,33.482,1595400000.0
47,RL,MRT,2009-09-30,2009-09-26,2009-09-26,2021-08-03,174000000.0,4572000000.0,4453650000.0,2251100000.0,2320900000.0,1.094,30.137,-152700000.0,423500000.0,423500000.0,2184200000.0,404100000.0,3.07,0.526,307500000.0,0.0,307500000.0,307500000.0,0.0,180700000.0,0.0,0.003,0.2,578800000.0,759500000.0,0.156,759500000.0,578800000.0,553100000.0,4.08,4.01,4.08,2995600000.0,2814025000.0,2995600000.0,6996898225.0,12.0,9.213,554000000.0,5.573,1.0,2690100000.0,0.552,1331200000.0,25700000.0,2391600000.0,2237600000.0,610400000.0,546600000.0,502200000.0,44400000.0,1576400000.0,733200000.0,843200000.0,7199898225.0,5900000.0,-4500000.0,-51800000.0,-127300000.0,-19800000.0,-188000000.0,-503100000.0,-376700000.0,706700000.0,-9700000.0,404100000.0,404100000.0,404100000.0,0.0,0.0,0.083,2121500000.0,568600000.0,168100000.0,0.049,2.403,17.817,17.701,643700000.0,0.0,72.22,1.477,1.473,482400000.0,2709900000.0,4874300000.0,4874300000.0,0.0,0.091,0.144,0.259,0.119,39400000.0,2021800000.0,1.0,99693966.0,99400000.0,101600000.0,49.037,3240800000.0,220600000.0,149000000.0,210100000.0,32.604,1517900000.0
48,RL,MRT,2009-06-30,2009-06-27,2009-06-27,2021-08-03,144800000.0,4500800000.0,4379700000.0,2206100000.0,2294700000.0,1.125,28.538,-146700000.0,620800000.0,620800000.0,2235500000.0,387600000.0,2.486,0.59,417800000.0,125300000.0,292500000.0,417800000.0,0.0,182600000.0,0.0,0.004,0.2,581600000.0,764200000.0,0.155,764200000.0,581600000.0,555400000.0,3.91,3.84,3.91,2831000000.0,2696475000.0,2831000000.0,5263978117.0,9.0,6.888,523100000.0,5.273,1.0,2693500000.0,0.546,1322500000.0,26200000.0,2087800000.0,2202175000.0,612400000.0,467900000.0,467900000.0,0.0,1669800000.0,887500000.0,782300000.0,5338778117.0,67000000.0,-37400000.0,-106700000.0,-6600000.0,-19900000.0,-120600000.0,-453700000.0,-307600000.0,669800000.0,-28500000.0,387600000.0,387600000.0,387600000.0,0.0,0.0,0.079,2127900000.0,565600000.0,166800000.0,0.051,1.886,13.774,13.767,631700000.0,0.0,53.83,1.083,1.083,250300000.0,2537300000.0,4929000000.0,4929000000.0,0.0,0.088,0.144,0.264,0.118,39900000.0,2028400000.0,1.0,99178490.0,99200000.0,101500000.0,49.688,3178300000.0,215300000.0,167800000.0,184700000.0,32.039,1318600000.0
49,RL,MRT,2009-03-31,2009-03-28,2009-03-28,2021-08-03,126800000.0,4356500000.0,4319900000.0,2056700000.0,2299800000.0,1.162,27.572,-185000000.0,481200000.0,481200000.0,2288200000.0,406000000.0,3.051,0.593,406400000.0,0.0,406400000.0,406400000.0,0.0,184400000.0,0.0,0.005,0.2,614100000.0,798500000.0,0.159,798500000.0,614100000.0,587500000.0,4.09,4.01,4.09,2735100000.0,2609825000.0,2735100000.0,4233484044.0,7.0,5.302,589200000.0,5.94,1.0,2730700000.0,0.544,1315300000.0,26600000.0,2292300000.0,2215375000.0,525100000.0,368400000.0,338700000.0,29700000.0,1621400000.0,674100000.0,947300000.0,4388184044.0,-70300000.0,-46300000.0,-140800000.0,-203500000.0,-19900000.0,-352100000.0,-458000000.0,-253600000.0,774200000.0,-34400000.0,406000000.0,406000000.0,406000000.0,0.0,0.0,0.081,2135200000.0,595500000.0,165900000.0,0.049,1.604,10.808,10.826,651600000.0,0.0,44.28,0.874,0.875,474900000.0,2465500000.0,5018900000.0,5018900000.0,0.0,0.094,0.156,0.277,0.122,37600000.0,2036000000.0,1.0,99100814.0,99200000.0,101300000.0,50.594,3041200000.0,204600000.0,181500000.0,190700000.0,30.657,1382600000.0
50,RL,MRT,2008-12-31,2008-12-27,2008-12-27,2021-08-03,140600000.0,4385300000.0,4322150000.0,2004200000.0,2381100000.0,1.165,27.271,-195300000.0,574300000.0,574300000.0,2264800000.0,467100000.0,2.779,0.628,419600000.0,0.0,419600000.0,419600000.0,0.0,191700000.0,0.0,0.005,0.2,719400000.0,911100000.0,0.181,911100000.0,719400000.0,692100000.0,4.67,4.56,4.67,2694400000.0,2523475000.0,2694400000.0,4320125710.0,6.0,4.742,551100000.0,5.578,1.0,2770600000.0,0.55,1330600000.0,27300000.0,2178700000.0,2207350000.0,585100000.0,305900000.0,305900000.0,0.0,1690900000.0,721300000.0,969600000.0,4298525710.0,-230100000.0,-52000000.0,-271400000.0,-205600000.0,-19900000.0,-485400000.0,-483500000.0,-290200000.0,746400000.0,-7600000.0,465000000.0,465000000.0,465000000.0,0.0,2100000.0,0.092,2070300000.0,700300000.0,185900000.0,0.043,1.595,9.244,9.325,693600000.0,0.0,43.55,0.854,0.854,310500000.0,2425900000.0,5035400000.0,5035400000.0,0.0,0.108,0.184,0.326,0.143,58500000.0,2028900000.0,1.0,98703231.0,98800000.0,100700000.0,50.966,3054700000.0,185200000.0,227100000.0,204600000.0,30.918,1282900000.0
51,RL,MRT,2008-09-30,2008-09-27,2008-09-27,2021-08-03,98700000.0,4276200000.0,4312000000.0,1866500000.0,2409700000.0,1.172,25.432,-209300000.0,417600000.0,417600000.0,2275800000.0,474500000.0,2.539,0.693,439200000.0,0.0,439200000.0,439200000.0,0.0,199800000.0,0.0,0.003,0.2,724200000.0,924000000.0,0.183,924000000.0,724200000.0,697500000.0,4.71,4.59,4.71,2525400000.0,2449900000.0,2525400000.0,7085292511.0,10.0,7.668,619900000.0,6.243,1.0,2777400000.0,0.55,1312800000.0,26700000.0,2249900000.0,2147525000.0,619300000.0,92300000.0,92300000.0,0.0,1750800000.0,735100000.0,1015700000.0,7169292511.0,-55400000.0,-50500000.0,-324500000.0,-205600000.0,-20200000.0,-537700000.0,-366600000.0,-100100000.0,829200000.0,19700000.0,472400000.0,472400000.0,472400000.0,0.0,2100000.0,0.093,2073000000.0,704400000.0,221300000.0,0.042,2.839,15.176,15.261,692400000.0,0.0,71.88,1.419,1.413,531100000.0,2325500000.0,5053200000.0,5053200000.0,0.0,0.11,0.193,0.337,0.143,63800000.0,2024600000.0,1.0,99739740.0,99300000.0,101800000.0,50.888,2963400000.0,193800000.0,225100000.0,204100000.0,29.843,1131400000.0
52,RL,MRT,2008-06-30,2008-06-28,2008-06-28,2021-08-03,123900000.0,4261600000.0,4289825000.0,1798800000.0,2462800000.0,1.148,24.969,-228500000.0,553800000.0,553800000.0,2239000000.0,428800000.0,2.519,0.715,469800000.0,0.0,469800000.0,469800000.0,0.0,204300000.0,0.0,0.003,0.2,670000000.0,874300000.0,0.178,874300000.0,670000000.0,643200000.0,4.21,4.1,4.21,2484400000.0,2379250000.0,2484400000.0,6387043618.0,10.0,7.305,582800000.0,5.857,1.0,2684400000.0,0.545,1322800000.0,26800000.0,2140600000.0,2109825000.0,568100000.0,157000000.0,157000000.0,0.0,1777200000.0,714200000.0,1063000000.0,6259343618.0,-89400000.0,-19800000.0,-315600000.0,-204600000.0,-20300000.0,-529400000.0,-425200000.0,-157100000.0,811300000.0,53900000.0,426700000.0,426700000.0,426700000.0,0.0,2100000.0,0.087,2030300000.0,654100000.0,224900000.0,0.048,2.519,14.669,14.955,706300000.0,0.0,62.96,1.271,1.272,310100000.0,2169500000.0,4923400000.0,4923400000.0,0.0,0.099,0.179,0.318,0.136,70800000.0,1980500000.0,1.0,99417783.0,99500000.0,102100000.0,49.481,2938800000.0,197700000.0,216500000.0,186700000.0,29.536,1084600000.0
53,RL,MRT,2008-03-31,2008-03-29,2008-03-29,2021-08-03,112600000.0,4365500000.0,4223275000.0,1893500000.0,2472000000.0,1.156,23.36,-217100000.0,551500000.0,551500000.0,2242000000.0,421900000.0,2.084,0.827,679200000.0,206400000.0,472800000.0,679200000.0,0.0,201300000.0,0.0,0.003,0.2,667800000.0,869100000.0,0.178,869100000.0,667800000.0,642100000.0,4.1,3.99,4.1,2389700000.0,2315175000.0,2389700000.0,5677412035.0,9.0,6.533,478300000.0,4.675,1.0,2638100000.0,0.541,1324400000.0,25700000.0,2260200000.0,2032850000.0,514900000.0,74300000.0,74300000.0,0.0,1975800000.0,908600000.0,1067200000.0,5863512035.0,-12400000.0,-188700000.0,-435300000.0,160900000.0,-20500000.0,-260500000.0,-505000000.0,-84100000.0,695400000.0,57700000.0,419800000.0,419800000.0,419800000.0,0.0,2100000.0,0.086,1984700000.0,653400000.0,205700000.0,0.049,2.454,13.967,14.054,709900000.0,0.0,57.62,1.202,1.208,508400000.0,2079300000.0,4880100000.0,4880100000.0,0.0,0.099,0.181,0.329,0.137,70700000.0,1932500000.0,1.0,101761750.0,102300000.0,105200000.0,47.704,3041100000.0,193500000.0,222300000.0,184000000.0,29.727,984900000.0
54,RL,MRT,2007-12-31,2007-12-29,2007-12-29,2021-08-03,90100000.0,4344700000.0,4071400000.0,1925700000.0,2419000000.0,1.147,23.623,-231700000.0,804400000.0,804400000.0,2148700000.0,389500000.0,2.116,0.81,618300000.0,179800000.0,438500000.0,618300000.0,0.0,188100000.0,0.0,0.003,0.2,643700000.0,831800000.0,0.178,831800000.0,643700000.0,619300000.0,3.79,3.68,3.79,2400100000.0,2301475000.0,2400100000.0,6399941179.0,10.0,7.694,610100000.0,6.005,1.0,2521800000.0,0.54,1309300000.0,24400000.0,1939400000.0,1933900000.0,581200000.0,20000000.0,20000000.0,0.0,1944600000.0,909900000.0,1034700000.0,6270341179.0,52600000.0,-357800000.0,-353700000.0,163000000.0,-20700000.0,-177800000.0,-649000000.0,-20000000.0,841800000.0,37600000.0,389500000.0,389500000.0,389500000.0,0.0,0.0,0.083,1892600000.0,629200000.0,230400000.0,0.053,2.613,16.098,16.296,677300000.0,0.0,61.76,1.343,1.343,354500000.0,1980800000.0,4670500000.0,4670500000.0,0.0,0.096,0.169,0.333,0.138,61900000.0,1853100000.0,1.0,101527545.0,101600000.0,104300000.0,45.969,3035400000.0,192600000.0,229800000.0,175000000.0,29.876,1015800000.0
55,RL,MRT,2007-09-30,2007-09-29,2007-09-29,2021-08-03,70400000.0,4187500000.0,3867875000.0,1812100000.0,2375400000.0,1.175,21.86,-213500000.0,473000000.0,473000000.0,2085100000.0,387300000.0,1.993,0.867,602600000.0,178200000.0,424400000.0,602600000.0,0.0,167900000.0,0.0,0.003,0.2,661300000.0,829200000.0,0.182,829200000.0,661300000.0,636600000.0,3.74,3.63,3.74,2242800000.0,2277950000.0,2242800000.0,7956220182.0,12.0,9.595,580200000.0,5.655,1.0,2459300000.0,0.541,1308900000.0,24700000.0,2099100000.0,1851950000.0,635700000.0,0.0,0.0,0.0,1944700000.0,909100000.0,1035600000.0,8029820182.0,152000000.0,-356500000.0,-337500000.0,249300000.0,-20700000.0,-63000000.0,-605600000.0,0.0,793700000.0,26900000.0,387300000.0,387300000.0,387300000.0,0.0,0.0,0.085,1816600000.0,642700000.0,256000000.0,0.053,3.58,20.733,20.789,647000000.0,0.0,77.75,1.767,1.755,549300000.0,1873200000.0,4544400000.0,4544400000.0,0.0,0.1,0.17,0.357,0.146,53800000.0,1787700000.0,1.0,103277430.0,102600000.0,105400000.0,44.292,2878600000.0,188000000.0,249300000.0,191100000.0,28.057,903000000.0
56,RL,MRT,2007-06-30,2007-06-30,2007-06-30,2021-08-03,40300000.0,3995400000.0,3651025000.0,1706200000.0,2289200000.0,1.208,21.445,-194200000.0,643200000.0,643200000.0,2015400000.0,409000000.0,2.152,0.793,569600000.0,166500000.0,403100000.0,569600000.0,0.0,150000000.0,0.0,0.002,0.2,682900000.0,832900000.0,0.189,832900000.0,682900000.0,659900000.0,3.93,3.82,3.93,2228100000.0,2266975000.0,2228100000.0,10034127647.0,15.0,12.047,650900000.0,6.265,1.0,2396700000.0,0.543,1296400000.0,23000000.0,1832700000.0,1682400000.0,604700000.0,0.0,0.0,0.0,1767300000.0,792700000.0,974600000.0,10199227647.0,214000000.0,-357700000.0,-284200000.0,249400000.0,-20800000.0,-8400000.0,-627100000.0,0.0,845100000.0,4400000.0,409000000.0,409000000.0,409000000.0,0.0,0.0,0.093,1731700000.0,665000000.0,223600000.0,0.051,4.578,24.937,24.964,622200000.0,0.0,98.11,2.312,2.31,323000000.0,1763000000.0,4412100000.0,4412100000.0,0.0,0.112,0.18,0.406,0.155,46300000.0,1711600000.0,1.0,103957065.0,103900000.0,107300000.0,42.465,2699000000.0,128000000.0,250900000.0,195100000.0,25.977,913500000.0
57,RL,MRT,2007-03-31,2007-03-31,2007-03-31,2021-08-03,40500000.0,3758000000.0,3448325000.0,1685900000.0,2072100000.0,1.246,22.365,-184000000.0,563900000.0,563900000.0,1959200000.0,400900000.0,2.633,0.609,398800000.0,0.0,398800000.0,398800000.0,0.0,144700000.0,0.0,0.002,0.2,664900000.0,809600000.0,0.188,809600000.0,664900000.0,643300000.0,3.84,3.73,3.84,2334900000.0,2232900000.0,2334900000.0,8797365397.0,13.0,10.866,612100000.0,5.863,1.0,2336200000.0,0.544,1088200000.0,21600000.0,1864400000.0,1524000000.0,526900000.0,0.0,0.0,0.0,1423100000.0,640300000.0,782800000.0,9155365397.0,278200000.0,-176100000.0,-179900000.0,80800000.0,-20900000.0,-95200000.0,-434600000.0,0.0,796100000.0,11900000.0,400900000.0,400900000.0,400900000.0,0.0,0.0,0.093,1683600000.0,652600000.0,174700000.0,0.052,3.921,22.837,22.956,629800000.0,0.0,88.15,2.131,2.142,467500000.0,1742300000.0,4295400000.0,4295400000.0,0.0,0.116,0.18,0.436,0.155,43600000.0,1663400000.0,1.0,103861207.0,104400000.0,107600000.0,41.144,2669800000.0,101300000.0,242400000.0,74600000.0,25.573,1045600000.0
58,RL,MRT,2006-12-31,2006-12-30,2006-12-30,2021-08-03,42200000.0,3530600000.0,3281000000.0,1714800000.0,1815800000.0,1.291,22.131,-165000000.0,751800000.0,751800000.0,1932500000.0,390100000.0,2.835,0.531,393800000.0,0.0,393800000.0,393800000.0,0.0,136700000.0,0.0,0.003,0.2,653200000.0,789900000.0,0.186,789900000.0,653200000.0,633300000.0,3.73,3.62,3.73,2306000000.0,2161575000.0,2306000000.0,8042495626.0,12.0,10.182,444600000.0,4.267,1.0,2303100000.0,0.544,956100000.0,19900000.0,1611600000.0,1378325000.0,483900000.0,0.0,0.0,0.0,1224600000.0,604900000.0,619700000.0,8074395626.0,107900000.0,-267900000.0,-122600000.0,81400000.0,-20800000.0,-31800000.0,-485300000.0,0.0,609600000.0,15400000.0,390100000.0,390100000.0,390100000.0,0.0,0.0,0.092,1654800000.0,648300000.0,168400000.0,0.054,3.501,20.698,20.82,557300000.0,0.0,77.66,1.906,1.911,366800000.0,1691200000.0,4235600000.0,4235600000.0,0.0,0.119,0.18,0.474,0.154,36700000.0,1623200000.0,1.0,103971100.0,104200000.0,107600000.0,40.649,2574500000.0,50000000.0,243200000.0,90000000.0,24.707,1109900000.0
59,RL,MRT,2006-09-30,2006-09-30,2006-09-30,2021-08-03,29900000.0,3320100000.0,3152714750.0,1533600000.0,1786500000.0,1.296,21.042,-147700000.0,321000000.0,321000000.0,1866800000.0,370300000.0,1.68,0.51,289100000.0,289100000.0,0.0,289100000.0,0.0,140100000.0,0.0,0.003,0.2,611700000.0,751800000.0,0.184,751800000.0,611700000.0,595600000.0,3.54,3.43,3.54,2198900000.0,2078924250.0,2198900000.0,6630641255.0,11.0,8.82,359900000.0,3.444,1.0,2220600000.0,0.543,954700000.0,16100000.0,1420900000.0,1247953000.0,586400000.0,0.0,0.0,0.0,1121200000.0,912600000.0,208600000.0,6768841255.0,-62200000.0,-267900000.0,-91900000.0,-3700000.0,-20900000.0,-103000000.0,-468000000.0,0.0,507600000.0,1200000.0,370300000.0,370300000.0,370300000.0,0.0,0.0,0.091,1612900000.0,607700000.0,240800000.0,0.056,3.078,18.279,18.274,549100000.0,0.0,64.69,1.656,1.654,524800000.0,1586000000.0,4087400000.0,4087400000.0,0.0,0.117,0.178,0.49,0.15,34900000.0,1578100000.0,1.0,104635048.0,104500000.0,107300000.0,39.114,2365400000.0,46200000.0,225300000.0,91000000.0,22.635,621000000.0
60,RL,MRT,2006-06-30,2006-07-01,2006-07-01,2021-08-03,32200000.0,3184600000.0,3051018000.0,1440400000.0,1744200000.0,1.294,19.903,-160500000.0,429200000.0,429200000.0,1808500000.0,337500000.0,1.621,0.522,291000000.0,291000000.0,0.0,291000000.0,0.0,136100000.0,0.0,0.004,0.2,564900000.0,701000000.0,0.178,701000000.0,564900000.0,550500000.0,3.23,3.12,3.23,2091800000.0,1998931250.0,2091800000.0,5789496675.0,10.0,8.259,329700000.0,3.137,1.0,2139500000.0,0.542,958500000.0,14400000.0,1199100000.0,1268612500.0,525600000.0,0.0,0.0,0.0,1092800000.0,888800000.0,204000000.0,5794796675.0,-93100000.0,-378500000.0,-31900000.0,-2700000.0,-20900000.0,-46700000.0,-539000000.0,0.0,490200000.0,2400000.0,337500000.0,337500000.0,337500000.0,0.0,0.0,0.085,1569700000.0,569800000.0,203600000.0,0.062,2.77,17.17,16.997,541600000.0,0.0,54.9,1.468,1.461,349700000.0,1454200000.0,3948000000.0,3948000000.0,0.0,0.111,0.169,0.445,0.143,29200000.0,1534000000.0,1.0,105551852.0,105100000.0,108100000.0,37.564,2226100000.0,43500000.0,213000000.0,106500000.0,21.181,551600000.0
61,RL,MRT,2006-03-31,2006-04-01,2006-04-01,2021-08-03,15500000.0,3088700000.0,2940821500.0,1378500000.0,1710200000.0,1.274,19.67,-158600000.0,285700000.0,285700000.0,1723900000.0,308000000.0,1.634,0.507,280400000.0,280400000.0,0.0,280400000.0,0.0,127000000.0,0.0,0.003,0.2,515400000.0,642400000.0,0.171,642400000.0,515400000.0,502900000.0,2.96,2.87,2.96,2049600000.0,1911762000.0,2049600000.0,5976551653.0,12.0,9.303,290500000.0,2.788,1.0,2022400000.0,0.54,958200000.0,12500000.0,1281700000.0,1295108500.0,485500000.0,0.0,0.0,0.0,1039100000.0,843500000.0,195600000.0,6359647653.0,-64800000.0,-380600000.0,51400000.0,-2200000.0,-20800000.0,33500000.0,-539200000.0,0.0,449100000.0,-8200000.0,308000000.0,308000000.0,308000000.0,0.0,0.0,0.082,1505800000.0,516600000.0,202200000.0,0.068,3.103,20.648,20.476,548800000.0,0.0,60.61,1.698,1.686,484200000.0,1379200000.0,3746300000.0,3746300000.0,0.0,0.105,0.161,0.398,0.138,26600000.0,1476900000.0,1.0,104927366.0,104200000.0,107200000.0,35.953,2130500000.0,32400000.0,194900000.0,67400000.0,20.446,535000000.0
62,RL,MRT,2005-12-31,2005-12-31,2005-12-31,2021-08-03,24593000.0,3017459000.0,2850321500.0,1593505000.0,1423954000.0,1.29,18.867,-145574000.0,643874000.0,643874000.0,1702744000.0,268971000.0,1.827,0.528,260778000.0,260778000.0,0.0,260778000.0,0.0,122681000.0,0.0,0.004,0.2,444818000.0,567499000.0,0.154,567499000.0,444818000.0,433384000.0,2.59,2.51,2.59,1975397000.0,1818287000.0,1975397000.0,5769305595.0,13.0,10.166,370116000.0,3.535,1.0,1974262000.0,0.537,672088000.0,11434000.0,1090112000.0,1334408500.0,443267000.0,0.0,0.0,0.0,1042062000.0,872163000.0,169899000.0,5884804595.0,274412000.0,-113466000.0,53724000.0,1079000.0,-22263000.0,32540000.0,-259040000.0,0.0,515690000.0,-14778000.0,268971000.0,268971000.0,268971000.0,0.0,0.0,0.073,1531975000.0,442287000.0,158795000.0,0.077,2.979,21.879,21.676,517860000.0,0.0,56.14,1.6,1.599,356677000.0,1317457000.0,3677006000.0,3677006000.0,0.0,0.094,0.148,0.333,0.121,24650000.0,1515383000.0,1.0,104823737.0,104700000.0,107800000.0,35.119,2345371000.0,103324000.0,164413000.0,55374000.0,22.401,721342000.0
63,RL,MRT,2005-09-30,2005-10-01,2005-10-01,2021-08-03,27146000.0,2913313000.0,2743468750.0,1527227000.0,1386086000.0,1.306,18.032,-164208000.0,383156000.0,383156000.0,1694242000.0,253307000.0,2.468,0.551,267657000.0,0.0,267657000.0,267657000.0,0.0,113479000.0,0.0,0.004,0.2,416692000.0,530171000.0,0.148,530171000.0,416692000.0,405600000.0,2.46,2.39,2.46,1878928000.0,1737739500.0,1878928000.0,4984941067.0,12.0,9.403,296502000.0,2.846,1.0,1888838000.0,0.527,675413000.0,11092000.0,1503538000.0,1409249250.0,513101000.0,0.0,0.0,0.0,1034385000.0,618863000.0,415522000.0,5238119067.0,225039000.0,-113180000.0,67433000.0,-353000.0,-21980000.0,45100000.0,-277388000.0,0.0,460710000.0,-3383000.0,253307000.0,253307000.0,253307000.0,0.0,0.0,0.071,1473961000.0,414877000.0,192868000.0,0.081,2.788,20.679,20.447,494144000.0,0.0,50.3,1.462,1.463,458651000.0,1232021000.0,3583080000.0,3583080000.0,0.0,0.092,0.146,0.296,0.116,19051000.0,1462730000.0,1.0,104137556.0,104200000.0,107400000.0,34.387,2237900000.0,107020000.0,152293000.0,41240000.0,21.477,908364000.0
64,RL,MRT,2005-06-30,2005-07-02,2005-07-02,2021-08-03,19341000.0,2743814000.0,2615033250.0,1447485000.0,1296329000.0,1.32,16.924,-170683000.0,522327000.0,522327000.0,1667922000.0,228375000.0,2.446,0.574,269149000.0,0.0,269149000.0,269149000.0,0.0,107646000.0,0.0,0.005,0.2,370660000.0,478306000.0,0.139,478306000.0,370660000.0,359759000.0,2.24,2.19,2.24,1743123000.0,1653098750.0,1743123000.0,4419256001.0,12.0,9.239,289095000.0,2.807,1.0,1783372000.0,0.517,593795000.0,10901000.0,1305084000.0,1395435250.0,467610000.0,0.0,0.0,0.0,1000691000.0,591757000.0,408934000.0,4478781001.0,324910000.0,-3329000.0,64382000.0,-378000.0,-21877000.0,42127000.0,-174012000.0,0.0,459778000.0,-2983000.0,228375000.0,228375000.0,228375000.0,0.0,0.0,0.066,1423226000.0,360146000.0,160324000.0,0.089,2.569,19.612,19.554,488728000.0,0.0,43.8,1.298,1.307,275598000.0,1133048000.0,3451294000.0,3451294000.0,0.0,0.087,0.138,0.266,0.107,14496000.0,1416317000.0,1.0,102255274.0,103000000.0,105500000.0,33.508,2150019000.0,105364000.0,131384000.0,55689000.0,20.874,855728000.0
65,RL,MRT,2005-03-31,2005-04-02,2005-04-02,2021-08-03,29900000.0,2726700000.0,2483167500.0,1413800000.0,1312900000.0,1.331,16.509,-174100000.0,350500000.0,350500000.0,1620900000.0,190400000.0,2.272,0.627,291000000.0,0.0,291000000.0,291000000.0,0.0,102100000.0,0.0,0.005,0.2,308800000.0,410900000.0,0.124,410900000.0,308800000.0,297800000.0,1.88,1.83,1.88,1675700000.0,1578506500.0,1675700000.0,3888950006.0,13.0,9.464,207900000.0,2.048,1.0,1684500000.0,0.51,605900000.0,11000000.0,1438900000.0,1396001250.0,430100000.0,0.0,0.0,0.0,1051000000.0,622400000.0,428600000.0,3943900006.0,-1800000.0,-243300000.0,53200000.0,0.0,-21700000.0,31500000.0,-417400000.0,0.0,382000000.0,2100000.0,190400000.0,190400000.0,190400000.0,0.0,0.0,0.058,1384800000.0,299700000.0,184400000.0,0.106,2.354,20.714,20.431,487900000.0,0.0,38.41,1.193,1.179,455700000.0,1090300000.0,3305400000.0,3305400000.0,0.0,0.077,0.121,0.221,0.093,12900000.0,1377600000.0,1.0,102678990.0,101500000.0,104100000.0,32.566,2120800000.0,110800000.0,107400000.0,72100000.0,20.895,791400000.0
66,RL,MRT,2004-12-31,2005-01-01,2005-01-01,2021-08-03,39559000.0,2590048000.0,2375880500.0,1264124000.0,1325924000.0,1.356,16.224,-182776000.0,362931000.0,362931000.0,1623403000.0,241806000.0,2.388,0.567,307981000.0,0.0,307981000.0,307981000.0,0.0,100415000.0,0.0,0.005,0.2,384901000.0,485316000.0,0.151,485316000.0,384901000.0,373920000.0,2.4,2.35,2.4,1653207000.0,1513443250.0,1653207000.0,4473949084.0,12.0,9.219,208033000.0,2.042,1.0,1598618000.0,0.496,616364000.0,10981000.0,1389475000.0,1375806000.0,425071000.0,0.0,0.0,0.0,936841000.0,529259000.0,407582000.0,4338983084.0,31791000.0,-247515000.0,62938000.0,-2136000.0,-20060000.0,40742000.0,-417364000.0,5427000.0,390809000.0,17604000.0,241806000.0,241806000.0,241806000.0,0.0,0.0,0.075,1218442000.0,380176000.0,154447000.0,0.083,2.625,17.944,17.75,467340000.0,0.0,42.6,1.347,1.347,334347000.0,1079467000.0,3222021000.0,3222021000.0,0.0,0.102,0.16,0.28,0.119,8570000.0,1209724000.0,1.0,101854063.0,101896000.0,104325000.0,31.621,1973684000.0,88859000.0,132114000.0,71663000.0,19.37,734865000.0
67,RL,MRT,2004-09-30,2004-10-02,2004-10-02,2021-08-03,26579000.0,2399571000.0,2261158000.0,1112082000.0,1287489000.0,1.312,15.222,-171166000.0,145982000.0,145982000.0,1480268000.0,202128000.0,2.279,0.558,280948000.0,0.0,280948000.0,280948000.0,0.0,92020000.0,0.0,0.005,0.2,324808000.0,416828000.0,0.141,416828000.0,324808000.0,313816000.0,2.02,1.98,2.02,1540365000.0,1422897750.0,1540365000.0,3843187034.0,12.0,9.22,151501000.0,1.497,1.0,1485544000.0,0.501,598244000.0,10992000.0,1448282000.0,1339837500.0,444176000.0,0.0,0.0,0.0,859206000.0,488011000.0,371195000.0,3739112034.0,-52470000.0,-247802000.0,53551000.0,-704000.0,-19993000.0,32854000.0,-413541000.0,5427000.0,322667000.0,5550000.0,202128000.0,202128000.0,202128000.0,0.0,0.0,0.068,1161100000.0,324444000.0,160747000.0,0.099,2.427,18.499,18.307,443560000.0,0.0,36.98,1.261,1.262,428423000.0,1009740000.0,2965812000.0,2965812000.0,0.0,0.089,0.142,0.242,0.11,8949000.0,1137291000.0,1.0,101111737.0,101192000.0,103571000.0,29.309,1801327000.0,83266000.0,111688000.0,80204000.0,17.801,624071000.0
68,RL,MRT,2004-06-30,2004-07-03,2004-07-03,2021-08-03,25599000.0,2216351000.0,2170221250.0,954734000.0,1261617000.0,1.28,14.378,-148807000.0,174908000.0,174908000.0,1387899000.0,176870000.0,2.296,0.534,278983000.0,0.0,278983000.0,278983000.0,0.0,87312000.0,0.0,0.006,0.2,286568000.0,373880000.0,0.135,373880000.0,286568000.0,275295000.0,1.79,1.75,1.79,1444754000.0,1355652750.0,1444754000.0,3363561147.0,12.0,8.996,165912000.0,1.651,1.0,1390076000.0,0.5,597292000.0,11273000.0,1307348000.0,1307502000.0,418049000.0,0.0,0.0,0.0,771597000.0,415786000.0,355811000.0,3429693147.0,-90077000.0,-243692000.0,48921000.0,-50495000.0,-19823000.0,-21397000.0,-387072000.0,5427000.0,314719000.0,3673000.0,176870000.0,176870000.0,176870000.0,0.0,0.0,0.064,1104948000.0,285128000.0,129332000.0,0.112,2.374,19.391,19.039,420151000.0,0.0,34.08,1.235,1.233,262330000.0,934412000.0,2777975000.0,2777975000.0,0.0,0.081,0.13,0.219,0.103,7404000.0,1083317000.0,1.0,100636536.0,100481000.0,102802000.0,27.647,1619059000.0,86349000.0,98425000.0,40131000.0,16.113,538948000.0
69,RL,MRT,2004-03-31,2004-04-03,2004-04-03,2021-08-03,23104000.0,2297552000.0,2109489500.0,1287151000.0,1010401000.0,1.256,14.297,-126300000.0,352335000.0,352335000.0,1326400000.0,169200000.0,2.548,0.623,277345000.0,0.0,277345000.0,277345000.0,0.0,85600000.0,0.0,0.006,0.2,275800000.0,361400000.0,0.136,361400000.0,275800000.0,263100000.0,1.71,1.68,1.71,1415447000.0,1299191000.0,1415447000.0,3448600948.0,13.0,9.542,87300000.0,0.882,1.0,1323300000.0,0.499,359243000.0,12700000.0,1358119000.0,1289585500.0,373170000.0,0.0,0.0,0.0,882105000.0,505200000.0,376905000.0,3501557948.0,8700000.0,-8200000.0,39400000.0,-101000000.0,-14800000.0,-76400000.0,-134500000.0,0.0,213600000.0,6000000.0,169200000.0,169200000.0,169200000.0,0.0,0.0,0.064,1052400000.0,270900000.0,188919000.0,0.117,2.474,20.695,20.544,408741000.0,0.0,35.13,1.321,1.313,441724000.0,921602000.0,2649700000.0,2649700000.0,0.0,0.08,0.13,0.214,0.104,4100000.0,1031500000.0,1.0,99674294.0,99000000.0,101000000.0,26.765,1938309000.0,87107000.0,93900000.0,79557000.0,19.579,781951000.0
70,RL,MRT,2003-12-31,2003-12-27,2003-12-27,2021-08-03,-8981000.0,2131158000.0,2044807000.0,1171294000.0,959864000.0,1.234,13.031,-118050000.0,337703000.0,337703000.0,1245063000.0,169090000.0,2.445,0.651,284746000.0,0.0,284746000.0,284746000.0,0.0,82372000.0,0.0,0.005,0.15,277183000.0,359555000.0,0.142,359555000.0,277183000.0,263940000.0,1.72,1.69,1.72,1291025000.0,1247521000.0,1291025000.0,2991980015.0,11.0,8.321,95993000.0,0.969,1.0,1278141000.0,0.507,353596000.0,13243000.0,1245601000.0,1254392500.0,422248000.0,0.0,0.0,0.0,840133000.0,479004000.0,361129000.0,2938592015.0,-103881000.0,-30049000.0,13935000.0,-103650000.0,-9877000.0,-99592000.0,-214513000.0,-53058000.0,214043000.0,-3819000.0,169090000.0,169090000.0,169090000.0,0.0,0.0,0.067,1010204000.0,267937000.0,167322000.0,0.087,2.276,17.379,16.517,372721000.0,0.0,28.41,1.165,1.116,292248000.0,855890000.0,2523204000.0,2523204000.0,0.0,0.083,0.136,0.221,0.11,7595000.0,987831000.0,1.0,103435129.0,99072000.0,101291000.0,25.468,1777562000.0,89661000.0,94850000.0,54846000.0,17.942,692290000.0
71,RL,MRT,2003-09-30,2003-09-27,2003-09-27,2021-08-03,10194000.0,2035824000.0,1987974250.0,1112508000.0,923316000.0,1.266,12.881,-107444000.0,210637000.0,210637000.0,1263960000.0,176544000.0,2.585,0.601,264025000.0,0.0,264025000.0,264025000.0,0.0,84673000.0,0.0,0.004,0.1,291269000.0,375942000.0,0.149,375942000.0,291269000.0,276150000.0,1.8,1.77,1.8,1271385000.0,1205031750.0,1271385000.0,2748561229.0,9.0,7.311,54970000.0,0.557,1.0,1253049000.0,0.498,339826000.0,15119000.0,1318940000.0,1203446500.0,400736000.0,0.0,0.0,0.0,764439000.0,430446000.0,333993000.0,2720872229.0,-144838000.0,-34844000.0,8517000.0,-119204000.0,-4927000.0,-115614000.0,-200357000.0,-53058000.0,162414000.0,8719000.0,176544000.0,176544000.0,176544000.0,0.0,0.0,0.07,976051000.0,276998000.0,162869000.0,0.056,2.14,15.412,14.667,357924000.0,0.0,26.4,1.081,1.035,371591000.0,825514000.0,2517009000.0,2517009000.0,0.0,0.089,0.147,0.242,0.116,2715000.0,961608000.0,1.0,103063342.0,98704000.0,100781000.0,25.501,1695998000.0,77816000.0,99606000.0,58619000.0,17.183,682062000.0
72,RL,MRT,2003-06-30,2003-06-28,2003-06-28,2021-08-03,16444000.0,1973424000.0,1952257000.0,1072238000.0,901186000.0,1.255,12.39,-103441000.0,287473000.0,287473000.0,1226322000.0,174278000.0,2.53,0.619,315162000.0,50093000.0,265069000.0,315162000.0,0.0,83598000.0,0.0,0.002,0.05,290110000.0,373708000.0,0.153,373708000.0,290110000.0,273498000.0,1.78,1.75,1.78,1218907000.0,1151682250.0,1218907000.0,2516161971.0,9.0,6.733,66250000.0,0.673,1.0,1223749000.0,0.499,341610000.0,16612000.0,1235682000.0,1141444750.0,430101000.0,0.0,0.0,0.0,754517000.0,423821000.0,330696000.0,2510330971.0,-84150000.0,-34805000.0,2575000.0,-72095000.0,0.0,-69520000.0,-195179000.0,-53058000.0,169691000.0,10858000.0,174278000.0,174278000.0,174278000.0,0.0,0.0,0.071,945056000.0,278693000.0,188222000.0,0.028,2.059,14.404,14.27,352233000.0,0.0,25.4,1.025,1.02,249997000.0,776468000.0,2450071000.0,2450071000.0,0.0,0.089,0.151,0.254,0.118,2715000.0,930613000.0,1.0,98831928.0,98377000.0,99544000.0,24.905,1631814000.0,74879000.0,99220000.0,38015000.0,16.587,648417000.0
73,RL,MRT,2003-03-31,2003-03-29,2003-03-29,2021-08-03,10787000.0,2038822000.0,1909556750.0,1162550000.0,876272000.0,1.277,12.293,-102426000.0,343606000.0,343606000.0,1231739000.0,175683000.0,2.323,0.687,349437000.0,100943000.0,248494000.0,349437000.0,0.0,80618000.0,0.0,0.0,0.0,295899000.0,376517000.0,0.154,376517000.0,295899000.0,276824000.0,1.79,1.77,1.79,1208767000.0,1098510000.0,1208767000.0,2112704882.0,7.0,5.611,183762000.0,1.869,1.0,1207601000.0,0.495,326959000.0,19075000.0,1217347000.0,1082547250.0,363771000.0,0.0,0.0,0.0,830055000.0,500347000.0,329708000.0,2210409882.0,98873000.0,-30326000.0,3036000.0,-19700000.0,0.0,-16664000.0,-183483000.0,-47631000.0,286188000.0,12832000.0,175683000.0,175683000.0,175683000.0,0.0,0.0,0.072,916746000.0,290855000.0,181392000.0,0.0,1.829,12.582,12.486,354996000.0,0.0,22.35,0.906,0.901,375823000.0,776359000.0,2439340000.0,2439340000.0,0.0,0.092,0.16,0.273,0.121,2715000.0,902303000.0,1.0,98899771.0,98331000.0,99263000.0,24.807,1711863000.0,70121000.0,101141000.0,55501000.0,17.409,662203000.0
74,RL,MRT,2002-12-31,2002-12-28,2002-12-28,2021-08-03,-5737000.0,1903827000.0,1837225500.0,1117199000.0,786628000.0,1.295,11.392,-80982000.0,441584000.0,441584000.0,1206525000.0,149039000.0,2.382,0.698,343879000.0,105752000.0,238127000.0,343879000.0,0.0,78035000.0,0.0,0.0,0.0,254310000.0,332345000.0,0.14,332345000.0,254310000.0,235918000.0,1.53,1.51,1.53,1121068000.0,1045867000.0,1121068000.0,2153231040.0,8.0,6.479,195828000.0,1.99,1.0,1173572000.0,0.493,295378000.0,18392000.0,1041817000.0,1067722250.0,340077000.0,0.0,0.0,0.0,782759000.0,468927000.0,313832000.0,2161687040.0,147015000.0,-4796000.0,15583000.0,-68122000.0,0.0,-52539000.0,-84949000.0,0.0,276810000.0,7693000.0,149039000.0,149039000.0,149039000.0,0.0,0.0,0.063,922672000.0,250900000.0,144946000.0,0.0,1.928,14.504,13.758,343539000.0,0.0,21.05,0.908,0.87,262559000.0,703140000.0,2380097000.0,2380097000.0,0.0,0.081,0.143,0.238,0.107,0.0,898672000.0,1.0,102692971.0,98412022.0,99311085.0,24.185,1608449000.0,75257000.0,86879000.0,67298000.0,16.344,648272000.0
75,RL,MRT,2002-09-30,2002-09-28,2002-09-28,2021-08-03,-24128000.0,1892955000.0,1796705000.0,1125669000.0,767286000.0,1.312,10.763,-82274000.0,355475000.0,355475000.0,1205351000.0,151841000.0,2.128,0.789,347019000.0,120442000.0,226577000.0,347019000.0,0.0,75628000.0,0.0,0.0,0.0,259527000.0,335155000.0,0.142,335155000.0,259527000.0,241479000.0,1.56,1.54,1.56,1057987000.0,1002447500.0,1057987000.0,2030772252.0,8.0,6.059,225303000.0,2.292,1.0,1152671000.0,0.489,284623000.0,18048000.0,1070933000.0,1091127500.0,401521000.0,0.0,0.0,0.0,834968000.0,528943000.0,306025000.0,2052033252.0,183723000.0,-23702000.0,17939000.0,-39802000.0,0.0,-21863000.0,-106767000.0,0.0,307577000.0,4776000.0,151841000.0,151841000.0,151841000.0,0.0,0.0,0.064,896842000.0,255829000.0,173786000.0,0.0,1.94,13.514,13.365,344032000.0,0.0,20.85,0.87,0.869,290698000.0,660328000.0,2358022000.0,2358022000.0,0.0,0.085,0.151,0.238,0.11,0.0,880842000.0,1.0,98418861.0,98301441.0,99319019.0,23.988,1608332000.0,85751000.0,89638000.0,83560000.0,16.361,596726000.0
76,RL,MRT,2002-06-30,2002-06-29,2002-06-29,2021-08-03,-22194000.0,1802623000.0,1744078750.0,1038801000.0,763822000.0,1.326,10.251,-84266000.0,371623000.0,371623000.0,1195833000.0,147907000.0,2.112,0.791,350362000.0,124887000.0,225475000.0,350362000.0,0.0,81458000.0,0.0,0.0,0.0,254127000.0,335585000.0,0.145,335585000.0,254127000.0,235683000.0,1.52,1.51,1.52,1006218000.0,963437000.0,1006218000.0,2283774426.0,9.0,6.805,259653000.0,2.645,1.0,1117045000.0,0.483,289430000.0,18444000.0,1000092000.0,1140439500.0,384865000.0,0.0,0.0,0.0,796405000.0,491840000.0,304565000.0,2204146426.0,242022000.0,-23702000.0,16063000.0,-12509000.0,0.0,3554000.0,-110598000.0,0.0,343919000.0,5147000.0,147907000.0,147907000.0,147907000.0,0.0,0.0,0.064,859731000.0,257314000.0,159952000.0,0.0,2.191,14.902,14.737,341519000.0,0.0,22.4,0.953,0.951,208363000.0,608584000.0,2312878000.0,2312878000.0,0.0,0.085,0.154,0.223,0.11,0.0,843731000.0,1.0,98399394.0,98161220.0,99333199.0,23.562,1513193000.0,85167000.0,87776000.0,58608000.0,15.415,546961000.0
77,RL,MRT,2002-03-31,2002-03-30,2002-03-30,2021-08-03,-19799000.0,1749497000.0,1697745750.0,1008057000.0,741440000.0,1.392,10.241,-88008000.0,244733000.0,244733000.0,1216904000.0,172500000.0,2.573,0.753,318402000.0,32988000.0,285414000.0,318402000.0,0.0,83919000.0,0.0,0.0,0.0,295032000.0,378951000.0,0.16,378951000.0,295032000.0,275999000.0,1.77,1.75,1.77,998195000.0,926323250.0,998195000.0,2935554816.0,10.0,7.747,211709000.0,2.172,1.0,1146803000.0,0.485,273348000.0,19033000.0,1158047000.0,1198725500.0,349818000.0,0.0,0.0,0.0,751302000.0,391771000.0,359531000.0,2858170816.0,142514000.0,-23702000.0,22419000.0,-62742000.0,0.0,-40323000.0,-115952000.0,0.0,299717000.0,-928000.0,172500000.0,172500000.0,172500000.0,0.0,0.0,0.073,853591000.0,293212000.0,177472000.0,0.0,2.863,16.569,16.486,343836000.0,0.0,29.18,1.209,1.203,353608000.0,602124000.0,2363707000.0,2363707000.0,0.0,0.102,0.186,0.246,0.125,0.0,837591000.0,1.0,97949651.0,97470000.0,98523000.0,24.251,1476149000.0,76024000.0,103499000.0,52819000.0,15.145,616286000.0
78,RL,MRT,2001-12-31,2001-12-29,2001-12-29,2021-08-03,-12250000.0,1741745000.0,1666894750.0,972618000.0,769127000.0,1.361,9.716,-98362000.0,294569000.0,294569000.0,1171282000.0,171972000.0,2.414,0.838,371953000.0,73920000.0,298033000.0,371953000.0,0.0,81749000.0,0.0,0.0,0.0,298995000.0,380744000.0,0.168,380744000.0,298995000.0,277670000.0,1.77,1.76,1.77,947390000.0,879101750.0,947390000.0,2746334156.0,9.0,7.213,174381000.0,1.788,1.0,1097857000.0,0.484,280760000.0,21325000.0,1135438000.0,1213715250.0,355152000.0,0.0,0.0,0.0,794355000.0,402931000.0,391424000.0,2523788156.0,137241000.0,-23702000.0,23419000.0,-30411000.0,0.0,-6992000.0,-126049000.0,0.0,272743000.0,-2461000.0,171972000.0,171972000.0,171972000.0,0.0,0.0,0.076,804907000.0,292950000.0,195255000.0,0.0,2.664,14.676,14.605,334821000.0,0.0,25.85,1.112,1.111,245615000.0,554489000.0,2269139000.0,2269139000.0,0.0,0.103,0.196,0.246,0.132,0.0,809924000.0,1.0,97632037.0,97506076.0,98504094.0,23.272,1460985000.0,97455000.0,105698000.0,36940000.0,14.984,569687000.0
79,RL,MRT,2001-09-30,2001-09-29,2001-09-29,2021-08-03,-7770000.0,1682450000.0,1624044500.0,958602000.0,723848000.0,1.395,9.257,-99088000.0,141101000.0,141101000.0,1157416000.0,176961000.0,2.453,0.865,363647000.0,58096000.0,305551000.0,363647000.0,0.0,82191000.0,0.0,0.0,0.0,310859000.0,393050000.0,0.173,393050000.0,310859000.0,288331000.0,1.82,1.82,1.82,901945000.0,833363500.0,901945000.0,2079922556.0,7.0,5.292,103171000.0,1.059,1.0,1108368000.0,0.489,246054000.0,22528000.0,1268181000.0,1246160750.0,419511000.0,30651000.0,30651000.0,0.0,780505000.0,390761000.0,389744000.0,1830076556.0,92319000.0,0.0,16758000.0,-88823000.0,0.0,-72065000.0,-37236000.0,66248000.0,202259000.0,-639000.0,176961000.0,176961000.0,176961000.0,0.0,0.0,0.078,800518000.0,307850000.0,176930000.0,0.0,2.029,10.342,10.302,325327000.0,0.0,18.75,0.808,0.806,279620000.0,508913000.0,2265784000.0,2265784000.0,0.0,0.109,0.212,0.249,0.137,0.0,805535000.0,1.0,97604083.0,97437461.0,98483031.0,23.254,1436396000.0,99924000.0,111370000.0,44066000.0,14.742,567841000.0
80,RL,MRT,2001-06-30,2001-06-30,2001-06-30,2021-08-03,-4236000.0,1617291000.0,1603218250.0,898785000.0,718506000.0,1.407,8.833,-103420000.0,76658000.0,76658000.0,1183445000.0,66330000.0,2.309,0.885,326504000.0,36372000.0,290132000.0,326504000.0,0.0,79195000.0,0.0,0.0,0.0,133335000.0,212530000.0,0.094,212530000.0,133335000.0,108803000.0,0.68,0.68,0.68,857763000.0,789595250.0,857763000.0,2848185548.0,21.0,13.401,38384000.0,0.395,1.0,1072861000.0,0.475,244701000.0,24532000.0,1233236000.0,1243471500.0,448123000.0,52943000.0,52943000.0,0.0,759528000.0,389200000.0,370328000.0,2516583548.0,-10306000.0,708000.0,14576000.0,-52302000.0,0.0,-37726000.0,-107593000.0,0.0,141804000.0,-6791000.0,66330000.0,66330000.0,66330000.0,0.0,0.0,0.029,948199000.0,124662000.0,224156000.0,0.0,2.934,37.94,37.941,324357000.0,0.0,25.8,1.115,1.11,237039000.0,461098000.0,2256306000.0,2256306000.0,0.0,0.041,0.084,0.107,0.059,0.0,824645000.0,1.0,97541998.0,97108788.0,98493077.0,23.235,1372590000.0,91907000.0,42473000.0,0.0,14.135,509585000.0
81,RL,MRT,2001-03-31,2001-03-31,2001-03-31,2021-08-03,-10529000.0,1626093000.0,1601155250.0,901721000.0,724372000.0,1.39,8.363,-105170000.0,102219000.0,102219000.0,1162727000.0,59262000.0,2.051,1.009,383100000.0,86112000.0,296988000.0,383100000.0,0.0,78599000.0,0.0,0.0,0.0,123067000.0,201666000.0,0.091,201666000.0,123067000.0,97954000.0,0.61,0.61,0.61,809309000.0,770943000.0,809309000.0,2990492615.0,24.0,14.829,-4884000.0,-0.05,1.0,1063047000.0,0.478,249391000.0,25113000.0,1218006000.0,1244615750.0,425594000.0,0.0,0.0,0.0,816784000.0,439577000.0,377207000.0,2663869615.0,-62352000.0,-20929000.0,-3536000.0,-22350000.0,0.0,-25886000.0,-131251000.0,0.0,100286000.0,-5501000.0,59262000.0,59262000.0,59262000.0,0.0,0.0,0.027,945826000.0,117221000.0,178293000.0,0.0,3.292,44.951,45.082,347757000.0,0.0,27.5,1.197,1.196,269010000.0,430047000.0,2225774000.0,2225774000.0,0.0,0.037,0.077,0.099,0.055,0.0,822272000.0,1.0,96867986.0,96773282.0,97446482.0,23.0,1376702000.0,92300000.0,38692000.0,0.0,14.226,462144000.0
82,RL,MRT,2000-12-31,2000-12-30,2000-12-30,2021-08-03,2853000.0,1570344000.0,1599772500.0,875981000.0,694363000.0,1.347,7.919,-101243000.0,87014000.0,87014000.0,1126809000.0,43535000.0,2.314,1.054,413637000.0,84709000.0,328928000.0,413637000.0,0.0,73290000.0,0.0,0.0,0.0,97486000.0,170776000.0,0.079,170776000.0,97486000.0,73066000.0,0.44,0.44,0.44,764437000.0,761725000.0,764437000.0,2528054813.0,26.0,14.803,12983000.0,0.134,1.0,1027368000.0,0.477,253261000.0,24420000.0,1265220000.0,1240309000.0,401863000.0,70314000.0,70314000.0,0.0,805907000.0,378486000.0,427421000.0,2158497813.0,-188002000.0,-203682000.0,-33897000.0,47547000.0,0.0,13650000.0,-309727000.0,0.0,114226000.0,-6151000.0,43535000.0,43535000.0,43535000.0,0.0,0.0,0.02,929882000.0,97486000.0,145804000.0,0.0,2.824,49.581,50.711,310735000.0,0.0,22.313,1.002,1.0,211669000.0,382550000.0,2154177000.0,2154177000.0,0.0,0.027,0.057,0.079,0.045,0.0,801311000.0,1.0,96737230.0,96530102.0,97347194.0,22.316,1317083000.0,85467000.0,29531000.0,0.0,13.644,497495000.0
83,RL,MRT,2000-09-30,2000-09-30,2000-09-30,2021-08-03,13129000.0,1599145000.0,1562099250.0,905893000.0,693252000.0,1.313,7.516,-109652000.0,79433000.0,79433000.0,1081308000.0,25200000.0,2.016,1.2,448990000.0,126247000.0,322743000.0,448990000.0,0.0,75137000.0,0.0,0.0,0.0,66022000.0,141159000.0,0.069,141159000.0,66022000.0,43884000.0,0.25,0.25,0.25,726872000.0,759069000.0,726872000.0,1833760343.0,28.0,12.991,114884000.0,1.188,1.0,969428000.0,0.473,262002000.0,22138000.0,1257424000.0,1209792500.0,433610000.0,66248000.0,66248000.0,0.0,872273000.0,449276000.0,422997000.0,1562881343.0,37080000.0,-205249000.0,-37676000.0,247221000.0,0.0,209545000.0,-385937000.0,-66248000.0,224536000.0,-11064000.0,25200000.0,25200000.0,25200000.0,0.0,0.0,0.012,903406000.0,66022000.0,158566000.0,0.0,2.15,62.019,64.5,306124000.0,0.0,16.125,0.762,0.76,226237000.0,331947000.0,2050736000.0,2050736000.0,0.0,0.016,0.033,0.055,0.032,0.0,774835000.0,1.0,96922874.0,96713414.0,97256321.0,21.204,1337143000.0,84226000.0,18684000.0,0.0,13.826,456617000.0
84,RL,MRT,2000-06-30,2000-07-01,2000-07-01,2021-08-03,4248000.0,1609039000.0,1478393500.0,848040000.0,760999000.0,1.359,8.066,-126583000.0,139907000.0,139907000.0,1019694000.0,143370000.0,2.287,1.055,410786000.0,67418000.0,343368000.0,410786000.0,0.0,75190000.0,0.0,0.0,0.0,260181000.0,335371000.0,0.167,335371000.0,260181000.0,241139000.0,1.46,1.46,1.46,783154000.0,758592500.0,783154000.0,1647200245.0,6.0,4.912,139198000.0,1.434,1.0,988710000.0,0.492,271251000.0,19042000.0,1237813000.0,1143734750.0,446624000.0,0.0,0.0,0.0,825885000.0,370854000.0,455031000.0,1382933245.0,95777000.0,-205957000.0,-42761000.0,215714000.0,0.0,172953000.0,-337312000.0,0.0,265781000.0,-5645000.0,143370000.0,143370000.0,143370000.0,0.0,0.0,0.071,728529000.0,260181000.0,175567000.0,0.0,1.766,9.646,9.76,375071000.0,0.0,14.25,0.689,0.689,172063000.0,394768000.0,2008404000.0,2008404000.0,0.0,0.097,0.189,0.227,0.13,0.0,728529000.0,1.0,97047947.0,97092017.0,97350907.0,20.686,1337788000.0,51098000.0,97769000.0,7819000.0,13.779,477186000.0
85,RL,MRT,2000-03-31,2000-04-01,2000-04-01,2021-08-03,9655000.0,1620562000.0,1370804750.0,852891000.0,767671000.0,1.427,7.808,-122010000.0,164571000.0,164571000.0,1002390000.0,143497000.0,2.1,1.098,428838000.0,86131000.0,342707000.0,428838000.0,0.0,66280000.0,0.0,0.0,0.0,259944000.0,326224000.0,0.167,326224000.0,259944000.0,244919000.0,1.45,1.45,1.45,772437000.0,732099750.0,772437000.0,1880347543.0,7.0,5.764,120679000.0,1.22,1.0,953138000.0,0.487,277822000.0,15025000.0,1200779000.0,1061690250.0,390953000.0,0.0,0.0,0.0,848125000.0,406228000.0,441897000.0,1843972543.0,120113000.0,-190927000.0,-41262000.0,242852000.0,0.0,201590000.0,-318322000.0,0.0,242689000.0,-5844000.0,143497000.0,143497000.0,143497000.0,0.0,0.0,0.073,689227000.0,263911000.0,151281000.0,0.0,2.387,12.85,12.888,372977000.0,0.0,18.688,0.943,0.945,204447000.0,370785000.0,1955528000.0,1955528000.0,0.0,0.105,0.196,0.245,0.133,0.0,689227000.0,1.0,98671476.0,98926993.0,99035781.0,19.767,1342740000.0,51446000.0,101422000.0,0.0,13.573,446663000.0
86,RL,MRT,1999-12-31,2000-01-01,2000-01-01,2021-08-03,2425000.0,1419651000.0,1241810250.0,898798000.0,520853000.0,1.558,7.629,-135328000.0,345330000.0,345330000.0,1009304000.0,104296000.0,3.81,0.883,381705000.0,25000000.0,356705000.0,381705000.0,0.0,66200000.0,0.0,0.0,0.0,190043000.0,256243000.0,0.132,256243000.0,190043000.0,178757000.0,1.06,1.06,1.06,753813000.0,703716750.0,753813000.0,1882106753.0,10.0,7.345,94615000.0,0.958,1.0,925047000.0,0.478,76937000.0,11286000.0,1143154000.0,961543000.0,343210000.0,0.0,0.0,0.0,665838000.0,235935000.0,429903000.0,1689659753.0,324253000.0,-52391000.0,-20745000.0,311470000.0,0.0,290725000.0,-193386000.0,0.0,229943000.0,-3029000.0,104296000.0,104296000.0,104296000.0,0.0,0.0,0.054,731037000.0,194010000.0,82741000.0,0.0,2.241,16.201,16.097,334901000.0,0.0,17.063,0.874,0.872,128908000.0,339015000.0,1934351000.0,1934351000.0,0.0,0.084,0.148,0.198,0.098,0.0,672477000.0,1.0,99024776.0,98807754.0,98938341.0,19.577,1342714000.0,64676000.0,74461000.0,16639000.0,13.589,662863000.0
87,RL,MRT,1999-09-30,1999-10-02,1999-10-02,2021-08-03,0.0,1264322000.0,1127921000.0,761186000.0,503136000.0,1.659,7.314,-127967000.0,42353000.0,42353000.0,979246000.0,97379000.0,1.964,0.744,234800000.0,154800000.0,80000000.0,234800000.0,0.0,56560000.0,0.0,0.0,0.0,176019000.0,232579000.0,0.124,232579000.0,176019000.0,167081000.0,0.98,0.98,0.98,724966000.0,681847500.0,724966000.0,1898905030.0,11.0,8.165,-52307000.0,-0.528,1.0,892336000.0,0.477,76014000.0,8938000.0,993193000.0,860044500.0,420769000.0,0.0,0.0,0.0,539356000.0,387562000.0,151794000.0,1737535030.0,-4177000.0,-50824000.0,-14065000.0,117842000.0,0.0,103777000.0,-183614000.0,0.0,75660000.0,0.0,97379000.0,97379000.0,97379000.0,0.0,0.0,0.052,712350000.0,179986000.0,107196000.0,0.0,2.397,17.843,17.857,326070000.0,0.0,17.5,0.928,0.927,212331000.0,306747000.0,1871582000.0,1871582000.0,0.0,0.086,0.143,0.205,0.094,0.0,653790000.0,1.0,99287716.0,99117576.0,99250565.0,18.882,1188308000.0,64676000.0,69702000.0,18943000.0,11.989,373624000.0
88,RL,MRT,1999-06-30,1999-07-03,1999-07-03,2021-08-03,0.0,1178684000.0,1065793750.0,705191000.0,473493000.0,1.691,6.804,-133556000.0,44130000.0,44130000.0,945871000.0,91949000.0,1.997,0.741,205500000.0,125500000.0,80000000.0,205500000.0,0.0,47072000.0,0.0,0.0,0.0,163843000.0,210915000.0,0.117,210915000.0,163843000.0,157916000.0,0.92,0.92,0.92,677183000.0,660852250.0,677183000.0,1944889964.0,12.0,9.221,-78977000.0,-0.793,1.0,856632000.0,0.475,77209000.0,5927000.0,909635000.0,791731250.0,426457000.0,0.0,0.0,0.0,501501000.0,353210000.0,148291000.0,1873847964.0,8957000.0,-57805000.0,-15240000.0,164979000.0,0.0,149739000.0,-195361000.0,0.0,54579000.0,0.0,91949000.0,91949000.0,91949000.0,0.0,0.0,0.051,688822000.0,167810000.0,99730000.0,0.0,2.767,20.379,20.449,299308000.0,0.0,18.813,1.04,1.039,148660000.0,251398000.0,1802503000.0,1802503000.0,0.0,0.086,0.139,0.207,0.091,0.0,630262000.0,1.0,99603889.0,99533454.0,99704140.0,18.11,1101475000.0,64676000.0,65967000.0,22472000.0,11.066,351981000.0
89,RL,MRT,1999-03-31,1999-04-03,1999-04-03,2021-08-03,0.0,1104584000.0,981736750.0,679454000.0,425130000.0,1.759,6.601,-141692000.0,88675000.0,88675000.0,904586000.0,90550000.0,1.953,0.676,159717000.0,115500000.0,44217000.0,159717000.0,0.0,46414000.0,0.0,0.0,0.0,155585000.0,201999000.0,0.117,201999000.0,155585000.0,152826000.0,0.91,0.91,0.91,658905000.0,641508250.0,658905000.0,1968849648.0,13.0,9.747,-103169000.0,-1.034,1.0,822273000.0,0.476,27464000.0,2759000.0,800190000.0,716503000.0,376860000.0,0.0,0.0,0.0,445679000.0,347972000.0,97707000.0,1949926648.0,-14297000.0,-51198000.0,-15971000.0,159380000.0,0.0,143409000.0,-196229000.0,0.0,38523000.0,0.0,90550000.0,90550000.0,90550000.0,0.0,0.0,0.052,666688000.0,155585000.0,88898000.0,0.0,2.959,21.534,21.498,261799000.0,0.0,19.563,1.129,1.131,157203000.0,227288000.0,1726859000.0,1726859000.0,0.0,0.092,0.141,0.217,0.09,0.0,608128000.0,1.0,99674214.0,99813328.0,99972152.0,17.301,1077120000.0,64432000.0,62276000.0,17432000.0,10.791,331482000.0
90,RL,MRT,1998-12-31,1998-12-26,1998-12-26,2021-08-03,0.0,964094000.0,911873250.0,597726000.0,366368000.0,1.799,6.689,-118514000.0,21077000.0,21077000.0,844457000.0,126670000.0,2.431,0.447,40000000.0,40000000.0,0.0,40000000.0,0.0,40726000.0,0.0,0.0,0.0,212320000.0,253046000.0,0.154,253046000.0,212320000.0,213147000.0,1.27,1.27,1.27,666336000.0,622863500.0,666336000.0,1746270390.0,8.0,6.901,-108790000.0,-1.092,1.0,795898000.0,0.485,0.0,-827000.0,737160000.0,657484750.0,380054000.0,0.0,0.0,0.0,297758000.0,245857000.0,51901000.0,1713200390.0,-95427000.0,-6879000.0,-15971000.0,39493000.0,-5427000.0,18095000.0,-123246000.0,0.0,9724000.0,0.0,126670000.0,126670000.0,126670000.0,0.0,0.0,0.077,583578000.0,212320000.0,84582000.0,0.0,2.571,13.525,13.534,247641000.0,0.0,17.188,1.044,1.044,133003000.0,234719000.0,1640355000.0,1640355000.0,0.0,0.139,0.203,0.323,0.129,0.0,583578000.0,1.0,99674214.0,99622932.0,99674214.0,16.466,964094000.0,38661000.0,86477000.0,16725000.0,9.677,351869000.0
91,RL,MRT,1998-09-30,1998-09-26,1998-09-26,2021-08-03,0.0,1015813000.0,864164000.0,671355000.0,344458000.0,1.853,6.421,-110581000.0,46530000.0,46530000.0,819172000.0,130630000.0,2.041,0.585,79600000.0,79600000.0,0.0,79600000.0,0.0,37072000.0,0.0,0.0,0.0,217686000.0,254758000.0,0.159,254758000.0,217686000.0,220040000.0,1.31,1.31,1.31,640985000.0,595151000.0,640985000.0,2042267622.0,9.0,8.017,-52595000.0,-0.527,1.0,781950000.0,0.488,0.0,-2354000.0,719940000.0,588704000.0,398335000.0,0.0,0.0,0.0,374828000.0,328943000.0,45885000.0,2074440622.0,-6923000.0,-7702000.0,-15971000.0,71774000.0,-5427000.0,50376000.0,-115285000.0,0.0,57986000.0,0.0,130630000.0,130630000.0,130630000.0,0.0,0.0,0.082,564264000.0,217686000.0,132789000.0,0.0,3.236,15.88,15.84,229774000.0,0.0,20.75,1.296,1.294,170453000.0,209368000.0,1601122000.0,1601122000.0,0.0,0.151,0.219,0.37,0.136,0.0,564264000.0,1.0,99973042.0,99826960.0,99878242.0,16.039,1015813000.0,38647000.0,89410000.0,20819000.0,10.176,342412000.0
92,RL,MRT,1998-06-30,1998-06-27,1998-06-27,2021-08-03,0.0,842456000.0,,558949000.0,283507000.0,,5.986,-74328000.0,35173000.0,35173000.0,793152000.0,125644000.0,2.773,0.405,3000000.0,3000000.0,0.0,3000000.0,0.0,32283000.0,0.0,0.0,0.0,208662000.0,240945000.0,0.155,240945000.0,208662000.0,211945000.0,1.26,1.26,1.26,599807000.0,,599807000.0,2831516220.0,14.0,11.752,8294000.0,0.083,1.0,756518000.0,0.488,0.0,-3283000.0,608722000.0,,357710000.0,0.0,0.0,0.0,242649000.0,201561000.0,41088000.0,2889934220.0,-11096000.0,-812000.0,-7230000.0,-8085000.0,-5427000.0,-20742000.0,-72976000.0,0.0,82622000.0,0.0,125644000.0,125644000.0,125644000.0,0.0,0.0,0.081,547856000.0,208662000.0,92513000.0,0.0,4.818,23.001,22.917,185332000.0,0.0,28.875,1.865,1.867,111824000.0,159449000.0,1549670000.0,1549670000.0,0.0,,,,0.135,0.0,547856000.0,1.0,100084302.0,100195134.0,100570710.0,15.467,842456000.0,38661000.0,86301000.0,12572000.0,8.408,357388000.0
93,RL,MRT,1998-03-31,1998-03-28,1998-03-28,2021-08-03,0.0,825130000.0,706944000.0,556464000.0,268666000.0,2.094,5.83,-63079000.0,58755000.0,58755000.0,759988000.0,147571000.0,2.751,0.412,0.0,0.0,0.0,0.0,0.0,27402000.0,0.0,0.0,0.0,199755000.0,227157000.0,0.153,227157000.0,199755000.0,199596000.0,1.2,1.2,1.2,584326000.0,422505500.0,584326000.0,2879680564.0,14.0,12.677,33127000.0,0.331,1.0,720556000.0,0.487,0.0,159000.0,564117000.0,518437500.0,298485000.0,0.0,0.0,0.0,240804000.0,202258000.0,38546000.0,2995677564.0,29156000.0,-14363000.0,268797000.0,-167668000.0,-93306000.0,7823000.0,-74873000.0,0.0,96206000.0,0.0,147571000.0,147571000.0,147571000.0,0.0,0.0,0.1,520801000.0,199755000.0,100126000.0,0.0,5.127,20.3,24.896,175348000.0,0.0,29.875,2.023,2.022,149120000.0,136738000.0,1480544000.0,1480544000.0,0.0,0.209,0.349,0.385,0.135,0.0,520801000.0,1.0,100273726.0,100222444.0,100222444.0,14.773,825130000.0,38661000.0,52025000.0,2554000.0,8.233,354206000.0
94,RL,MRT,1997-12-31,1997-12-27,1997-12-27,2021-08-03,0.0,773257000.0,,543961000.0,229296000.0,,5.543,-50707000.0,116504000.0,116504000.0,751820000.0,154822000.0,2.786,0.392,507000.0,507000.0,0.0,507000.0,0.0,24680000.0,0.0,0.0,0.0,194865000.0,219545000.0,0.152,219545000.0,194865000.0,189874000.0,,,,555486000.0,,555486000.0,,,,124158000.0,1.239,1.0,695192000.0,0.48,0.0,4991000.0,462037000.0,,280042000.0,5914000.0,0.0,5914000.0,217771000.0,195223000.0,22548000.0,2268693051.0,97644000.0,-14465000.0,268797000.0,-164181000.0,-114306000.0,-9690000.0,-67531000.0,0.0,174865000.0,-83000.0,154822000.0,154822000.0,154822000.0,0.0,0.0,0.107,498382000.0,196810000.0,66024000.0,,4.084,14.654,,131927000.0,0.0,22.625,1.568,1.567,115119000.0,108048000.0,1447012000.0,1447012000.0,0.0,,,,0.135,0.0,498382000.0,1.0,100273726.0,100222444.0,,14.438,773257000.0,29874000.0,35052000.0,15773000.0,7.715,348738000.0
95,RL,MRT,1997-09-30,1997-09-27,1997-09-27,2021-08-03,,,,,,,,,,,705049000.0,150296000.0,,,,,,,,,,0.0,0.0,180559000.0,,,,180559000.0,172233000.0,,,,,,,,,,,,1.0,640125000.0,0.476,,8326000.0,,,,,,,,,,,,,,,,,,,,,150296000.0,150296000.0,150296000.0,0.0,0.0,0.112,457569000.0,182556000.0,,,,,,,0.0,26.125,,1.946,,,1345174000.0,1345174000.0,0.0,,,,0.134,,457569000.0,1.0,,100222444.0,,13.422,,,21937000.0,,,
96,RL,MRT,1997-06-30,1997-06-28,1997-06-28,2021-08-03,,,,,,,,,,,,,,,,,,,,,,0.0,0.0,,,,,,,,,,,,,,,,,,1.0,,,,,,,,,,,,,,,,,,,,,,,,,,,,,,,,,,,,,,,,27.25,,,,,,,,,,,,,,1.0,,,,,,,,,,
97,RL,MRT,1997-03-31,1997-03-29,1997-03-29,2021-08-03,-152000.0,588758000.0,,436339000.0,152419000.0,,,-35330000.0,29599000.0,29599000.0,652000000.0,117300000.0,1.92,1.259,140900000.0,69025000.0,71875000.0,140900000.0,0.0,13755000.0,0.0,,0.0,153764000.0,167519000.0,0.141,167519000.0,153764000.0,140104000.0,,,,260685000.0,,260685000.0,,,,168290000.0,,1.0,536217000.0,0.451,0.0,13660000.0,472758000.0,,222147000.0,17977000.0,0.0,17977000.0,328073000.0,227301000.0,100772000.0,,16031000.0,0.0,0.0,-58745000.0,-90284000.0,-149029000.0,-38560000.0,0.0,203620000.0,0.0,117300000.0,117300000.0,117300000.0,0.0,0.0,0.099,378854000.0,157363000.0,89417000.0,,,,,95255000.0,0.0,,,,144303000.0,260837000.0,1188217000.0,1188217000.0,0.0,,,,0.129,0.0,378854000.0,1.0,,,,,588758000.0,2753000.0,22804000.0,0.0,,209038000.0
98,RL,MRT,1996-12-31,1996-12-27,1996-12-27,2021-08-03,,,,,,,,,,,,,,,,,,,,,,,0.0,,,,,,,,,,,,,,,,,,1.0,,,,,,,,,,,,,,,,,,,,,,,,,,,,,,,,,,,,,,,,,,,,,,,,,,,,,,1.0,,,,,,,,,,
99,RL,MRT,1996-03-31,1996-03-30,1996-03-30,2021-08-03,,,,,,,,-5575000.0,,,583546000.0,98807000.0,,,,,,,,9743000.0,,,0.0,126019000.0,135762000.0,0.133,135762000.0,126019000.0,109732000.0,,,,,,,,,,85750000.0,,1.0,436327000.0,0.428,,16287000.0,,,,,,,,,,,8445000.0,-39726000.0,10000000.0,12390000.0,-56284000.0,-33894000.0,-48986000.0,0.0,91325000.0,-26000.0,98807000.0,98807000.0,98807000.0,0.0,0.0,0.097,309207000.0,127120000.0,,,,,,,0.0,,,,,,1019873000.0,1019873000.0,0.0,,,,0.124,0.0,309207000.0,1.0,,,,,,,10925000.0,,,
