None,ticker,dimension,calendardate,datekey,reportperiod,lastupdated,accoci,assets,assetsavg,assetsc,assetsnc,assetturnover,bvps,capex,cashneq,cashnequsd,cor,consolinc,currentratio,de,debt,debtc,debtnc,debtusd,deferredrev,depamor,deposits,divyield,dps,ebit,ebitda,ebitdamargin,ebitdausd,ebitusd,ebt,eps,epsdil,epsusd,equity,equityavg,equityusd,ev,evebit,evebitda,fcf,fcfps,fxusd,gp,grossmargin,intangibles,intexp,invcap,invcapavg,inventory,investments,investmentsc,investmentsnc,liabilities,liabilitiesc,liabilitiesnc,marketcap,ncf,ncfbus,ncfcommon,ncfdebt,ncfdiv,ncff,ncfi,ncfinv,ncfo,ncfx,netinc,netinccmn,netinccmnusd,netincdis,netincnci,netmargin,opex,opinc,payables,payoutratio,pb,pe,pe1,ppnenet,prefdivis,price,ps,ps1,receivables,retearn,revenue,revenueusd,rnd,roa,roe,roic,ros,sbcomp,sgna,sharefactor,sharesbas,shareswa,shareswadil,sps,tangibles,taxassets,taxexp,taxliabilities,tbvps,workingcapital
0,EW,MRY,2020-12-31,2020-12-31,2020-12-31,2021-08-02,-161100000.0,7237100000.0,6634525000.0,3091000000.0,4146100000.0,0.661,7.347,-407000000.0,1183200000.0,1183200000.0,1080600000.0,823400000.0,3.458,0.582,694900000.0,27200000.0,667700000.0,694900000.0,0.0,135400000.0,0.0,0.0,0.0,932500000.0,1067900000.0,0.243,1067900000.0,932500000.0,916700000.0,1.32,1.3,1.32,4574300000.0,4131200000.0,4574300000.0,56525039946.0,61.0,52.931,647300000.0,1.04,1.0,3305700000.0,0.754,1504600000.0,15800000.0,4350300000.0,4034925000.0,802300000.0,1021000000.0,219400000.0,801600000.0,2662800000.0,893900000.0,1768900000.0,56858939946.0,15800000.0,-10000000.0,-484900000.0,-800000.0,0.0,-486900000.0,-531100000.0,-101700000.0,1054300000.0,-20500000.0,823400000.0,823400000.0,823400000.0,0.0,0.0,0.188,2394500000.0,911200000.0,866700000.0,0.0,12.43,69.054,69.114,1489400000.0,0.0,91.23,12.963,12.949,602800000.0,4565000000.0,4386300000.0,4386300000.0,760700000.0,0.124,0.199,0.231,0.213,92600000.0,1228400000.0,1.0,623248273.0,622600000.0,631900000.0,7.045,5732500000.0,230900000.0,93300000.0,429700000.0,9.207,2197100000.0
1,EW,MRY,2019-12-31,2019-12-31,2019-12-31,2021-08-02,-156000000.0,6488100000.0,5874300000.0,2984000000.0,3504100000.0,0.74,6.639,-254400000.0,1179100000.0,1179100000.0,1114400000.0,1046900000.0,3.307,0.564,678800000.0,25500000.0,653300000.0,678800000.0,0.0,114600000.0,0.0,0.0,0.0,1187200000.0,1301800000.0,0.299,1301800000.0,1187200000.0,1166500000.0,1.68,1.64,1.68,4148300000.0,3727725000.0,4148300000.0,48141189996.0,41.0,36.98,928500000.0,1.486,1.0,3233600000.0,0.744,1504200000.0,20700000.0,3581200000.0,3327925000.0,640900000.0,923300000.0,337800000.0,585500000.0,2339800000.0,902400000.0,1437400000.0,48657089996.0,468500000.0,-135200000.0,-102800000.0,-10000000.0,0.0,-115600000.0,-595800000.0,-171100000.0,1182900000.0,-3000000.0,1046900000.0,1046900000.0,1046900000.0,0.0,0.0,0.241,2092900000.0,1140700000.0,876900000.0,0.0,11.729,46.477,46.288,1140400000.0,0.0,77.763,11.191,11.174,599100000.0,3741600000.0,4348000000.0,4348000000.0,752700000.0,0.178,0.281,0.357,0.273,81300000.0,1242200000.0,1.0,625710042.0,624800000.0,636700000.0,6.959,4983900000.0,172200000.0,119600000.0,408300000.0,7.977,2081600000.0
2,EW,MRY,2018-12-31,2018-12-31,2018-12-31,2021-08-02,-138500000.0,5323700000.0,5698275000.0,2286900000.0,3036800000.0,0.653,5.004,-238700000.0,714100000.0,714100000.0,939400000.0,722200000.0,2.609,0.695,593800000.0,0.0,593800000.0,593800000.0,0.0,77400000.0,0.0,0.0,0.0,791300000.0,868700000.0,0.233,868700000.0,791300000.0,761400000.0,1.15,1.13,1.15,3140400000.0,3227900000.0,3140400000.0,31952485582.0,40.0,36.782,688000000.0,1.096,1.0,2783400000.0,0.748,1455400000.0,29900000.0,2871400000.0,2877100000.0,607000000.0,748700000.0,242400000.0,506300000.0,2183300000.0,876600000.0,1306700000.0,32020285582.0,-104300000.0,0.0,-648500000.0,-437300000.0,0.0,-1101200000.0,76700000.0,341400000.0,926700000.0,-6500000.0,722200000.0,722200000.0,722200000.0,0.0,0.0,0.194,2040900000.0,742500000.0,876600000.0,0.0,10.196,44.337,44.397,867500000.0,0.0,51.057,8.601,8.607,537300000.0,2694700000.0,3722800000.0,3722800000.0,622200000.0,0.127,0.224,0.275,0.213,71000000.0,1088500000.0,1.0,627147807.0,627600000.0,640900000.0,5.932,3868300000.0,174000000.0,39200000.0,384300000.0,6.164,1410300000.0
3,EW,MRY,2017-12-31,2017-12-31,2017-12-31,2021-08-02,-132700000.0,5666400000.0,5268425000.0,2549200000.0,3117200000.0,0.652,4.672,-168100000.0,818300000.0,818300000.0,875300000.0,583600000.0,1.795,0.917,1036400000.0,598000000.0,438400000.0,1036400000.0,0.0,81900000.0,0.0,0.0,0.0,1058100000.0,1140000000.0,0.332,1140000000.0,1058100000.0,1034900000.0,0.923,0.9,0.923,2956200000.0,2950250000.0,2956200000.0,24255377915.0,23.0,21.277,832600000.0,1.316,1.0,2560000000.0,0.745,1594500000.0,23200000.0,2870000000.0,3591650000.0,554900000.0,1086200000.0,519200000.0,567000000.0,2710200000.0,1420000000.0,1290200000.0,23851677915.0,-111800000.0,-192900000.0,-649500000.0,176300000.0,0.0,-473200000.0,-647200000.0,-231300000.0,1000700000.0,7900000.0,583600000.0,583600000.0,583600000.0,0.0,0.0,0.17,1530700000.0,1029300000.0,770300000.0,0.0,8.068,40.87,40.704,679700000.0,0.0,37.57,6.943,6.919,479300000.0,1962100000.0,3435300000.0,3435300000.0,552600000.0,0.111,0.198,0.295,0.308,61600000.0,990800000.0,1.0,634859673.0,632700000.0,647700000.0,5.43,4071900000.0,167100000.0,451300000.0,512100000.0,6.436,1129200000.0
4,EW,MRY,2016-12-31,2016-12-31,2016-12-31,2021-08-02,-198400000.0,4510000000.0,4188550000.0,2240000000.0,2270000000.0,0.708,4.099,-176100000.0,930100000.0,930100000.0,797400000.0,569500000.0,4.207,0.722,822300000.0,0.0,822300000.0,822300000.0,0.0,71200000.0,0.0,0.0,0.0,757100000.0,828300000.0,0.279,828300000.0,757100000.0,737900000.0,0.89,0.87,0.89,2619000000.0,2520325000.0,2619000000.0,19989752270.0,26.0,24.133,528300000.0,0.827,1.0,2166300000.0,0.731,830900000.0,19200000.0,3038800000.0,3265575000.0,396600000.0,873100000.0,341000000.0,532100000.0,1891000000.0,532500000.0,1358500000.0,20034152270.0,211700000.0,-5700000.0,-559000000.0,222100000.0,0.0,-268500000.0,-211700000.0,10200000.0,704400000.0,-12500000.0,569500000.0,569500000.0,569500000.0,0.0,0.0,0.192,1414000000.0,752300000.0,532500000.0,0.0,7.65,35.178,35.093,580000000.0,0.0,31.233,6.76,6.734,414600000.0,3906300000.0,2963700000.0,2963700000.0,442200000.0,0.136,0.226,0.232,0.255,56900000.0,904700000.0,1.0,641441817.0,639000000.0,653400000.0,4.638,3679100000.0,203800000.0,168400000.0,389300000.0,5.758,1707500000.0
5,EW,MRY,2015-12-31,2015-12-31,2015-12-31,2021-08-02,-182600000.0,4056300000.0,3757400000.0,2047900000.0,2008400000.0,0.664,3.872,-102700000.0,718400000.0,718400000.0,617200000.0,494900000.0,4.301,0.621,596900000.0,0.0,596900000.0,596900000.0,0.0,65800000.0,0.0,0.0,0.0,639600000.0,705400000.0,0.283,705400000.0,639600000.0,622400000.0,0.767,0.75,0.767,2503100000.0,2356750000.0,2503100000.0,16995764498.0,27.0,24.094,447000000.0,0.691,1.0,1876500000.0,0.752,833700000.0,17200000.0,2624900000.0,3024550000.0,339900000.0,886200000.0,506300000.0,379900000.0,1553200000.0,476200000.0,1077000000.0,17036964498.0,64600000.0,-333700000.0,-192900000.0,1900000.0,0.0,-158600000.0,-316100000.0,121700000.0,549700000.0,-10400000.0,494900000.0,494900000.0,494900000.0,0.0,0.0,0.198,1240600000.0,635900000.0,476200000.0,0.0,6.806,34.425,34.325,482500000.0,0.0,26.327,6.832,6.825,371800000.0,3336800000.0,2493700000.0,2493700000.0,382900000.0,0.132,0.21,0.211,0.256,49900000.0,850700000.0,1.0,647128974.0,646500000.0,660900000.0,3.857,3222600000.0,180500000.0,127500000.0,194700000.0,4.985,1571700000.0
6,EW,MRY,2014-12-31,2014-12-31,2014-12-31,2021-08-02,-100900000.0,3523000000.0,3212825000.0,2231100000.0,1291900000.0,0.723,3.429,-79800000.0,653800000.0,653800000.0,625600000.0,811100000.0,5.236,0.608,598100000.0,0.0,598100000.0,598100000.0,0.0,68600000.0,0.0,0.0,0.0,1161200000.0,1229800000.0,0.529,1229800000.0,1161200000.0,1144000000.0,1.27,1.247,1.27,2191400000.0,1872625000.0,2191400000.0,13818675507.0,12.0,11.237,942500000.0,1.475,1.0,1697300000.0,0.731,399400000.0,17200000.0,2641800000.0,2863975000.0,296800000.0,1025900000.0,785000000.0,240900000.0,1331600000.0,426100000.0,905500000.0,13626375507.0,233400000.0,-24100000.0,-187600000.0,-12700000.0,0.0,-153000000.0,-633000000.0,-518300000.0,1022300000.0,-2900000.0,811100000.0,811100000.0,811100000.0,0.0,0.0,0.349,534800000.0,1162500000.0,426100000.0,0.0,6.218,16.8,16.717,442900000.0,0.0,21.23,5.866,5.84,330800000.0,2841900000.0,2322900000.0,2322900000.0,346500000.0,0.252,0.433,0.405,0.5,48300000.0,858000000.0,1.0,641845290.0,639000000.0,651000000.0,3.635,3123600000.0,153700000.0,332900000.0,194800000.0,4.888,1805000000.0
7,EW,MRY,2013-12-31,2013-12-31,2013-12-31,2021-08-02,-27600000.0,2709900000.0,2469200000.0,1725800000.0,984100000.0,0.828,2.304,-106700000.0,420400000.0,420400000.0,516600000.0,389100000.0,4.994,0.755,593100000.0,0.0,593100000.0,593100000.0,0.0,62900000.0,0.0,0.0,0.0,521000000.0,583900000.0,0.285,583900000.0,521000000.0,511200000.0,0.58,0.57,0.58,1544400000.0,1538400000.0,1544400000.0,7255673216.0,14.0,12.426,366000000.0,0.546,1.0,1528900000.0,0.747,418900000.0,9800000.0,2118100000.0,1913300000.0,308900000.0,538400000.0,516500000.0,21900000.0,1165500000.0,345600000.0,819900000.0,7194573216.0,109500000.0,-2700000.0,-451400000.0,409600000.0,0.0,34900000.0,-412700000.0,-298200000.0,472700000.0,14600000.0,389100000.0,389100000.0,389100000.0,0.0,0.0,0.19,1011200000.0,517700000.0,345600000.0,0.0,4.658,18.49,18.897,421600000.0,0.0,10.96,3.517,3.591,335300000.0,2030800000.0,2045500000.0,2045500000.0,323000000.0,0.158,0.253,0.272,0.255,47400000.0,733400000.0,1.0,656439162.0,670200000.0,682800000.0,3.052,2291000000.0,112400000.0,122100000.0,126400000.0,3.418,1380200000.0
8,EW,MRY,2012-12-31,2012-12-31,2012-12-31,2021-08-02,-37900000.0,2221500000.0,2124150000.0,1291900000.0,929600000.0,0.894,2.146,-106000000.0,310900000.0,310900000.0,491000000.0,291500000.0,3.719,0.502,189300000.0,0.0,189300000.0,189300000.0,0.0,53700000.0,0.0,0.0,0.0,392600000.0,446300000.0,0.235,446300000.0,392600000.0,388200000.0,0.423,0.41,0.423,1479300000.0,1460125000.0,1479300000.0,10275974630.0,26.0,23.025,256100000.0,0.371,1.0,1408600000.0,0.742,451700000.0,4400000.0,1300800000.0,1514150000.0,281000000.0,231600000.0,210500000.0,21100000.0,742200000.0,347400000.0,394800000.0,10406374630.0,139700000.0,-35800000.0,-244000000.0,39500000.0,0.0,-155600000.0,-78800000.0,69100000.0,362100000.0,12000000.0,291500000.0,291500000.0,291500000.0,0.0,0.0,0.153,1019100000.0,389500000.0,347400000.0,0.0,7.035,35.699,35.527,373300000.0,0.0,15.028,5.478,5.454,357400000.0,1653900000.0,1899600000.0,1899600000.0,291300000.0,0.137,0.2,0.259,0.207,42100000.0,697400000.0,1.0,692465706.0,689400000.0,709800000.0,2.755,1769800000.0,90700000.0,96700000.0,110700000.0,2.567,944500000.0
9,EW,MRY,2011-12-31,2011-12-31,2011-12-31,2021-08-02,-37500000.0,1980500000.0,1974225000.0,1168500000.0,812000000.0,0.85,1.946,-72700000.0,171200000.0,171200000.0,489800000.0,236700000.0,3.486,0.48,150400000.0,0.0,150400000.0,150400000.0,0.0,58000000.0,0.0,0.0,0.0,286700000.0,344700000.0,0.205,344700000.0,286700000.0,283600000.0,0.345,0.33,0.345,1337900000.0,1358875000.0,1337900000.0,7788787146.0,27.0,22.596,235500000.0,0.342,1.0,1188800000.0,0.708,416700000.0,3100000.0,1207800000.0,985225000.0,261300000.0,301100000.0,279300000.0,21800000.0,642600000.0,335200000.0,307400000.0,8064887146.0,-224900000.0,-35800000.0,-243900000.0,104400000.0,0.0,-135200000.0,-406500000.0,-290300000.0,308200000.0,8600000.0,236700000.0,236700000.0,236700000.0,0.0,0.0,0.141,910300000.0,278500000.0,319800000.0,0.0,6.028,34.072,34.154,304300000.0,0.0,11.783,4.805,4.827,345300000.0,1360700000.0,1678600000.0,1678600000.0,246300000.0,0.12,0.174,0.291,0.171,35000000.0,642400000.0,1.0,684451086.0,687600000.0,716400000.0,2.441,1563800000.0,63900000.0,46900000.0,15400000.0,2.274,833300000.0
10,EW,MRY,2010-12-31,2010-12-31,2010-12-31,2021-08-02,-42100000.0,1767200000.0,1684725000.0,1032600000.0,734600000.0,0.859,1.918,-55200000.0,396100000.0,396100000.0,408300000.0,218000000.0,3.057,0.351,41800000.0,41800000.0,0.0,41800000.0,0.0,56500000.0,0.0,0.0,0.0,270600000.0,327100000.0,0.226,327100000.0,270600000.0,268200000.0,0.32,0.305,0.32,1308200000.0,1202750000.0,1308200000.0,8969574921.0,33.0,27.422,196200000.0,0.288,1.0,1038700000.0,0.718,382300000.0,2400000.0,692800000.0,878000000.0,203600000.0,25000000.0,0.0,25000000.0,459000000.0,337800000.0,121200000.0,9229974921.0,62000000.0,-4700000.0,-107900000.0,-48400000.0,0.0,-103900000.0,-61500000.0,-400000.0,251400000.0,-24000000.0,218000000.0,218000000.0,218000000.0,0.0,0.0,0.151,777100000.0,261600000.0,273700000.0,0.0,7.055,42.339,42.103,269800000.0,0.0,13.473,6.379,6.352,302500000.0,1124000000.0,1447000000.0,1447000000.0,204400000.0,0.129,0.181,0.308,0.187,29300000.0,550000000.0,1.0,685071990.0,682200000.0,715200000.0,2.121,1384900000.0,76800000.0,50200000.0,22300000.0,2.03,694800000.0
11,EW,MRY,2009-12-31,2009-12-31,2009-12-31,2021-08-02,-7900000.0,1615500000.0,1510400000.0,889200000.0,726300000.0,0.875,1.715,-64000000.0,334100000.0,334100000.0,399100000.0,229100000.0,3.061,0.395,90300000.0,0.0,90300000.0,90300000.0,0.0,58700000.0,0.0,0.0,0.0,307100000.0,365800000.0,0.277,365800000.0,307100000.0,304400000.0,0.34,0.325,0.34,1157900000.0,1048675000.0,1157900000.0,4728067052.0,15.0,12.925,101300000.0,0.15,1.0,922300000.0,0.698,401900000.0,2700000.0,679300000.0,901425000.0,165900000.0,22300000.0,0.0,22300000.0,457600000.0,290500000.0,167100000.0,4913367052.0,115400000.0,-3500000.0,-28800000.0,-84600000.0,0.0,-91800000.0,40100000.0,9700000.0,165300000.0,1800000.0,229100000.0,229100000.0,229100000.0,0.0,0.0,0.173,620500000.0,301800000.0,51100000.0,0.0,4.243,21.446,21.288,252000000.0,0.0,7.238,3.718,3.697,272100000.0,906000000.0,1321400000.0,1321400000.0,175500000.0,0.152,0.218,0.341,0.232,28300000.0,508800000.0,1.0,678829380.0,675000000.0,705000000.0,1.958,1213600000.0,85400000.0,75300000.0,35900000.0,1.798,598700000.0
12,EW,MRY,2008-12-31,2008-12-31,2008-12-31,2021-08-02,-35400000.0,1400200000.0,1360000000.0,691900000.0,708300000.0,0.91,1.311,-50600000.0,218700000.0,218700000.0,419600000.0,128900000.0,2.677,0.593,175500000.0,0.0,175500000.0,175500000.0,0.0,55600000.0,0.0,0.0,0.0,171600000.0,227200000.0,0.184,227200000.0,171600000.0,164400000.0,0.192,0.183,0.192,878800000.0,857050000.0,878800000.0,3058961567.0,18.0,13.464,102600000.0,0.153,1.0,818100000.0,0.661,412600000.0,7200000.0,685900000.0,651250000.0,151800000.0,22800000.0,8100000.0,14700000.0,521400000.0,258500000.0,262900000.0,3058561567.0,76900000.0,4400000.0,-242700000.0,94200000.0,0.0,-134100000.0,58800000.0,35400000.0,153200000.0,-1000000.0,128900000.0,128900000.0,128900000.0,0.0,0.0,0.104,644900000.0,173200000.0,65600000.0,0.0,3.48,23.728,23.849,230100000.0,0.0,4.579,2.471,2.479,204700000.0,676900000.0,1237700000.0,1237700000.0,139200000.0,0.095,0.15,0.263,0.139,28700000.0,480600000.0,1.0,667954044.0,670200000.0,715200000.0,1.847,987600000.0,80100000.0,35500000.0,6200000.0,1.474,433400000.0
13,EW,MRY,2007-12-31,2007-12-31,2007-12-31,2021-08-02,7500000.0,1349800000.0,1287625000.0,586400000.0,763400000.0,0.847,1.214,-57000000.0,141800000.0,141800000.0,378200000.0,113000000.0,1.543,0.617,211700000.0,150000000.0,61700000.0,211700000.0,0.0,54800000.0,0.0,0.0,0.0,158900000.0,213700000.0,0.196,213700000.0,158900000.0,149800000.0,0.164,0.156,0.164,835000000.0,812825000.0,835000000.0,2643711413.0,17.0,12.371,156100000.0,0.227,1.0,712900000.0,0.653,472800000.0,9100000.0,566800000.0,620275000.0,152600000.0,83700000.0,49400000.0,34300000.0,514800000.0,380100000.0,134700000.0,2608211413.0,-41000000.0,-39500000.0,-92200000.0,-27900000.0,0.0,-108100000.0,-147400000.0,-52100000.0,213100000.0,1400000.0,113000000.0,113000000.0,113000000.0,0.0,0.0,0.104,563600000.0,149300000.0,63900000.0,0.0,3.124,23.082,23.372,228200000.0,0.0,3.833,2.39,2.416,145300000.0,548600000.0,1091100000.0,1091100000.0,122300000.0,0.088,0.139,0.256,0.146,27700000.0,418000000.0,1.0,680462148.0,687600000.0,752400000.0,1.587,877000000.0,44000000.0,36800000.0,4700000.0,1.275,206300000.0
14,EW,MRY,2006-12-31,2006-12-31,2006-12-31,2021-08-02,-15800000.0,1246800000.0,1246450000.0,531600000.0,715200000.0,0.832,1.068,-57400000.0,182800000.0,182800000.0,373600000.0,130500000.0,2.35,0.664,235900000.0,0.0,235900000.0,235900000.0,0.0,56800000.0,0.0,0.0,0.0,182800000.0,239600000.0,0.231,239600000.0,182800000.0,172300000.0,0.186,0.175,0.186,749400000.0,730800000.0,749400000.0,2825017343.0,15.0,11.791,175300000.0,0.25,1.0,663400000.0,0.64,453800000.0,10500000.0,619900000.0,818900000.0,142100000.0,20200000.0,0.0,20200000.0,497400000.0,226200000.0,271200000.0,2723317343.0,4200000.0,-1400000.0,-112400000.0,-85900000.0,0.0,-193600000.0,-37600000.0,-1900000.0,232700000.0,2700000.0,130500000.0,130500000.0,130500000.0,0.0,0.0,0.126,485700000.0,177700000.0,48900000.0,0.0,3.634,20.868,21.075,213000000.0,0.0,3.92,2.626,2.654,127100000.0,433900000.0,1037000000.0,1037000000.0,114200000.0,0.105,0.179,0.223,0.176,26600000.0,376000000.0,1.0,694723812.0,702000000.0,766800000.0,1.477,793000000.0,36300000.0,41800000.0,37000000.0,1.13,305400000.0
15,EW,MRY,2005-12-31,2005-12-31,2005-12-31,2021-08-02,-22200000.0,1229100000.0,1162000000.0,514200000.0,714900000.0,0.859,0.965,-48500000.0,178600000.0,178600000.0,374600000.0,79300000.0,2.648,0.781,316100000.0,0.0,316100000.0,316100000.0,0.0,56200000.0,0.0,0.0,0.0,129000000.0,185200000.0,0.186,185200000.0,129000000.0,116700000.0,0.111,0.106,0.111,690000000.0,664750000.0,690000000.0,2638143087.0,20.0,14.245,88300000.0,0.123,1.0,623300000.0,0.625,475400000.0,12300000.0,697000000.0,803050000.0,131500000.0,10700000.0,0.0,10700000.0,539100000.0,194200000.0,344900000.0,2474643087.0,129700000.0,-1500000.0,-27300000.0,59100000.0,0.0,29000000.0,-27200000.0,0.0,136800000.0,-8900000.0,79300000.0,79300000.0,79300000.0,0.0,0.0,0.079,497100000.0,126200000.0,60700000.0,0.0,3.586,31.206,31.243,201900000.0,0.0,3.468,2.48,2.486,118500000.0,303400000.0,997900000.0,997900000.0,99000000.0,0.068,0.119,0.161,0.129,3300000.0,348700000.0,1.0,713564904.0,715200000.0,747600000.0,1.395,753700000.0,39100000.0,37400000.0,25200000.0,1.054,320000000.0
16,EW,MRY,2004-12-31,2004-12-31,2004-12-31,2021-08-02,-20800000.0,1112700000.0,1094500000.0,367500000.0,745200000.0,0.851,0.878,-42500000.0,48900000.0,48900000.0,370200000.0,1700000.0,,0.772,267100000.0,267100000.0,,267100000.0,0.0,55700000.0,0.0,0.0,0.0,45300000.0,101000000.0,0.108,101000000.0,45300000.0,30100000.0,0.003,0.003,0.003,628100000.0,595950000.0,628100000.0,2690635939.0,59.0,26.64,138100000.0,0.193,1.0,561300000.0,0.603,490300000.0,15200000.0,840600000.0,861475000.0,127700000.0,20600000.0,0.0,20600000.0,484600000.0,,,2452435939.0,-12200000.0,-138700000.0,-28600000.0,7100000.0,0.0,-20500000.0,-177100000.0,0.0,180600000.0,4800000.0,1700000.0,1700000.0,1700000.0,0.0,0.0,0.002,517400000.0,43900000.0,195400000.0,0.0,3.905,1442.609,1146.0,201700000.0,0.0,3.438,2.633,2.64,119400000.0,224100000.0,931500000.0,931500000.0,87000000.0,0.002,0.003,0.053,0.049,0.0,319900000.0,1.0,713332152.0,715200000.0,744000000.0,1.302,622400000.0,43400000.0,28400000.0,0.0,0.87,
17,EW,MRY,2003-12-31,2003-12-31,2003-12-31,2021-08-02,-32200000.0,1101400000.0,1071950000.0,360200000.0,741200000.0,0.803,0.896,-37900000.0,61100000.0,61100000.0,359400000.0,79000000.0,,0.734,255800000.0,255800000.0,,255800000.0,0.0,45600000.0,0.0,0.0,0.0,106000000.0,151600000.0,0.176,151600000.0,106000000.0,92800000.0,0.112,0.107,0.112,635100000.0,578950000.0,635100000.0,2037596642.0,19.0,13.441,104200000.0,0.147,1.0,501100000.0,0.582,419200000.0,13200000.0,876900000.0,895225000.0,120500000.0,35400000.0,0.0,35400000.0,466300000.0,,,1782796642.0,26900000.0,-37600000.0,-12800000.0,-4000000.0,0.0,-21200000.0,-76900000.0,0.0,142100000.0,-17100000.0,79000000.0,79000000.0,79000000.0,0.0,0.0,0.092,399800000.0,101300000.0,184100000.0,0.0,2.807,22.567,22.384,209900000.0,0.0,2.507,2.072,2.066,118500000.0,222400000.0,860500000.0,860500000.0,72800000.0,0.074,0.136,0.118,0.123,0.0,289900000.0,1.0,711127500.0,709200000.0,733200000.0,1.213,682200000.0,71200000.0,13800000.0,0.0,0.962,
18,EW,MRY,2002-12-31,2002-12-31,2002-12-31,2021-08-02,-44700000.0,1004400000.0,967875000.0,320200000.0,684200000.0,0.727,0.762,-40700000.0,34200000.0,34200000.0,299100000.0,55700000.0,1.618,0.862,245500000.0,245500000.0,245500000.0,245500000.0,0.0,40400000.0,0.0,0.0,0.0,67500000.0,107900000.0,0.153,107900000.0,67500000.0,56000000.0,0.078,0.076,0.078,539400000.0,491025000.0,539400000.0,1770908489.0,26.0,16.412,109800000.0,0.155,1.0,404900000.0,0.575,398800000.0,11500000.0,619000000.0,632425000.0,111800000.0,23500000.0,0.0,23500000.0,465000000.0,197900000.0,270900000.0,1530008489.0,-13500000.0,-24700000.0,-17100000.0,-81000000.0,0.0,-99400000.0,-68300000.0,0.0,150500000.0,3700000.0,55700000.0,55700000.0,55700000.0,0.0,0.0,0.079,363800000.0,41100000.0,177300000.0,0.0,2.837,27.469,27.218,209400000.0,0.0,2.123,2.173,2.135,108400000.0,143400000.0,704000000.0,704000000.0,65200000.0,0.058,0.113,0.107,0.096,0.0,227900000.0,1.0,720682284.0,708000000.0,735600000.0,0.994,605600000.0,66400000.0,300000.0,0.0,0.855,122300000.0
19,EW,MRY,2001-12-31,2001-12-31,2001-12-31,2021-08-02,25200000.0,982900000.0,1013150000.0,292000000.0,690900000.0,0.683,0.649,-37500000.0,47700000.0,47700000.0,323700000.0,-11400000.0,1.582,1.143,310900000.0,1100000.0,309800000.0,310900000.0,0.0,57400000.0,0.0,0.0,0.0,13000000.0,70400000.0,0.102,70400000.0,13000000.0,-9900000.0,-0.016,-0.016,-0.016,458700000.0,437750000.0,458700000.0,1951985981.0,150.0,27.727,63700000.0,0.09,1.0,368400000.0,0.532,402400000.0,22900000.0,659100000.0,716900000.0,86600000.0,92900000.0,0.0,92900000.0,524200000.0,184600000.0,339600000.0,1636185981.0,19600000.0,34400000.0,8200000.0,-86200000.0,0.0,-78600000.0,-3900000.0,0.0,101200000.0,900000.0,-11400000.0,-11400000.0,-11400000.0,0.0,0.0,-0.016,291500000.0,76900000.0,183500000.0,0.0,3.567,-143.525,-143.938,187800000.0,0.0,2.303,2.364,2.352,100600000.0,87700000.0,692100000.0,692100000.0,55000000.0,-0.011,-0.026,0.018,0.019,0.0,203200000.0,1.0,710458524.0,706800000.0,706800000.0,0.979,580500000.0,18200000.0,1500000.0,0.0,0.821,107400000.0
20,EW,MRY,2000-12-31,2000-12-31,2000-12-31,2021-08-02,1000000.0,1107000000.0,1179200000.0,301000000.0,806000000.0,0.682,0.625,-46000000.0,28000000.0,28000000.0,423300000.0,-271700000.0,1.265,1.516,428000000.0,61000000.0,367000000.0,428000000.0,0.0,74100000.0,0.0,0.0,0.0,-238400000.0,-164300000.0,-0.204,-164300000.0,-238400000.0,-258400000.0,0.0,0.0,0.0,440000000.0,489600000.0,440000000.0,1526831198.0,-6.0,-9.293,91700000.0,0.13,1.0,380500000.0,0.473,511000000.0,20000000.0,758000000.0,771950000.0,87000000.0,98000000.0,0.0,98000000.0,667000000.0,238000000.0,429000000.0,1041231198.0,28100000.0,-28000000.0,4100000.0,473300000.0,0.0,-36600000.0,-75700000.0,-13000000.0,137700000.0,2700000.0,-271700000.0,-271700000.0,-271700000.0,0.0,0.0,-0.338,615100000.0,-234600000.0,177000000.0,,2.366,-3.832,,183000000.0,0.0,1.479,1.295,1.295,129000000.0,103000000.0,803800000.0,803800000.0,54400000.0,-0.23,-0.555,-0.309,-0.297,0.0,215600000.0,1.0,704010276.0,704010276.0,,1.142,596000000.0,23000000.0,13300000.0,0.0,0.847,63000000.0
21,EW,MRY,1999-12-31,1999-12-31,1999-12-31,2021-08-02,-27000000.0,1437000000.0,1460000000.0,356000000.0,1081000000.0,0.62,1.756,-42000000.0,0.0,0.0,466000000.0,82000000.0,2.282,0.174,833000000.0,0.0,833000000.0,833000000.0,0.0,84000000.0,0.0,,0.0,113000000.0,197000000.0,0.218,197000000.0,113000000.0,113000000.0,0.0,0.0,0.0,1224000000.0,1247500000.0,1224000000.0,,,,134000000.0,0.192,1.0,439000000.0,0.485,839000000.0,0.0,1275000000.0,857500000.0,169000000.0,1000000.0,0.0,1000000.0,213000000.0,156000000.0,57000000.0,,0.0,0.0,0.0,0.0,0.0,-127000000.0,-49000000.0,0.0,176000000.0,0.0,82000000.0,82000000.0,82000000.0,0.0,0.0,0.091,322000000.0,117000000.0,156000000.0,,,,,226000000.0,0.0,,,,155000000.0,418000000.0,905000000.0,905000000.0,55000000.0,0.056,0.066,0.132,0.125,0.0,233000000.0,1.0,697065912.0,697065912.0,,1.298,598000000.0,9000000.0,31000000.0,0.0,0.858,200000000.0
22,EW,MRY,1998-12-31,1998-12-31,1998-12-31,2021-08-02,-25000000.0,1483000000.0,1504500000.0,353000000.0,1130000000.0,0.575,,-40000000.0,0.0,0.0,466000000.0,62000000.0,2.248,0.167,0.0,0.0,0.0,0.0,0.0,82000000.0,0.0,,0.0,93000000.0,175000000.0,0.202,175000000.0,93000000.0,93000000.0,,,,1271000000.0,1301000000.0,1271000000.0,,,,114000000.0,,1.0,399000000.0,0.461,886000000.0,0.0,440000000.0,454000000.0,156000000.0,0.0,0.0,0.0,212000000.0,157000000.0,55000000.0,,0.0,-12000000.0,0.0,0.0,0.0,-102000000.0,-52000000.0,0.0,154000000.0,,62000000.0,62000000.0,62000000.0,0.0,0.0,0.072,312000000.0,87000000.0,157000000.0,,,,,227000000.0,0.0,,,,169000000.0,336000000.0,865000000.0,865000000.0,56000000.0,0.041,0.048,0.205,0.108,0.0,222000000.0,1.0,,,,,597000000.0,14000000.0,31000000.0,0.0,,196000000.0
23,EW,MRY,1997-12-31,1997-12-31,1997-12-31,2021-08-02,-27000000.0,1526000000.0,,371000000.0,1155000000.0,,,-42000000.0,0.0,0.0,463000000.0,-52000000.0,2.65,0.147,0.0,0.0,0.0,0.0,0.0,80000000.0,0.0,,0.0,-15000000.0,65000000.0,0.074,65000000.0,-15000000.0,-15000000.0,,,,1331000000.0,,1331000000.0,,,,121000000.0,,1.0,416000000.0,0.473,918000000.0,0.0,468000000.0,,157000000.0,0.0,0.0,0.0,195000000.0,140000000.0,55000000.0,,0.0,-16000000.0,0.0,0.0,0.0,-105000000.0,-58000000.0,0.0,163000000.0,,-52000000.0,-52000000.0,-52000000.0,0.0,0.0,-0.059,431000000.0,-15000000.0,140000000.0,,,,,217000000.0,0.0,,,,189000000.0,,879000000.0,879000000.0,53000000.0,,,,-0.017,0.0,211000000.0,1.0,,,,,608000000.0,10000000.0,37000000.0,0.0,,231000000.0
24,EW,MRY,1996-12-31,1996-12-31,1996-12-31,2021-08-02,,,,,,,,,,,442000000.0,87000000.0,,,,,,,,,,,0.0,127000000.0,,,,127000000.0,127000000.0,,,,,,,,,,,,1.0,395000000.0,0.472,,0.0,,,,,,,,,,,,,,,,,,,,,87000000.0,87000000.0,87000000.0,0.0,0.0,0.104,268000000.0,127000000.0,,,,,,,0.0,,,,,,837000000.0,837000000.0,49000000.0,,,,0.152,,194000000.0,1.0,,,,,,,40000000.0,,,
0,EW,MRQ,2021-06-30,2021-06-30,2021-06-30,2021-08-02,-159600000.0,7662100000.0,,3322900000.0,4339200000.0,,8.249,-69300000.0,1312800000.0,1312800000.0,334300000.0,489500000.0,3.75,0.493,684200000.0,25100000.0,659100000.0,684200000.0,0.0,42800000.0,0.0,0.0,0.0,544500000.0,587300000.0,0.427,587300000.0,544500000.0,545500000.0,0.79,0.78,0.79,5133300000.0,,5133300000.0,63897520994.0,38.0,35.001,456800000.0,0.734,1.0,1041700000.0,0.757,1498800000.0,-1000000.0,4648500000.0,,759500000.0,1262600000.0,248400000.0,1014200000.0,2528800000.0,886200000.0,1642600000.0,64382920994.0,135000000.0,-5700000.0,-57700000.0,-1200000.0,0.0,-59000000.0,-329500000.0,-242400000.0,526100000.0,-2600000.0,489500000.0,489500000.0,489500000.0,0.0,0.0,0.356,602200000.0,439500000.0,861100000.0,0.0,12.542,44.026,44.261,1530400000.0,0.0,103.57,13.072,13.086,700300000.0,5392700000.0,1376000000.0,1376000000.0,225300000.0,,,,,30300000.0,374500000.0,1.0,621636777.0,622300000.0,629900000.0,2.211,6163300000.0,190500000.0,56000000.0,424400000.0,9.904,2436700000.0
1,EW,MRQ,2021-03-31,2021-03-31,2021-03-31,2021-08-02,-172400000.0,7213700000.0,,3069200000.0,4144500000.0,,7.475,-106000000.0,1174200000.0,1174200000.0,293400000.0,338200000.0,3.841,0.549,688800000.0,26500000.0,662300000.0,688800000.0,0.0,39700000.0,0.0,0.0,0.0,389300000.0,429000000.0,0.353,429000000.0,389300000.0,389300000.0,0.54,0.54,0.54,4658400000.0,,4658400000.0,51746458538.0,54.0,46.914,194500000.0,0.312,1.0,923200000.0,0.759,1501100000.0,0.0,4428200000.0,,767900000.0,958600000.0,156400000.0,802200000.0,2555300000.0,799000000.0,1756300000.0,52234758538.0,-9300000.0,0.0,-271000000.0,-400000.0,0.0,-274300000.0,-49700000.0,55800000.0,300500000.0,14200000.0,338200000.0,338200000.0,338200000.0,0.0,0.0,0.278,544200000.0,379000000.0,772500000.0,0.0,11.213,61.38,61.956,1506400000.0,0.0,83.64,11.675,11.65,664300000.0,4903200000.0,1216600000.0,1216600000.0,207000000.0,,,,,28200000.0,330800000.0,1.0,624518873.0,623200000.0,631300000.0,1.952,5712600000.0,209300000.0,51100000.0,439500000.0,9.167,2270200000.0
2,EW,MRQ,2020-12-31,2020-12-31,2020-12-31,2021-08-02,-161100000.0,7237100000.0,,3091000000.0,4146100000.0,,7.336,-113200000.0,1183200000.0,1183200000.0,296300000.0,309500000.0,3.458,0.582,694900000.0,27200000.0,667700000.0,694900000.0,0.0,40100000.0,0.0,0.0,0.0,371900000.0,412000000.0,0.346,412000000.0,371900000.0,356100000.0,0.49,0.48,0.49,4574300000.0,,4574300000.0,56525039946.0,61.0,52.931,286800000.0,0.46,1.0,895400000.0,0.751,1504600000.0,15800000.0,4350300000.0,,802300000.0,1021000000.0,219400000.0,801600000.0,2662800000.0,893900000.0,1768900000.0,56858939946.0,170900000.0,0.0,36800000.0,900000.0,0.0,41400000.0,-259900000.0,-139400000.0,400000000.0,-10600000.0,309500000.0,309500000.0,309500000.0,0.0,0.0,0.26,538800000.0,356600000.0,866700000.0,0.0,12.43,69.054,69.114,1489400000.0,0.0,91.23,12.963,12.949,602800000.0,4565000000.0,1191700000.0,1191700000.0,195700000.0,,,,,20900000.0,338500000.0,1.0,623248273.0,623500000.0,641200000.0,1.911,5732500000.0,230900000.0,46600000.0,429700000.0,9.194,2197100000.0
3,EW,MRQ,2020-09-30,2020-09-30,2020-09-30,2021-08-02,-157900000.0,6800800000.0,,2980400000.0,3820400000.0,,6.768,-103300000.0,1024000000.0,1024000000.0,281000000.0,325200000.0,3.522,0.615,690100000.0,24200000.0,665900000.0,690100000.0,0.0,33000000.0,0.0,0.0,0.0,364300000.0,397300000.0,0.348,397300000.0,364300000.0,364300000.0,0.52,0.52,0.52,4210300000.0,,4210300000.0,49408333175.0,55.0,48.231,112800000.0,0.181,1.0,859900000.0,0.754,1502400000.0,0.0,4118200000.0,,773300000.0,870300000.0,271300000.0,599000000.0,2590500000.0,846300000.0,1744200000.0,49627333175.0,120500000.0,0.0,34700000.0,-500000.0,0.0,34000000.0,-126300000.0,-19900000.0,216100000.0,-3300000.0,325200000.0,325200000.0,325200000.0,0.0,0.0,0.285,511100000.0,348800000.0,822100000.0,0.0,11.787,62.495,62.85,1365800000.0,0.0,79.82,11.36,11.366,671700000.0,4255500000.0,1140900000.0,1140900000.0,195500000.0,,,,,23000000.0,307200000.0,1.0,621740581.0,622100000.0,631000000.0,1.834,5298400000.0,215200000.0,39100000.0,413400000.0,8.517,2134100000.0
4,EW,MRQ,2020-06-30,2020-06-30,2020-06-30,2021-08-02,-146100000.0,6424100000.0,,2690300000.0,3733800000.0,,6.189,-108300000.0,903500000.0,903500000.0,238200000.0,-121900000.0,3.081,0.673,684500000.0,23800000.0,660700000.0,684500000.0,0.0,31100000.0,0.0,0.0,0.0,-166400000.0,-135300000.0,-0.146,-135300000.0,-166400000.0,-168200000.0,-0.2,-0.2,-0.2,3839100000.0,,3839100000.0,42837296525.0,51.0,44.678,123000000.0,0.198,1.0,686800000.0,0.742,1501200000.0,1800000.0,3830700000.0,,735100000.0,854700000.0,260300000.0,594400000.0,2585000000.0,873200000.0,1711800000.0,42824996525.0,240700000.0,-10000000.0,29200000.0,-900000.0,0.0,24100000.0,-10200000.0,109100000.0,231300000.0,-4500000.0,-121900000.0,-121900000.0,-121900000.0,0.0,0.0,-0.132,836900000.0,-150100000.0,849400000.0,0.0,11.155,57.591,58.076,1280300000.0,0.0,69.11,9.909,9.919,567900000.0,3930300000.0,925000000.0,925000000.0,182100000.0,,,,,24800000.0,274900000.0,1.0,619664253.0,620300000.0,620300000.0,1.491,4922900000.0,204100000.0,-46300000.0,395500000.0,7.936,1817100000.0
5,EW,MRQ,2020-03-31,2020-03-31,2020-03-31,2021-08-02,-152000000.0,6076100000.0,,2507900000.0,3568200000.0,,6.246,-82200000.0,662900000.0,662900000.0,265100000.0,310600000.0,3.358,0.558,675200000.0,24900000.0,650300000.0,675200000.0,0.0,31200000.0,0.0,0.0,0.0,364500000.0,395700000.0,0.351,395700000.0,364500000.0,364500000.0,0.5,0.49,0.5,3901100000.0,,3901100000.0,38944191540.0,31.0,27.953,124900000.0,0.2,1.0,863600000.0,0.765,1501000000.0,0.0,3840500000.0,,662200000.0,956000000.0,368200000.0,587800000.0,2175000000.0,746900000.0,1428100000.0,39444491540.0,-516100000.0,0.0,-585700000.0,-300000.0,0.0,-586400000.0,-134700000.0,-51500000.0,207100000.0,-2100000.0,310600000.0,310600000.0,310600000.0,0.0,0.0,0.275,507700000.0,355900000.0,722000000.0,0.0,10.111,35.606,35.322,1176100000.0,0.0,62.873,8.797,8.758,585100000.0,4052200000.0,1128700000.0,1128700000.0,187400000.0,,,,,23900000.0,307800000.0,1.0,627367734.0,624600000.0,635100000.0,1.807,4575100000.0,158000000.0,53900000.0,415200000.0,7.325,1761000000.0
6,EW,MRQ,2019-12-31,2019-12-31,2019-12-31,2021-08-02,-156000000.0,6488100000.0,,2984000000.0,3504100000.0,,6.624,-71500000.0,1179100000.0,1179100000.0,286200000.0,280200000.0,3.307,0.564,678800000.0,25500000.0,653300000.0,678800000.0,0.0,30500000.0,0.0,0.0,0.0,336200000.0,366700000.0,0.312,366700000.0,336200000.0,315500000.0,0.45,0.44,0.45,4148300000.0,,4148300000.0,48141189996.0,41.0,36.98,331400000.0,0.529,1.0,887900000.0,0.756,1504200000.0,20700000.0,3581200000.0,,640900000.0,923300000.0,337800000.0,585500000.0,2339800000.0,902400000.0,1437400000.0,48657089996.0,-4000000.0,0.0,35000000.0,1700000.0,0.0,37000000.0,-445300000.0,-366000000.0,402900000.0,1400000.0,280200000.0,280200000.0,280200000.0,0.0,0.0,0.239,595600000.0,292300000.0,876900000.0,0.0,11.729,46.477,46.288,1140400000.0,0.0,77.763,11.191,11.174,599100000.0,3741600000.0,1174100000.0,1174100000.0,193900000.0,,,,,18400000.0,347200000.0,1.0,625710042.0,626300000.0,637900000.0,1.875,4983900000.0,172200000.0,35300000.0,408300000.0,7.958,2081600000.0
7,EW,MRQ,2019-09-30,2019-09-30,2019-09-30,2021-08-02,-155800000.0,5966300000.0,,2739700000.0,3226600000.0,,6.108,-76100000.0,1186600000.0,1186600000.0,292400000.0,274700000.0,3.531,0.564,670700000.0,24100000.0,646600000.0,670700000.0,0.0,30000000.0,0.0,0.0,0.0,301700000.0,331700000.0,0.303,331700000.0,301700000.0,301700000.0,0.44,0.43,0.44,3814800000.0,,3814800000.0,45675802981.0,52.0,46.447,361200000.0,0.578,1.0,801600000.0,0.733,1537700000.0,0.0,3136900000.0,,611100000.0,556300000.0,170300000.0,386000000.0,2151500000.0,775800000.0,1375700000.0,45734302981.0,459800000.0,0.0,37700000.0,-1200000.0,0.0,34400000.0,-12700000.0,64900000.0,437300000.0,800000.0,274700000.0,274700000.0,274700000.0,0.0,0.0,0.251,509600000.0,292000000.0,751700000.0,0.0,11.989,59.111,58.973,1046900000.0,0.0,73.303,11.016,11.028,570000000.0,3461400000.0,1094000000.0,1094000000.0,195500000.0,,,,,19800000.0,306200000.0,1.0,623907657.0,624600000.0,636300000.0,1.752,4428600000.0,155800000.0,27000000.0,378200000.0,7.09,1963900000.0
8,EW,MRQ,2019-06-30,2019-06-30,2019-06-30,2021-08-02,-138200000.0,5573500000.0,,2354700000.0,3218800000.0,,5.606,-64600000.0,726800000.0,726800000.0,304000000.0,242300000.0,3.378,0.592,668300000.0,23800000.0,644500000.0,668300000.0,0.0,27800000.0,0.0,0.0,0.0,271300000.0,299100000.0,0.275,299100000.0,271300000.0,271300000.0,0.39,0.38,0.39,3500300000.0,,3500300000.0,38475586138.0,47.0,41.817,276600000.0,0.443,1.0,782900000.0,0.72,1559500000.0,0.0,3258500000.0,,624900000.0,620400000.0,207500000.0,412900000.0,2073200000.0,697000000.0,1376200000.0,38518586138.0,17600000.0,-98900000.0,-214800000.0,-10200000.0,0.0,-231400000.0,-88300000.0,86500000.0,341200000.0,-3900000.0,242300000.0,242300000.0,242300000.0,0.0,0.0,0.223,507400000.0,275500000.0,673200000.0,0.0,11.004,53.136,52.949,1002300000.0,0.0,61.58,9.717,9.699,609600000.0,3186700000.0,1086900000.0,1086900000.0,191900000.0,,,,,22300000.0,308500000.0,1.0,625504809.0,624400000.0,636200000.0,1.741,4014000000.0,163800000.0,29000000.0,376200000.0,6.429,1657700000.0
9,EW,MRQ,2019-03-31,2019-03-31,2019-03-31,2021-08-02,-141200000.0,5469300000.0,,2368800000.0,3100500000.0,,5.527,-42200000.0,709200000.0,709200000.0,231800000.0,249700000.0,3.664,0.586,666200000.0,22600000.0,643600000.0,666200000.0,0.0,26300000.0,0.0,0.0,0.0,278000000.0,304300000.0,0.306,304300000.0,278000000.0,278000000.0,0.4,0.393,0.4,3447500000.0,,3447500000.0,39631839494.0,49.0,44.47,-40700000.0,-0.065,1.0,761200000.0,0.767,1444700000.0,0.0,3335100000.0,,630900000.0,707500000.0,253800000.0,453700000.0,2021800000.0,646500000.0,1375300000.0,39752139494.0,-4900000.0,-36300000.0,39300000.0,-300000.0,0.0,44400000.0,-49500000.0,43500000.0,1500000.0,-1300000.0,249700000.0,249700000.0,249700000.0,0.0,0.0,0.251,480300000.0,280900000.0,623900000.0,0.0,11.531,51.943,52.148,962100000.0,0.0,63.777,10.404,10.41,578000000.0,2944400000.0,993000000.0,993000000.0,171400000.0,,,,,20800000.0,280300000.0,1.0,623298987.0,623700000.0,636600000.0,1.592,4024600000.0,164500000.0,28300000.0,389700000.0,6.453,1722300000.0
10,EW,MRQ,2018-12-31,2018-12-31,2018-12-31,2021-08-02,-138500000.0,5323700000.0,,2286900000.0,3036800000.0,,5.025,-57600000.0,714100000.0,714100000.0,234700000.0,7000000.0,2.609,0.695,593800000.0,0.0,593800000.0,593800000.0,0.0,19900000.0,0.0,0.0,0.0,28400000.0,48300000.0,0.049,48300000.0,28400000.0,-1800000.0,0.013,0.017,0.013,3140400000.0,,3140400000.0,31952485582.0,40.0,36.782,235300000.0,0.377,1.0,743000000.0,0.76,1455400000.0,30200000.0,2871400000.0,,607000000.0,748700000.0,242400000.0,506300000.0,2183300000.0,876600000.0,1306700000.0,32020285582.0,-547300000.0,10000000.0,-244300000.0,-599600000.0,0.0,-844700000.0,5700000.0,65500000.0,292900000.0,-1200000.0,7000000.0,7000000.0,7000000.0,0.0,0.0,0.007,762300000.0,-19300000.0,876600000.0,0.0,10.196,44.337,44.397,867500000.0,0.0,51.057,8.601,8.607,537300000.0,2694700000.0,977700000.0,977700000.0,163100000.0,,,,,16000000.0,288100000.0,1.0,627147807.0,624900000.0,636700000.0,1.565,3868300000.0,174000000.0,-8800000.0,384300000.0,6.19,1410300000.0
11,EW,MRQ,2018-09-30,2018-09-30,2018-09-30,2021-08-02,-139000000.0,5958200000.0,,2912600000.0,3045600000.0,,5.361,-85100000.0,1261300000.0,1261300000.0,224900000.0,225900000.0,2.31,0.773,1193500000.0,599900000.0,593600000.0,1193500000.0,0.0,19200000.0,0.0,0.0,0.0,249200000.0,268400000.0,0.296,268400000.0,249200000.0,248700000.0,0.36,0.353,0.36,3361300000.0,,3361300000.0,36420589384.0,33.0,30.719,257200000.0,0.41,1.0,681700000.0,0.752,1590200000.0,500000.0,3039100000.0,,583800000.0,813400000.0,334400000.0,479000000.0,2596900000.0,1261100000.0,1335800000.0,36453889384.0,34900000.0,0.0,-138100000.0,-1300000.0,0.0,-56700000.0,-254200000.0,-164700000.0,342300000.0,3500000.0,225900000.0,225900000.0,225900000.0,0.0,0.0,0.249,439200000.0,242500000.0,661200000.0,0.0,10.845,51.171,51.221,826100000.0,0.0,58.033,10.032,10.014,530100000.0,2687700000.0,906600000.0,906600000.0,161800000.0,,,,,17400000.0,269500000.0,1.0,628157934.0,627000000.0,639600000.0,1.446,4368000000.0,115100000.0,22800000.0,264500000.0,6.967,1651500000.0
12,EW,MRQ,2018-06-30,2018-06-30,2018-06-30,2021-08-02,-150800000.0,5686100000.0,,2696000000.0,2990100000.0,,5.035,-52800000.0,1226400000.0,1226400000.0,246200000.0,282700000.0,2.279,0.797,1193100000.0,599200000.0,593900000.0,1193100000.0,0.0,19200000.0,0.0,0.0,0.0,251000000.0,270200000.0,0.286,270200000.0,251000000.0,251000000.0,0.45,0.44,0.45,3164200000.0,,3164200000.0,30510504991.0,29.0,26.535,87400000.0,0.139,1.0,697500000.0,0.739,1584600000.0,0.0,2885000000.0,,568100000.0,644800000.0,174400000.0,470400000.0,2521900000.0,1183200000.0,1338700000.0,30682904991.0,-600000.0,1800000.0,-308800000.0,163600000.0,0.0,-240700000.0,104900000.0,162900000.0,140200000.0,-5000000.0,282700000.0,282700000.0,282700000.0,0.0,0.0,0.3,434500000.0,263000000.0,584000000.0,0.0,9.697,46.73,46.523,770200000.0,0.0,48.523,8.647,8.594,520100000.0,2461800000.0,943700000.0,943700000.0,154100000.0,,,,,19200000.0,274900000.0,1.0,632337345.0,628500000.0,642000000.0,1.502,4101500000.0,130100000.0,-31700000.0,263300000.0,6.526,1512800000.0
13,EW,MRQ,2018-03-31,2018-03-31,2018-03-31,2021-08-02,-121300000.0,5825100000.0,,2716900000.0,3108200000.0,,5.147,-43200000.0,1227000000.0,1227000000.0,233600000.0,206600000.0,2.067,0.795,1054600000.0,598600000.0,456000000.0,1054600000.0,0.0,19100000.0,0.0,0.0,0.0,263500000.0,282600000.0,0.316,282600000.0,263500000.0,263500000.0,0.327,0.32,0.327,3245700000.0,,3245700000.0,29520817764.0,29.0,26.704,108100000.0,0.171,1.0,661200000.0,0.739,1625300000.0,0.0,2712900000.0,,573900000.0,804400000.0,272300000.0,532100000.0,2579400000.0,1314500000.0,1264900000.0,29302717764.0,408700000.0,-11800000.0,42700000.0,0.0,0.0,40900000.0,220300000.0,277700000.0,151300000.0,-3800000.0,206600000.0,206600000.0,206600000.0,0.0,0.0,0.231,404900000.0,256300000.0,674100000.0,0.0,9.028,52.326,52.432,711600000.0,0.0,46.507,8.502,8.509,446800000.0,2179100000.0,894800000.0,894800000.0,143200000.0,,,,,18400000.0,256000000.0,1.0,630071124.0,630600000.0,645300000.0,1.419,4199800000.0,181400000.0,56900000.0,290800000.0,6.66,1402400000.0
14,EW,MRQ,2017-12-31,2017-12-31,2017-12-31,2021-08-02,-132700000.0,5666400000.0,,2549200000.0,3117200000.0,,4.679,-51900000.0,818300000.0,818300000.0,235300000.0,-2800000.0,1.795,0.917,1036400000.0,598000000.0,438400000.0,1036400000.0,0.0,21200000.0,0.0,0.0,0.0,343200000.0,364400000.0,0.41,364400000.0,343200000.0,323900000.0,-0.003,-0.003,-0.003,2956200000.0,,2956200000.0,24255377915.0,23.0,21.277,312000000.0,0.494,1.0,653200000.0,0.735,1594500000.0,19300000.0,2870000000.0,,554900000.0,1086200000.0,519200000.0,567000000.0,2710200000.0,1420000000.0,1290200000.0,23851677915.0,188000000.0,-108000000.0,-228800000.0,-200000.0,0.0,-229000000.0,49300000.0,249400000.0,363900000.0,3800000.0,-2800000.0,-2800000.0,-2800000.0,0.0,0.0,-0.003,333000000.0,320200000.0,770300000.0,0.0,8.068,40.87,40.704,679700000.0,0.0,37.57,6.943,6.919,479300000.0,1962100000.0,888500000.0,888500000.0,146600000.0,,,,,15300000.0,272800000.0,1.0,634859673.0,631800000.0,645900000.0,1.406,4071900000.0,167100000.0,326700000.0,512100000.0,6.445,1129200000.0
15,EW,MRQ,2017-09-30,2017-09-30,2017-09-30,2021-08-02,-142700000.0,5488400000.0,,2566400000.0,2922000000.0,,4.989,-42300000.0,630300000.0,630300000.0,213300000.0,170100000.0,3.491,0.735,1034000000.0,0.0,1034000000.0,1034000000.0,0.0,20700000.0,0.0,0.0,0.0,211900000.0,232600000.0,0.283,232600000.0,211900000.0,211800000.0,0.27,0.263,0.27,3162500000.0,,3162500000.0,23590495417.0,25.0,23.417,268500000.0,0.424,1.0,608200000.0,0.74,1395400000.0,100000.0,3761500000.0,,538400000.0,1340000000.0,772500000.0,567500000.0,2325900000.0,735200000.0,1590700000.0,23081895417.0,122100000.0,-400000.0,21800000.0,-700000.0,0.0,20300000.0,-209500000.0,-158400000.0,310800000.0,500000.0,170100000.0,170100000.0,170100000.0,0.0,0.0,0.207,411400000.0,196800000.0,693700000.0,0.0,7.299,30.987,31.063,649600000.0,0.0,36.437,6.964,6.969,475000000.0,1964900000.0,821500000.0,821500000.0,142900000.0,,,,,15800000.0,244600000.0,1.0,633474090.0,633900000.0,648600000.0,1.296,4093000000.0,197100000.0,41700000.0,0.0,6.457,1831200000.0
16,EW,MRQ,2017-06-30,2017-06-30,2017-06-30,2021-08-02,-157800000.0,5138500000.0,,2283400000.0,2855100000.0,,4.655,-58000000.0,508200000.0,508200000.0,211100000.0,186100000.0,,0.748,1016800000.0,1016800000.0,,1016800000.0,0.0,18900000.0,0.0,0.0,0.0,207000000.0,225900000.0,0.268,225900000.0,207000000.0,205600000.0,0.293,0.287,0.293,2939600000.0,,2939600000.0,24835473151.0,28.0,25.335,139700000.0,0.221,1.0,630700000.0,0.749,1373700000.0,1400000.0,4273400000.0,,491600000.0,1175100000.0,623600000.0,551500000.0,2198900000.0,,,24806873151.0,-311100000.0,-2700000.0,-28200000.0,153200000.0,0.0,126800000.0,-638200000.0,-573300000.0,197700000.0,2600000.0,186100000.0,186100000.0,186100000.0,0.0,0.0,0.221,417800000.0,212900000.0,562500000.0,0.0,8.439,34.637,35.096,627900000.0,0.0,39.413,7.674,7.7,510700000.0,4331900000.0,841800000.0,841800000.0,134400000.0,,,,,15300000.0,243800000.0,1.0,629408397.0,631500000.0,647100000.0,1.333,3764800000.0,185200000.0,19500000.0,0.0,5.962,
17,EW,MRQ,2017-03-31,2017-03-31,2017-03-31,2021-08-02,-181500000.0,4780400000.0,,2018400000.0,2762000000.0,,4.329,-15900000.0,819300000.0,819300000.0,215600000.0,230200000.0,,0.743,847900000.0,847900000.0,,847900000.0,0.0,21100000.0,0.0,0.0,0.0,296000000.0,317100000.0,0.359,317100000.0,296000000.0,293600000.0,0.363,0.353,0.363,2742700000.0,,2742700000.0,19881892214.0,23.0,21.066,112400000.0,0.177,1.0,667900000.0,0.756,1347300000.0,2400000.0,3461700000.0,,431400000.0,617900000.0,98900000.0,519000000.0,2037700000.0,,,19989692214.0,-110800000.0,-81800000.0,-414300000.0,24000000.0,0.0,-391300000.0,151200000.0,251000000.0,128300000.0,1000000.0,230200000.0,230200000.0,230200000.0,0.0,0.0,0.261,368500000.0,299400000.0,584800000.0,0.0,7.288,30.44,30.444,588800000.0,0.0,31.357,6.346,6.307,510200000.0,4145800000.0,883500000.0,883500000.0,128700000.0,,,,,15200000.0,229600000.0,1.0,637487394.0,633600000.0,649200000.0,1.394,3433100000.0,179100000.0,63400000.0,0.0,5.418,
18,EW,MRQ,2016-12-31,2016-12-31,2016-12-31,2021-08-02,-198400000.0,4510000000.0,,2240000000.0,2270000000.0,,4.087,-63200000.0,930100000.0,930100000.0,213200000.0,158500000.0,4.207,0.722,822300000.0,0.0,822300000.0,822300000.0,0.0,19100000.0,0.0,0.0,0.0,212700000.0,231800000.0,0.302,231800000.0,212700000.0,200400000.0,0.247,0.24,0.247,2619000000.0,,2619000000.0,19989752270.0,26.0,24.133,137900000.0,0.215,1.0,554500000.0,0.722,830900000.0,12300000.0,3038800000.0,,396600000.0,873100000.0,341000000.0,532100000.0,1891000000.0,532500000.0,1358500000.0,20034152270.0,285100000.0,-600000.0,-260800000.0,223200000.0,0.0,5100000.0,80200000.0,143500000.0,201100000.0,-1300000.0,158500000.0,158500000.0,158500000.0,0.0,0.0,0.206,353300000.0,201200000.0,532500000.0,0.0,7.65,35.178,35.093,580000000.0,0.0,31.233,6.76,6.734,414600000.0,3906300000.0,767700000.0,767700000.0,114900000.0,,,,,13900000.0,233600000.0,1.0,641441817.0,640800000.0,654300000.0,1.198,3679100000.0,203800000.0,41900000.0,389300000.0,5.741,1707500000.0
19,EW,MRQ,2016-09-30,2016-09-30,2016-09-30,2021-08-02,-171200000.0,4339000000.0,,2171400000.0,2167600000.0,,4.209,-48100000.0,645000000.0,645000000.0,201400000.0,141400000.0,,0.612,600600000.0,600600000.0,,600600000.0,0.0,18200000.0,0.0,0.0,0.0,187300000.0,205500000.0,0.278,205500000.0,187300000.0,185200000.0,0.22,0.217,0.22,2691800000.0,,2691800000.0,25897484383.0,36.0,32.844,157800000.0,0.247,1.0,538000000.0,0.728,837000000.0,2100000.0,3457600000.0,,401000000.0,1022800000.0,555300000.0,467500000.0,1647200000.0,,,25664884383.0,275100000.0,-3100000.0,37900000.0,2300000.0,0.0,63800000.0,3900000.0,59100000.0,205900000.0,1500000.0,141400000.0,141400000.0,141400000.0,0.0,0.0,0.191,349100000.0,188900000.0,532800000.0,0.0,9.534,46.52,46.729,543700000.0,0.0,40.187,8.952,8.965,459500000.0,3747800000.0,739400000.0,739400000.0,113000000.0,,,,,14400000.0,229600000.0,1.0,638636484.0,639600000.0,654300000.0,1.156,3502000000.0,189300000.0,43800000.0,0.0,5.475,
20,EW,MRQ,2016-06-30,2016-06-30,2016-06-30,2021-08-02,-178700000.0,4051400000.0,,1985100000.0,2066300000.0,,3.882,-37100000.0,369900000.0,369900000.0,202500000.0,126600000.0,,0.639,602500000.0,602500000.0,,602500000.0,0.0,18000000.0,0.0,0.0,0.0,171400000.0,189400000.0,0.249,189400000.0,171400000.0,169000000.0,0.2,0.193,0.2,2471200000.0,,2471200000.0,21219686297.0,31.0,28.117,153200000.0,0.241,1.0,556800000.0,0.733,838100000.0,2400000.0,3445900000.0,,367600000.0,1082000000.0,690300000.0,391700000.0,1580200000.0,,,21118886297.0,-131500000.0,0.0,-11500000.0,-3600000.0,0.0,31700000.0,-343100000.0,-265200000.0,190300000.0,-10400000.0,126600000.0,126600000.0,126600000.0,0.0,0.0,0.167,384900000.0,171900000.0,478200000.0,0.0,8.546,39.968,40.392,516200000.0,0.0,33.243,7.699,7.715,431100000.0,3606400000.0,759300000.0,759300000.0,112500000.0,,,,,14300000.0,228800000.0,1.0,635288220.0,636600000.0,651900000.0,1.193,3213300000.0,188600000.0,42400000.0,0.0,5.048,
21,EW,MRQ,2016-03-31,2016-03-31,2016-03-31,2021-08-02,-172600000.0,3853800000.0,,1819300000.0,2034500000.0,,3.597,-27700000.0,501400000.0,501400000.0,180300000.0,143000000.0,,0.676,602200000.0,602200000.0,,602200000.0,0.0,15900000.0,0.0,0.0,0.0,185700000.0,201600000.0,0.289,201600000.0,185700000.0,183300000.0,0.223,0.22,0.223,2299300000.0,,2299300000.0,18810939169.0,28.0,25.907,79400000.0,0.124,1.0,517000000.0,0.741,834600000.0,2400000.0,3120000000.0,,356600000.0,819600000.0,450400000.0,369200000.0,1554500000.0,,,18929439169.0,-217000000.0,-2000000.0,-324600000.0,200000.0,0.0,-369100000.0,47300000.0,72800000.0,107100000.0,-2300000.0,143000000.0,143000000.0,143000000.0,0.0,0.0,0.205,326700000.0,190300000.0,458300000.0,0.0,8.233,36.792,36.892,497300000.0,0.0,29.403,7.279,7.228,394300000.0,3479800000.0,697300000.0,697300000.0,101800000.0,,,,,14300000.0,212700000.0,1.0,643792782.0,639300000.0,653400000.0,1.091,3019200000.0,196500000.0,40300000.0,0.0,4.723,
22,EW,MRQ,2015-12-31,2015-12-31,2015-12-31,2021-08-02,-182600000.0,4056300000.0,,2047900000.0,2008400000.0,,3.861,-37500000.0,718400000.0,718400000.0,175900000.0,140700000.0,4.301,0.621,596900000.0,0.0,596900000.0,596900000.0,0.0,14500000.0,0.0,0.0,0.0,177500000.0,192000000.0,0.286,192000000.0,177500000.0,167000000.0,0.217,0.213,0.217,2503100000.0,,2503100000.0,16995764498.0,27.0,24.094,66300000.0,0.102,1.0,495200000.0,0.738,833700000.0,10500000.0,2624900000.0,,339900000.0,886200000.0,506300000.0,379900000.0,1553200000.0,476200000.0,1077000000.0,17036964498.0,72300000.0,-12800000.0,-72800000.0,0.0,0.0,-59700000.0,27300000.0,77300000.0,103800000.0,900000.0,140700000.0,140700000.0,140700000.0,0.0,0.0,0.21,323600000.0,171600000.0,476200000.0,0.0,6.806,34.425,34.325,482500000.0,0.0,26.327,6.832,6.825,371800000.0,3336800000.0,671100000.0,671100000.0,98000000.0,,,,,12900000.0,222300000.0,1.0,647128974.0,648300000.0,662700000.0,1.035,3222600000.0,180500000.0,26300000.0,194700000.0,4.971,1571700000.0
23,EW,MRQ,2015-09-30,2015-09-30,2015-09-30,2021-08-02,-169200000.0,3876600000.0,,2145500000.0,1731100000.0,,3.751,-26000000.0,646100000.0,646100000.0,146700000.0,118100000.0,,0.601,604900000.0,604900000.0,,604900000.0,0.0,18500000.0,0.0,0.0,0.0,153200000.0,171700000.0,0.279,171700000.0,153200000.0,150700000.0,0.183,0.18,0.183,2421400000.0,,2421400000.0,15288201524.0,25.0,22.727,176500000.0,0.273,1.0,468800000.0,0.762,828500000.0,2500000.0,3006900000.0,,333500000.0,970400000.0,604400000.0,366000000.0,1455200000.0,,,15285501524.0,48500000.0,-321600000.0,17300000.0,3300000.0,0.0,23600000.0,-175600000.0,168600000.0,202500000.0,-2000000.0,118100000.0,118100000.0,118100000.0,0.0,0.0,0.192,315400000.0,153400000.0,532500000.0,0.0,6.313,32.986,33.14,454800000.0,0.0,23.695,6.263,6.268,343900000.0,3196100000.0,615500000.0,615500000.0,101000000.0,,,,,12600000.0,212000000.0,1.0,645093966.0,645600000.0,659700000.0,0.953,3048100000.0,100400000.0,32600000.0,0.0,4.721,
24,EW,MRQ,2015-06-30,2015-06-30,2015-06-30,2021-08-02,-146600000.0,3608300000.0,,2297000000.0,1311300000.0,,3.543,-18400000.0,597600000.0,597600000.0,158600000.0,112700000.0,,0.577,600300000.0,600300000.0,,600300000.0,0.0,16800000.0,0.0,0.0,0.0,144000000.0,160800000.0,0.261,160800000.0,144000000.0,142200000.0,0.173,0.17,0.173,2288600000.0,,2288600000.0,15464933650.0,27.0,24.085,151700000.0,0.235,1.0,458200000.0,0.743,389800000.0,1800000.0,3221200000.0,,313300000.0,1136000000.0,811400000.0,324600000.0,1319700000.0,,,15319233650.0,140600000.0,1100000.0,-59900000.0,-600000.0,0.0,-50600000.0,12500000.0,35200000.0,170100000.0,8600000.0,112700000.0,112700000.0,112700000.0,0.0,0.0,0.183,312400000.0,145800000.0,445200000.0,0.0,6.694,34.824,34.909,450600000.0,0.0,23.738,6.298,6.303,357600000.0,3078000000.0,616800000.0,616800000.0,97500000.0,,,,,10800000.0,213900000.0,1.0,645346434.0,645900000.0,659700000.0,0.955,3218500000.0,147200000.0,29500000.0,0.0,4.983,
25,EW,MRQ,2015-03-31,2015-03-31,2015-03-31,2021-08-02,-147900000.0,3488400000.0,,2254800000.0,1233600000.0,,3.424,-20800000.0,457000000.0,457000000.0,136000000.0,123400000.0,,0.576,602700000.0,602700000.0,,602700000.0,0.0,16000000.0,0.0,0.0,0.0,164900000.0,180900000.0,0.306,180900000.0,164900000.0,162500000.0,0.19,0.187,0.19,2213900000.0,,2213900000.0,15306959038.0,12.0,11.652,52500000.0,0.081,1.0,454300000.0,0.77,388900000.0,2400000.0,3245200000.0,,298500000.0,1169400000.0,913800000.0,255600000.0,1274500000.0,,,15362659038.0,-196800000.0,-400000.0,-77500000.0,-800000.0,0.0,-71900000.0,-180300000.0,-159400000.0,73300000.0,-17900000.0,123400000.0,123400000.0,123400000.0,0.0,0.0,0.209,289200000.0,165100000.0,405300000.0,0.0,6.939,17.573,17.331,445100000.0,0.0,23.743,6.426,6.42,351000000.0,2965300000.0,590300000.0,590300000.0,86400000.0,,,,,13600000.0,202500000.0,1.0,647039508.0,646500000.0,661800000.0,0.913,3099500000.0,141900000.0,39100000.0,0.0,4.794,
26,EW,MRQ,2014-12-31,2014-12-31,2014-12-31,2021-08-02,-100900000.0,3523000000.0,,2231100000.0,1291900000.0,,3.401,-31400000.0,653800000.0,653800000.0,160400000.0,109200000.0,5.236,0.608,598100000.0,0.0,598100000.0,598100000.0,0.0,18300000.0,0.0,0.0,0.0,141000000.0,159300000.0,0.258,159300000.0,141000000.0,132900000.0,0.168,0.165,0.168,2191400000.0,,2191400000.0,13818675507.0,12.0,11.237,61800000.0,0.096,1.0,457600000.0,0.74,399400000.0,8100000.0,2641800000.0,,296800000.0,1025900000.0,785000000.0,240900000.0,1331600000.0,426100000.0,905500000.0,13626375507.0,249700000.0,-25100000.0,41800000.0,-14000000.0,0.0,45900000.0,112000000.0,180900000.0,93200000.0,-1400000.0,109200000.0,109200000.0,109200000.0,0.0,0.0,0.177,317900000.0,139700000.0,426100000.0,0.0,6.218,16.8,16.717,442900000.0,0.0,21.23,5.866,5.84,330800000.0,2841900000.0,618000000.0,618000000.0,84000000.0,,,,,12200000.0,223100000.0,1.0,641845290.0,644400000.0,658200000.0,0.959,3123600000.0,153700000.0,23700000.0,194800000.0,4.847,1805000000.0
27,EW,MRQ,2014-09-30,2014-09-30,2014-09-30,2021-08-02,-70600000.0,3350000000.0,,2309200000.0,1040800000.0,,3.201,-18100000.0,404100000.0,404100000.0,168100000.0,94600000.0,,0.639,596400000.0,596400000.0,,596400000.0,0.0,18000000.0,0.0,0.0,0.0,123100000.0,141100000.0,0.232,141100000.0,123100000.0,120600000.0,0.148,0.145,0.148,2043400000.0,,2043400000.0,10930713649.0,10.0,9.136,-5900000.0,-0.009,1.0,439300000.0,0.723,404800000.0,2500000.0,3137500000.0,,303600000.0,1203000000.0,1111000000.0,92000000.0,1306600000.0,,,10831313649.0,-94500000.0,-300000.0,38300000.0,100000.0,0.0,48700000.0,-154800000.0,-136700000.0,12200000.0,-600000.0,94600000.0,94600000.0,94600000.0,0.0,0.0,0.156,313700000.0,125600000.0,427800000.0,0.0,5.301,13.94,13.932,429300000.0,0.0,17.025,4.833,4.85,331000000.0,2732700000.0,607400000.0,607400000.0,87600000.0,,,,,12200000.0,222200000.0,1.0,636200508.0,638400000.0,650400000.0,0.951,2945200000.0,98200000.0,26000000.0,0.0,4.613,
28,EW,MRQ,2014-06-30,2014-06-30,2014-06-30,2021-08-02,-41100000.0,3326600000.0,,2278100000.0,1048500000.0,,3.022,-16000000.0,498600000.0,498600000.0,151200000.0,547000000.0,,0.737,598000000.0,598000000.0,,598000000.0,0.0,16100000.0,0.0,0.0,0.0,816300000.0,832400000.0,1.447,832400000.0,816300000.0,813200000.0,0.863,0.848,0.863,1914900000.0,,1914900000.0,9485500067.0,9.0,8.085,762000000.0,1.203,1.0,423900000.0,0.737,413800000.0,3100000.0,3012200000.0,,317100000.0,1084500000.0,985500000.0,99000000.0,1411700000.0,,,9055800067.0,202900000.0,2000000.0,18100000.0,-128800000.0,0.0,-103800000.0,-470400000.0,-457100000.0,778000000.0,-900000.0,547000000.0,547000000.0,547000000.0,0.0,0.0,0.951,-392800000.0,816700000.0,540500000.0,0.0,4.729,11.928,12.043,422500000.0,0.0,14.307,4.253,4.258,335100000.0,2638100000.0,575100000.0,575100000.0,89100000.0,,,,,11900000.0,215500000.0,1.0,632962890.0,633600000.0,644400000.0,0.908,2912800000.0,112700000.0,266200000.0,0.0,4.597,
29,EW,MRQ,2014-03-31,2014-03-31,2014-03-31,2021-08-02,-32400000.0,2651700000.0,,1603300000.0,1048400000.0,,2.094,-14300000.0,295700000.0,295700000.0,145900000.0,60300000.0,,0.978,725400000.0,725400000.0,,725400000.0,0.0,16200000.0,0.0,0.0,0.0,80800000.0,97000000.0,0.186,97000000.0,80800000.0,77300000.0,0.095,0.093,0.095,1340800000.0,,1340800000.0,8126945852.0,20.0,17.059,124600000.0,0.195,1.0,376500000.0,0.721,417000000.0,3500000.0,2664400000.0,,308000000.0,631100000.0,535900000.0,95200000.0,1310900000.0,,,7954245852.0,-124700000.0,-700000.0,-285800000.0,130000000.0,0.0,-143800000.0,-119800000.0,-105400000.0,138900000.0,0.0,60300000.0,60300000.0,60300000.0,0.0,0.0,0.115,296000000.0,80500000.0,356200000.0,0.0,5.932,26.037,26.7,418700000.0,0.0,12.362,3.84,3.821,311000000.0,2091100000.0,522400000.0,522400000.0,85800000.0,,,,,12000000.0,197200000.0,1.0,643443282.0,640200000.0,651000000.0,0.816,2234700000.0,111800000.0,17000000.0,0.0,3.491,
30,EW,MRQ,2013-12-31,2013-12-31,2013-12-31,2021-08-02,-27600000.0,2709900000.0,,1725800000.0,984100000.0,,2.355,-17800000.0,420400000.0,420400000.0,143800000.0,75100000.0,4.994,0.755,593100000.0,0.0,593100000.0,593100000.0,0.0,17100000.0,0.0,0.0,0.0,108900000.0,126000000.0,0.235,126000000.0,108900000.0,100300000.0,0.115,0.113,0.115,1544400000.0,,1544400000.0,7255673216.0,14.0,12.426,93500000.0,0.143,1.0,392200000.0,0.732,418900000.0,8600000.0,2118100000.0,,308900000.0,538400000.0,516500000.0,21900000.0,1165500000.0,345600000.0,819900000.0,7194573216.0,-50600000.0,-1200000.0,-14100000.0,64300000.0,0.0,80500000.0,-246900000.0,-226500000.0,111300000.0,4500000.0,75100000.0,75100000.0,75100000.0,0.0,0.0,0.14,288300000.0,103900000.0,345600000.0,0.0,4.658,18.49,18.897,421600000.0,0.0,10.96,3.517,3.591,335300000.0,2030800000.0,536000000.0,536000000.0,78600000.0,,,,,11500000.0,186600000.0,1.0,656439162.0,655800000.0,666600000.0,0.817,2291000000.0,112400000.0,25200000.0,126400000.0,3.493,1380200000.0
31,EW,MRQ,2013-09-30,2013-09-30,2013-09-30,2021-08-02,-42900000.0,2530600000.0,,1570400000.0,960200000.0,,2.158,-22600000.0,471000000.0,471000000.0,128200000.0,76800000.0,,0.761,532100000.0,532100000.0,,532100000.0,0.0,17000000.0,0.0,0.0,0.0,100800000.0,117800000.0,0.238,117800000.0,100800000.0,99800000.0,0.115,0.113,0.115,1437400000.0,,1437400000.0,7672142670.0,14.0,12.927,109600000.0,0.165,1.0,367400000.0,0.741,446900000.0,1000000.0,2144800000.0,,313900000.0,307300000.0,286600000.0,20700000.0,1093200000.0,,,7817542670.0,98300000.0,100000.0,-218100000.0,305100000.0,0.0,68600000.0,-106500000.0,-80400000.0,132200000.0,4000000.0,76800000.0,76800000.0,76800000.0,0.0,0.0,0.155,266200000.0,101200000.0,335100000.0,0.0,5.439,19.379,19.57,409000000.0,0.0,11.605,3.87,3.826,338900000.0,1969800000.0,495600000.0,495600000.0,84100000.0,,,,,11900000.0,177800000.0,1.0,673635732.0,666000000.0,677400000.0,0.744,2083700000.0,82800000.0,23000000.0,0.0,3.129,
32,EW,MRQ,2013-06-30,2013-06-30,2013-06-30,2021-08-02,-48000000.0,2339700000.0,,1390600000.0,949100000.0,,2.338,-29500000.0,372700000.0,372700000.0,123600000.0,93300000.0,,0.481,227300000.0,227300000.0,,227300000.0,0.0,14700000.0,0.0,0.0,0.0,120900000.0,135600000.0,0.262,135600000.0,120900000.0,120500000.0,0.138,0.135,0.138,1579800000.0,,1579800000.0,7382229398.0,14.0,12.658,98600000.0,0.146,1.0,393600000.0,0.761,446100000.0,400000.0,1748200000.0,,299500000.0,224200000.0,202300000.0,21900000.0,759900000.0,,,7591029398.0,-28800000.0,-100000.0,-125300000.0,34700000.0,0.0,-89300000.0,-73000000.0,-43700000.0,128100000.0,5400000.0,93300000.0,93300000.0,93300000.0,0.0,0.0,0.18,272600000.0,121000000.0,314200000.0,0.0,4.805,19.179,19.377,399200000.0,0.0,11.2,3.849,3.836,354800000.0,1892900000.0,517200000.0,517200000.0,80500000.0,,,,,12800000.0,186600000.0,1.0,677770482.0,675600000.0,688200000.0,0.766,1893600000.0,77400000.0,27200000.0,0.0,2.803,
33,EW,MRQ,2013-03-31,2013-03-31,2013-03-31,2021-08-02,-52000000.0,2296600000.0,,1360700000.0,935900000.0,,2.33,-36800000.0,401500000.0,401500000.0,121000000.0,143900000.0,,0.443,192700000.0,192700000.0,,192700000.0,0.0,14100000.0,0.0,0.0,0.0,190400000.0,204500000.0,0.412,204500000.0,190400000.0,190600000.0,0.21,0.207,0.21,1592000000.0,,1592000000.0,9252681860.0,19.0,16.78,64300000.0,0.094,1.0,375700000.0,0.756,445700000.0,-200000.0,1642100000.0,,288500000.0,178900000.0,156400000.0,22500000.0,704600000.0,,,9374281860.0,90600000.0,-1500000.0,-93900000.0,5500000.0,0.0,-24900000.0,13700000.0,52400000.0,101100000.0,700000.0,143900000.0,143900000.0,143900000.0,0.0,0.0,0.29,184100000.0,191600000.0,300400000.0,0.0,5.888,25.315,25.452,385400000.0,0.0,13.693,4.839,4.831,340500000.0,1798800000.0,496700000.0,496700000.0,79800000.0,,,,,11200000.0,182400000.0,1.0,684603948.0,683400000.0,699000000.0,0.727,1850900000.0,80800000.0,46700000.0,0.0,2.708,
34,EW,MRQ,2012-12-31,2012-12-31,2012-12-31,2021-08-02,-37900000.0,2221500000.0,,1291900000.0,929600000.0,,2.146,-43700000.0,310900000.0,310900000.0,122200000.0,89400000.0,3.719,0.502,189300000.0,0.0,189300000.0,189300000.0,0.0,11500000.0,0.0,0.0,0.0,124100000.0,135600000.0,0.266,135600000.0,124100000.0,119300000.0,0.13,0.125,0.13,1479300000.0,,1479300000.0,10275974630.0,26.0,23.025,71000000.0,0.103,1.0,388300000.0,0.761,451700000.0,4800000.0,1300800000.0,,281000000.0,231600000.0,210500000.0,21100000.0,742200000.0,347400000.0,394800000.0,10406374630.0,5100000.0,-36200000.0,-167100000.0,13200000.0,0.0,-146900000.0,27400000.0,107300000.0,114700000.0,9900000.0,89400000.0,89400000.0,89400000.0,0.0,0.0,0.175,268300000.0,120000000.0,347400000.0,0.0,7.035,35.699,35.527,373300000.0,0.0,15.028,5.478,5.454,357400000.0,1653900000.0,510500000.0,510500000.0,74900000.0,,,,,10800000.0,170000000.0,1.0,692465706.0,689400000.0,708000000.0,0.74,1769800000.0,90700000.0,29900000.0,110700000.0,2.567,944500000.0
35,EW,MRQ,2012-09-30,2012-09-30,2012-09-30,2021-08-02,-37100000.0,2195800000.0,,1387700000.0,808100000.0,,2.213,-23100000.0,305800000.0,305800000.0,111700000.0,69200000.0,,0.429,175400000.0,175400000.0,,175400000.0,0.0,14400000.0,0.0,0.0,0.0,93100000.0,107500000.0,0.24,107500000.0,93100000.0,93400000.0,0.1,0.097,0.1,1536300000.0,,1536300000.0,12304988773.0,36.0,30.979,108200000.0,0.156,1.0,336200000.0,0.751,409400000.0,-300000.0,1656000000.0,,286000000.0,340100000.0,316700000.0,23400000.0,659500000.0,,,12424188773.0,1500000.0,-1400000.0,1900000.0,-9800000.0,0.0,-500000.0,-131900000.0,-107400000.0,131300000.0,2600000.0,69200000.0,69200000.0,69200000.0,0.0,0.0,0.154,241600000.0,94600000.0,298600000.0,0.0,8.087,46.848,46.24,328700000.0,0.0,17.895,6.829,6.828,335100000.0,1562800000.0,447900000.0,447900000.0,73800000.0,,,,,10900000.0,167800000.0,1.0,694282692.0,694200000.0,714000000.0,0.645,1786400000.0,53300000.0,24200000.0,0.0,2.573,
36,EW,MRQ,2012-06-30,2012-06-30,2012-06-30,2021-08-02,-51000000.0,2075100000.0,,1278800000.0,796300000.0,,2.081,-21200000.0,304300000.0,304300000.0,129800000.0,67800000.0,,0.446,185100000.0,185100000.0,,185100000.0,0.0,14000000.0,0.0,0.0,0.0,89800000.0,103800000.0,0.215,103800000.0,89800000.0,89900000.0,0.098,0.095,0.098,1434600000.0,,1434600000.0,11804385651.0,39.0,32.681,125600000.0,0.182,1.0,352200000.0,0.731,411500000.0,-100000.0,1544400000.0,,265400000.0,223800000.0,201700000.0,22100000.0,640500000.0,,,11838285651.0,91000000.0,-400000.0,-14200000.0,5000000.0,0.0,-5100000.0,-42700000.0,-15000000.0,146800000.0,-8000000.0,67800000.0,67800000.0,67800000.0,0.0,0.0,0.141,263400000.0,88800000.0,284300000.0,0.0,8.252,47.812,47.561,315800000.0,0.0,17.217,6.635,6.653,347300000.0,1493600000.0,482000000.0,482000000.0,74000000.0,,,,,11200000.0,182400000.0,1.0,687592824.0,689400000.0,710400000.0,0.699,1663600000.0,46200000.0,22100000.0,0.0,2.413,
37,EW,MRQ,2012-03-31,2012-03-31,2012-03-31,2021-08-02,-24600000.0,2004200000.0,,1188000000.0,816200000.0,,2.033,-18000000.0,213300000.0,213300000.0,127300000.0,65100000.0,,0.442,179400000.0,179400000.0,,179400000.0,0.0,13800000.0,0.0,0.0,0.0,85600000.0,99400000.0,0.216,99400000.0,85600000.0,85600000.0,0.095,0.092,0.095,1390300000.0,,1390300000.0,8341963908.0,29.0,24.18,-48700000.0,-0.071,1.0,331900000.0,0.723,414900000.0,0.0,1555400000.0,,268300000.0,218100000.0,196200000.0,21900000.0,613900000.0,,,8362763908.0,42100000.0,2200000.0,-64600000.0,31100000.0,0.0,-3100000.0,68400000.0,84200000.0,-30700000.0,7500000.0,65100000.0,65100000.0,65100000.0,0.0,0.0,0.142,245800000.0,86100000.0,265200000.0,0.0,6.015,35.152,34.833,308200000.0,0.0,12.122,4.825,4.784,368100000.0,1425800000.0,459200000.0,459200000.0,68600000.0,,,,,9200000.0,177200000.0,1.0,689883180.0,684000000.0,708000000.0,0.671,1589300000.0,55600000.0,20500000.0,0.0,2.324,
38,EW,MRQ,2011-12-31,2011-12-31,2011-12-31,2021-08-02,-37500000.0,1980500000.0,,1168500000.0,812000000.0,,1.956,-26000000.0,171200000.0,171200000.0,119600000.0,63100000.0,3.486,0.48,150400000.0,0.0,150400000.0,150400000.0,0.0,14800000.0,0.0,0.0,0.0,71700000.0,86500000.0,0.201,86500000.0,71700000.0,68600000.0,0.093,0.088,0.093,1337900000.0,,1337900000.0,7788787146.0,27.0,22.596,67400000.0,0.099,1.0,310600000.0,0.722,416700000.0,3100000.0,1207800000.0,,261300000.0,301100000.0,279300000.0,21800000.0,642600000.0,335200000.0,307400000.0,8064887146.0,-72800000.0,-100000.0,-29200000.0,-24400000.0,0.0,-53600000.0,-108300000.0,-76800000.0,93400000.0,-4300000.0,63100000.0,63100000.0,63100000.0,0.0,0.0,0.147,241700000.0,68900000.0,319800000.0,0.0,6.028,34.072,34.154,304300000.0,0.0,11.783,4.805,4.827,345300000.0,1360700000.0,430200000.0,430200000.0,60700000.0,,,,,9000000.0,163400000.0,1.0,684451086.0,684000000.0,709200000.0,0.629,1563800000.0,63900000.0,5500000.0,15400000.0,2.286,833300000.0
39,EW,MRQ,2011-09-30,2011-09-30,2011-09-30,2021-08-02,-23200000.0,1982900000.0,,1181900000.0,801000000.0,,1.97,-19500000.0,451100000.0,451100000.0,125600000.0,51600000.0,3.914,0.464,175000000.0,0.0,175000000.0,175000000.0,0.0,13900000.0,0.0,0.0,0.0,57600000.0,71500000.0,0.173,71500000.0,57600000.0,57600000.0,0.075,0.072,0.075,1354600000.0,,1354600000.0,7900600455.0,28.0,22.9,95900000.0,0.139,1.0,287100000.0,0.696,420000000.0,0.0,984800000.0,,247900000.0,21400000.0,0.0,21400000.0,628300000.0,302000000.0,326300000.0,8194000455.0,68400000.0,2000000.0,-89100000.0,-400000.0,0.0,-97200000.0,55300000.0,72900000.0,115400000.0,-5100000.0,51600000.0,51600000.0,51600000.0,0.0,0.0,0.125,227200000.0,59900000.0,302000000.0,0.0,6.049,34.371,34.138,286400000.0,0.0,11.88,4.994,4.978,346800000.0,1297600000.0,412700000.0,412700000.0,61700000.0,,,,,10500000.0,165500000.0,1.0,689730678.0,687600000.0,714000000.0,0.6,1562900000.0,73900000.0,6000000.0,0.0,2.273,879900000.0
40,EW,MRQ,2011-06-30,2011-06-30,2011-06-30,2021-08-02,-9500000.0,2002400000.0,,1216800000.0,785600000.0,,2.011,-13300000.0,468200000.0,468200000.0,127800000.0,58100000.0,3.884,0.446,174800000.0,0.0,174800000.0,174800000.0,0.0,14800000.0,0.0,0.0,0.0,72800000.0,87600000.0,0.203,87600000.0,72800000.0,72800000.0,0.085,0.08,0.085,1385200000.0,,1385200000.0,9713423415.0,33.0,27.478,71200000.0,0.103,1.0,303400000.0,0.704,422800000.0,0.0,972900000.0,,229400000.0,24800000.0,0.0,24800000.0,617200000.0,313300000.0,303900000.0,9997723415.0,-149600000.0,-100000.0,-63000000.0,23900000.0,0.0,-43900000.0,-195400000.0,-180100000.0,84500000.0,5200000.0,58100000.0,58100000.0,58100000.0,0.0,0.0,0.135,232100000.0,71300000.0,313300000.0,0.0,7.218,42.58,42.362,281000000.0,0.0,14.53,6.34,6.346,364100000.0,1246000000.0,431200000.0,431200000.0,64900000.0,,,,,7800000.0,163200000.0,1.0,688074564.0,688800000.0,720000000.0,0.626,1579600000.0,102900000.0,14700000.0,0.0,2.293,903500000.0
41,EW,MRQ,2011-03-31,2011-03-31,2011-03-31,2021-08-02,-15500000.0,1931100000.0,,1150300000.0,780800000.0,,1.97,-13900000.0,433800000.0,433800000.0,116800000.0,63900000.0,2.584,0.422,149500000.0,149500000.0,0.0,149500000.0,0.0,14500000.0,0.0,0.0,0.0,84600000.0,99100000.0,0.245,99100000.0,84600000.0,84600000.0,0.093,0.088,0.093,1357800000.0,,1357800000.0,9637714119.0,33.0,27.814,1000000.0,0.001,1.0,287700000.0,0.711,426200000.0,0.0,775400000.0,,217700000.0,27300000.0,0.0,27300000.0,573300000.0,445200000.0,128100000.0,9992014119.0,-70900000.0,-37600000.0,-62600000.0,105300000.0,0.0,59500000.0,-158100000.0,-106300000.0,14900000.0,12800000.0,63900000.0,63900000.0,63900000.0,0.0,0.0,0.158,209300000.0,78400000.0,295700000.0,0.0,7.359,42.664,42.274,274300000.0,0.0,14.5,6.613,6.616,354200000.0,1187900000.0,404500000.0,404500000.0,59000000.0,,,,,7700000.0,150300000.0,1.0,689104422.0,689400000.0,723000000.0,0.587,1504900000.0,97000000.0,20700000.0,0.0,2.183,705100000.0
42,EW,MRQ,2010-12-31,2010-12-31,2010-12-31,2021-08-02,-42100000.0,1767200000.0,,1032600000.0,734600000.0,,1.903,-20200000.0,396100000.0,396100000.0,113500000.0,64800000.0,3.057,0.351,41800000.0,41800000.0,0.0,41800000.0,0.0,15400000.0,0.0,0.0,0.0,71400000.0,86800000.0,0.221,86800000.0,71400000.0,70100000.0,0.095,0.09,0.095,1308200000.0,,1308200000.0,8969574921.0,33.0,27.422,73800000.0,0.107,1.0,278900000.0,0.711,382300000.0,1300000.0,692800000.0,,203600000.0,25000000.0,0.0,25000000.0,459000000.0,337800000.0,121200000.0,9229974921.0,35100000.0,-2800000.0,18300000.0,-57600000.0,0.0,-26600000.0,-23100000.0,-100000.0,94000000.0,-9200000.0,64800000.0,64800000.0,64800000.0,0.0,0.0,0.165,208800000.0,70100000.0,273700000.0,0.0,7.055,42.339,42.103,269800000.0,0.0,13.473,6.379,6.352,302500000.0,1124000000.0,392400000.0,392400000.0,55900000.0,,,,,6900000.0,142400000.0,1.0,685071990.0,687600000.0,720600000.0,0.571,1384900000.0,76800000.0,5300000.0,22300000.0,2.014,694800000.0
43,EW,MRQ,2010-09-30,2010-09-30,2010-09-30,2021-08-02,-24200000.0,1725400000.0,,992400000.0,733000000.0,,1.81,-14900000.0,361000000.0,361000000.0,95800000.0,48000000.0,2.597,0.399,100600000.0,100600000.0,0.0,100600000.0,0.0,13400000.0,0.0,0.0,0.0,66600000.0,80000000.0,0.229,80000000.0,66600000.0,66200000.0,0.07,0.067,0.07,1233500000.0,,1233500000.0,7457354512.0,28.0,23.399,81500000.0,0.12,1.0,253100000.0,0.725,386900000.0,400000.0,695900000.0,,212200000.0,22300000.0,0.0,22300000.0,491900000.0,382200000.0,109700000.0,7600154512.0,40700000.0,-700000.0,19700000.0,-79600000.0,0.0,-56600000.0,-15200000.0,400000.0,96400000.0,16100000.0,48000000.0,48000000.0,48000000.0,0.0,0.0,0.138,189600000.0,63500000.0,281600000.0,0.0,6.161,37.849,37.881,260300000.0,0.0,11.175,5.424,5.436,303400000.0,1059200000.0,348900000.0,348900000.0,52700000.0,,,,,8600000.0,133000000.0,1.0,680103312.0,681600000.0,713400000.0,0.512,1338500000.0,95600000.0,18200000.0,0.0,1.964,610200000.0
44,EW,MRQ,2010-06-30,2010-06-30,2010-06-30,2021-08-02,-53000000.0,1641900000.0,,918900000.0,723000000.0,,1.643,-14200000.0,320300000.0,320300000.0,100400000.0,57500000.0,,0.469,177500000.0,177500000.0,,177500000.0,0.0,13700000.0,0.0,0.0,0.0,66900000.0,80600000.0,0.221,80600000.0,66900000.0,66400000.0,0.085,0.08,0.085,1117800000.0,,1117800000.0,6156097133.0,21.0,17.644,33800000.0,0.05,1.0,264800000.0,0.725,389500000.0,500000.0,1109600000.0,,182300000.0,21900000.0,0.0,21900000.0,524100000.0,,,6347997133.0,-900000.0,-2400000.0,-81200000.0,48700000.0,0.0,-14300000.0,-16700000.0,-100000.0,48000000.0,-17900000.0,57500000.0,57500000.0,57500000.0,0.0,0.0,0.157,199500000.0,65300000.0,247700000.0,0.0,5.679,28.051,28.039,249800000.0,0.0,9.337,4.606,4.61,294000000.0,1011200000.0,365200000.0,365200000.0,50600000.0,,,,,6300000.0,140600000.0,1.0,679875456.0,680400000.0,712800000.0,0.537,1252400000.0,87800000.0,8900000.0,0.0,1.841,
45,EW,MRQ,2010-03-31,2010-03-31,2010-03-31,2021-08-02,-24900000.0,1604400000.0,,872700000.0,731700000.0,,1.695,-5900000.0,321200000.0,321200000.0,98600000.0,47700000.0,,0.393,129300000.0,129300000.0,,129300000.0,0.0,14000000.0,0.0,0.0,0.0,65700000.0,79700000.0,0.234,79700000.0,65700000.0,65500000.0,0.07,0.067,0.07,1151500000.0,,1151500000.0,5348747097.0,19.0,15.45,7100000.0,0.01,1.0,241900000.0,0.71,398800000.0,200000.0,1013700000.0,,174600000.0,21900000.0,0.0,21900000.0,452900000.0,,,5592547097.0,-12900000.0,1200000.0,-64700000.0,40100000.0,0.0,-6400000.0,-6500000.0,-600000.0,13000000.0,-13000000.0,47700000.0,47700000.0,47700000.0,0.0,0.0,0.14,179200000.0,62700000.0,242200000.0,0.0,4.857,25.856,25.912,247200000.0,0.0,8.24,4.148,4.151,278600000.0,953700000.0,340500000.0,340500000.0,45200000.0,,,,,7500000.0,134000000.0,1.0,678707172.0,679200000.0,714000000.0,0.501,1205600000.0,94700000.0,17800000.0,0.0,1.775,
46,EW,MRQ,2009-12-31,2009-12-31,2009-12-31,2021-08-02,-7900000.0,1615500000.0,,889200000.0,726300000.0,,1.706,-116100000.0,334100000.0,334100000.0,101700000.0,47600000.0,3.061,0.395,90300000.0,0.0,90300000.0,90300000.0,0.0,14200000.0,0.0,0.0,0.0,64200000.0,78400000.0,0.226,78400000.0,64200000.0,62400000.0,0.07,0.067,0.07,1157900000.0,,1157900000.0,4728067052.0,15.0,12.925,-50200000.0,-0.074,1.0,245000000.0,0.707,401900000.0,1800000.0,679300000.0,,165900000.0,22300000.0,0.0,22300000.0,457600000.0,290500000.0,167100000.0,4913367052.0,46500000.0,500000.0,6900000.0,-11700000.0,0.0,3900000.0,-15900000.0,1800000.0,65900000.0,-7400000.0,47600000.0,47600000.0,47600000.0,0.0,0.0,0.137,184300000.0,60700000.0,51100000.0,0.0,4.243,21.446,21.288,252000000.0,0.0,7.238,3.718,3.697,272100000.0,906000000.0,346700000.0,346700000.0,48300000.0,,,,,7800000.0,132300000.0,1.0,678829380.0,678600000.0,712200000.0,0.511,1213600000.0,85400000.0,14800000.0,35900000.0,1.788,598700000.0
47,EW,MRQ,2009-09-30,2009-09-30,2009-09-30,2021-08-02,-6500000.0,1602100000.0,,877200000.0,724900000.0,,1.613,49800000.0,287600000.0,287600000.0,98500000.0,73500000.0,,0.469,102300000.0,102300000.0,,102300000.0,0.0,15400000.0,0.0,0.0,0.0,94800000.0,110200000.0,0.338,110200000.0,94800000.0,94200000.0,0.108,0.105,0.108,1090400000.0,,1090400000.0,3875161423.0,14.0,11.314,121300000.0,0.179,1.0,227200000.0,0.698,406200000.0,600000.0,1010600000.0,,168700000.0,26700000.0,1900000.0,24800000.0,511700000.0,,,3944361423.0,104500000.0,-500000.0,-14400000.0,-14500000.0,0.0,-26300000.0,53300000.0,4000000.0,71500000.0,6000000.0,73500000.0,73500000.0,73500000.0,0.0,0.0,0.226,132600000.0,94600000.0,296300000.0,0.0,3.617,17.962,17.981,240700000.0,0.0,5.826,3.071,3.067,280500000.0,858400000.0,325700000.0,325700000.0,44700000.0,,,,,7900000.0,126100000.0,1.0,677027364.0,676200000.0,705000000.0,0.482,1195900000.0,84300000.0,20700000.0,0.0,1.769,
48,EW,MRQ,2009-06-30,2009-06-30,2009-06-30,2021-08-02,-23700000.0,1465100000.0,,745600000.0,719500000.0,,1.487,-13600000.0,183100000.0,183100000.0,101900000.0,47500000.0,,0.461,113900000.0,113900000.0,,113900000.0,0.0,14900000.0,0.0,0.0,0.0,63000000.0,77900000.0,0.232,77900000.0,63000000.0,62800000.0,0.07,0.068,0.07,1003100000.0,,1003100000.0,3786177868.0,16.0,13.087,50300000.0,0.075,1.0,233600000.0,0.696,407000000.0,200000.0,988900000.0,,160900000.0,25500000.0,5200000.0,20300000.0,462000000.0,,,3809877868.0,36400000.0,-1900000.0,-11200000.0,-10700000.0,0.0,-15500000.0,-14600000.0,900000.0,63900000.0,2600000.0,47500000.0,47500000.0,47500000.0,0.0,0.0,0.142,172600000.0,61000000.0,245100000.0,0.0,3.798,21.284,21.392,239100000.0,0.0,5.669,3.018,3.029,274500000.0,784900000.0,335500000.0,335500000.0,42600000.0,,,,,5700000.0,128500000.0,1.0,672054660.0,674400000.0,702000000.0,0.497,1058100000.0,74700000.0,15300000.0,0.0,1.569,
49,EW,MRQ,2009-03-31,2009-03-31,2009-03-31,2021-08-02,-33800000.0,1358900000.0,,649000000.0,709900000.0,,1.404,15900000.0,146700000.0,146700000.0,97000000.0,60500000.0,,0.441,123000000.0,123000000.0,,123000000.0,0.0,14200000.0,0.0,0.0,0.0,85100000.0,99300000.0,0.317,99300000.0,85100000.0,85000000.0,0.09,0.086,0.09,943300000.0,,943300000.0,3344852447.0,15.0,12.036,-20100000.0,-0.03,1.0,216500000.0,0.691,408300000.0,100000.0,926900000.0,,146100000.0,20300000.0,3700000.0,16600000.0,415600000.0,,,3388052447.0,-72000000.0,-1600000.0,-10100000.0,-47700000.0,0.0,-53900000.0,17300000.0,3000000.0,-36000000.0,600000.0,60500000.0,60500000.0,60500000.0,0.0,0.0,0.193,131000000.0,85500000.0,200200000.0,0.0,3.592,19.79,19.816,229800000.0,0.0,5.053,2.701,2.707,255800000.0,737400000.0,313500000.0,313500000.0,39900000.0,,,,,6900000.0,121900000.0,1.0,670503156.0,672000000.0,702000000.0,0.467,950600000.0,72500000.0,24500000.0,0.0,1.415,
50,EW,MRQ,2008-12-31,2008-12-31,2008-12-31,2021-08-02,-35400000.0,1400200000.0,,691900000.0,708300000.0,,1.308,-17700000.0,218700000.0,218700000.0,98800000.0,38100000.0,2.677,0.593,175500000.0,0.0,175500000.0,175500000.0,0.0,14300000.0,0.0,0.0,0.0,40800000.0,55100000.0,0.178,55100000.0,40800000.0,34000000.0,0.056,0.055,0.056,878800000.0,,878800000.0,3058961567.0,18.0,13.464,62800000.0,0.093,1.0,210900000.0,0.681,412600000.0,6800000.0,685900000.0,,151800000.0,22800000.0,8100000.0,14700000.0,521400000.0,258500000.0,262900000.0,3058561567.0,16300000.0,-200000.0,-7900000.0,-40000000.0,0.0,-45600000.0,-16800000.0,5100000.0,80500000.0,-1800000.0,38100000.0,38100000.0,38100000.0,0.0,0.0,0.123,171800000.0,39100000.0,65600000.0,0.0,3.48,23.728,23.849,230100000.0,0.0,4.579,2.471,2.479,204700000.0,676900000.0,309700000.0,309700000.0,35800000.0,,,,,7700000.0,120200000.0,1.0,667954044.0,672000000.0,697200000.0,0.461,987600000.0,80100000.0,-4100000.0,6200000.0,1.47,433400000.0
51,EW,MRQ,2008-09-30,2008-09-30,2008-09-30,2021-08-02,5000000.0,1381200000.0,,676300000.0,704900000.0,,1.301,-12200000.0,202400000.0,202400000.0,104900000.0,32900000.0,2.942,0.579,202800000.0,0.0,202800000.0,202800000.0,0.0,13800000.0,0.0,0.0,0.0,43200000.0,57000000.0,0.188,57000000.0,43200000.0,43600000.0,0.049,0.047,0.049,874500000.0,,874500000.0,3200987908.0,20.0,14.993,1600000.0,0.002,1.0,198700000.0,0.654,423600000.0,-400000.0,728100000.0,,143800000.0,32400000.0,12100000.0,20300000.0,506700000.0,229900000.0,276800000.0,3247487908.0,14200000.0,2700000.0,-55300000.0,59700000.0,0.0,7200000.0,-2200000.0,7300000.0,13800000.0,-4600000.0,32900000.0,32900000.0,32900000.0,0.0,0.0,0.108,154400000.0,44300000.0,229900000.0,0.0,3.714,30.464,30.27,224000000.0,0.0,4.813,2.66,2.649,213600000.0,639400000.0,303600000.0,303600000.0,35100000.0,,,,,8200000.0,119300000.0,1.0,674732580.0,672000000.0,708000000.0,0.452,957600000.0,47700000.0,10700000.0,0.0,1.425,446400000.0
52,EW,MRQ,2008-06-30,2008-06-30,2008-06-30,2021-08-02,19200000.0,1348300000.0,,635100000.0,713200000.0,,1.35,-11600000.0,188200000.0,188200000.0,113000000.0,39700000.0,2.803,0.503,141700000.0,0.0,141700000.0,141700000.0,0.0,14000000.0,0.0,0.0,0.0,52500000.0,66500000.0,0.203,66500000.0,52500000.0,52100000.0,0.06,0.056,0.06,897300000.0,,897300000.0,3453181679.0,22.0,16.467,17400000.0,0.026,1.0,214600000.0,0.655,425300000.0,400000.0,649900000.0,,136800000.0,47000000.0,19900000.0,27100000.0,451000000.0,226600000.0,224400000.0,3403181679.0,25300000.0,500000.0,-85700000.0,81500000.0,0.0,2900000.0,-5100000.0,6400000.0,29000000.0,-1500000.0,39700000.0,39700000.0,39700000.0,0.0,0.0,0.121,161100000.0,53500000.0,226600000.0,0.0,3.793,33.105,33.791,224600000.0,0.0,5.17,2.887,2.916,173300000.0,606500000.0,327600000.0,327600000.0,35400000.0,,,,,6200000.0,126500000.0,1.0,658255644.0,664800000.0,722400000.0,0.493,923000000.0,47800000.0,12400000.0,0.0,1.388,408500000.0
53,EW,MRQ,2008-03-31,2008-03-31,2008-03-31,2021-08-02,17200000.0,1310300000.0,,591600000.0,718700000.0,,1.155,-9100000.0,162900000.0,162900000.0,102900000.0,18200000.0,1.511,0.685,212900000.0,150000000.0,62900000.0,212900000.0,0.0,13500000.0,0.0,0.0,0.0,35100000.0,48600000.0,0.164,48600000.0,35100000.0,34700000.0,0.027,0.026,0.027,777600000.0,,777600000.0,2595774605.0,17.0,12.718,20800000.0,0.031,1.0,193900000.0,0.653,427600000.0,400000.0,541100000.0,,139500000.0,54700000.0,26700000.0,28000000.0,532700000.0,391600000.0,141100000.0,2525874605.0,21100000.0,1400000.0,-93800000.0,-7000000.0,0.0,-98600000.0,82900000.0,16600000.0,29900000.0,6900000.0,18200000.0,18200000.0,18200000.0,0.0,0.0,0.061,157600000.0,36300000.0,241600000.0,0.0,3.248,25.774,25.965,223600000.0,0.0,3.713,2.248,2.224,155300000.0,566800000.0,296800000.0,296800000.0,32900000.0,,,,,6600000.0,114600000.0,1.0,680278644.0,673200000.0,702000000.0,0.441,882700000.0,54500000.0,16500000.0,0.0,1.311,200000000.0
54,EW,MRQ,2007-12-31,2007-12-31,2007-12-31,2021-08-02,7500000.0,1349800000.0,,586400000.0,763400000.0,,1.227,-13900000.0,141800000.0,141800000.0,99600000.0,15800000.0,1.543,0.617,211700000.0,150000000.0,61700000.0,211700000.0,0.0,13700000.0,0.0,0.0,0.0,27700000.0,41400000.0,0.141,41400000.0,27700000.0,19600000.0,0.023,0.023,0.023,835000000.0,,835000000.0,2643711413.0,17.0,12.371,65200000.0,0.096,1.0,193400000.0,0.66,472800000.0,8100000.0,566800000.0,,152600000.0,83700000.0,49400000.0,34300000.0,514800000.0,380100000.0,134700000.0,2608211413.0,-33900000.0,-26900000.0,-17600000.0,-700000.0,0.0,-18300000.0,-94900000.0,-51400000.0,79100000.0,200000.0,15800000.0,15800000.0,15800000.0,0.0,0.0,0.054,173800000.0,19600000.0,63900000.0,0.0,3.124,23.082,23.372,228200000.0,0.0,3.833,2.39,2.416,145300000.0,548600000.0,293000000.0,293000000.0,33500000.0,,,,,6800000.0,114500000.0,1.0,680462148.0,680400000.0,741600000.0,0.431,877000000.0,44000000.0,3800000.0,4700000.0,1.289,206300000.0
55,EW,MRQ,2007-09-30,2007-09-30,2007-09-30,2021-08-02,2900000.0,1299700000.0,,564800000.0,734900000.0,,1.202,-15700000.0,175700000.0,175700000.0,90700000.0,29100000.0,1.619,0.578,211200000.0,150000000.0,61200000.0,211200000.0,0.0,14000000.0,0.0,0.0,0.0,39200000.0,53200000.0,0.204,53200000.0,39200000.0,38800000.0,0.043,0.04,0.043,823800000.0,,823800000.0,2866938625.0,18.0,13.103,43800000.0,0.064,1.0,170700000.0,0.653,444700000.0,400000.0,541700000.0,,158300000.0,36800000.0,0.0,36800000.0,475900000.0,348800000.0,127100000.0,2824238625.0,10800000.0,-1200000.0,-35700000.0,-1600000.0,0.0,-36100000.0,-14500000.0,-100000.0,59500000.0,1900000.0,29100000.0,29100000.0,29100000.0,0.0,0.0,0.111,131600000.0,39100000.0,198800000.0,0.0,3.428,23.955,24.029,228000000.0,0.0,4.109,2.655,2.647,136700000.0,532800000.0,261400000.0,261400000.0,30900000.0,,,,,7500000.0,103200000.0,1.0,687329916.0,685200000.0,748800000.0,0.381,855000000.0,33600000.0,9700000.0,0.0,1.248,216000000.0
56,EW,MRQ,2007-06-30,2007-06-30,2007-06-30,2021-08-02,-8900000.0,1251800000.0,,541200000.0,710600000.0,,1.17,-13800000.0,164900000.0,164900000.0,94700000.0,34900000.0,1.672,0.55,207600000.0,150000000.0,57600000.0,207600000.0,0.0,13700000.0,0.0,0.0,0.0,47200000.0,60900000.0,0.223,60900000.0,47200000.0,46800000.0,0.051,0.048,0.051,807500000.0,,807500000.0,2888041005.0,18.0,13.315,24400000.0,0.035,1.0,177900000.0,0.653,445200000.0,400000.0,525700000.0,,143500000.0,25100000.0,0.0,25100000.0,444300000.0,323600000.0,120700000.0,2843741005.0,-15300000.0,-1000000.0,-25800000.0,-13800000.0,0.0,-36900000.0,-16200000.0,-400000.0,38200000.0,-400000.0,34900000.0,34900000.0,34900000.0,0.0,0.0,0.128,130800000.0,47100000.0,173600000.0,0.0,3.522,24.389,24.476,220200000.0,0.0,4.112,2.709,2.703,137400000.0,503700000.0,272600000.0,272600000.0,29100000.0,,,,,6500000.0,101700000.0,1.0,691571256.0,690000000.0,756000000.0,0.395,806600000.0,30200000.0,11900000.0,0.0,1.169,217600000.0
57,EW,MRQ,2007-03-31,2007-03-31,2007-03-31,2021-08-02,-13800000.0,1249200000.0,,542100000.0,707100000.0,,1.13,-13600000.0,180200000.0,180200000.0,93200000.0,33200000.0,,0.591,224500000.0,224500000.0,,224500000.0,0.0,13400000.0,0.0,0.0,0.0,44800000.0,58200000.0,0.22,58200000.0,44800000.0,44600000.0,0.048,0.045,0.048,785000000.0,,785000000.0,2987748834.0,19.0,13.813,22700000.0,0.033,1.0,170900000.0,0.647,446600000.0,200000.0,846900000.0,,141500000.0,22200000.0,0.0,22200000.0,464200000.0,,,2934648834.0,-2600000.0,-10400000.0,-13100000.0,-11800000.0,0.0,-16800000.0,-21800000.0,-200000.0,36300000.0,-300000.0,33200000.0,33200000.0,33200000.0,0.0,0.0,0.126,127400000.0,43500000.0,179400000.0,0.0,3.738,24.912,25.149,216700000.0,0.0,4.225,2.81,2.811,129300000.0,468800000.0,264100000.0,264100000.0,28800000.0,,,,,6900000.0,98600000.0,1.0,694591440.0,694800000.0,762000000.0,0.38,802600000.0,33100000.0,11400000.0,0.0,1.155,
58,EW,MRQ,2006-12-31,2006-12-31,2006-12-31,2021-08-02,-15800000.0,1246800000.0,,531600000.0,715200000.0,,1.084,-17400000.0,182800000.0,182800000.0,97400000.0,20700000.0,2.35,0.664,235900000.0,0.0,235900000.0,235900000.0,0.0,14600000.0,0.0,0.0,0.0,31900000.0,46500000.0,0.175,46500000.0,31900000.0,23700000.0,0.03,0.028,0.03,749400000.0,,749400000.0,2825017343.0,15.0,11.791,54500000.0,0.079,1.0,168200000.0,0.633,453800000.0,8200000.0,619900000.0,,142100000.0,20200000.0,0.0,20200000.0,497400000.0,226200000.0,271200000.0,2723317343.0,31500000.0,100000.0,-11400000.0,-17700000.0,0.0,-32300000.0,-9300000.0,-1900000.0,71900000.0,1200000.0,20700000.0,20700000.0,20700000.0,0.0,0.0,0.078,143100000.0,25100000.0,48900000.0,0.0,3.634,20.868,21.075,213000000.0,0.0,3.92,2.626,2.654,127100000.0,433900000.0,265600000.0,265600000.0,30000000.0,,,,,6800000.0,95100000.0,1.0,694723812.0,691200000.0,759600000.0,0.384,793000000.0,36300000.0,3000000.0,37000000.0,1.147,305400000.0
59,EW,MRQ,2006-09-30,2006-09-30,2006-09-30,2021-08-02,-19200000.0,1240300000.0,,524900000.0,715400000.0,,1.042,-16000000.0,151300000.0,151300000.0,87400000.0,27800000.0,,0.704,253000000.0,253000000.0,,253000000.0,0.0,13800000.0,0.0,0.0,0.0,37500000.0,51300000.0,0.207,51300000.0,37500000.0,36700000.0,0.04,0.037,0.04,727900000.0,,727900000.0,2833740741.0,14.0,11.113,44200000.0,0.063,1.0,160000000.0,0.647,460900000.0,800000.0,881100000.0,,148900000.0,14300000.0,0.0,14300000.0,512400000.0,,,2721240741.0,-15800000.0,-100000.0,-33000000.0,-26700000.0,0.0,-60800000.0,-15700000.0,0.0,60200000.0,500000.0,27800000.0,27800000.0,27800000.0,0.0,0.0,0.112,121800000.0,38200000.0,227500000.0,0.0,3.738,18.337,18.579,211500000.0,0.0,3.883,2.665,2.656,130200000.0,413200000.0,247400000.0,247400000.0,28100000.0,,,,,7100000.0,91700000.0,1.0,700808844.0,698400000.0,763200000.0,0.354,779400000.0,44700000.0,8900000.0,0.0,1.116,
60,EW,MRQ,2006-06-30,2006-06-30,2006-06-30,2021-08-02,-20400000.0,1259200000.0,,542300000.0,716900000.0,,1.024,-16000000.0,167100000.0,167100000.0,95700000.0,36100000.0,,0.743,279600000.0,279600000.0,,279600000.0,0.0,14200000.0,0.0,0.0,0.0,46100000.0,60300000.0,0.226,60300000.0,46100000.0,45500000.0,0.051,0.048,0.051,722400000.0,,722400000.0,2777771150.0,16.0,11.81,23600000.0,0.033,1.0,171600000.0,0.642,465200000.0,600000.0,906500000.0,,139000000.0,16000000.0,0.0,16000000.0,536800000.0,,,2678171150.0,-22100000.0,-700000.0,-46300000.0,-13600000.0,0.0,-55500000.0,-7500000.0,0.0,39600000.0,1300000.0,36100000.0,36100000.0,36100000.0,0.0,0.0,0.135,125200000.0,46400000.0,226500000.0,0.0,3.707,23.048,23.227,205700000.0,0.0,3.786,2.64,2.633,133700000.0,385400000.0,267300000.0,267300000.0,28900000.0,,,,,6900000.0,97000000.0,1.0,707388048.0,705600000.0,770400000.0,0.379,794000000.0,47600000.0,9400000.0,0.0,1.125,
61,EW,MRQ,2006-03-31,2006-03-31,2006-03-31,2021-08-02,-19600000.0,1239500000.0,,526100000.0,713400000.0,,1.017,-8000000.0,189200000.0,189200000.0,93100000.0,45900000.0,,0.713,288800000.0,288800000.0,,288800000.0,0.0,14200000.0,0.0,0.0,0.0,67300000.0,81500000.0,0.317,81500000.0,67300000.0,66400000.0,0.064,0.061,0.064,723500000.0,,723500000.0,2714435737.0,18.0,13.069,53000000.0,0.074,1.0,163600000.0,0.637,471000000.0,900000.0,868100000.0,,135000000.0,14000000.0,0.0,14000000.0,516000000.0,,,2576935737.0,10600000.0,-700000.0,-21700000.0,-27900000.0,0.0,-45000000.0,-5100000.0,0.0,61000000.0,-300000.0,45900000.0,45900000.0,45900000.0,0.0,0.0,0.179,95600000.0,68000000.0,196500000.0,0.0,3.562,27.414,27.462,199200000.0,0.0,3.625,2.563,2.565,122800000.0,349300000.0,256700000.0,256700000.0,27200000.0,,,,,5800000.0,92200000.0,1.0,710878824.0,711600000.0,775200000.0,0.361,768500000.0,38400000.0,20500000.0,0.0,1.08,
62,EW,MRQ,2005-12-31,2005-12-31,2005-12-31,2021-08-02,-22200000.0,1229100000.0,,514200000.0,714900000.0,,0.965,-21900000.0,178600000.0,178600000.0,89600000.0,38600000.0,2.648,0.781,316100000.0,0.0,316100000.0,316100000.0,0.0,14400000.0,0.0,0.0,0.0,47500000.0,61900000.0,0.248,61900000.0,47500000.0,43500000.0,0.054,0.052,0.054,690000000.0,,690000000.0,2638143087.0,20.0,14.245,22400000.0,0.031,1.0,160100000.0,0.641,475400000.0,4000000.0,697000000.0,,131500000.0,10700000.0,0.0,10700000.0,539100000.0,194200000.0,344900000.0,2474643087.0,90600000.0,-9900000.0,-13000000.0,68200000.0,0.0,55200000.0,-8800000.0,0.0,44300000.0,-100000.0,38600000.0,38600000.0,38600000.0,0.0,0.0,0.155,114100000.0,46000000.0,60700000.0,0.0,3.586,31.206,31.243,201900000.0,0.0,3.468,2.48,2.486,118500000.0,303400000.0,249700000.0,249700000.0,25800000.0,,,,,3300000.0,87100000.0,1.0,713564904.0,715200000.0,744000000.0,0.349,753700000.0,39100000.0,4900000.0,25200000.0,1.054,320000000.0
63,EW,MRQ,2005-09-30,2005-09-30,2005-09-30,2021-08-02,-22500000.0,1145000000.0,,430400000.0,714600000.0,,0.919,-10800000.0,88000000.0,88000000.0,90900000.0,-4400000.0,,0.737,251500000.0,251500000.0,,251500000.0,0.0,14000000.0,0.0,0.0,0.0,17500000.0,31500000.0,0.131,31500000.0,17500000.0,15300000.0,-0.006,-0.006,-0.006,659200000.0,,659200000.0,2829383078.0,24.0,15.949,28200000.0,0.039,1.0,150000000.0,0.623,479500000.0,2200000.0,829000000.0,,135500000.0,14500000.0,0.0,14500000.0,485800000.0,,,2655883078.0,-8100000.0,-100000.0,-13000000.0,-14900000.0,0.0,-34300000.0,-11600000.0,0.0,39000000.0,-1200000.0,-4400000.0,-4400000.0,-4400000.0,0.0,0.0,-0.018,132500000.0,17500000.0,204600000.0,0.0,4.029,39.878,39.796,192100000.0,0.0,3.701,2.696,2.695,125900000.0,264700000.0,240900000.0,240900000.0,24000000.0,,,,,0.0,85900000.0,1.0,717612288.0,717600000.0,717600000.0,0.336,665500000.0,32800000.0,19700000.0,0.0,0.927,
64,EW,MRQ,2005-06-30,2005-06-30,2005-06-30,2021-08-02,-33900000.0,1150800000.0,,437100000.0,713700000.0,,0.925,-9800000.0,96100000.0,96100000.0,97900000.0,13900000.0,,0.739,269600000.0,269600000.0,,269600000.0,0.0,14200000.0,0.0,0.0,0.0,18600000.0,32800000.0,0.127,32800000.0,18600000.0,15300000.0,0.019,0.018,0.019,661700000.0,,661700000.0,2764397378.0,22.0,15.073,22800000.0,0.032,1.0,160300000.0,0.621,483600000.0,3300000.0,840700000.0,,131300000.0,14100000.0,0.0,14100000.0,489100000.0,,,2561197378.0,23500000.0,-600000.0,4600000.0,-5000000.0,0.0,6000000.0,-9600000.0,0.0,32600000.0,-5500000.0,13900000.0,13900000.0,13900000.0,0.0,0.0,0.054,141900000.0,18400000.0,190400000.0,0.0,3.871,30.71,30.641,193000000.0,0.0,3.585,2.643,2.645,124900000.0,269100000.0,258200000.0,258200000.0,24200000.0,,,,,0.0,90100000.0,1.0,714420468.0,715200000.0,748800000.0,0.361,667200000.0,28200000.0,1400000.0,0.0,0.933,
65,EW,MRQ,2005-03-31,2005-03-31,2005-03-31,2021-08-02,-26300000.0,1123100000.0,,400600000.0,722500000.0,,0.908,-6000000.0,72600000.0,72600000.0,96200000.0,31200000.0,,0.733,275800000.0,275800000.0,,275800000.0,0.0,13600000.0,0.0,0.0,0.0,45400000.0,59000000.0,0.237,59000000.0,45400000.0,42600000.0,0.043,0.042,0.043,648100000.0,,648100000.0,2793621254.0,19.0,13.885,14900000.0,0.021,1.0,152900000.0,0.614,480800000.0,2800000.0,845500000.0,,126100000.0,17300000.0,0.0,17300000.0,475000000.0,,,2575421254.0,23700000.0,9100000.0,-5900000.0,10800000.0,0.0,2100000.0,2800000.0,0.0,20900000.0,-2100000.0,31200000.0,31200000.0,31200000.0,0.0,0.0,0.125,108600000.0,44300000.0,176400000.0,0.0,3.974,27.11,27.083,195400000.0,0.0,3.602,2.724,2.72,127700000.0,255300000.0,249100000.0,249100000.0,25000000.0,,,,,0.0,85600000.0,1.0,714997572.0,714000000.0,778800000.0,0.349,642300000.0,36300000.0,11400000.0,0.0,0.9,
66,EW,MRQ,2004-12-31,2004-12-31,2004-12-31,2021-08-02,-20800000.0,1112700000.0,,367500000.0,745200000.0,,0.878,-19700000.0,48900000.0,48900000.0,91200000.0,25900000.0,,0.772,267100000.0,267100000.0,,267100000.0,0.0,15500000.0,0.0,0.0,0.0,38600000.0,54100000.0,0.228,54100000.0,38600000.0,34100000.0,0.037,0.037,0.037,628100000.0,,628100000.0,2690635939.0,59.0,26.64,38100000.0,0.053,1.0,145900000.0,0.615,490300000.0,4500000.0,840600000.0,,127700000.0,20600000.0,0.0,20600000.0,484600000.0,,,2452435939.0,17900000.0,-7900000.0,-18300000.0,-10400000.0,0.0,-25900000.0,-18500000.0,0.0,57800000.0,4500000.0,25900000.0,25900000.0,25900000.0,0.0,0.0,0.109,111000000.0,34900000.0,195400000.0,0.0,3.905,1442.609,1146.0,201700000.0,0.0,3.438,2.633,2.64,119400000.0,224100000.0,237100000.0,237100000.0,23400000.0,,,,,0.0,82700000.0,1.0,713332152.0,715200000.0,830400000.0,0.332,622400000.0,43400000.0,8200000.0,0.0,0.87,
67,EW,MRQ,2004-09-30,2004-09-30,2004-09-30,2021-08-02,-33800000.0,1071900000.0,,326200000.0,745700000.0,,0.837,-7900000.0,31000000.0,31000000.0,87900000.0,12400000.0,,0.789,269200000.0,269200000.0,,269200000.0,0.0,14600000.0,0.0,0.0,0.0,22900000.0,37500000.0,0.167,37500000.0,22900000.0,19500000.0,0.018,0.017,0.018,599300000.0,,599300000.0,2273061336.0,61.0,25.54,45500000.0,0.064,1.0,136900000.0,0.609,487800000.0,3400000.0,822300000.0,,120500000.0,21900000.0,0.0,21900000.0,472600000.0,,,2000261336.0,-9000000.0,-10400000.0,-2900000.0,-41400000.0,0.0,-44600000.0,-18800000.0,0.0,53400000.0,1000000.0,12400000.0,12400000.0,12400000.0,0.0,0.0,0.055,113900000.0,23000000.0,170300000.0,0.0,3.338,-377.408,-398.857,189500000.0,0.0,2.792,2.178,2.178,113200000.0,198200000.0,224800000.0,224800000.0,21900000.0,,,,,0.0,79700000.0,1.0,716425980.0,716400000.0,745200000.0,0.314,584100000.0,38500000.0,7100000.0,0.0,0.815,
68,EW,MRQ,2004-06-30,2004-06-30,2004-06-30,2021-08-02,-37300000.0,1089600000.0,,333300000.0,756300000.0,,0.821,-8900000.0,40000000.0,40000000.0,92400000.0,25500000.0,,0.859,312800000.0,312800000.0,,312800000.0,0.0,12900000.0,0.0,0.0,0.0,37700000.0,50600000.0,0.216,50600000.0,37700000.0,34100000.0,0.036,0.034,0.036,586200000.0,,586200000.0,2368113851.0,73.0,29.021,23300000.0,0.033,1.0,142200000.0,0.606,488600000.0,3600000.0,873800000.0,,119500000.0,26700000.0,0.0,26700000.0,503400000.0,,,2071513851.0,2100000.0,2500000.0,-1100000.0,-19100000.0,0.0,-21700000.0,-7400000.0,0.0,32200000.0,-1000000.0,25500000.0,25500000.0,25500000.0,0.0,0.0,0.109,103400000.0,38800000.0,156000000.0,0.0,3.534,304.634,290.4,193500000.0,0.0,2.904,2.302,2.304,110100000.0,185800000.0,234600000.0,234600000.0,20700000.0,,,,,0.0,81000000.0,1.0,713331216.0,714000000.0,777600000.0,0.329,601000000.0,39200000.0,8600000.0,0.0,0.842,
69,EW,MRQ,2004-03-31,2004-03-31,2004-03-31,2021-08-02,-28600000.0,1103800000.0,,326700000.0,777100000.0,,0.797,-6000000.0,37900000.0,37900000.0,98700000.0,-62100000.0,,0.936,334500000.0,334500000.0,,334500000.0,0.0,12700000.0,0.0,0.0,0.0,-53900000.0,-41200000.0,-0.175,-41200000.0,-53900000.0,-57600000.0,-0.087,-0.087,-0.087,570200000.0,,570200000.0,2101265071.0,77.0,28.092,31200000.0,0.044,1.0,136300000.0,0.58,491200000.0,3700000.0,909200000.0,,114500000.0,37600000.0,0.0,37600000.0,533600000.0,,,1906565071.0,-23200000.0,-122900000.0,-6300000.0,78000000.0,0.0,71700000.0,-132400000.0,0.0,37200000.0,300000.0,-62100000.0,-62100000.0,-62100000.0,0.0,0.0,-0.264,189100000.0,-52800000.0,156400000.0,0.0,3.344,794.402,665.75,203700000.0,0.0,2.663,2.159,2.157,113500000.0,160300000.0,235000000.0,235000000.0,21000000.0,,,,,0.0,76500000.0,1.0,715946328.0,715200000.0,715200000.0,0.329,612600000.0,38900000.0,4500000.0,0.0,0.857,
70,EW,MRQ,2003-12-31,2003-12-31,2003-12-31,2021-08-02,-32200000.0,1101400000.0,,360200000.0,741200000.0,,0.891,-11800000.0,61100000.0,61100000.0,93800000.0,18900000.0,,0.734,255800000.0,255800000.0,,255800000.0,0.0,11600000.0,0.0,0.0,0.0,30500000.0,42100000.0,0.188,42100000.0,30500000.0,27000000.0,0.027,0.026,0.027,635100000.0,,635100000.0,2037596642.0,19.0,13.441,64600000.0,0.091,1.0,130300000.0,0.581,419200000.0,3500000.0,876900000.0,,120500000.0,35400000.0,0.0,35400000.0,466300000.0,,,1782796642.0,22800000.0,-6200000.0,7400000.0,-40000000.0,0.0,-32600000.0,-22100000.0,-1700000.0,76400000.0,1100000.0,18900000.0,18900000.0,18900000.0,0.0,0.0,0.084,100200000.0,30100000.0,184100000.0,0.0,2.807,22.567,22.384,209900000.0,0.0,2.507,2.072,2.066,118500000.0,222400000.0,224100000.0,224100000.0,19000000.0,,,,,0.0,72200000.0,1.0,711127500.0,712800000.0,733200000.0,0.314,682200000.0,71200000.0,8100000.0,0.0,0.957,
71,EW,MRQ,2003-09-30,2003-09-30,2003-09-30,2021-08-02,-46200000.0,1070800000.0,,368300000.0,702500000.0,,0.816,-8100000.0,38300000.0,38300000.0,86900000.0,24500000.0,,0.85,293100000.0,293100000.0,,293100000.0,0.0,11900000.0,0.0,0.0,0.0,18200000.0,30100000.0,0.146,30100000.0,18200000.0,14700000.0,0.034,0.033,0.034,578700000.0,,578700000.0,1933782956.0,18.0,12.656,18300000.0,0.026,1.0,119200000.0,0.578,418900000.0,3500000.0,906700000.0,,125300000.0,28400000.0,0.0,28400000.0,492100000.0,,,1677182956.0,-12400000.0,-10500000.0,-7100000.0,-18300000.0,0.0,-25400000.0,-12400000.0,1700000.0,26400000.0,-1000000.0,24500000.0,24500000.0,24500000.0,0.0,0.0,0.119,100300000.0,18900000.0,172000000.0,0.0,2.898,20.503,19.626,205900000.0,0.0,2.257,1.998,1.907,115600000.0,203500000.0,206100000.0,206100000.0,16800000.0,,,,,0.0,70500000.0,1.0,743102772.0,709200000.0,733200000.0,0.291,651900000.0,64000000.0,-9800000.0,0.0,0.919,
72,EW,MRQ,2003-06-30,2003-06-30,2003-06-30,2021-08-02,-48500000.0,1079700000.0,,388200000.0,691500000.0,,0.79,-10200000.0,50700000.0,50700000.0,89600000.0,21100000.0,,0.931,307300000.0,307300000.0,,307300000.0,0.0,11300000.0,0.0,0.0,0.0,32500000.0,43800000.0,0.201,43800000.0,32500000.0,29000000.0,0.03,0.028,0.03,559000000.0,,559000000.0,2205575753.0,47.0,24.425,25900000.0,0.037,1.0,128200000.0,0.589,418700000.0,3500000.0,917600000.0,,125600000.0,21500000.0,0.0,21500000.0,520700000.0,,,1958475753.0,20900000.0,-200000.0,-8500000.0,22200000.0,0.0,9600000.0,-18200000.0,0.0,36100000.0,-6600000.0,21100000.0,21100000.0,21100000.0,0.0,0.0,0.097,97100000.0,31100000.0,186100000.0,0.0,3.504,49.085,47.821,205800000.0,0.0,2.678,2.451,2.372,124400000.0,179000000.0,217800000.0,217800000.0,18000000.0,,,,,0.0,75800000.0,1.0,731320296.0,708000000.0,736800000.0,0.308,661000000.0,59800000.0,7900000.0,0.0,0.934,
73,EW,MRQ,2003-03-31,2003-03-31,2003-03-31,2021-08-02,-51600000.0,1035900000.0,,351100000.0,684800000.0,,0.77,-7800000.0,29800000.0,29800000.0,89100000.0,14500000.0,,0.908,276900000.0,276900000.0,,276900000.0,0.0,10800000.0,0.0,0.0,0.0,24800000.0,35600000.0,0.168,35600000.0,24800000.0,22100000.0,0.021,0.02,0.021,543000000.0,,543000000.0,1861230237.0,30.0,18.088,-4600000.0,-0.007,1.0,123400000.0,0.581,403300000.0,2700000.0,879700000.0,,116300000.0,23200000.0,0.0,23200000.0,492900000.0,,,1649930237.0,-4400000.0,-20700000.0,-4600000.0,32100000.0,0.0,27200000.0,-24200000.0,0.0,3200000.0,-10600000.0,14500000.0,14500000.0,14500000.0,0.0,0.0,0.068,102200000.0,21200000.0,189600000.0,0.0,3.039,33.399,33.087,205100000.0,0.0,2.283,2.188,2.136,124900000.0,157900000.0,212500000.0,212500000.0,19000000.0,,,,,0.0,71400000.0,1.0,722702688.0,705600000.0,730800000.0,0.301,632600000.0,68200000.0,7600000.0,0.0,0.897,
74,EW,MRQ,2002-12-31,2002-12-31,2002-12-31,2021-08-02,-44700000.0,1004400000.0,,320200000.0,684200000.0,,0.766,-15800000.0,34200000.0,34200000.0,85700000.0,21700000.0,1.618,0.862,245500000.0,245500000.0,245500000.0,245500000.0,0.0,11000000.0,0.0,0.0,0.0,32300000.0,43300000.0,0.213,43300000.0,32300000.0,29300000.0,0.03,0.03,0.03,539400000.0,,539400000.0,1770908489.0,26.0,16.412,61300000.0,0.087,1.0,117400000.0,0.578,398800000.0,3000000.0,619000000.0,,111800000.0,23500000.0,0.0,23500000.0,465000000.0,197900000.0,270900000.0,1530008489.0,-4800000.0,-22800000.0,600000.0,-37400000.0,0.0,-37800000.0,-39600000.0,0.0,77100000.0,-4500000.0,21700000.0,21700000.0,21700000.0,0.0,0.0,0.107,86400000.0,31000000.0,177300000.0,0.0,2.837,27.469,27.218,209400000.0,0.0,2.123,2.173,2.135,108400000.0,143400000.0,203100000.0,203100000.0,17700000.0,,,,,0.0,68700000.0,1.0,720682284.0,704400000.0,735600000.0,0.288,605600000.0,66400000.0,7600000.0,0.0,0.86,122300000.0
75,EW,MRQ,2002-09-30,2002-09-30,2002-09-30,2021-08-02,8100000.0,918400000.0,,297300000.0,621100000.0,,0.651,-8500000.0,39000000.0,39000000.0,69900000.0,-17400000.0,1.699,1.002,279900000.0,0.0,279900000.0,279900000.0,0.0,10100000.0,0.0,0.0,0.0,-42500000.0,-32400000.0,-0.195,-32400000.0,-42500000.0,-45200000.0,-0.025,-0.025,-0.025,458800000.0,,458800000.0,1793598858.0,29.0,17.197,22200000.0,0.032,1.0,95900000.0,0.578,396300000.0,2700000.0,588000000.0,,84400000.0,20800000.0,0.0,20800000.0,459600000.0,175000000.0,284600000.0,1531598858.0,3500000.0,-100000.0,-4800000.0,-18200000.0,0.0,-23000000.0,-10500000.0,0.0,30700000.0,6300000.0,-17400000.0,-17400000.0,-17400000.0,0.0,0.0,-0.105,140400000.0,-44500000.0,175000000.0,0.0,3.338,29.973,29.219,180100000.0,0.0,2.133,2.317,2.273,113200000.0,121700000.0,165800000.0,165800000.0,15500000.0,,,,,0.0,54200000.0,1.0,718049160.0,704400000.0,704400000.0,0.235,522100000.0,22900000.0,-27800000.0,0.0,0.741,122300000.0
76,EW,MRQ,2002-06-30,2002-06-30,2002-06-30,2021-08-02,6800000.0,983300000.0,,311700000.0,671600000.0,,0.674,-8800000.0,35500000.0,35500000.0,74400000.0,30600000.0,1.675,1.05,297500000.0,600000.0,296900000.0,297500000.0,0.0,9600000.0,0.0,0.0,0.0,46800000.0,56400000.0,0.326,56400000.0,46800000.0,43800000.0,0.043,0.042,0.043,479600000.0,,479600000.0,1646087924.0,13.0,9.632,34800000.0,0.049,1.0,98400000.0,0.569,397000000.0,3000000.0,662200000.0,,89400000.0,90400000.0,0.0,90400000.0,503700000.0,186100000.0,317600000.0,1381787924.0,7500000.0,-1300000.0,-14400000.0,-13700000.0,0.0,-28100000.0,-10700000.0,0.0,43600000.0,2700000.0,30600000.0,30600000.0,30600000.0,0.0,0.0,0.177,67300000.0,31100000.0,185500000.0,0.0,2.881,16.648,16.381,178000000.0,0.0,1.933,2.149,2.14,114400000.0,139100000.0,172800000.0,172800000.0,16600000.0,,,,,0.0,54300000.0,1.0,714841140.0,711600000.0,738000000.0,0.243,586300000.0,25400000.0,13200000.0,0.0,0.824,125600000.0
77,EW,MRQ,2002-03-31,2002-03-31,2002-03-31,2021-08-02,30200000.0,965400000.0,,287000000.0,678400000.0,,0.683,-7600000.0,28000000.0,28000000.0,69100000.0,20800000.0,1.71,0.985,292300000.0,1500000.0,290800000.0,292300000.0,0.0,9700000.0,0.0,0.0,0.0,30900000.0,40600000.0,0.25,40600000.0,30900000.0,28100000.0,0.029,0.028,0.029,486300000.0,,486300000.0,1923241438.0,97.0,27.203,-8500000.0,-0.012,1.0,93200000.0,0.574,401400000.0,2800000.0,660500000.0,,86100000.0,93500000.0,0.0,93500000.0,479100000.0,167800000.0,311300000.0,1660241438.0,-19700000.0,-500000.0,1500000.0,-11700000.0,0.0,-10500000.0,-7500000.0,0.0,-900000.0,-800000.0,20800000.0,20800000.0,20800000.0,0.0,0.0,0.128,62300000.0,30900000.0,166300000.0,0.0,3.414,-503.103,-582.25,177400000.0,0.0,2.329,2.506,2.502,109300000.0,108500000.0,162300000.0,162300000.0,15400000.0,,,,,0.0,50700000.0,1.0,712855920.0,711600000.0,741600000.0,0.228,564000000.0,18000000.0,7300000.0,0.0,0.793,119200000.0
78,EW,MRQ,2001-12-31,2001-12-31,2001-12-31,2021-08-02,25200000.0,982900000.0,,292000000.0,690900000.0,,0.646,-9400000.0,47700000.0,47700000.0,67900000.0,17100000.0,1.582,1.143,310900000.0,1100000.0,309800000.0,310900000.0,0.0,13000000.0,0.0,0.0,0.0,26700000.0,39700000.0,0.248,39700000.0,26700000.0,23400000.0,0.025,0.025,0.025,458700000.0,,458700000.0,1951985981.0,150.0,27.727,34700000.0,0.049,1.0,92100000.0,0.576,402400000.0,3300000.0,659100000.0,,86600000.0,92900000.0,0.0,92900000.0,524200000.0,184600000.0,339600000.0,1636185981.0,24200000.0,-1600000.0,1700000.0,-4300000.0,0.0,-3200000.0,-16500000.0,0.0,44100000.0,-200000.0,17100000.0,17100000.0,17100000.0,0.0,0.0,0.107,12200000.0,79900000.0,183500000.0,0.0,3.567,-143.525,-143.938,187800000.0,0.0,2.303,2.364,2.352,100600000.0,87700000.0,160000000.0,160000000.0,14400000.0,,,,,0.0,50300000.0,1.0,710458524.0,710400000.0,710400000.0,0.225,580500000.0,18200000.0,6300000.0,0.0,0.817,107400000.0
79,EW,MRQ,2001-09-30,2001-09-30,2001-09-30,2021-08-02,-1800000.0,959600000.0,,274900000.0,684700000.0,,0.583,-9300000.0,23500000.0,23500000.0,64400000.0,14500000.0,1.747,1.326,339300000.0,200000.0,339100000.0,339300000.0,0.0,11100000.0,0.0,0.0,0.0,23100000.0,34200000.0,0.231,34200000.0,23100000.0,19900000.0,0.021,0.02,0.021,412600000.0,,412600000.0,1647653047.0,116.0,22.478,20100000.0,0.028,1.0,83400000.0,0.564,403000000.0,3200000.0,715000000.0,,80700000.0,89500000.0,0.0,89500000.0,547000000.0,157400000.0,389600000.0,1321053047.0,-38100000.0,-2300000.0,2900000.0,-61500000.0,0.0,-58600000.0,-10100000.0,0.0,29400000.0,1200000.0,14500000.0,14500000.0,14500000.0,0.0,0.0,0.098,60100000.0,23300000.0,157200000.0,0.0,3.202,-104.845,,176700000.0,0.0,1.867,1.836,1.837,119000000.0,70600000.0,147800000.0,147800000.0,14000000.0,,,,,0.0,46400000.0,1.0,707580636.0,708000000.0,736800000.0,0.209,556600000.0,25900000.0,5400000.0,0.0,0.786,117500000.0
80,EW,MRQ,2001-06-30,2001-06-30,2001-06-30,2021-08-02,19400000.0,1007200000.0,,316200000.0,691000000.0,,0.589,-9400000.0,61600000.0,61600000.0,95200000.0,-55700000.0,1.588,1.423,388200000.0,49200000.0,339000000.0,388200000.0,0.0,17000000.0,0.0,0.0,0.0,-60800000.0,-43800000.0,-0.228,-43800000.0,-60800000.0,-71700000.0,-0.079,-0.079,-0.079,415700000.0,,415700000.0,1947552516.0,336.0,28.103,23900000.0,0.034,1.0,97200000.0,0.505,408000000.0,10900000.0,726700000.0,,77200000.0,95200000.0,0.0,95200000.0,591500000.0,199100000.0,392400000.0,1551052516.0,43700000.0,42300000.0,2000000.0,-25200000.0,0.0,-23200000.0,34300000.0,0.0,33300000.0,-700000.0,-55700000.0,-55700000.0,-55700000.0,0.0,0.0,-0.29,150500000.0,-53300000.0,149900000.0,0.0,3.731,-68.328,5.751,173500000.0,0.0,2.197,2.048,2.046,116400000.0,56100000.0,192400000.0,192400000.0,13500000.0,,,,,0.0,52700000.0,1.0,705986580.0,705600000.0,705600000.0,0.273,599200000.0,22000000.0,-16000000.0,0.0,0.849,117100000.0
81,EW,MRQ,2001-03-31,2001-03-31,2001-03-31,2021-08-02,14400000.0,1102900000.0,,306400000.0,796500000.0,,0.659,-9400000.0,17900000.0,17900000.0,96200000.0,12700000.0,1.339,1.377,414400000.0,61500000.0,352900000.0,414400000.0,0.0,16300000.0,0.0,0.0,0.0,24000000.0,40300000.0,0.21,40300000.0,24000000.0,18500000.0,0.018,0.018,0.018,464000000.0,,464000000.0,1551740085.0,-7.0,-9.193,-15000000.0,-0.021,1.0,95700000.0,0.499,503700000.0,5500000.0,766800000.0,,88400000.0,94400000.0,0.0,94400000.0,638900000.0,228900000.0,410000000.0,1151740085.0,-10200000.0,-4000000.0,1600000.0,4800000.0,0.0,6400000.0,-11600000.0,0.0,-5600000.0,600000.0,12700000.0,12700000.0,12700000.0,0.0,0.0,0.066,68700000.0,27000000.0,167400000.0,0.0,2.482,-4.168,,185400000.0,0.0,1.633,1.496,1.494,136200000.0,111800000.0,191900000.0,191900000.0,13100000.0,,,,,0.0,53800000.0,1.0,705290928.0,704400000.0,723600000.0,0.272,599200000.0,24800000.0,5800000.0,0.0,0.851,77500000.0
82,EW,MRQ,2000-12-31,2000-12-31,2000-12-31,2021-08-02,1000000.0,1107000000.0,,301000000.0,806000000.0,,0.625,-11100000.0,28000000.0,28000000.0,94100000.0,15900000.0,1.265,1.516,428000000.0,61000000.0,367000000.0,428000000.0,0.0,14700000.0,0.0,0.0,0.0,27900000.0,42600000.0,0.227,42600000.0,27900000.0,21800000.0,,,,440000000.0,,440000000.0,1526831198.0,-6.0,-9.293,39100000.0,0.056,1.0,93300000.0,0.498,511000000.0,6100000.0,758000000.0,,87000000.0,98000000.0,0.0,98000000.0,667000000.0,238000000.0,429000000.0,1041231198.0,14900000.0,-11000000.0,4100000.0,-24300000.0,0.0,-23200000.0,-11300000.0,-500000.0,50200000.0,-800000.0,15900000.0,15900000.0,15900000.0,0.0,0.0,0.085,64700000.0,28600000.0,177000000.0,,2.366,-3.832,,183000000.0,0.0,1.479,1.295,1.295,129000000.0,103000000.0,187400000.0,187400000.0,13400000.0,,,,,0.0,50000000.0,1.0,704010276.0,704010276.0,,0.266,596000000.0,23000000.0,5900000.0,0.0,0.847,63000000.0
83,EW,MRQ,2000-09-30,2000-09-30,2000-09-30,2021-08-02,1200000.0,1105800000.0,,277200000.0,828600000.0,,0.606,-13700000.0,13200000.0,13200000.0,96300000.0,4400000.0,0.999,1.606,498800000.0,150600000.0,348200000.0,498800000.0,0.0,15500000.0,0.0,0.0,0.0,14700000.0,30200000.0,0.163,30200000.0,14700000.0,7200000.0,0.007,0.006,0.007,424400000.0,,424400000.0,1803850924.0,-8.0,-11.288,29200000.0,0.042,1.0,89500000.0,0.482,520200000.0,7500000.0,793800000.0,,78400000.0,102100000.0,0.0,102100000.0,681400000.0,277400000.0,404000000.0,1274850924.0,11200000.0,10000000.0,0.0,-29900000.0,0.0,-29900000.0,-3700000.0,0.0,42900000.0,1900000.0,4400000.0,4400000.0,4400000.0,0.0,0.0,0.024,72800000.0,16700000.0,126800000.0,0.0,3.004,-4.766,,177100000.0,0.0,1.818,1.501,1.5,154300000.0,87100000.0,185800000.0,185800000.0,12900000.0,,,,,0.0,46600000.0,1.0,701238132.0,700800000.0,728400000.0,0.265,585600000.0,0.0,2800000.0,0.0,0.836,-200000.0
84,EW,MRQ,2000-06-30,2000-06-30,2000-06-30,2021-08-02,-4000000.0,1123000000.0,,295000000.0,828000000.0,,0.588,-11200000.0,2000000.0,2000000.0,114400000.0,-309300000.0,0.891,1.732,531000000.0,210000000.0,321000000.0,531000000.0,0.0,22500000.0,0.0,0.0,0.0,-304400000.0,-281900000.0,-1.378,-281900000.0,-304400000.0,-310800000.0,-0.443,-0.443,-0.443,411000000.0,,411000000.0,1598572702.0,-7.0,-10.949,14900000.0,0.021,1.0,90200000.0,0.441,528000000.0,6400000.0,793000000.0,,95000000.0,99000000.0,0.0,99000000.0,712000000.0,331000000.0,381000000.0,1075572702.0,-4500000.0,-22500000.0,0.0,1500000.0,0.0,1500000.0,-33700000.0,0.0,26100000.0,1600000.0,-309300000.0,-309300000.0,-309300000.0,0.0,0.0,-1.512,394200000.0,-304000000.0,121000000.0,0.0,2.617,-4.215,,178000000.0,0.0,1.543,1.221,1.224,162000000.0,83000000.0,204600000.0,204600000.0,14300000.0,,,,,0.0,59400000.0,1.0,697065912.0,698400000.0,698400000.0,0.293,595000000.0,0.0,-1500000.0,0.0,0.852,-36000000.0
85,EW,MRQ,2000-03-31,2000-03-31,2000-03-31,2021-08-02,-31000000.0,1381000000.0,,318000000.0,1063000000.0,,0.98,-10000000.0,6000000.0,6000000.0,118500000.0,17300000.0,0.958,1.022,529000000.0,210000000.0,319000000.0,529000000.0,0.0,21400000.0,0.0,0.0,0.0,23400000.0,44800000.0,0.198,44800000.0,23400000.0,23400000.0,,,,683000000.0,,683000000.0,787684481.0,7.0,,8500000.0,0.012,1.0,107500000.0,0.476,829000000.0,0.0,743000000.0,,156000000.0,0.0,0.0,0.0,698000000.0,332000000.0,366000000.0,787684481.0,6500000.0,-4500000.0,0.0,526000000.0,0.0,15000000.0,-27000000.0,-12500000.0,18500000.0,0.0,17300000.0,17300000.0,17300000.0,0.0,0.0,0.077,83400000.0,24100000.0,122000000.0,,1.153,10.086,,205000000.0,0.0,1.13,0.866,0.866,132000000.0,392000000.0,226000000.0,226000000.0,13800000.0,,,,,0.0,59600000.0,1.0,697065912.0,697065912.0,,0.324,552000000.0,9000000.0,6100000.0,0.0,0.792,-14000000.0
86,EW,MRQ,1999-12-31,1999-12-31,1999-12-31,2021-08-02,-27000000.0,1437000000.0,,356000000.0,1081000000.0,,1.756,-11500000.0,0.0,0.0,122600000.0,20100000.0,2.282,0.174,833000000.0,0.0,833000000.0,833000000.0,0.0,19400000.0,0.0,,0.0,27700000.0,47100000.0,0.202,47100000.0,27700000.0,27700000.0,,,,1224000000.0,,1224000000.0,,,,57300000.0,0.082,1.0,110600000.0,0.474,839000000.0,0.0,1275000000.0,,169000000.0,1000000.0,0.0,1000000.0,213000000.0,156000000.0,57000000.0,,0.0,7400000.0,0.0,0.0,0.0,-57700000.0,-11100000.0,0.0,68800000.0,,20100000.0,20100000.0,20100000.0,0.0,0.0,0.086,81800000.0,28800000.0,156000000.0,,,,,226000000.0,0.0,,,,155000000.0,418000000.0,233200000.0,233200000.0,16700000.0,,,,,0.0,56900000.0,1.0,697065912.0,697065912.0,,0.335,598000000.0,9000000.0,7600000.0,0.0,0.858,200000000.0
87,EW,MRQ,1999-09-30,1999-09-30,1999-09-30,2021-08-02,-27000000.0,1465000000.0,,372000000.0,1093000000.0,,1.81,-8500000.0,0.0,0.0,115100000.0,16700000.0,2.464,0.161,0.0,0.0,0.0,0.0,0.0,21600000.0,0.0,,0.0,22400000.0,44000000.0,0.203,44000000.0,22400000.0,22400000.0,,,,1262000000.0,,1262000000.0,,,,37700000.0,0.054,1.0,101800000.0,0.469,854000000.0,0.0,460000000.0,,188000000.0,0.0,0.0,0.0,203000000.0,151000000.0,52000000.0,,0.0,-7400000.0,0.0,0.0,0.0,-30300000.0,-15900000.0,0.0,46200000.0,,16700000.0,16700000.0,16700000.0,0.0,0.0,0.077,79200000.0,22600000.0,151000000.0,,,,,223000000.0,0.0,,,,160000000.0,,216900000.0,216900000.0,13100000.0,,,,,0.0,57500000.0,1.0,697065912.0,697065912.0,,0.311,611000000.0,14000000.0,5700000.0,0.0,0.877,221000000.0
88,EW,MRQ,1999-06-30,1999-06-30,1999-06-30,2021-08-02,,,,,,,,,,,115000000.0,24000000.0,,,,,,,,,,,0.0,33000000.0,,,,33000000.0,33000000.0,,,,,,,,,,,,1.0,118000000.0,0.506,,0.0,,,,,,,,,,,,,,,,,,,,,24000000.0,24000000.0,24000000.0,0.0,0.0,0.103,82000000.0,36000000.0,,,,,,,0.0,,,,,,233000000.0,233000000.0,13000000.0,,,,,,60000000.0,1.0,,,,,,,9000000.0,,,
89,EW,MRQ,1999-03-31,1999-03-31,1999-03-31,2021-08-02,,,,,,,,,,,113000000.0,22000000.0,,,,,,,,,,,0.0,30000000.0,,,,30000000.0,30000000.0,,,,,,,,,,,,1.0,108000000.0,0.489,,0.0,,,,,,,,,,,,,,,,,,,,,22000000.0,22000000.0,22000000.0,0.0,0.0,0.1,79000000.0,29000000.0,,,,,,,0.0,,,,,,221000000.0,221000000.0,12000000.0,,,,,,58000000.0,1.0,,,,,,,8000000.0,,,
90,EW,MRQ,1998-12-31,1998-12-31,1998-12-31,2021-08-02,-25000000.0,1483000000.0,,353000000.0,1130000000.0,,,,0.0,0.0,,,2.248,0.167,0.0,0.0,0.0,0.0,0.0,,0.0,,0.0,,,,,,,,,,1271000000.0,,1271000000.0,,,,,,1.0,,,886000000.0,,440000000.0,,156000000.0,0.0,0.0,0.0,212000000.0,157000000.0,55000000.0,,,,,,,,,,,,,,,,,,,,157000000.0,,,,,227000000.0,,,,,169000000.0,336000000.0,,,,,,,,,,1.0,,,,,597000000.0,14000000.0,,0.0,,196000000.0
91,EW,MRQ,1998-09-30,1998-09-30,1998-09-30,2021-08-02,-25000000.0,1483000000.0,,353000000.0,1130000000.0,,,,0.0,0.0,,,2.248,0.167,0.0,0.0,0.0,0.0,0.0,,0.0,,0.0,,,,,,,,,,1271000000.0,,1271000000.0,,,,,,1.0,,,886000000.0,,440000000.0,,156000000.0,0.0,0.0,0.0,212000000.0,157000000.0,55000000.0,,,,,,,,,,,,,,,,,,,,157000000.0,,,,,227000000.0,,,,,169000000.0,,,,,,,,,,,1.0,,,,,597000000.0,14000000.0,,0.0,,196000000.0
92,EW,MRQ,1997-12-31,1997-12-31,1997-12-31,2021-08-02,-27000000.0,1526000000.0,,371000000.0,1155000000.0,,,,0.0,0.0,,,2.65,0.147,0.0,0.0,0.0,0.0,0.0,,0.0,,0.0,,,,,,,,,,1331000000.0,,1331000000.0,,,,,,1.0,,,918000000.0,,468000000.0,,157000000.0,0.0,0.0,0.0,195000000.0,140000000.0,55000000.0,,,,,,,,,,,,,,,,,,,,140000000.0,,,,,217000000.0,,,,,189000000.0,,,,,,,,,,,1.0,,,,,608000000.0,10000000.0,,0.0,,231000000.0
0,EW,MRT,2021-06-30,2021-06-30,2021-06-30,2021-08-02,-159600000.0,7662100000.0,7228425000.0,3322900000.0,4339200000.0,0.681,8.249,-391800000.0,1312800000.0,1312800000.0,1205000000.0,1462400000.0,3.75,0.493,684200000.0,25100000.0,659100000.0,684200000.0,0.0,155600000.0,0.0,0.0,0.0,1670000000.0,1825600000.0,0.371,1825600000.0,1670000000.0,1655200000.0,2.34,2.32,2.34,5133300000.0,4644075000.0,5133300000.0,63897520994.0,38.0,35.001,1050900000.0,1.689,1.0,3720200000.0,0.755,1498800000.0,14800000.0,4648500000.0,4386300000.0,759500000.0,1262600000.0,248400000.0,1014200000.0,2528800000.0,886200000.0,1642600000.0,64382920994.0,417100000.0,-5700000.0,-257200000.0,-1200000.0,0.0,-257900000.0,-765400000.0,-345900000.0,1442700000.0,-2300000.0,1462400000.0,1462400000.0,1462400000.0,0.0,0.0,0.297,2196300000.0,1523900000.0,861100000.0,0.0,12.542,44.026,44.261,1530400000.0,0.0,103.57,13.072,13.086,700300000.0,5392700000.0,4925200000.0,4925200000.0,823500000.0,0.202,0.315,0.381,0.339,102400000.0,1351000000.0,1.0,621636777.0,622300000.0,629900000.0,7.915,6163300000.0,190500000.0,192800000.0,424400000.0,9.904,2436700000.0
1,EW,MRT,2021-03-31,2021-03-31,2021-03-31,2021-08-02,-172400000.0,7213700000.0,6918925000.0,3069200000.0,4144500000.0,0.647,7.475,-430800000.0,1174200000.0,1174200000.0,1108900000.0,851000000.0,3.841,0.549,688800000.0,26500000.0,662300000.0,688800000.0,0.0,143900000.0,0.0,0.0,0.0,959100000.0,1103000000.0,0.247,1103000000.0,959100000.0,941500000.0,1.35,1.34,1.35,4658400000.0,4320525000.0,4658400000.0,51746458538.0,54.0,46.914,717100000.0,1.151,1.0,3365300000.0,0.752,1501100000.0,17600000.0,4428200000.0,4181850000.0,767900000.0,958600000.0,156400000.0,802200000.0,2555300000.0,799000000.0,1756300000.0,52234758538.0,522800000.0,-10000000.0,-170300000.0,-900000.0,0.0,-174800000.0,-446100000.0,5600000.0,1147900000.0,-4200000.0,851000000.0,851000000.0,851000000.0,0.0,0.0,0.19,2431000000.0,934300000.0,772500000.0,0.0,11.213,61.38,61.956,1506400000.0,0.0,83.64,11.675,11.65,664300000.0,4903200000.0,4474200000.0,4474200000.0,780300000.0,0.123,0.197,0.229,0.214,96900000.0,1251400000.0,1.0,624518873.0,623200000.0,631300000.0,7.179,5712600000.0,209300000.0,90500000.0,439500000.0,9.167,2270200000.0
2,EW,MRT,2020-12-31,2020-12-31,2020-12-31,2021-08-02,-161100000.0,7237100000.0,6634525000.0,3091000000.0,4146100000.0,0.661,7.347,-407000000.0,1183200000.0,1183200000.0,1080600000.0,823400000.0,3.458,0.582,694900000.0,27200000.0,667700000.0,694900000.0,0.0,135400000.0,0.0,0.0,0.0,932500000.0,1067900000.0,0.243,1067900000.0,932500000.0,916700000.0,1.32,1.3,1.32,4574300000.0,4131200000.0,4574300000.0,56525039946.0,61.0,52.931,647300000.0,1.04,1.0,3305700000.0,0.754,1504600000.0,15800000.0,4350300000.0,4034925000.0,802300000.0,1021000000.0,219400000.0,801600000.0,2662800000.0,893900000.0,1768900000.0,56858939946.0,15800000.0,-10000000.0,-484900000.0,-800000.0,0.0,-486900000.0,-531100000.0,-101700000.0,1054300000.0,-20500000.0,823400000.0,823400000.0,823400000.0,0.0,0.0,0.188,2394500000.0,911200000.0,866700000.0,0.0,12.43,69.054,69.114,1489400000.0,0.0,91.23,12.963,12.949,602800000.0,4565000000.0,4386300000.0,4386300000.0,760700000.0,0.124,0.199,0.231,0.213,92600000.0,1228400000.0,1.0,623248273.0,622600000.0,631900000.0,7.045,5732500000.0,230900000.0,93300000.0,429700000.0,9.207,2197100000.0
3,EW,MRT,2020-09-30,2020-09-30,2020-09-30,2021-08-02,-157900000.0,6800800000.0,6447275000.0,2980400000.0,3820400000.0,0.678,6.768,-365300000.0,1024000000.0,1024000000.0,1070500000.0,794100000.0,3.522,0.615,690100000.0,24200000.0,665900000.0,690100000.0,0.0,125800000.0,0.0,0.0,0.0,898600000.0,1024400000.0,0.234,1024400000.0,898600000.0,876100000.0,1.27,1.25,1.27,4210300000.0,4024700000.0,4210300000.0,49408333175.0,55.0,48.231,692100000.0,1.113,1.0,3298200000.0,0.755,1502400000.0,22500000.0,4118200000.0,3842650000.0,773300000.0,870300000.0,271300000.0,599000000.0,2590500000.0,846300000.0,1744200000.0,49627333175.0,-158900000.0,-10000000.0,-486800000.0,0.0,0.0,-491300000.0,-716500000.0,-328300000.0,1057400000.0,-8500000.0,794100000.0,794100000.0,794100000.0,0.0,0.0,0.182,2451300000.0,846900000.0,822100000.0,0.0,11.787,62.495,62.85,1365800000.0,0.0,79.82,11.36,11.366,671700000.0,4255500000.0,4368700000.0,4368700000.0,758900000.0,0.123,0.197,0.234,0.206,90100000.0,1237100000.0,1.0,621740581.0,622100000.0,631000000.0,7.023,5298400000.0,215200000.0,82000000.0,413400000.0,8.517,2134100000.0
4,EW,MRT,2020-06-30,2020-06-30,2020-06-30,2021-08-02,-146100000.0,6424100000.0,6238650000.0,2690300000.0,3733800000.0,0.693,6.189,-338100000.0,903500000.0,903500000.0,1081900000.0,743600000.0,3.081,0.673,684500000.0,23800000.0,660700000.0,684500000.0,0.0,122800000.0,0.0,0.0,0.0,836000000.0,958800000.0,0.222,958800000.0,836000000.0,813500000.0,1.19,1.16,1.19,3839100000.0,3925825000.0,3839100000.0,42837296525.0,51.0,44.678,940500000.0,1.516,1.0,3239900000.0,0.75,1501200000.0,22500000.0,3830700000.0,3597325000.0,735100000.0,854700000.0,260300000.0,594400000.0,2585000000.0,873200000.0,1711800000.0,42824996525.0,180400000.0,-10000000.0,-483800000.0,-700000.0,0.0,-490900000.0,-602900000.0,-243500000.0,1278600000.0,-4400000.0,743600000.0,743600000.0,743600000.0,0.0,0.0,0.172,2449800000.0,790100000.0,849400000.0,0.0,11.155,57.591,58.076,1280300000.0,0.0,69.11,9.909,9.919,567900000.0,3930300000.0,4321800000.0,4321800000.0,758900000.0,0.119,0.189,0.232,0.193,86900000.0,1236100000.0,1.0,619664253.0,620300000.0,620300000.0,6.967,4922900000.0,204100000.0,69900000.0,395500000.0,7.936,1817100000.0
5,EW,MRT,2020-03-31,2020-03-31,2020-03-31,2021-08-02,-152000000.0,6076100000.0,6026000000.0,2507900000.0,3568200000.0,0.744,6.246,-294400000.0,662900000.0,662900000.0,1147700000.0,1107800000.0,3.358,0.558,675200000.0,24900000.0,650300000.0,675200000.0,0.0,119500000.0,0.0,0.0,0.0,1273700000.0,1393200000.0,0.311,1393200000.0,1273700000.0,1253000000.0,1.78,1.74,1.78,3901100000.0,3841125000.0,3901100000.0,38944191540.0,31.0,27.953,1094100000.0,1.752,1.0,3336000000.0,0.744,1501000000.0,20700000.0,3840500000.0,3454275000.0,662200000.0,956000000.0,368200000.0,587800000.0,2175000000.0,746900000.0,1428100000.0,39444491540.0,-42700000.0,-98900000.0,-727800000.0,-10000000.0,0.0,-746400000.0,-681000000.0,-266100000.0,1388500000.0,-3800000.0,1107800000.0,1107800000.0,1107800000.0,0.0,0.0,0.247,2120300000.0,1215700000.0,722000000.0,0.0,10.111,35.606,35.322,1176100000.0,0.0,62.873,8.797,8.758,585100000.0,4052200000.0,4483700000.0,4483700000.0,768700000.0,0.184,0.288,0.369,0.284,84400000.0,1269700000.0,1.0,627367734.0,624600000.0,635100000.0,7.179,4575100000.0,158000000.0,145200000.0,415200000.0,7.325,1761000000.0
6,EW,MRT,2019-12-31,2019-12-31,2019-12-31,2021-08-02,-156000000.0,6488100000.0,5874300000.0,2984000000.0,3504100000.0,0.74,6.639,-254400000.0,1179100000.0,1179100000.0,1114400000.0,1046900000.0,3.307,0.564,678800000.0,25500000.0,653300000.0,678800000.0,0.0,114600000.0,0.0,0.0,0.0,1187200000.0,1301800000.0,0.299,1301800000.0,1187200000.0,1166500000.0,1.68,1.64,1.68,4148300000.0,3727725000.0,4148300000.0,48141189996.0,41.0,36.98,928500000.0,1.486,1.0,3233600000.0,0.744,1504200000.0,20700000.0,3581200000.0,3327925000.0,640900000.0,923300000.0,337800000.0,585500000.0,2339800000.0,902400000.0,1437400000.0,48657089996.0,468500000.0,-135200000.0,-102800000.0,-10000000.0,0.0,-115600000.0,-595800000.0,-171100000.0,1182900000.0,-3000000.0,1046900000.0,1046900000.0,1046900000.0,0.0,0.0,0.241,2092900000.0,1140700000.0,876900000.0,0.0,11.729,46.477,46.288,1140400000.0,0.0,77.763,11.191,11.174,599100000.0,3741600000.0,4348000000.0,4348000000.0,752700000.0,0.178,0.281,0.357,0.273,81300000.0,1242200000.0,1.0,625710042.0,624800000.0,636700000.0,6.959,4983900000.0,172200000.0,119600000.0,408300000.0,7.977,2081600000.0
7,EW,MRT,2019-09-30,2019-09-30,2019-09-30,2021-08-02,-155800000.0,5966300000.0,5583200000.0,2739700000.0,3226600000.0,0.744,6.108,-240500000.0,1186600000.0,1186600000.0,1062900000.0,773700000.0,3.531,0.564,670700000.0,24100000.0,646600000.0,670700000.0,0.0,104000000.0,0.0,0.0,0.0,879400000.0,983400000.0,0.237,983400000.0,879400000.0,849200000.0,1.243,1.22,1.243,3814800000.0,3475750000.0,3814800000.0,45675802981.0,52.0,46.447,832400000.0,1.333,1.0,3088700000.0,0.744,1537700000.0,30200000.0,3136900000.0,3150475000.0,611100000.0,556300000.0,170300000.0,386000000.0,2151500000.0,775800000.0,1375700000.0,45734302981.0,-74800000.0,-125200000.0,-382100000.0,-611300000.0,0.0,-997300000.0,-144800000.0,260400000.0,1072900000.0,-5600000.0,773700000.0,773700000.0,773700000.0,0.0,0.0,0.186,2259600000.0,829100000.0,751700000.0,0.0,11.989,59.111,58.973,1046900000.0,0.0,73.303,11.016,11.028,570000000.0,3461400000.0,4151600000.0,4151600000.0,721900000.0,0.139,0.223,0.279,0.212,78900000.0,1183100000.0,1.0,623907657.0,624600000.0,636300000.0,6.647,4428600000.0,155800000.0,75500000.0,378200000.0,7.09,1963900000.0
8,EW,MRT,2019-06-30,2019-06-30,2019-06-30,2021-08-02,-138200000.0,5573500000.0,5581175000.0,2354700000.0,3218800000.0,0.71,5.606,-249500000.0,726800000.0,726800000.0,995400000.0,724900000.0,3.378,0.592,668300000.0,23800000.0,644500000.0,668300000.0,0.0,93200000.0,0.0,0.0,0.0,826900000.0,920100000.0,0.232,920100000.0,826900000.0,796200000.0,1.163,1.143,1.163,3500300000.0,3362375000.0,3500300000.0,38475586138.0,47.0,41.817,728400000.0,1.167,1.0,2968800000.0,0.749,1559500000.0,30700000.0,3258500000.0,3126025000.0,624900000.0,620400000.0,207500000.0,412900000.0,2073200000.0,697000000.0,1376200000.0,38518586138.0,-499700000.0,-125200000.0,-557900000.0,-611400000.0,0.0,-1088400000.0,-386300000.0,30800000.0,977900000.0,-2900000.0,724900000.0,724900000.0,724900000.0,0.0,0.0,0.183,2189200000.0,779600000.0,673200000.0,0.0,11.004,53.136,52.949,1002300000.0,0.0,61.58,9.717,9.699,609600000.0,3186700000.0,3964200000.0,3964200000.0,688200000.0,0.13,0.216,0.265,0.209,76500000.0,1146400000.0,1.0,625504809.0,624400000.0,636200000.0,6.349,4014000000.0,163800000.0,71300000.0,376200000.0,6.429,1657700000.0
9,EW,MRT,2019-03-31,2019-03-31,2019-03-31,2021-08-02,-141200000.0,5469300000.0,5609325000.0,2368800000.0,3100500000.0,0.681,5.527,-237700000.0,709200000.0,709200000.0,937600000.0,765300000.0,3.664,0.586,666200000.0,22600000.0,643600000.0,666200000.0,0.0,84600000.0,0.0,0.0,0.0,806600000.0,891200000.0,0.233,891200000.0,806600000.0,775900000.0,1.223,1.203,1.223,3447500000.0,3278350000.0,3447500000.0,39631839494.0,49.0,44.47,539200000.0,0.865,1.0,2883400000.0,0.755,1444700000.0,30700000.0,3335100000.0,3032650000.0,630900000.0,707500000.0,253800000.0,453700000.0,2021800000.0,646500000.0,1375300000.0,39752139494.0,-517900000.0,-24500000.0,-651900000.0,-437600000.0,0.0,-1097700000.0,-193100000.0,107200000.0,776900000.0,-4000000.0,765300000.0,765300000.0,765300000.0,0.0,0.0,0.2,2116300000.0,767100000.0,623900000.0,0.0,11.531,51.943,52.148,962100000.0,0.0,63.777,10.404,10.41,578000000.0,2944400000.0,3821000000.0,3821000000.0,650400000.0,0.136,0.233,0.266,0.211,73400000.0,1112800000.0,1.0,623298987.0,623700000.0,636600000.0,6.126,4024600000.0,164500000.0,10600000.0,389700000.0,6.453,1722300000.0
10,EW,MRT,2018-12-31,2018-12-31,2018-12-31,2021-08-02,-138500000.0,5323700000.0,5698275000.0,2286900000.0,3036800000.0,0.653,5.004,-238700000.0,714100000.0,714100000.0,939400000.0,722200000.0,2.609,0.695,593800000.0,0.0,593800000.0,593800000.0,0.0,77400000.0,0.0,0.0,0.0,791300000.0,868700000.0,0.233,868700000.0,791300000.0,761400000.0,1.15,1.13,1.15,3140400000.0,3227900000.0,3140400000.0,31952485582.0,40.0,36.782,688000000.0,1.096,1.0,2783400000.0,0.748,1455400000.0,29900000.0,2871400000.0,2877100000.0,607000000.0,748700000.0,242400000.0,506300000.0,2183300000.0,876600000.0,1306700000.0,32020285582.0,-104300000.0,0.0,-648500000.0,-437300000.0,0.0,-1101200000.0,76700000.0,341400000.0,926700000.0,-6500000.0,722200000.0,722200000.0,722200000.0,0.0,0.0,0.194,2040900000.0,742500000.0,876600000.0,0.0,10.196,44.337,44.397,867500000.0,0.0,51.057,8.601,8.607,537300000.0,2694700000.0,3722800000.0,3722800000.0,622200000.0,0.127,0.224,0.275,0.213,71000000.0,1088500000.0,1.0,627147807.0,627600000.0,640900000.0,5.932,3868300000.0,174000000.0,39200000.0,384300000.0,6.164,1410300000.0
11,EW,MRT,2018-09-30,2018-09-30,2018-09-30,2021-08-02,-139000000.0,5958200000.0,5783950000.0,2912600000.0,3045600000.0,0.628,5.361,-233000000.0,1261300000.0,1261300000.0,940000000.0,712400000.0,2.31,0.773,1193500000.0,599900000.0,593600000.0,1193500000.0,0.0,78700000.0,0.0,0.0,0.0,1106900000.0,1185600000.0,0.326,1185600000.0,1106900000.0,1087100000.0,1.133,1.11,1.133,3361300000.0,3181850000.0,3361300000.0,36420589384.0,33.0,30.719,764700000.0,1.22,1.0,2693600000.0,0.741,1590200000.0,19800000.0,3039100000.0,2876750000.0,583800000.0,813400000.0,334400000.0,479000000.0,2596900000.0,1261100000.0,1335800000.0,36453889384.0,631000000.0,-118000000.0,-633000000.0,162100000.0,0.0,-485500000.0,120300000.0,525300000.0,997700000.0,-1500000.0,712400000.0,712400000.0,712400000.0,0.0,0.0,0.196,1611600000.0,1082000000.0,661200000.0,0.0,10.845,51.171,51.221,826100000.0,0.0,58.033,10.032,10.014,530100000.0,2687700000.0,3633600000.0,3633600000.0,605700000.0,0.123,0.224,0.385,0.305,70300000.0,1073200000.0,1.0,628157934.0,627000000.0,639600000.0,5.795,4368000000.0,115100000.0,374700000.0,264500000.0,6.967,1651500000.0
12,EW,MRT,2018-06-30,2018-06-30,2018-06-30,2021-08-02,-150800000.0,5686100000.0,5666500000.0,2696000000.0,2990100000.0,0.626,5.035,-190200000.0,1226400000.0,1226400000.0,928400000.0,656600000.0,2.279,0.797,1193100000.0,599200000.0,593900000.0,1193100000.0,0.0,80200000.0,0.0,0.0,0.0,1069600000.0,1149800000.0,0.324,1149800000.0,1069600000.0,1050200000.0,1.043,1.02,1.043,3164200000.0,3132150000.0,3164200000.0,30510504991.0,29.0,26.535,776000000.0,1.235,1.0,2620100000.0,0.738,1584600000.0,19400000.0,2885000000.0,3057350000.0,568100000.0,644800000.0,174400000.0,470400000.0,2521900000.0,1183200000.0,1338700000.0,30682904991.0,718200000.0,-118400000.0,-473100000.0,162700000.0,0.0,-408500000.0,165000000.0,531600000.0,966200000.0,-4500000.0,656600000.0,656600000.0,656600000.0,0.0,0.0,0.185,1583800000.0,1036300000.0,584000000.0,0.0,9.697,46.73,46.523,770200000.0,0.0,48.523,8.647,8.594,520100000.0,2461800000.0,3548500000.0,3548500000.0,586800000.0,0.116,0.21,0.35,0.301,68700000.0,1048300000.0,1.0,632337345.0,628500000.0,642000000.0,5.646,4101500000.0,130100000.0,393600000.0,263300000.0,6.526,1512800000.0
13,EW,MRT,2018-03-31,2018-03-31,2018-03-31,2021-08-02,-121300000.0,5825100000.0,5529600000.0,2716900000.0,3108200000.0,0.623,5.147,-195400000.0,1227000000.0,1227000000.0,893300000.0,560000000.0,2.067,0.795,1054600000.0,598600000.0,456000000.0,1054600000.0,0.0,79900000.0,0.0,0.0,0.0,1025600000.0,1105500000.0,0.321,1105500000.0,1025600000.0,1004800000.0,0.887,0.867,0.887,3245700000.0,3076000000.0,3245700000.0,29520817764.0,29.0,26.704,828300000.0,1.314,1.0,2553300000.0,0.741,1625300000.0,20800000.0,2712900000.0,3404450000.0,573900000.0,804400000.0,272300000.0,532100000.0,2579400000.0,1314500000.0,1264900000.0,29302717764.0,407700000.0,-122900000.0,-192500000.0,152300000.0,0.0,-41000000.0,-578100000.0,-204600000.0,1023700000.0,3100000.0,560000000.0,560000000.0,560000000.0,0.0,0.0,0.162,1567100000.0,986200000.0,674100000.0,0.0,9.028,52.326,52.432,711600000.0,0.0,46.507,8.502,8.509,446800000.0,2179100000.0,3446600000.0,3446600000.0,567100000.0,0.101,0.182,0.301,0.298,64800000.0,1017200000.0,1.0,630071124.0,630600000.0,645300000.0,5.466,4199800000.0,181400000.0,444800000.0,290800000.0,6.66,1402400000.0
14,EW,MRT,2017-12-31,2017-12-31,2017-12-31,2021-08-02,-132700000.0,5666400000.0,5268425000.0,2549200000.0,3117200000.0,0.652,4.672,-168100000.0,818300000.0,818300000.0,875300000.0,583600000.0,1.795,0.917,1036400000.0,598000000.0,438400000.0,1036400000.0,0.0,81900000.0,0.0,0.0,0.0,1058100000.0,1140000000.0,0.332,1140000000.0,1058100000.0,1034900000.0,0.923,0.9,0.923,2956200000.0,2950250000.0,2956200000.0,24255377915.0,23.0,21.277,832600000.0,1.316,1.0,2560000000.0,0.745,1594500000.0,23200000.0,2870000000.0,3591650000.0,554900000.0,1086200000.0,519200000.0,567000000.0,2710200000.0,1420000000.0,1290200000.0,23851677915.0,-111800000.0,-192900000.0,-649500000.0,176300000.0,0.0,-473200000.0,-647200000.0,-231300000.0,1000700000.0,7900000.0,583600000.0,583600000.0,583600000.0,0.0,0.0,0.17,1530700000.0,1029300000.0,770300000.0,0.0,8.068,40.87,40.704,679700000.0,0.0,37.57,6.943,6.919,479300000.0,1962100000.0,3435300000.0,3435300000.0,552600000.0,0.111,0.198,0.295,0.308,61600000.0,990800000.0,1.0,634859673.0,632700000.0,647700000.0,5.43,4071900000.0,167100000.0,451300000.0,512100000.0,6.436,1129200000.0
15,EW,MRT,2017-09-30,2017-09-30,2017-09-30,2021-08-02,-142700000.0,5488400000.0,4979325000.0,2566400000.0,2922000000.0,0.666,4.989,-179400000.0,630300000.0,630300000.0,853200000.0,744900000.0,3.491,0.735,1034000000.0,0.0,1034000000.0,1034000000.0,0.0,79800000.0,0.0,0.0,0.0,927600000.0,1007400000.0,0.304,1007400000.0,927600000.0,911400000.0,1.173,1.143,1.173,3162500000.0,2865950000.0,3162500000.0,23590495417.0,25.0,23.417,658500000.0,1.039,1.0,2461300000.0,0.743,1395400000.0,16200000.0,3761500000.0,3633850000.0,538400000.0,1340000000.0,772500000.0,567500000.0,2325900000.0,735200000.0,1590700000.0,23081895417.0,-14700000.0,-85500000.0,-681500000.0,399700000.0,0.0,-239100000.0,-616300000.0,-337200000.0,837900000.0,2800000.0,744900000.0,744900000.0,744900000.0,0.0,0.0,0.225,1551000000.0,910300000.0,693700000.0,0.0,7.299,30.987,31.063,649600000.0,0.0,36.437,6.964,6.969,475000000.0,1964900000.0,3314500000.0,3314500000.0,520900000.0,0.15,0.26,0.255,0.28,60200000.0,951600000.0,1.0,633474090.0,633900000.0,648600000.0,5.229,4093000000.0,197100000.0,166500000.0,0.0,6.457,1831200000.0
16,EW,MRT,2017-06-30,2017-06-30,2017-06-30,2021-08-02,-157800000.0,5138500000.0,4691975000.0,2283400000.0,2855100000.0,0.689,4.655,-185200000.0,508200000.0,508200000.0,841300000.0,716200000.0,,0.748,1016800000.0,1016800000.0,,1016800000.0,0.0,77300000.0,0.0,0.0,0.0,903000000.0,980300000.0,0.303,980300000.0,903000000.0,884800000.0,1.123,1.097,1.123,2939600000.0,2748275000.0,2939600000.0,24835473151.0,28.0,25.335,547800000.0,0.867,1.0,2391100000.0,0.74,1373700000.0,18200000.0,4273400000.0,3557875000.0,491600000.0,1175100000.0,623600000.0,551500000.0,2198900000.0,,,24806873151.0,138300000.0,-88200000.0,-665400000.0,402700000.0,0.0,-195600000.0,-402900000.0,-119700000.0,733000000.0,3800000.0,716200000.0,716200000.0,716200000.0,0.0,0.0,0.222,1488700000.0,902400000.0,562500000.0,0.0,8.439,34.637,35.096,627900000.0,0.0,39.413,7.674,7.7,510700000.0,4331900000.0,3232400000.0,3232400000.0,491000000.0,0.153,0.261,0.254,0.279,58800000.0,936600000.0,1.0,629408397.0,631500000.0,647100000.0,5.119,3764800000.0,185200000.0,168600000.0,0.0,5.962,
17,EW,MRT,2017-03-31,2017-03-31,2017-03-31,2021-08-02,-181500000.0,4780400000.0,4420200000.0,2018400000.0,2762000000.0,0.713,4.329,-164300000.0,819300000.0,819300000.0,832700000.0,656700000.0,,0.743,847900000.0,847900000.0,,847900000.0,0.0,76400000.0,0.0,0.0,0.0,867400000.0,943800000.0,0.3,943800000.0,867400000.0,848200000.0,1.03,1.003,1.03,2742700000.0,2631175000.0,2742700000.0,19881892214.0,23.0,21.066,561300000.0,0.886,1.0,2317200000.0,0.736,1347300000.0,19200000.0,3461700000.0,3351000000.0,431400000.0,617900000.0,98900000.0,519000000.0,2037700000.0,,,19989692214.0,317900000.0,-85500000.0,-648700000.0,245900000.0,0.0,-290700000.0,-107800000.0,188400000.0,725600000.0,-9200000.0,656700000.0,656700000.0,656700000.0,0.0,0.0,0.208,1455800000.0,861400000.0,584800000.0,0.0,7.288,30.44,30.444,588800000.0,0.0,31.357,6.346,6.307,510200000.0,4145800000.0,3149900000.0,3149900000.0,469100000.0,0.149,0.25,0.259,0.275,57800000.0,921600000.0,1.0,637487394.0,633600000.0,649200000.0,4.971,3433100000.0,179100000.0,191500000.0,0.0,5.418,
18,EW,MRT,2016-12-31,2016-12-31,2016-12-31,2021-08-02,-198400000.0,4510000000.0,4188550000.0,2240000000.0,2270000000.0,0.708,4.099,-176100000.0,930100000.0,930100000.0,797400000.0,569500000.0,4.207,0.722,822300000.0,0.0,822300000.0,822300000.0,0.0,71200000.0,0.0,0.0,0.0,757100000.0,828300000.0,0.279,828300000.0,757100000.0,737900000.0,0.89,0.87,0.89,2619000000.0,2520325000.0,2619000000.0,19989752270.0,26.0,24.133,528300000.0,0.827,1.0,2166300000.0,0.731,830900000.0,19200000.0,3038800000.0,3265575000.0,396600000.0,873100000.0,341000000.0,532100000.0,1891000000.0,532500000.0,1358500000.0,20034152270.0,211700000.0,-5700000.0,-559000000.0,222100000.0,0.0,-268500000.0,-211700000.0,10200000.0,704400000.0,-12500000.0,569500000.0,569500000.0,569500000.0,0.0,0.0,0.192,1414000000.0,752300000.0,532500000.0,0.0,7.65,35.178,35.093,580000000.0,0.0,31.233,6.76,6.734,414600000.0,3906300000.0,2963700000.0,2963700000.0,442200000.0,0.136,0.226,0.232,0.255,56900000.0,904700000.0,1.0,641441817.0,639000000.0,653400000.0,4.638,3679100000.0,203800000.0,168400000.0,389300000.0,5.758,1707500000.0
19,EW,MRT,2016-09-30,2016-09-30,2016-09-30,2021-08-02,-171200000.0,4339000000.0,4075125000.0,2171400000.0,2167600000.0,0.704,4.209,-150400000.0,645000000.0,645000000.0,760100000.0,551700000.0,,0.612,600600000.0,600600000.0,,600600000.0,0.0,66600000.0,0.0,0.0,0.0,721900000.0,788500000.0,0.275,788500000.0,721900000.0,704500000.0,0.86,0.843,0.86,2691800000.0,2491350000.0,2691800000.0,25897484383.0,36.0,32.844,456700000.0,0.714,1.0,2107000000.0,0.735,837000000.0,17400000.0,3457600000.0,3162100000.0,401000000.0,1022800000.0,555300000.0,467500000.0,1647200000.0,,,25664884383.0,-1100000.0,-17900000.0,-371000000.0,-1100000.0,0.0,-333300000.0,-264600000.0,-56000000.0,607100000.0,-10300000.0,551700000.0,551700000.0,551700000.0,0.0,0.0,0.192,1384300000.0,722700000.0,532800000.0,0.0,9.534,46.52,46.729,543700000.0,0.0,40.187,8.952,8.965,459500000.0,3747800000.0,2867100000.0,2867100000.0,425300000.0,0.135,0.221,0.228,0.252,55900000.0,893400000.0,1.0,638636484.0,639600000.0,654300000.0,4.483,3502000000.0,189300000.0,152800000.0,0.0,5.475,
20,EW,MRT,2016-06-30,2016-06-30,2016-06-30,2021-08-02,-178700000.0,4051400000.0,3959525000.0,1985100000.0,2066300000.0,0.693,3.882,-128300000.0,369900000.0,369900000.0,705400000.0,528400000.0,,0.639,602500000.0,602500000.0,,602500000.0,0.0,66900000.0,0.0,0.0,0.0,687800000.0,754700000.0,0.275,754700000.0,687800000.0,670000000.0,0.823,0.807,0.823,2471200000.0,2423750000.0,2471200000.0,21219686297.0,31.0,28.117,475400000.0,0.747,1.0,2037800000.0,0.743,838100000.0,17800000.0,3445900000.0,3049425000.0,367600000.0,1082000000.0,690300000.0,391700000.0,1580200000.0,,,21118886297.0,-227700000.0,-336400000.0,-391600000.0,-100000.0,0.0,-373500000.0,-444100000.0,53500000.0,603700000.0,-13800000.0,528400000.0,528400000.0,528400000.0,0.0,0.0,0.193,1350600000.0,687200000.0,478200000.0,0.0,8.546,39.968,40.392,516200000.0,0.0,33.243,7.699,7.715,431100000.0,3606400000.0,2743200000.0,2743200000.0,413300000.0,0.133,0.218,0.226,0.251,54100000.0,875800000.0,1.0,635288220.0,636600000.0,651900000.0,4.309,3213300000.0,188600000.0,141600000.0,0.0,5.048,
21,EW,MRT,2016-03-31,2016-03-31,2016-03-31,2021-08-02,-172600000.0,3853800000.0,3848750000.0,1819300000.0,2034500000.0,0.676,3.597,-109600000.0,501400000.0,501400000.0,661500000.0,514500000.0,,0.676,602200000.0,602200000.0,,602200000.0,0.0,65700000.0,0.0,0.0,0.0,660400000.0,726100000.0,0.279,726100000.0,660400000.0,643200000.0,0.797,0.783,0.797,2299300000.0,2378100000.0,2299300000.0,18810939169.0,28.0,25.907,473900000.0,0.741,1.0,1939200000.0,0.746,834600000.0,17200000.0,3120000000.0,2993250000.0,356600000.0,819600000.0,450400000.0,369200000.0,1554500000.0,,,18929439169.0,44400000.0,-335300000.0,-440000000.0,2900000.0,0.0,-455800000.0,-88500000.0,353900000.0,583500000.0,5200000.0,514500000.0,514500000.0,514500000.0,0.0,0.0,0.198,1278100000.0,661100000.0,458300000.0,0.0,8.233,36.792,36.892,497300000.0,0.0,29.403,7.279,7.228,394300000.0,3479800000.0,2600700000.0,2600700000.0,398300000.0,0.134,0.216,0.221,0.254,50600000.0,860900000.0,1.0,643792782.0,639300000.0,653400000.0,4.068,3019200000.0,196500000.0,128700000.0,0.0,4.723,
22,EW,MRT,2015-12-31,2015-12-31,2015-12-31,2021-08-02,-182600000.0,4056300000.0,3757400000.0,2047900000.0,2008400000.0,0.664,3.872,-102700000.0,718400000.0,718400000.0,617200000.0,494900000.0,4.301,0.621,596900000.0,0.0,596900000.0,596900000.0,0.0,65800000.0,0.0,0.0,0.0,639600000.0,705400000.0,0.283,705400000.0,639600000.0,622400000.0,0.767,0.75,0.767,2503100000.0,2356750000.0,2503100000.0,16995764498.0,27.0,24.094,447000000.0,0.691,1.0,1876500000.0,0.752,833700000.0,17200000.0,2624900000.0,3024550000.0,339900000.0,886200000.0,506300000.0,379900000.0,1553200000.0,476200000.0,1077000000.0,17036964498.0,64600000.0,-333700000.0,-192900000.0,1900000.0,0.0,-158600000.0,-316100000.0,121700000.0,549700000.0,-10400000.0,494900000.0,494900000.0,494900000.0,0.0,0.0,0.198,1240600000.0,635900000.0,476200000.0,0.0,6.806,34.425,34.325,482500000.0,0.0,26.327,6.832,6.825,371800000.0,3336800000.0,2493700000.0,2493700000.0,382900000.0,0.132,0.21,0.211,0.256,49900000.0,850700000.0,1.0,647128974.0,646500000.0,660900000.0,3.857,3222600000.0,180500000.0,127500000.0,194700000.0,4.985,1571700000.0
23,EW,MRT,2015-09-30,2015-09-30,2015-09-30,2021-08-02,-169200000.0,3876600000.0,3624075000.0,2145500000.0,1731100000.0,0.673,3.751,-96600000.0,646100000.0,646100000.0,601700000.0,463400000.0,,0.601,604900000.0,604900000.0,,604900000.0,0.0,69600000.0,0.0,0.0,0.0,603100000.0,672700000.0,0.276,672700000.0,603100000.0,588300000.0,0.715,0.702,0.715,2421400000.0,2278825000.0,2421400000.0,15288201524.0,25.0,22.727,442500000.0,0.685,1.0,1838900000.0,0.753,828500000.0,14800000.0,3006900000.0,3028775000.0,333500000.0,970400000.0,604400000.0,366000000.0,1455200000.0,,,15285501524.0,242000000.0,-346000000.0,-78300000.0,-12100000.0,0.0,-53000000.0,-231400000.0,225300000.0,539100000.0,-12700000.0,463400000.0,463400000.0,463400000.0,0.0,0.0,0.19,1234900000.0,604000000.0,532500000.0,0.0,6.313,32.986,33.14,454800000.0,0.0,23.695,6.263,6.268,343900000.0,3196100000.0,2440600000.0,2440600000.0,368900000.0,0.128,0.203,0.199,0.247,49200000.0,851500000.0,1.0,645093966.0,645600000.0,659700000.0,3.78,3048100000.0,100400000.0,124900000.0,0.0,4.721,
24,EW,MRT,2015-06-30,2015-06-30,2015-06-30,2021-08-02,-146600000.0,3608300000.0,3492425000.0,2297000000.0,1311300000.0,0.697,3.543,-88700000.0,597600000.0,597600000.0,623100000.0,439900000.0,,0.577,600300000.0,600300000.0,,600300000.0,0.0,69100000.0,0.0,0.0,0.0,573000000.0,642100000.0,0.264,642100000.0,573000000.0,558200000.0,0.68,0.667,0.68,2288600000.0,2184325000.0,2288600000.0,15464933650.0,27.0,24.085,260100000.0,0.403,1.0,1809400000.0,0.744,389800000.0,14800000.0,3221200000.0,3061425000.0,313300000.0,1136000000.0,811400000.0,324600000.0,1319700000.0,,,15319233650.0,99000000.0,-24700000.0,-57300000.0,-15300000.0,0.0,-27900000.0,-210600000.0,-80000000.0,348800000.0,-11300000.0,439900000.0,439900000.0,439900000.0,0.0,0.0,0.181,1233200000.0,576200000.0,445200000.0,0.0,6.694,34.824,34.909,450600000.0,0.0,23.738,6.298,6.303,357600000.0,3078000000.0,2432500000.0,2432500000.0,355500000.0,0.126,0.201,0.187,0.236,48800000.0,861700000.0,1.0,645346434.0,645900000.0,659700000.0,3.766,3218500000.0,147200000.0,118300000.0,0.0,4.983,
25,EW,MRT,2015-03-31,2015-03-31,2015-03-31,2021-08-02,-147900000.0,3488400000.0,3422000000.0,2254800000.0,1233600000.0,0.699,3.424,-86300000.0,457000000.0,457000000.0,615700000.0,874200000.0,,0.576,602700000.0,602700000.0,,602700000.0,0.0,68400000.0,0.0,0.0,0.0,1245300000.0,1313700000.0,0.549,1313700000.0,1245300000.0,1229200000.0,1.37,1.345,1.37,2213900000.0,2090900000.0,2213900000.0,15306959038.0,12.0,11.652,870400000.0,1.346,1.0,1775100000.0,0.742,388900000.0,16100000.0,3245200000.0,3009175000.0,298500000.0,1169400000.0,913800000.0,255600000.0,1274500000.0,,,15362659038.0,161300000.0,-23800000.0,20700000.0,-143500000.0,0.0,-81100000.0,-693500000.0,-572300000.0,956700000.0,-20800000.0,874200000.0,874200000.0,874200000.0,0.0,0.0,0.366,528000000.0,1247100000.0,405300000.0,0.0,6.939,17.573,17.331,445100000.0,0.0,23.743,6.426,6.42,351000000.0,2965300000.0,2390800000.0,2390800000.0,347100000.0,0.255,0.418,0.414,0.521,49900000.0,863300000.0,1.0,647039508.0,646500000.0,661800000.0,3.698,3099500000.0,141900000.0,355000000.0,0.0,4.794,
26,EW,MRT,2014-12-31,2014-12-31,2014-12-31,2021-08-02,-100900000.0,3523000000.0,3212825000.0,2231100000.0,1291900000.0,0.723,3.429,-79800000.0,653800000.0,653800000.0,625600000.0,811100000.0,5.236,0.608,598100000.0,0.0,598100000.0,598100000.0,0.0,68600000.0,0.0,0.0,0.0,1161200000.0,1229800000.0,0.529,1229800000.0,1161200000.0,1144000000.0,1.27,1.247,1.27,2191400000.0,1872625000.0,2191400000.0,13818675507.0,12.0,11.237,942500000.0,1.475,1.0,1697300000.0,0.731,399400000.0,17200000.0,2641800000.0,2863975000.0,296800000.0,1025900000.0,785000000.0,240900000.0,1331600000.0,426100000.0,905500000.0,13626375507.0,233400000.0,-24100000.0,-187600000.0,-12700000.0,0.0,-153000000.0,-633000000.0,-518300000.0,1022300000.0,-2900000.0,811100000.0,811100000.0,811100000.0,0.0,0.0,0.349,534800000.0,1162500000.0,426100000.0,0.0,6.218,16.8,16.717,442900000.0,0.0,21.23,5.866,5.84,330800000.0,2841900000.0,2322900000.0,2322900000.0,346500000.0,0.252,0.433,0.405,0.5,48300000.0,858000000.0,1.0,641845290.0,639000000.0,651000000.0,3.635,3123600000.0,153700000.0,332900000.0,194800000.0,4.888,1805000000.0
27,EW,MRT,2014-09-30,2014-09-30,2014-09-30,2021-08-02,-70600000.0,3350000000.0,3009550000.0,2309200000.0,1040800000.0,0.745,3.201,-66200000.0,404100000.0,404100000.0,609000000.0,777000000.0,,0.639,596400000.0,596400000.0,,596400000.0,0.0,67400000.0,0.0,0.0,0.0,1129100000.0,1196500000.0,0.534,1196500000.0,1129100000.0,1111400000.0,1.222,1.2,1.222,2043400000.0,1710875000.0,2043400000.0,10930713649.0,10.0,9.136,974200000.0,1.526,1.0,1631900000.0,0.728,404800000.0,17700000.0,3137500000.0,2733050000.0,303600000.0,1203000000.0,1111000000.0,92000000.0,1306600000.0,,,10831313649.0,-66900000.0,-200000.0,-243500000.0,65600000.0,0.0,-118400000.0,-991900000.0,-925700000.0,1040400000.0,3000000.0,777000000.0,777000000.0,777000000.0,0.0,0.0,0.347,505200000.0,1126700000.0,427800000.0,0.0,5.301,13.94,13.932,429300000.0,0.0,17.025,4.833,4.85,331000000.0,2732700000.0,2240900000.0,2240900000.0,341100000.0,0.258,0.454,0.413,0.504,47600000.0,821500000.0,1.0,636200508.0,638400000.0,650400000.0,3.51,2945200000.0,98200000.0,334400000.0,0.0,4.613,
28,EW,MRT,2014-06-30,2014-06-30,2014-06-30,2021-08-02,-41100000.0,3326600000.0,2804700000.0,2278100000.0,1048500000.0,0.759,3.022,-70700000.0,498600000.0,498600000.0,569100000.0,759200000.0,,0.737,598000000.0,598000000.0,,598000000.0,0.0,66400000.0,0.0,0.0,0.0,1106800000.0,1173200000.0,0.551,1173200000.0,1106800000.0,1090600000.0,1.188,1.168,1.188,1914900000.0,1559375000.0,1914900000.0,9485500067.0,9.0,8.085,1089700000.0,1.72,1.0,1560000000.0,0.733,413800000.0,16200000.0,3012200000.0,2484875000.0,317100000.0,1084500000.0,985500000.0,99000000.0,1411700000.0,,,9055800067.0,125900000.0,200000.0,-499900000.0,370600000.0,0.0,-98500000.0,-943600000.0,-869400000.0,1160400000.0,7600000.0,759200000.0,759200000.0,759200000.0,0.0,0.0,0.357,457700000.0,1102300000.0,540500000.0,0.0,4.729,11.928,12.043,422500000.0,0.0,14.307,4.253,4.258,335100000.0,2638100000.0,2129100000.0,2129100000.0,337600000.0,0.271,0.487,0.445,0.52,47300000.0,777100000.0,1.0,632962890.0,633600000.0,644400000.0,3.36,2912800000.0,112700000.0,331400000.0,0.0,4.597,
29,EW,MRT,2014-03-31,2014-03-31,2014-03-31,2021-08-02,-32400000.0,2651700000.0,2557975000.0,1603300000.0,1048400000.0,0.81,2.094,-84200000.0,295700000.0,295700000.0,541500000.0,305500000.0,,0.978,725400000.0,725400000.0,,725400000.0,0.0,65000000.0,0.0,0.0,0.0,411400000.0,476400000.0,0.23,476400000.0,411400000.0,397900000.0,0.463,0.455,0.463,1340800000.0,1475600000.0,1340800000.0,8126945852.0,20.0,17.059,426300000.0,0.666,1.0,1529700000.0,0.739,417000000.0,13500000.0,2664400000.0,2168875000.0,308000000.0,631100000.0,535900000.0,95200000.0,1310900000.0,,,7954245852.0,-105800000.0,-1900000.0,-643300000.0,534100000.0,0.0,-84000000.0,-546200000.0,-456000000.0,510500000.0,13900000.0,305500000.0,305500000.0,305500000.0,0.0,0.0,0.147,1123100000.0,406600000.0,356200000.0,0.0,5.932,26.037,26.7,418700000.0,0.0,12.362,3.84,3.821,311000000.0,2091100000.0,2071200000.0,2071200000.0,329000000.0,0.119,0.207,0.19,0.199,48200000.0,748200000.0,1.0,643443282.0,640200000.0,651000000.0,3.235,2234700000.0,111800000.0,92400000.0,0.0,3.491,
30,EW,MRT,2013-12-31,2013-12-31,2013-12-31,2021-08-02,-27600000.0,2709900000.0,2469200000.0,1725800000.0,984100000.0,0.828,2.304,-106700000.0,420400000.0,420400000.0,516600000.0,389100000.0,4.994,0.755,593100000.0,0.0,593100000.0,593100000.0,0.0,62900000.0,0.0,0.0,0.0,521000000.0,583900000.0,0.285,583900000.0,521000000.0,511200000.0,0.58,0.57,0.58,1544400000.0,1538400000.0,1544400000.0,7255673216.0,14.0,12.426,366000000.0,0.546,1.0,1528900000.0,0.747,418900000.0,9800000.0,2118100000.0,1913300000.0,308900000.0,538400000.0,516500000.0,21900000.0,1165500000.0,345600000.0,819900000.0,7194573216.0,109500000.0,-2700000.0,-451400000.0,409600000.0,0.0,34900000.0,-412700000.0,-298200000.0,472700000.0,14600000.0,389100000.0,389100000.0,389100000.0,0.0,0.0,0.19,1011200000.0,517700000.0,345600000.0,0.0,4.658,18.49,18.897,421600000.0,0.0,10.96,3.517,3.591,335300000.0,2030800000.0,2045500000.0,2045500000.0,323000000.0,0.158,0.253,0.272,0.255,47400000.0,733400000.0,1.0,656439162.0,670200000.0,682800000.0,3.052,2291000000.0,112400000.0,122100000.0,126400000.0,3.418,1380200000.0
31,EW,MRT,2013-09-30,2013-09-30,2013-09-30,2021-08-02,-42900000.0,2530600000.0,2347100000.0,1570400000.0,960200000.0,0.861,2.158,-132600000.0,471000000.0,471000000.0,495000000.0,403400000.0,,0.761,532100000.0,532100000.0,,532100000.0,0.0,57300000.0,0.0,0.0,0.0,536200000.0,593500000.0,0.294,593500000.0,536200000.0,530200000.0,0.593,0.58,0.593,1437400000.0,1522125000.0,1437400000.0,7672142670.0,14.0,12.927,343500000.0,0.516,1.0,1525000000.0,0.755,446900000.0,6000000.0,2144800000.0,1708975000.0,313900000.0,307300000.0,286600000.0,20700000.0,1093200000.0,,,7817542670.0,165200000.0,-37700000.0,-604400000.0,358500000.0,0.0,-192500000.0,-138400000.0,35600000.0,476100000.0,20000000.0,403400000.0,403400000.0,403400000.0,0.0,0.0,0.2,991200000.0,533800000.0,335100000.0,0.0,5.439,19.379,19.57,409000000.0,0.0,11.605,3.87,3.826,338900000.0,1969800000.0,2020000000.0,2020000000.0,319300000.0,0.172,0.265,0.314,0.265,46700000.0,716800000.0,1.0,673635732.0,666000000.0,677400000.0,3.033,2083700000.0,82800000.0,126800000.0,0.0,3.129,
32,EW,MRT,2013-06-30,2013-06-30,2013-06-30,2021-08-02,-48000000.0,2339700000.0,2263400000.0,1390600000.0,949100000.0,0.871,2.338,-133100000.0,372700000.0,372700000.0,478500000.0,395800000.0,,0.481,227300000.0,227300000.0,,227300000.0,0.0,54700000.0,0.0,0.0,0.0,528500000.0,583200000.0,0.296,583200000.0,528500000.0,523800000.0,0.578,0.563,0.578,1579800000.0,1546850000.0,1579800000.0,7382229398.0,14.0,12.658,342100000.0,0.506,1.0,1493800000.0,0.757,446100000.0,4700000.0,1748200000.0,1586775000.0,299500000.0,224200000.0,202300000.0,21900000.0,759900000.0,,,7591029398.0,68400000.0,-39200000.0,-384400000.0,43600000.0,0.0,-261600000.0,-163800000.0,8600000.0,475200000.0,18600000.0,395800000.0,395800000.0,395800000.0,0.0,0.0,0.201,966600000.0,527200000.0,314200000.0,0.0,4.805,19.179,19.377,399200000.0,0.0,11.2,3.849,3.836,354800000.0,1892900000.0,1972300000.0,1972300000.0,309000000.0,0.175,0.256,0.333,0.268,45700000.0,706800000.0,1.0,677770482.0,675600000.0,688200000.0,2.919,1893600000.0,77400000.0,128000000.0,0.0,2.803,
33,EW,MRT,2013-03-31,2013-03-31,2013-03-31,2021-08-02,-52000000.0,2296600000.0,2197250000.0,1360700000.0,935900000.0,0.882,2.33,-124800000.0,401500000.0,401500000.0,484700000.0,370300000.0,,0.443,192700000.0,192700000.0,,192700000.0,0.0,54000000.0,0.0,0.0,0.0,497400000.0,551400000.0,0.285,551400000.0,497400000.0,493200000.0,0.538,0.523,0.538,1592000000.0,1510550000.0,1592000000.0,9252681860.0,19.0,16.78,369100000.0,0.54,1.0,1452400000.0,0.75,445700000.0,4200000.0,1642100000.0,1535825000.0,288500000.0,178900000.0,156400000.0,22500000.0,704600000.0,,,9374281860.0,188200000.0,-39500000.0,-273300000.0,13900000.0,0.0,-177400000.0,-133500000.0,37300000.0,493900000.0,5200000.0,370300000.0,370300000.0,370300000.0,0.0,0.0,0.191,957400000.0,495000000.0,300400000.0,0.0,5.888,25.315,25.452,385400000.0,0.0,13.693,4.839,4.831,340500000.0,1798800000.0,1937100000.0,1937100000.0,302500000.0,0.169,0.245,0.324,0.257,44100000.0,702600000.0,1.0,684603948.0,683400000.0,699000000.0,2.835,1850900000.0,80800000.0,122900000.0,0.0,2.708,
34,EW,MRT,2012-12-31,2012-12-31,2012-12-31,2021-08-02,-37900000.0,2221500000.0,2124150000.0,1291900000.0,929600000.0,0.894,2.146,-106000000.0,310900000.0,310900000.0,491000000.0,291500000.0,3.719,0.502,189300000.0,0.0,189300000.0,189300000.0,0.0,53700000.0,0.0,0.0,0.0,392600000.0,446300000.0,0.235,446300000.0,392600000.0,388200000.0,0.423,0.41,0.423,1479300000.0,1460125000.0,1479300000.0,10275974630.0,26.0,23.025,256100000.0,0.371,1.0,1408600000.0,0.742,451700000.0,4400000.0,1300800000.0,1514150000.0,281000000.0,231600000.0,210500000.0,21100000.0,742200000.0,347400000.0,394800000.0,10406374630.0,139700000.0,-35800000.0,-244000000.0,39500000.0,0.0,-155600000.0,-78800000.0,69100000.0,362100000.0,12000000.0,291500000.0,291500000.0,291500000.0,0.0,0.0,0.153,1019100000.0,389500000.0,347400000.0,0.0,7.035,35.699,35.527,373300000.0,0.0,15.028,5.478,5.454,357400000.0,1653900000.0,1899600000.0,1899600000.0,291300000.0,0.137,0.2,0.259,0.207,42100000.0,697400000.0,1.0,692465706.0,689400000.0,709800000.0,2.755,1769800000.0,90700000.0,96700000.0,110700000.0,2.567,944500000.0
35,EW,MRT,2012-09-30,2012-09-30,2012-09-30,2021-08-02,-37100000.0,2195800000.0,2063900000.0,1387700000.0,808100000.0,0.881,2.213,-88300000.0,305800000.0,305800000.0,488400000.0,265200000.0,,0.429,175400000.0,175400000.0,,175400000.0,0.0,57000000.0,0.0,0.0,0.0,340200000.0,397200000.0,0.218,397200000.0,340200000.0,337500000.0,0.387,0.372,0.387,1536300000.0,1424775000.0,1536300000.0,12304988773.0,36.0,30.979,252500000.0,0.364,1.0,1330900000.0,0.732,409400000.0,2700000.0,1656000000.0,1490900000.0,286000000.0,340100000.0,316700000.0,23400000.0,659500000.0,,,12424188773.0,61800000.0,300000.0,-106100000.0,1900000.0,0.0,-62300000.0,-214500000.0,-115000000.0,340800000.0,-2200000.0,265200000.0,265200000.0,265200000.0,0.0,0.0,0.146,992500000.0,338400000.0,298600000.0,0.0,8.087,46.848,46.24,328700000.0,0.0,17.895,6.829,6.828,335100000.0,1562800000.0,1819300000.0,1819300000.0,277100000.0,0.128,0.186,0.228,0.187,40300000.0,690800000.0,1.0,694282692.0,694200000.0,714000000.0,2.621,1786400000.0,53300000.0,72300000.0,0.0,2.573,
36,EW,MRT,2012-06-30,2012-06-30,2012-06-30,2021-08-02,-51000000.0,2075100000.0,2010675000.0,1278800000.0,796300000.0,0.887,2.081,-84700000.0,304300000.0,304300000.0,502300000.0,247600000.0,,0.446,185100000.0,185100000.0,,185100000.0,0.0,56500000.0,0.0,0.0,0.0,304700000.0,361200000.0,0.202,361200000.0,304700000.0,301700000.0,0.362,0.347,0.362,1434600000.0,1379350000.0,1434600000.0,11804385651.0,39.0,32.681,240200000.0,0.348,1.0,1281800000.0,0.718,411500000.0,3000000.0,1544400000.0,1323100000.0,265400000.0,223800000.0,201700000.0,22100000.0,640500000.0,,,11838285651.0,128700000.0,3700000.0,-197100000.0,11300000.0,0.0,-159000000.0,-27300000.0,65300000.0,324900000.0,-9900000.0,247600000.0,247600000.0,247600000.0,0.0,0.0,0.139,978100000.0,303700000.0,284300000.0,0.0,8.252,47.812,47.561,315800000.0,0.0,17.217,6.635,6.653,347300000.0,1493600000.0,1784100000.0,1784100000.0,265000000.0,0.123,0.18,0.23,0.171,39900000.0,688500000.0,1.0,687592824.0,689400000.0,710400000.0,2.588,1663600000.0,46200000.0,54100000.0,0.0,2.413,
37,EW,MRT,2012-03-31,2012-03-31,2012-03-31,2021-08-02,-24600000.0,2004200000.0,1992500000.0,1188000000.0,816200000.0,0.87,2.033,-76800000.0,213300000.0,213300000.0,500300000.0,237900000.0,,0.442,179400000.0,179400000.0,,179400000.0,0.0,57300000.0,0.0,0.0,0.0,287700000.0,345000000.0,0.199,345000000.0,287700000.0,284600000.0,0.348,0.332,0.348,1390300000.0,1367000000.0,1390300000.0,8341963908.0,29.0,24.18,185800000.0,0.272,1.0,1233000000.0,0.711,414900000.0,3100000.0,1555400000.0,1180225000.0,268300000.0,218100000.0,196200000.0,21900000.0,613900000.0,,,8362763908.0,-111900000.0,4000000.0,-245900000.0,30200000.0,0.0,-197800000.0,-180000000.0,-99800000.0,262600000.0,3300000.0,237900000.0,237900000.0,237900000.0,0.0,0.0,0.137,946800000.0,286200000.0,265200000.0,0.0,6.015,35.152,34.833,308200000.0,0.0,12.122,4.825,4.784,368100000.0,1425800000.0,1733300000.0,1733300000.0,255900000.0,0.119,0.174,0.244,0.166,36500000.0,669300000.0,1.0,689883180.0,684000000.0,708000000.0,2.534,1589300000.0,55600000.0,46700000.0,0.0,2.324,
38,EW,MRT,2011-12-31,2011-12-31,2011-12-31,2021-08-02,-37500000.0,1980500000.0,1974225000.0,1168500000.0,812000000.0,0.85,1.946,-72700000.0,171200000.0,171200000.0,489800000.0,236700000.0,3.486,0.48,150400000.0,0.0,150400000.0,150400000.0,0.0,58000000.0,0.0,0.0,0.0,286700000.0,344700000.0,0.205,344700000.0,286700000.0,283600000.0,0.345,0.33,0.345,1337900000.0,1358875000.0,1337900000.0,7788787146.0,27.0,22.596,235500000.0,0.342,1.0,1188800000.0,0.708,416700000.0,3100000.0,1207800000.0,985225000.0,261300000.0,301100000.0,279300000.0,21800000.0,642600000.0,335200000.0,307400000.0,8064887146.0,-224900000.0,-35800000.0,-243900000.0,104400000.0,0.0,-135200000.0,-406500000.0,-290300000.0,308200000.0,8600000.0,236700000.0,236700000.0,236700000.0,0.0,0.0,0.141,910300000.0,278500000.0,319800000.0,0.0,6.028,34.072,34.154,304300000.0,0.0,11.783,4.805,4.827,345300000.0,1360700000.0,1678600000.0,1678600000.0,246300000.0,0.12,0.174,0.291,0.171,35000000.0,642400000.0,1.0,684451086.0,687600000.0,716400000.0,2.441,1563800000.0,63900000.0,46900000.0,15400000.0,2.274,833300000.0
39,EW,MRT,2011-09-30,2011-09-30,2011-09-30,2021-08-02,-23200000.0,1982900000.0,1920900000.0,1181900000.0,801000000.0,0.854,1.97,-66900000.0,451100000.0,451100000.0,483700000.0,238400000.0,3.914,0.464,175000000.0,0.0,175000000.0,175000000.0,0.0,58600000.0,0.0,0.0,0.0,286400000.0,345000000.0,0.21,345000000.0,286400000.0,285100000.0,0.348,0.33,0.348,1354600000.0,1351450000.0,1354600000.0,7900600455.0,28.0,22.9,241900000.0,0.352,1.0,1157100000.0,0.705,420000000.0,1300000.0,984800000.0,856475000.0,247900000.0,21400000.0,0.0,21400000.0,628300000.0,302000000.0,326300000.0,8194000455.0,-117000000.0,-38500000.0,-196400000.0,71200000.0,0.0,-108200000.0,-321300000.0,-213600000.0,308800000.0,3700000.0,238400000.0,238400000.0,238400000.0,0.0,0.0,0.145,877400000.0,279700000.0,302000000.0,0.0,6.049,34.371,34.138,286400000.0,0.0,11.88,4.994,4.978,346800000.0,1297600000.0,1640800000.0,1640800000.0,241500000.0,0.124,0.176,0.334,0.175,32900000.0,621400000.0,1.0,689730678.0,687600000.0,714000000.0,2.386,1562900000.0,73900000.0,46700000.0,0.0,2.273,879900000.0
40,EW,MRT,2011-06-30,2011-06-30,2011-06-30,2021-08-02,-9500000.0,2002400000.0,1856525000.0,1216800000.0,785600000.0,0.849,2.011,-62300000.0,468200000.0,468200000.0,453900000.0,234800000.0,3.884,0.446,174800000.0,0.0,174800000.0,174800000.0,0.0,58100000.0,0.0,0.0,0.0,295400000.0,353500000.0,0.224,353500000.0,295400000.0,293700000.0,0.343,0.325,0.343,1385200000.0,1321175000.0,1385200000.0,9713423415.0,33.0,27.478,227500000.0,0.33,1.0,1123100000.0,0.712,422800000.0,1700000.0,972900000.0,784250000.0,229400000.0,24800000.0,0.0,24800000.0,617200000.0,313300000.0,303900000.0,9997723415.0,-144700000.0,-41200000.0,-87600000.0,-8000000.0,0.0,-67600000.0,-391800000.0,-286100000.0,289800000.0,24900000.0,234800000.0,234800000.0,234800000.0,0.0,0.0,0.149,839800000.0,283300000.0,313300000.0,0.0,7.218,42.58,42.362,281000000.0,0.0,14.53,6.34,6.346,364100000.0,1246000000.0,1577000000.0,1577000000.0,232500000.0,0.126,0.178,0.377,0.187,31000000.0,588900000.0,1.0,688074564.0,688800000.0,720000000.0,2.289,1579600000.0,102900000.0,58900000.0,0.0,2.293,903500000.0
41,EW,MRT,2011-03-31,2011-03-31,2011-03-31,2021-08-02,-15500000.0,1931100000.0,1766400000.0,1150300000.0,780800000.0,0.855,1.97,-63200000.0,433800000.0,433800000.0,426500000.0,234200000.0,2.584,0.422,149500000.0,149500000.0,0.0,149500000.0,0.0,57000000.0,0.0,0.0,0.0,289500000.0,346500000.0,0.229,346500000.0,289500000.0,287300000.0,0.343,0.325,0.343,1357800000.0,1254325000.0,1357800000.0,9637714119.0,33.0,27.814,190100000.0,0.276,1.0,1084500000.0,0.718,426200000.0,2200000.0,775400000.0,818425000.0,217700000.0,27300000.0,0.0,27300000.0,573300000.0,445200000.0,128100000.0,9992014119.0,4000000.0,-43500000.0,-105800000.0,16800000.0,0.0,-38000000.0,-213100000.0,-106100000.0,253300000.0,1800000.0,234200000.0,234200000.0,234200000.0,0.0,0.0,0.155,807200000.0,277300000.0,295700000.0,0.0,7.359,42.664,42.274,274300000.0,0.0,14.5,6.613,6.616,354200000.0,1187900000.0,1511000000.0,1511000000.0,218200000.0,0.133,0.187,0.354,0.192,29500000.0,566300000.0,1.0,689104422.0,689400000.0,723000000.0,2.192,1504900000.0,97000000.0,53100000.0,0.0,2.183,705100000.0
42,EW,MRT,2010-12-31,2010-12-31,2010-12-31,2021-08-02,-42100000.0,1767200000.0,1684725000.0,1032600000.0,734600000.0,0.859,1.918,-55200000.0,396100000.0,396100000.0,408300000.0,218000000.0,3.057,0.351,41800000.0,41800000.0,0.0,41800000.0,0.0,56500000.0,0.0,0.0,0.0,270600000.0,327100000.0,0.226,327100000.0,270600000.0,268200000.0,0.32,0.305,0.32,1308200000.0,1202750000.0,1308200000.0,8969574921.0,33.0,27.422,196200000.0,0.288,1.0,1038700000.0,0.718,382300000.0,2400000.0,692800000.0,878000000.0,203600000.0,25000000.0,0.0,25000000.0,459000000.0,337800000.0,121200000.0,9229974921.0,62000000.0,-4700000.0,-107900000.0,-48400000.0,0.0,-103900000.0,-61500000.0,-400000.0,251400000.0,-24000000.0,218000000.0,218000000.0,218000000.0,0.0,0.0,0.151,777100000.0,261600000.0,273700000.0,0.0,7.055,42.339,42.103,269800000.0,0.0,13.473,6.379,6.352,302500000.0,1124000000.0,1447000000.0,1447000000.0,204400000.0,0.129,0.181,0.308,0.187,29300000.0,550000000.0,1.0,685071990.0,682200000.0,715200000.0,2.121,1384900000.0,76800000.0,50200000.0,22300000.0,2.03,694800000.0
43,EW,MRT,2010-09-30,2010-09-30,2010-09-30,2021-08-02,-24200000.0,1725400000.0,1646800000.0,992400000.0,733000000.0,0.851,1.81,-151100000.0,361000000.0,361000000.0,396500000.0,200800000.0,2.597,0.399,100600000.0,100600000.0,0.0,100600000.0,0.0,55300000.0,0.0,0.0,0.0,263400000.0,318700000.0,0.227,318700000.0,263400000.0,260500000.0,0.295,0.28,0.295,1233500000.0,1165175000.0,1233500000.0,7457354512.0,28.0,23.399,72200000.0,0.106,1.0,1004800000.0,0.717,386900000.0,2900000.0,695900000.0,874625000.0,212200000.0,22300000.0,0.0,22300000.0,491900000.0,382200000.0,109700000.0,7600154512.0,73400000.0,-1400000.0,-119300000.0,-2500000.0,0.0,-73400000.0,-54300000.0,1500000.0,223300000.0,-22200000.0,200800000.0,200800000.0,200800000.0,0.0,0.0,0.143,752600000.0,252200000.0,281600000.0,0.0,6.161,37.849,37.881,260300000.0,0.0,11.175,5.424,5.436,303400000.0,1059200000.0,1401300000.0,1401300000.0,196800000.0,0.122,0.172,0.301,0.188,30200000.0,539900000.0,1.0,680103312.0,681600000.0,713400000.0,2.056,1338500000.0,95600000.0,59700000.0,0.0,1.964,610200000.0
44,EW,MRT,2010-06-30,2010-06-30,2010-06-30,2021-08-02,-53000000.0,1641900000.0,1615975000.0,918900000.0,723000000.0,0.853,1.643,-86400000.0,320300000.0,320300000.0,399200000.0,226300000.0,,0.469,177500000.0,177500000.0,,177500000.0,0.0,57300000.0,0.0,0.0,0.0,291600000.0,348900000.0,0.253,348900000.0,291600000.0,288500000.0,0.333,0.318,0.333,1117800000.0,1129400000.0,1117800000.0,6156097133.0,21.0,17.644,112000000.0,0.165,1.0,978900000.0,0.71,389500000.0,3100000.0,1109600000.0,953300000.0,182300000.0,21900000.0,0.0,21900000.0,524100000.0,,,6347997133.0,137200000.0,-1200000.0,-153400000.0,62600000.0,0.0,-43100000.0,14200000.0,5100000.0,198400000.0,-32300000.0,226300000.0,226300000.0,226300000.0,0.0,0.0,0.164,695600000.0,283300000.0,247700000.0,0.0,5.679,28.051,28.039,249800000.0,0.0,9.337,4.606,4.61,294000000.0,1011200000.0,1378100000.0,1378100000.0,188800000.0,0.14,0.2,0.306,0.212,29500000.0,533000000.0,1.0,679875456.0,680400000.0,712800000.0,2.025,1252400000.0,87800000.0,62200000.0,0.0,1.841,
45,EW,MRT,2010-03-31,2010-03-31,2010-03-31,2021-08-02,-24900000.0,1604400000.0,1571775000.0,872700000.0,731700000.0,0.858,1.695,-85800000.0,321200000.0,321200000.0,400700000.0,216300000.0,,0.393,129300000.0,129300000.0,,129300000.0,0.0,58500000.0,0.0,0.0,0.0,287700000.0,346200000.0,0.257,346200000.0,287700000.0,284900000.0,0.318,0.307,0.318,1151500000.0,1100725000.0,1151500000.0,5348747097.0,19.0,15.45,128500000.0,0.189,1.0,947700000.0,0.703,398800000.0,2800000.0,1013700000.0,923125000.0,174600000.0,21900000.0,0.0,21900000.0,452900000.0,,,5592547097.0,174500000.0,-700000.0,-83400000.0,3200000.0,0.0,-44300000.0,16300000.0,6100000.0,214300000.0,-11800000.0,216300000.0,216300000.0,216300000.0,0.0,0.0,0.16,668700000.0,279000000.0,242200000.0,0.0,4.857,25.856,25.912,247200000.0,0.0,8.24,4.148,4.151,278600000.0,953700000.0,1348400000.0,1348400000.0,180800000.0,0.138,0.197,0.312,0.213,28900000.0,520900000.0,1.0,678707172.0,679200000.0,714000000.0,1.985,1205600000.0,94700000.0,68600000.0,0.0,1.775,
46,EW,MRT,2009-12-31,2009-12-31,2009-12-31,2021-08-02,-7900000.0,1615500000.0,1510400000.0,889200000.0,726300000.0,0.875,1.715,-64000000.0,334100000.0,334100000.0,399100000.0,229100000.0,3.061,0.395,90300000.0,0.0,90300000.0,90300000.0,0.0,58700000.0,0.0,0.0,0.0,307100000.0,365800000.0,0.277,365800000.0,307100000.0,304400000.0,0.34,0.325,0.34,1157900000.0,1048675000.0,1157900000.0,4728067052.0,15.0,12.925,101300000.0,0.15,1.0,922300000.0,0.698,401900000.0,2700000.0,679300000.0,901425000.0,165900000.0,22300000.0,0.0,22300000.0,457600000.0,290500000.0,167100000.0,4913367052.0,115400000.0,-3500000.0,-28800000.0,-84600000.0,0.0,-91800000.0,40100000.0,9700000.0,165300000.0,1800000.0,229100000.0,229100000.0,229100000.0,0.0,0.0,0.173,620500000.0,301800000.0,51100000.0,0.0,4.243,21.446,21.288,252000000.0,0.0,7.238,3.718,3.697,272100000.0,906000000.0,1321400000.0,1321400000.0,175500000.0,0.152,0.218,0.341,0.232,28300000.0,508800000.0,1.0,678829380.0,675000000.0,705000000.0,1.958,1213600000.0,85400000.0,75300000.0,35900000.0,1.798,598700000.0
47,EW,MRT,2009-09-30,2009-09-30,2009-09-30,2021-08-02,-6500000.0,1602100000.0,1456575000.0,877200000.0,724900000.0,0.882,1.613,34400000.0,287600000.0,287600000.0,396200000.0,219600000.0,,0.469,102300000.0,102300000.0,,102300000.0,0.0,58800000.0,0.0,0.0,0.0,283700000.0,342500000.0,0.267,342500000.0,283700000.0,276000000.0,0.324,0.314,0.324,1090400000.0,978900000.0,1090400000.0,3875161423.0,14.0,11.314,214300000.0,0.317,1.0,888200000.0,0.692,406200000.0,7700000.0,1010600000.0,903075000.0,168700000.0,26700000.0,1900000.0,24800000.0,511700000.0,,,3944361423.0,85200000.0,-4200000.0,-43600000.0,-112900000.0,0.0,-141300000.0,39200000.0,13000000.0,179900000.0,7400000.0,219600000.0,219600000.0,219600000.0,0.0,0.0,0.171,608000000.0,280200000.0,296300000.0,0.0,3.617,17.962,17.981,240700000.0,0.0,5.826,3.071,3.067,280500000.0,858400000.0,1284400000.0,1284400000.0,163000000.0,0.151,0.224,0.314,0.221,28200000.0,496700000.0,1.0,677027364.0,676200000.0,705000000.0,1.899,1195900000.0,84300000.0,56400000.0,0.0,1.769,
48,EW,MRT,2009-06-30,2009-06-30,2009-06-30,2021-08-02,-23700000.0,1465100000.0,1401350000.0,745600000.0,719500000.0,0.901,1.487,-27600000.0,183100000.0,183100000.0,402600000.0,179000000.0,,0.461,113900000.0,113900000.0,,113900000.0,0.0,57200000.0,0.0,0.0,0.0,232100000.0,289300000.0,0.229,289300000.0,232100000.0,225400000.0,0.265,0.256,0.265,1003100000.0,924925000.0,1003100000.0,3786177868.0,16.0,13.087,94600000.0,0.14,1.0,859700000.0,0.681,407000000.0,6700000.0,988900000.0,832450000.0,160900000.0,25500000.0,5200000.0,20300000.0,462000000.0,,,3809877868.0,-5100000.0,-1000000.0,-84500000.0,-38700000.0,0.0,-107800000.0,-16300000.0,16300000.0,122200000.0,-3200000.0,179000000.0,179000000.0,179000000.0,0.0,0.0,0.142,629800000.0,229900000.0,245100000.0,0.0,3.798,21.284,21.392,239100000.0,0.0,5.669,3.018,3.029,274500000.0,784900000.0,1262300000.0,1262300000.0,153400000.0,0.128,0.194,0.279,0.184,28500000.0,489900000.0,1.0,672054660.0,674400000.0,702000000.0,1.872,1058100000.0,74700000.0,46400000.0,0.0,1.569,
49,EW,MRT,2009-03-31,2009-03-31,2009-03-31,2021-08-02,-33800000.0,1358900000.0,1372150000.0,649000000.0,709900000.0,0.914,1.404,-25600000.0,146700000.0,146700000.0,413700000.0,171200000.0,,0.441,123000000.0,123000000.0,,123000000.0,0.0,56300000.0,0.0,0.0,0.0,221600000.0,277900000.0,0.222,277900000.0,221600000.0,214700000.0,0.255,0.243,0.255,943300000.0,898475000.0,943300000.0,3344852447.0,15.0,12.036,61700000.0,0.092,1.0,840700000.0,0.67,408300000.0,6900000.0,926900000.0,747700000.0,146100000.0,20300000.0,3700000.0,16600000.0,415600000.0,,,3388052447.0,-16200000.0,1400000.0,-159000000.0,53500000.0,0.0,-89400000.0,-6800000.0,21800000.0,87300000.0,-7300000.0,171200000.0,171200000.0,171200000.0,0.0,0.0,0.136,618300000.0,222400000.0,200200000.0,0.0,3.592,19.79,19.816,229800000.0,0.0,5.053,2.701,2.707,255800000.0,737400000.0,1254400000.0,1254400000.0,146200000.0,0.125,0.191,0.296,0.177,29000000.0,487900000.0,1.0,670503156.0,672000000.0,702000000.0,1.867,950600000.0,72500000.0,43500000.0,0.0,1.415,
50,EW,MRT,2008-12-31,2008-12-31,2008-12-31,2021-08-02,-35400000.0,1400200000.0,1360000000.0,691900000.0,708300000.0,0.91,1.311,-50600000.0,218700000.0,218700000.0,419600000.0,128900000.0,2.677,0.593,175500000.0,0.0,175500000.0,175500000.0,0.0,55600000.0,0.0,0.0,0.0,171600000.0,227200000.0,0.184,227200000.0,171600000.0,164400000.0,0.192,0.183,0.192,878800000.0,857050000.0,878800000.0,3058961567.0,18.0,13.464,102600000.0,0.153,1.0,818100000.0,0.661,412600000.0,7200000.0,685900000.0,651250000.0,151800000.0,22800000.0,8100000.0,14700000.0,521400000.0,258500000.0,262900000.0,3058561567.0,76900000.0,4400000.0,-242700000.0,94200000.0,0.0,-134100000.0,58800000.0,35400000.0,153200000.0,-1000000.0,128900000.0,128900000.0,128900000.0,0.0,0.0,0.104,644900000.0,173200000.0,65600000.0,0.0,3.48,23.728,23.849,230100000.0,0.0,4.579,2.471,2.479,204700000.0,676900000.0,1237700000.0,1237700000.0,139200000.0,0.095,0.15,0.263,0.139,28700000.0,480600000.0,1.0,667954044.0,670200000.0,715200000.0,1.847,987600000.0,80100000.0,35500000.0,6200000.0,1.474,433400000.0
51,EW,MRT,2008-09-30,2008-09-30,2008-09-30,2021-08-02,5000000.0,1381200000.0,1347400000.0,676300000.0,704900000.0,0.906,1.301,-46800000.0,202400000.0,202400000.0,420400000.0,106600000.0,2.942,0.579,202800000.0,0.0,202800000.0,202800000.0,0.0,55000000.0,0.0,0.0,0.0,158500000.0,213500000.0,0.175,213500000.0,158500000.0,150000000.0,0.159,0.152,0.159,874500000.0,846100000.0,874500000.0,3200987908.0,20.0,14.993,105000000.0,0.156,1.0,800600000.0,0.656,423600000.0,8500000.0,728100000.0,621475000.0,143800000.0,32400000.0,12100000.0,20300000.0,506700000.0,229900000.0,276800000.0,3247487908.0,26700000.0,-22300000.0,-252400000.0,133500000.0,0.0,-106800000.0,-19300000.0,-21100000.0,151800000.0,1000000.0,106600000.0,106600000.0,106600000.0,0.0,0.0,0.087,646900000.0,153700000.0,229900000.0,0.0,3.714,30.464,30.27,224000000.0,0.0,4.813,2.66,2.649,213600000.0,639400000.0,1221000000.0,1221000000.0,136900000.0,0.079,0.126,0.255,0.13,27800000.0,474900000.0,1.0,674732580.0,672000000.0,708000000.0,1.817,957600000.0,47700000.0,43400000.0,0.0,1.425,446400000.0
52,EW,MRT,2008-06-30,2008-06-30,2008-06-30,2021-08-02,19200000.0,1348300000.0,1327025000.0,635100000.0,713200000.0,0.888,1.35,-50300000.0,188200000.0,188200000.0,406200000.0,102800000.0,2.803,0.503,141700000.0,0.0,141700000.0,141700000.0,0.0,55200000.0,0.0,0.0,0.0,154500000.0,209700000.0,0.178,209700000.0,154500000.0,145200000.0,0.153,0.145,0.153,897300000.0,833425000.0,897300000.0,3453181679.0,22.0,16.467,147200000.0,0.221,1.0,772600000.0,0.655,425300000.0,9300000.0,649900000.0,574875000.0,136800000.0,47000000.0,19900000.0,27100000.0,451000000.0,226600000.0,224400000.0,3403181679.0,23300000.0,-26200000.0,-232800000.0,72200000.0,0.0,-150100000.0,-31600000.0,-28500000.0,197500000.0,7500000.0,102800000.0,102800000.0,102800000.0,0.0,0.0,0.087,624100000.0,148500000.0,226600000.0,0.0,3.793,33.105,33.791,224600000.0,0.0,5.17,2.887,2.916,173300000.0,606500000.0,1178800000.0,1178800000.0,132700000.0,0.077,0.123,0.269,0.131,27100000.0,458800000.0,1.0,658255644.0,664800000.0,722400000.0,1.773,923000000.0,47800000.0,42400000.0,0.0,1.388,408500000.0
53,EW,MRT,2008-03-31,2008-03-31,2008-03-31,2021-08-02,17200000.0,1310300000.0,1302900000.0,591600000.0,718700000.0,0.863,1.155,-52500000.0,162900000.0,162900000.0,387900000.0,98000000.0,1.511,0.685,212900000.0,150000000.0,62900000.0,212900000.0,0.0,54900000.0,0.0,0.0,0.0,149200000.0,204100000.0,0.182,204100000.0,149200000.0,139900000.0,0.143,0.137,0.143,777600000.0,810975000.0,777600000.0,2595774605.0,17.0,12.718,154200000.0,0.229,1.0,735900000.0,0.655,427600000.0,9300000.0,541100000.0,543825000.0,139500000.0,54700000.0,26700000.0,28000000.0,532700000.0,391600000.0,141100000.0,2525874605.0,-17300000.0,-27700000.0,-172900000.0,-23100000.0,0.0,-189900000.0,-42700000.0,-35300000.0,206700000.0,8600000.0,98000000.0,98000000.0,98000000.0,0.0,0.0,0.087,593800000.0,142100000.0,241600000.0,0.0,3.248,25.774,25.965,223600000.0,0.0,3.713,2.248,2.224,155300000.0,566800000.0,1123800000.0,1123800000.0,126400000.0,0.075,0.121,0.274,0.133,27400000.0,434000000.0,1.0,680278644.0,673200000.0,702000000.0,1.669,882700000.0,54500000.0,41900000.0,0.0,1.311,200000000.0
54,EW,MRT,2007-12-31,2007-12-31,2007-12-31,2021-08-02,7500000.0,1349800000.0,1287625000.0,586400000.0,763400000.0,0.847,1.214,-57000000.0,141800000.0,141800000.0,378200000.0,113000000.0,1.543,0.617,211700000.0,150000000.0,61700000.0,211700000.0,0.0,54800000.0,0.0,0.0,0.0,158900000.0,213700000.0,0.196,213700000.0,158900000.0,149800000.0,0.164,0.156,0.164,835000000.0,812825000.0,835000000.0,2643711413.0,17.0,12.371,156100000.0,0.227,1.0,712900000.0,0.653,472800000.0,9100000.0,566800000.0,620275000.0,152600000.0,83700000.0,49400000.0,34300000.0,514800000.0,380100000.0,134700000.0,2608211413.0,-41000000.0,-39500000.0,-92200000.0,-27900000.0,0.0,-108100000.0,-147400000.0,-52100000.0,213100000.0,1400000.0,113000000.0,113000000.0,113000000.0,0.0,0.0,0.104,563600000.0,149300000.0,63900000.0,0.0,3.124,23.082,23.372,228200000.0,0.0,3.833,2.39,2.416,145300000.0,548600000.0,1091100000.0,1091100000.0,122300000.0,0.088,0.139,0.256,0.146,27700000.0,418000000.0,1.0,680462148.0,687600000.0,752400000.0,1.587,877000000.0,44000000.0,36800000.0,4700000.0,1.275,206300000.0
55,EW,MRT,2007-09-30,2007-09-30,2007-09-30,2021-08-02,2900000.0,1299700000.0,1261875000.0,564800000.0,734900000.0,0.843,1.202,-60500000.0,175700000.0,175700000.0,376000000.0,117900000.0,1.619,0.578,211200000.0,150000000.0,61200000.0,211200000.0,0.0,55700000.0,0.0,0.0,0.0,163100000.0,218800000.0,0.206,218800000.0,163100000.0,153900000.0,0.171,0.161,0.171,823800000.0,791425000.0,823800000.0,2866938625.0,18.0,13.103,145400000.0,0.212,1.0,687700000.0,0.647,444700000.0,9200000.0,541700000.0,633550000.0,158300000.0,36800000.0,0.0,36800000.0,475900000.0,348800000.0,127100000.0,2824238625.0,24400000.0,-12500000.0,-86000000.0,-44900000.0,0.0,-122100000.0,-61800000.0,-2600000.0,205900000.0,2400000.0,117900000.0,117900000.0,117900000.0,0.0,0.0,0.111,532900000.0,154800000.0,198800000.0,0.0,3.428,23.955,24.029,228000000.0,0.0,4.109,2.655,2.647,136700000.0,532800000.0,1063700000.0,1063700000.0,118800000.0,0.093,0.149,0.257,0.153,27700000.0,398600000.0,1.0,687329916.0,685200000.0,748800000.0,1.552,855000000.0,33600000.0,36000000.0,0.0,1.248,216000000.0
56,EW,MRT,2007-06-30,2007-06-30,2007-06-30,2021-08-02,-8900000.0,1251800000.0,1247025000.0,541200000.0,710600000.0,0.842,1.17,-60800000.0,164900000.0,164900000.0,372700000.0,116600000.0,1.672,0.55,207600000.0,150000000.0,57600000.0,207600000.0,0.0,55500000.0,0.0,0.0,0.0,161400000.0,216900000.0,0.207,216900000.0,161400000.0,151800000.0,0.168,0.158,0.168,807500000.0,767450000.0,807500000.0,2888041005.0,18.0,13.315,145800000.0,0.211,1.0,677000000.0,0.645,445200000.0,9600000.0,525700000.0,718400000.0,143500000.0,25100000.0,0.0,25100000.0,444300000.0,323600000.0,120700000.0,2843741005.0,-2200000.0,-11400000.0,-83300000.0,-70000000.0,0.0,-146800000.0,-63000000.0,-2500000.0,206600000.0,1000000.0,116600000.0,116600000.0,116600000.0,0.0,0.0,0.111,523100000.0,153900000.0,173600000.0,0.0,3.522,24.389,24.476,220200000.0,0.0,4.112,2.709,2.703,137400000.0,503700000.0,1049700000.0,1049700000.0,116000000.0,0.094,0.152,0.225,0.154,27300000.0,387100000.0,1.0,691571256.0,690000000.0,756000000.0,1.521,806600000.0,30200000.0,35200000.0,0.0,1.169,217600000.0
57,EW,MRT,2007-03-31,2007-03-31,2007-03-31,2021-08-02,-13800000.0,1249200000.0,1248875000.0,542100000.0,707100000.0,0.836,1.13,-63000000.0,180200000.0,180200000.0,373700000.0,117800000.0,,0.591,224500000.0,224500000.0,,224500000.0,0.0,56000000.0,0.0,0.0,0.0,160300000.0,216300000.0,0.207,216300000.0,160300000.0,150500000.0,0.168,0.159,0.168,785000000.0,746175000.0,785000000.0,2987748834.0,19.0,13.813,145000000.0,0.209,1.0,670700000.0,0.642,446600000.0,9800000.0,846900000.0,813600000.0,141500000.0,22200000.0,0.0,22200000.0,464200000.0,,,2934648834.0,-9000000.0,-11100000.0,-103800000.0,-69800000.0,0.0,-165400000.0,-54300000.0,-2100000.0,208000000.0,2700000.0,117800000.0,117800000.0,117800000.0,0.0,0.0,0.113,517500000.0,153200000.0,179400000.0,0.0,3.738,24.912,25.149,216700000.0,0.0,4.225,2.81,2.811,129300000.0,468800000.0,1044400000.0,1044400000.0,115800000.0,0.094,0.158,0.197,0.153,27700000.0,382400000.0,1.0,694591440.0,694800000.0,762000000.0,1.503,802600000.0,33100000.0,32700000.0,0.0,1.155,
58,EW,MRT,2006-12-31,2006-12-31,2006-12-31,2021-08-02,-15800000.0,1246800000.0,1246450000.0,531600000.0,715200000.0,0.832,1.068,-57400000.0,182800000.0,182800000.0,373600000.0,130500000.0,2.35,0.664,235900000.0,0.0,235900000.0,235900000.0,0.0,56800000.0,0.0,0.0,0.0,182800000.0,239600000.0,0.231,239600000.0,182800000.0,172300000.0,0.186,0.175,0.186,749400000.0,730800000.0,749400000.0,2825017343.0,15.0,11.791,175300000.0,0.25,1.0,663400000.0,0.64,453800000.0,10500000.0,619900000.0,818900000.0,142100000.0,20200000.0,0.0,20200000.0,497400000.0,226200000.0,271200000.0,2723317343.0,4200000.0,-1400000.0,-112400000.0,-85900000.0,0.0,-193600000.0,-37600000.0,-1900000.0,232700000.0,2700000.0,130500000.0,130500000.0,130500000.0,0.0,0.0,0.126,485700000.0,177700000.0,48900000.0,0.0,3.634,20.868,21.075,213000000.0,0.0,3.92,2.626,2.654,127100000.0,433900000.0,1037000000.0,1037000000.0,114200000.0,0.105,0.179,0.223,0.176,26600000.0,376000000.0,1.0,694723812.0,702000000.0,766800000.0,1.477,793000000.0,36300000.0,41800000.0,37000000.0,1.13,305400000.0
59,EW,MRT,2006-09-30,2006-09-30,2006-09-30,2021-08-02,-19200000.0,1240300000.0,1242025000.0,524900000.0,715400000.0,0.822,1.042,-61900000.0,151300000.0,151300000.0,365800000.0,148400000.0,,0.704,253000000.0,253000000.0,,253000000.0,0.0,56600000.0,0.0,0.0,0.0,198400000.0,255000000.0,0.25,255000000.0,198400000.0,192100000.0,0.209,0.198,0.209,727900000.0,715950000.0,727900000.0,2833740741.0,14.0,11.113,143200000.0,0.205,1.0,655300000.0,0.642,460900000.0,6300000.0,881100000.0,838175000.0,148900000.0,14300000.0,0.0,14300000.0,512400000.0,,,2721240741.0,63300000.0,-11400000.0,-114000000.0,0.0,0.0,-106100000.0,-37100000.0,0.0,205100000.0,1400000.0,148400000.0,148400000.0,148400000.0,0.0,0.0,0.145,456700000.0,198600000.0,227500000.0,0.0,3.738,18.337,18.579,211500000.0,0.0,3.883,2.665,2.656,130200000.0,413200000.0,1021100000.0,1021100000.0,110000000.0,0.119,0.207,0.237,0.194,23100000.0,368000000.0,1.0,700808844.0,698400000.0,763200000.0,1.462,779400000.0,44700000.0,43700000.0,0.0,1.116,
60,EW,MRT,2006-06-30,2006-06-30,2006-06-30,2021-08-02,-20400000.0,1259200000.0,1218200000.0,542300000.0,716900000.0,0.833,1.024,-56700000.0,167100000.0,167100000.0,369300000.0,116200000.0,,0.743,279600000.0,279600000.0,,279600000.0,0.0,56800000.0,0.0,0.0,0.0,178400000.0,235200000.0,0.232,235200000.0,178400000.0,170700000.0,0.163,0.155,0.163,722400000.0,698775000.0,722400000.0,2777771150.0,16.0,11.81,127200000.0,0.18,1.0,645300000.0,0.636,465200000.0,7700000.0,906500000.0,825150000.0,139000000.0,16000000.0,0.0,16000000.0,536800000.0,,,2678171150.0,71000000.0,-11400000.0,-94000000.0,11800000.0,0.0,-79600000.0,-33000000.0,0.0,183900000.0,-300000.0,116200000.0,116200000.0,116200000.0,0.0,0.0,0.115,467400000.0,177900000.0,226500000.0,0.0,3.707,23.048,23.227,205700000.0,0.0,3.786,2.64,2.633,133700000.0,385400000.0,1014600000.0,1014600000.0,105900000.0,0.095,0.166,0.216,0.176,16000000.0,362200000.0,1.0,707388048.0,705600000.0,770400000.0,1.438,794000000.0,47600000.0,54500000.0,0.0,1.125,
61,EW,MRT,2006-03-31,2006-03-31,2006-03-31,2021-08-02,-19600000.0,1239500000.0,1191100000.0,526100000.0,713400000.0,0.844,1.017,-50500000.0,189200000.0,189200000.0,371500000.0,94000000.0,,0.713,288800000.0,288800000.0,,288800000.0,0.0,56800000.0,0.0,0.0,0.0,150900000.0,207700000.0,0.207,207700000.0,150900000.0,140500000.0,0.132,0.125,0.132,723500000.0,683600000.0,723500000.0,2714435737.0,18.0,13.069,126400000.0,0.178,1.0,634000000.0,0.631,471000000.0,10400000.0,868100000.0,808700000.0,135000000.0,14000000.0,0.0,14000000.0,516000000.0,,,2576935737.0,116600000.0,-11300000.0,-43100000.0,20400000.0,0.0,-18100000.0,-35100000.0,0.0,176900000.0,-7100000.0,94000000.0,94000000.0,94000000.0,0.0,0.0,0.093,484100000.0,149900000.0,196500000.0,0.0,3.562,27.414,27.462,199200000.0,0.0,3.625,2.563,2.565,122800000.0,349300000.0,1005500000.0,1005500000.0,101200000.0,0.079,0.138,0.187,0.15,9100000.0,355300000.0,1.0,710878824.0,711600000.0,775200000.0,1.413,768500000.0,38400000.0,46500000.0,0.0,1.08,
62,EW,MRT,2005-12-31,2005-12-31,2005-12-31,2021-08-02,-22200000.0,1229100000.0,1162000000.0,514200000.0,714900000.0,0.859,0.965,-48500000.0,178600000.0,178600000.0,374600000.0,79300000.0,2.648,0.781,316100000.0,0.0,316100000.0,316100000.0,0.0,56200000.0,0.0,0.0,0.0,129000000.0,185200000.0,0.186,185200000.0,129000000.0,116700000.0,0.111,0.106,0.111,690000000.0,664750000.0,690000000.0,2638143087.0,20.0,14.245,88300000.0,0.123,1.0,623300000.0,0.625,475400000.0,12300000.0,697000000.0,803050000.0,131500000.0,10700000.0,0.0,10700000.0,539100000.0,194200000.0,344900000.0,2474643087.0,129700000.0,-1500000.0,-27300000.0,59100000.0,0.0,29000000.0,-27200000.0,0.0,136800000.0,-8900000.0,79300000.0,79300000.0,79300000.0,0.0,0.0,0.079,497100000.0,126200000.0,60700000.0,0.0,3.586,31.206,31.243,201900000.0,0.0,3.468,2.48,2.486,118500000.0,303400000.0,997900000.0,997900000.0,99000000.0,0.068,0.119,0.161,0.129,3300000.0,348700000.0,1.0,713564904.0,715200000.0,747600000.0,1.395,753700000.0,39100000.0,37400000.0,25200000.0,1.054,320000000.0
63,EW,MRT,2005-09-30,2005-09-30,2005-09-30,2021-08-02,-22500000.0,1145000000.0,1132900000.0,430400000.0,714600000.0,0.87,0.919,-46300000.0,88000000.0,88000000.0,376200000.0,66600000.0,,0.737,251500000.0,251500000.0,,251500000.0,0.0,57300000.0,0.0,0.0,0.0,120100000.0,177400000.0,0.18,177400000.0,120100000.0,107300000.0,0.093,0.091,0.093,659200000.0,649275000.0,659200000.0,2829383078.0,24.0,15.949,104000000.0,0.145,1.0,609100000.0,0.618,479500000.0,12800000.0,829000000.0,838950000.0,135500000.0,14500000.0,0.0,14500000.0,485800000.0,,,2655883078.0,57000000.0,500000.0,-32600000.0,-19500000.0,0.0,-52100000.0,-36900000.0,0.0,150300000.0,-4300000.0,66600000.0,66600000.0,66600000.0,0.0,0.0,0.068,494000000.0,115100000.0,204600000.0,0.0,4.029,39.878,39.796,192100000.0,0.0,3.701,2.696,2.695,125900000.0,264700000.0,985300000.0,985300000.0,96600000.0,0.059,0.103,0.143,0.122,0.0,344300000.0,1.0,717612288.0,717600000.0,717600000.0,1.373,665500000.0,32800000.0,40700000.0,0.0,0.927,
64,EW,MRT,2005-06-30,2005-06-30,2005-06-30,2021-08-02,-33900000.0,1150800000.0,1114625000.0,437100000.0,713700000.0,0.87,0.925,-43400000.0,96100000.0,96100000.0,373200000.0,83400000.0,,0.739,269600000.0,269600000.0,,269600000.0,0.0,57900000.0,0.0,0.0,0.0,125500000.0,183400000.0,0.189,183400000.0,125500000.0,111500000.0,0.117,0.113,0.117,661700000.0,634300000.0,661700000.0,2764397378.0,22.0,15.073,121300000.0,0.17,1.0,596000000.0,0.615,483600000.0,14000000.0,840700000.0,837275000.0,131300000.0,14100000.0,0.0,14100000.0,489100000.0,,,2561197378.0,56100000.0,-9800000.0,-22500000.0,-46000000.0,0.0,-62400000.0,-44100000.0,0.0,164700000.0,-2100000.0,83400000.0,83400000.0,83400000.0,0.0,0.0,0.086,475400000.0,120600000.0,190400000.0,0.0,3.871,30.71,30.641,193000000.0,0.0,3.585,2.643,2.645,124900000.0,269100000.0,969200000.0,969200000.0,94500000.0,0.075,0.131,0.15,0.129,0.0,338100000.0,1.0,714420468.0,715200000.0,748800000.0,1.355,667200000.0,28200000.0,28100000.0,0.0,0.933,
65,EW,MRT,2005-03-31,2005-03-31,2005-03-31,2021-08-02,-26300000.0,1123100000.0,1099325000.0,400600000.0,722500000.0,0.86,0.908,-42500000.0,72600000.0,72600000.0,367700000.0,95000000.0,,0.733,275800000.0,275800000.0,,275800000.0,0.0,56600000.0,0.0,0.0,0.0,144600000.0,201200000.0,0.213,201200000.0,144600000.0,130300000.0,0.133,0.129,0.133,648100000.0,615425000.0,648100000.0,2793621254.0,19.0,13.885,121800000.0,0.171,1.0,577900000.0,0.611,480800000.0,14300000.0,845500000.0,845550000.0,126100000.0,17300000.0,0.0,17300000.0,475000000.0,,,2575421254.0,34700000.0,-6700000.0,-28200000.0,-60100000.0,0.0,-90100000.0,-41900000.0,0.0,164300000.0,2400000.0,95000000.0,95000000.0,95000000.0,0.0,0.0,0.1,436900000.0,141000000.0,176400000.0,0.0,3.974,27.11,27.083,195400000.0,0.0,3.602,2.724,2.72,127700000.0,255300000.0,945600000.0,945600000.0,91000000.0,0.086,0.154,0.171,0.153,0.0,329000000.0,1.0,714997572.0,714000000.0,778800000.0,1.324,642300000.0,36300000.0,35300000.0,0.0,0.9,
66,EW,MRT,2004-12-31,2004-12-31,2004-12-31,2021-08-02,-20800000.0,1112700000.0,1094500000.0,367500000.0,745200000.0,0.851,0.878,-42500000.0,48900000.0,48900000.0,370200000.0,1700000.0,,0.772,267100000.0,267100000.0,,267100000.0,0.0,55700000.0,0.0,0.0,0.0,45300000.0,101000000.0,0.108,101000000.0,45300000.0,30100000.0,0.003,0.003,0.003,628100000.0,595950000.0,628100000.0,2690635939.0,59.0,26.64,138100000.0,0.193,1.0,561300000.0,0.603,490300000.0,15200000.0,840600000.0,861475000.0,127700000.0,20600000.0,0.0,20600000.0,484600000.0,,,2452435939.0,-12200000.0,-138700000.0,-28600000.0,7100000.0,0.0,-20500000.0,-177100000.0,0.0,180600000.0,4800000.0,1700000.0,1700000.0,1700000.0,0.0,0.0,0.002,517400000.0,43900000.0,195400000.0,0.0,3.905,1442.609,1146.0,201700000.0,0.0,3.438,2.633,2.64,119400000.0,224100000.0,931500000.0,931500000.0,87000000.0,0.002,0.003,0.053,0.049,0.0,319900000.0,1.0,713332152.0,715200000.0,744000000.0,1.302,622400000.0,43400000.0,28400000.0,0.0,0.87,
67,EW,MRT,2004-09-30,2004-09-30,2004-09-30,2021-08-02,-33800000.0,1071900000.0,1091675000.0,326200000.0,745700000.0,0.841,0.837,-34600000.0,31000000.0,31000000.0,372800000.0,-5300000.0,,0.789,269200000.0,269200000.0,,269200000.0,0.0,51800000.0,0.0,0.0,0.0,37200000.0,89000000.0,0.097,89000000.0,37200000.0,23000000.0,-0.007,-0.01,-0.007,599300000.0,597700000.0,599300000.0,2273061336.0,61.0,25.54,164600000.0,0.23,1.0,545700000.0,0.594,487800000.0,14200000.0,822300000.0,870550000.0,120500000.0,21900000.0,0.0,21900000.0,472600000.0,,,2000261336.0,-7300000.0,-137000000.0,-2900000.0,-22500000.0,0.0,-27200000.0,-180700000.0,-1700000.0,199200000.0,1400000.0,-5300000.0,-5300000.0,-5300000.0,0.0,0.0,-0.006,506600000.0,39100000.0,170300000.0,0.0,3.338,-377.408,-398.857,189500000.0,0.0,2.792,2.178,2.178,113200000.0,198200000.0,918500000.0,918500000.0,82600000.0,-0.005,-0.009,0.043,0.041,0.0,309400000.0,1.0,716425980.0,716400000.0,745200000.0,1.282,584100000.0,38500000.0,28300000.0,0.0,0.815,
68,EW,MRT,2004-06-30,2004-06-30,2004-06-30,2021-08-02,-37300000.0,1089600000.0,1091400000.0,333300000.0,756300000.0,0.824,0.821,-34800000.0,40000000.0,40000000.0,371800000.0,6800000.0,,0.859,312800000.0,312800000.0,,312800000.0,0.0,49100000.0,0.0,0.0,0.0,32500000.0,81600000.0,0.091,81600000.0,32500000.0,18200000.0,0.01,0.007,0.01,586200000.0,592550000.0,586200000.0,2368113851.0,73.0,29.021,137400000.0,0.192,1.0,528000000.0,0.587,488600000.0,14300000.0,873800000.0,891650000.0,119500000.0,26700000.0,0.0,26700000.0,503400000.0,,,2071513851.0,-10700000.0,-137100000.0,-7100000.0,600000.0,0.0,-8000000.0,-174300000.0,0.0,172200000.0,-600000.0,6800000.0,6800000.0,6800000.0,0.0,0.0,0.008,493000000.0,35000000.0,156000000.0,0.0,3.534,304.634,290.4,193500000.0,0.0,2.904,2.302,2.304,110100000.0,185800000.0,899800000.0,899800000.0,77500000.0,0.006,0.011,0.036,0.036,0.0,300200000.0,1.0,713331216.0,714000000.0,777600000.0,1.26,601000000.0,39200000.0,11400000.0,0.0,0.842,
69,EW,MRT,2004-03-31,2004-03-31,2004-03-31,2021-08-02,-28600000.0,1103800000.0,1088925000.0,326700000.0,777100000.0,0.811,0.797,-36100000.0,37900000.0,37900000.0,369000000.0,2400000.0,,0.936,334500000.0,334500000.0,,334500000.0,0.0,47500000.0,0.0,0.0,0.0,27300000.0,74800000.0,0.085,74800000.0,27300000.0,13100000.0,0.004,0.001,0.004,570200000.0,585750000.0,570200000.0,2101265071.0,77.0,28.092,140000000.0,0.196,1.0,514000000.0,0.582,491200000.0,14200000.0,909200000.0,902600000.0,114500000.0,37600000.0,0.0,37600000.0,533600000.0,,,1906565071.0,8100000.0,-139800000.0,-14500000.0,41900000.0,0.0,23300000.0,-185100000.0,0.0,176100000.0,-6200000.0,2400000.0,2400000.0,2400000.0,0.0,0.0,0.003,486700000.0,27300000.0,156400000.0,0.0,3.344,794.402,665.75,203700000.0,0.0,2.663,2.159,2.157,113500000.0,160300000.0,883000000.0,883000000.0,74800000.0,0.002,0.004,0.03,0.031,0.0,295000000.0,1.0,715946328.0,715200000.0,715200000.0,1.235,612600000.0,38900000.0,10700000.0,0.0,0.857,
70,EW,MRT,2003-12-31,2003-12-31,2003-12-31,2021-08-02,-32200000.0,1101400000.0,1071950000.0,360200000.0,741200000.0,0.803,0.896,-37900000.0,61100000.0,61100000.0,359400000.0,79000000.0,,0.734,255800000.0,255800000.0,,255800000.0,0.0,45600000.0,0.0,0.0,0.0,106000000.0,151600000.0,0.176,151600000.0,106000000.0,92800000.0,0.112,0.107,0.112,635100000.0,578950000.0,635100000.0,2037596642.0,19.0,13.441,104200000.0,0.147,1.0,501100000.0,0.582,419200000.0,13200000.0,876900000.0,895225000.0,120500000.0,35400000.0,0.0,35400000.0,466300000.0,,,1782796642.0,26900000.0,-37600000.0,-12800000.0,-4000000.0,0.0,-21200000.0,-76900000.0,0.0,142100000.0,-17100000.0,79000000.0,79000000.0,79000000.0,0.0,0.0,0.092,399800000.0,101300000.0,184100000.0,0.0,2.807,22.567,22.384,209900000.0,0.0,2.507,2.072,2.066,118500000.0,222400000.0,860500000.0,860500000.0,72800000.0,0.074,0.136,0.118,0.123,0.0,289900000.0,1.0,711127500.0,709200000.0,733200000.0,1.213,682200000.0,71200000.0,13800000.0,0.0,0.962,
71,EW,MRT,2003-09-30,2003-09-30,2003-09-30,2021-08-02,-46200000.0,1070800000.0,1047700000.0,368300000.0,702500000.0,0.801,0.816,-41900000.0,38300000.0,38300000.0,351300000.0,81800000.0,,0.85,293100000.0,293100000.0,,293100000.0,0.0,45000000.0,0.0,0.0,0.0,107800000.0,152800000.0,0.182,152800000.0,107800000.0,95100000.0,0.115,0.112,0.115,578700000.0,555025000.0,578700000.0,1933782956.0,18.0,12.656,100900000.0,0.142,1.0,488200000.0,0.582,418900000.0,12700000.0,906700000.0,830750000.0,125300000.0,28400000.0,0.0,28400000.0,492100000.0,,,1677182956.0,-700000.0,-54200000.0,-19600000.0,-1400000.0,0.0,-26400000.0,-94400000.0,1700000.0,142800000.0,-22700000.0,81800000.0,81800000.0,81800000.0,0.0,0.0,0.097,386000000.0,102200000.0,172000000.0,0.0,2.898,20.503,19.626,205900000.0,0.0,2.257,1.998,1.907,115600000.0,203500000.0,839500000.0,839500000.0,71500000.0,0.078,0.147,0.13,0.128,0.0,286400000.0,1.0,743102772.0,709200000.0,733200000.0,1.184,651900000.0,64000000.0,13300000.0,0.0,0.919,
72,EW,MRT,2003-06-30,2003-06-30,2003-06-30,2021-08-02,-48500000.0,1079700000.0,1009600000.0,388200000.0,691500000.0,0.792,0.79,-42300000.0,50700000.0,50700000.0,334300000.0,39900000.0,,0.931,307300000.0,307300000.0,,307300000.0,0.0,43200000.0,0.0,0.0,0.0,47100000.0,90300000.0,0.113,90300000.0,47100000.0,35200000.0,0.056,0.053,0.056,559000000.0,525050000.0,559000000.0,2205575753.0,47.0,24.425,104800000.0,0.148,1.0,464900000.0,0.582,418700000.0,11900000.0,917600000.0,751075000.0,125600000.0,21500000.0,0.0,21500000.0,520700000.0,,,1958475753.0,15200000.0,-43800000.0,-17300000.0,-1300000.0,0.0,-24000000.0,-92500000.0,0.0,147100000.0,-15400000.0,39900000.0,39900000.0,39900000.0,0.0,0.0,0.05,426100000.0,38800000.0,186100000.0,0.0,3.504,49.085,47.821,205800000.0,0.0,2.678,2.451,2.372,124400000.0,179000000.0,799200000.0,799200000.0,70200000.0,0.04,0.076,0.063,0.059,0.0,270100000.0,1.0,731320296.0,708000000.0,736800000.0,1.129,661000000.0,59800000.0,-4700000.0,0.0,0.934,
73,EW,MRT,2003-03-31,2003-03-31,2003-03-31,2021-08-02,-51600000.0,1035900000.0,985500000.0,351100000.0,684800000.0,0.765,0.77,-40900000.0,29800000.0,29800000.0,319100000.0,49400000.0,,0.908,276900000.0,276900000.0,,276900000.0,0.0,41500000.0,0.0,0.0,0.0,61400000.0,102900000.0,0.136,102900000.0,61400000.0,50000000.0,0.069,0.067,0.069,543000000.0,505200000.0,543000000.0,1861230237.0,30.0,18.088,113700000.0,0.161,1.0,435100000.0,0.577,403300000.0,11400000.0,879700000.0,687225000.0,116300000.0,23200000.0,0.0,23200000.0,492900000.0,,,1649930237.0,1800000.0,-44900000.0,-23200000.0,-37200000.0,0.0,-61700000.0,-85000000.0,0.0,154600000.0,-6100000.0,49400000.0,49400000.0,49400000.0,0.0,0.0,0.065,396300000.0,38800000.0,189600000.0,0.0,3.039,33.399,33.087,205100000.0,0.0,2.283,2.188,2.136,124900000.0,157900000.0,754200000.0,754200000.0,68800000.0,0.05,0.098,0.089,0.081,0.0,248600000.0,1.0,722702688.0,705600000.0,730800000.0,1.069,632600000.0,68200000.0,600000.0,0.0,0.897,
74,EW,MRT,2002-12-31,2002-12-31,2002-12-31,2021-08-02,-44700000.0,1004400000.0,967875000.0,320200000.0,684200000.0,0.727,0.762,-40700000.0,34200000.0,34200000.0,299100000.0,55700000.0,1.618,0.862,245500000.0,245500000.0,245500000.0,245500000.0,0.0,40400000.0,0.0,0.0,0.0,67500000.0,107900000.0,0.153,107900000.0,67500000.0,56000000.0,0.078,0.076,0.078,539400000.0,491025000.0,539400000.0,1770908489.0,26.0,16.412,109800000.0,0.155,1.0,404900000.0,0.575,398800000.0,11500000.0,619000000.0,632425000.0,111800000.0,23500000.0,0.0,23500000.0,465000000.0,197900000.0,270900000.0,1530008489.0,-13500000.0,-24700000.0,-17100000.0,-81000000.0,0.0,-99400000.0,-68300000.0,0.0,150500000.0,3700000.0,55700000.0,55700000.0,55700000.0,0.0,0.0,0.079,363800000.0,41100000.0,177300000.0,0.0,2.837,27.469,27.218,209400000.0,0.0,2.123,2.173,2.135,108400000.0,143400000.0,704000000.0,704000000.0,65200000.0,0.058,0.113,0.107,0.096,0.0,227900000.0,1.0,720682284.0,708000000.0,735600000.0,0.994,605600000.0,66400000.0,300000.0,0.0,0.855,122300000.0
75,EW,MRT,2002-09-30,2002-09-30,2002-09-30,2021-08-02,8100000.0,918400000.0,962500000.0,297300000.0,621100000.0,0.687,0.651,-34300000.0,39000000.0,39000000.0,281300000.0,51100000.0,1.699,1.002,279900000.0,0.0,279900000.0,279900000.0,0.0,42400000.0,0.0,0.0,0.0,61900000.0,104300000.0,0.158,104300000.0,61900000.0,50100000.0,0.073,0.07,0.073,458800000.0,470850000.0,458800000.0,1793598858.0,29.0,17.197,83200000.0,0.118,1.0,379600000.0,0.574,396300000.0,11800000.0,588000000.0,642450000.0,84400000.0,20800000.0,0.0,20800000.0,459600000.0,175000000.0,284600000.0,1531598858.0,15500000.0,-3500000.0,-16000000.0,-47900000.0,0.0,-64800000.0,-45200000.0,0.0,117500000.0,8000000.0,51100000.0,51100000.0,51100000.0,0.0,0.0,0.077,282200000.0,97400000.0,175000000.0,0.0,3.338,29.973,29.219,180100000.0,0.0,2.133,2.317,2.273,113200000.0,121700000.0,660900000.0,660900000.0,61900000.0,0.053,0.109,0.096,0.094,0.0,209500000.0,1.0,718049160.0,704400000.0,704400000.0,0.938,522100000.0,22900000.0,-1000000.0,0.0,0.741,122300000.0
76,EW,MRT,2002-06-30,2002-06-30,2002-06-30,2021-08-02,6800000.0,983300000.0,972800000.0,311700000.0,671600000.0,0.661,0.674,-35100000.0,35500000.0,35500000.0,275800000.0,83000000.0,1.675,1.05,297500000.0,600000.0,296900000.0,297500000.0,0.0,43400000.0,0.0,0.0,0.0,127500000.0,170900000.0,0.266,170900000.0,127500000.0,115200000.0,0.118,0.115,0.118,479600000.0,459300000.0,479600000.0,1646087924.0,13.0,9.632,81100000.0,0.114,1.0,367100000.0,0.571,397000000.0,12300000.0,662200000.0,674200000.0,89400000.0,90400000.0,0.0,90400000.0,503700000.0,186100000.0,317600000.0,1381787924.0,-26100000.0,-5700000.0,-8300000.0,-91200000.0,0.0,-100400000.0,-44800000.0,0.0,116200000.0,2900000.0,83000000.0,83000000.0,83000000.0,0.0,0.0,0.129,201900000.0,165200000.0,185500000.0,0.0,2.881,16.648,16.381,178000000.0,0.0,1.933,2.149,2.14,114400000.0,139100000.0,642900000.0,642900000.0,60400000.0,0.085,0.181,0.189,0.198,0.0,201700000.0,1.0,714841140.0,711600000.0,738000000.0,0.903,586300000.0,25400000.0,32200000.0,0.0,0.824,125600000.0
77,EW,MRT,2002-03-31,2002-03-31,2002-03-31,2021-08-02,30200000.0,965400000.0,978775000.0,287000000.0,678400000.0,0.677,0.683,-35700000.0,28000000.0,28000000.0,296600000.0,-3300000.0,1.71,0.985,292300000.0,1500000.0,290800000.0,292300000.0,0.0,50800000.0,0.0,0.0,0.0,19900000.0,70700000.0,0.107,70700000.0,19900000.0,-300000.0,-0.004,-0.006,-0.004,486300000.0,443325000.0,486300000.0,1923241438.0,97.0,27.203,70200000.0,0.099,1.0,365900000.0,0.552,401400000.0,20200000.0,660500000.0,690325000.0,86100000.0,93500000.0,0.0,93500000.0,479100000.0,167800000.0,311300000.0,1660241438.0,10100000.0,37900000.0,8100000.0,-102700000.0,0.0,-95500000.0,200000.0,0.0,105900000.0,-500000.0,-3300000.0,-3300000.0,-3300000.0,0.0,0.0,-0.005,285100000.0,80800000.0,166300000.0,0.0,3.414,-503.103,-582.25,177400000.0,0.0,2.329,2.506,2.502,109300000.0,108500000.0,662500000.0,662500000.0,57300000.0,-0.003,-0.007,0.029,0.03,0.0,200100000.0,1.0,712855920.0,711600000.0,741600000.0,0.931,564000000.0,18000000.0,3000000.0,0.0,0.793,119200000.0
78,EW,MRT,2001-12-31,2001-12-31,2001-12-31,2021-08-02,25200000.0,982900000.0,1013150000.0,292000000.0,690900000.0,0.683,0.649,-37500000.0,47700000.0,47700000.0,323700000.0,-11400000.0,1.582,1.143,310900000.0,1100000.0,309800000.0,310900000.0,0.0,57400000.0,0.0,0.0,0.0,13000000.0,70400000.0,0.102,70400000.0,13000000.0,-9900000.0,-0.016,-0.016,-0.016,458700000.0,437750000.0,458700000.0,1951985981.0,150.0,27.727,63700000.0,0.09,1.0,368400000.0,0.532,402400000.0,22900000.0,659100000.0,716900000.0,86600000.0,92900000.0,0.0,92900000.0,524200000.0,184600000.0,339600000.0,1636185981.0,19600000.0,34400000.0,8200000.0,-86200000.0,0.0,-78600000.0,-3900000.0,0.0,101200000.0,900000.0,-11400000.0,-11400000.0,-11400000.0,0.0,0.0,-0.016,291500000.0,76900000.0,183500000.0,0.0,3.567,-143.525,-143.938,187800000.0,0.0,2.303,2.364,2.352,100600000.0,87700000.0,692100000.0,692100000.0,55000000.0,-0.011,-0.026,0.018,0.019,0.0,203200000.0,1.0,710458524.0,706800000.0,706800000.0,0.979,580500000.0,18200000.0,1500000.0,0.0,0.821,107400000.0
79,EW,MRT,2001-09-30,2001-09-30,2001-09-30,2021-08-02,-1800000.0,959600000.0,1044175000.0,274900000.0,684700000.0,0.689,0.583,-39200000.0,23500000.0,23500000.0,349900000.0,-12600000.0,1.747,1.326,339300000.0,200000.0,339100000.0,339300000.0,0.0,59100000.0,0.0,0.0,0.0,14200000.0,73300000.0,0.102,73300000.0,14200000.0,-11500000.0,,,,412600000.0,433075000.0,412600000.0,1647653047.0,116.0,22.478,68100000.0,0.096,1.0,369600000.0,0.514,403000000.0,25700000.0,715000000.0,741625000.0,80700000.0,89500000.0,0.0,89500000.0,547000000.0,157400000.0,389600000.0,1321053047.0,10300000.0,25000000.0,10600000.0,-106200000.0,0.0,-98600000.0,1300000.0,-500000.0,107300000.0,300000.0,-12600000.0,-12600000.0,-12600000.0,0.0,0.0,-0.018,344000000.0,25600000.0,157200000.0,,3.202,-104.845,,176700000.0,0.0,1.867,1.836,1.837,119000000.0,70600000.0,719500000.0,719500000.0,54000000.0,-0.012,-0.029,0.019,0.02,0.0,202900000.0,1.0,707580636.0,708000000.0,,1.016,556600000.0,25900000.0,1100000.0,0.0,0.786,117500000.0
80,EW,MRT,2001-06-30,2001-06-30,2001-06-30,2021-08-02,19400000.0,1007200000.0,1080725000.0,316200000.0,691000000.0,0.701,0.589,-43600000.0,61600000.0,61600000.0,381800000.0,-22700000.0,1.588,1.423,388200000.0,49200000.0,339000000.0,388200000.0,0.0,63500000.0,0.0,0.0,0.0,5800000.0,69300000.0,0.091,69300000.0,5800000.0,-24200000.0,0.382,0.382,0.382,415700000.0,436025000.0,415700000.0,1947552516.0,336.0,28.103,77200000.0,0.109,1.0,375700000.0,0.496,408000000.0,30000000.0,726700000.0,761325000.0,77200000.0,95200000.0,0.0,95200000.0,591500000.0,199100000.0,392400000.0,1551052516.0,59600000.0,37300000.0,7700000.0,-74600000.0,0.0,-69900000.0,7700000.0,-500000.0,120800000.0,1000000.0,-22700000.0,-22700000.0,-22700000.0,0.0,0.0,-0.03,356700000.0,19000000.0,149900000.0,0.0,3.731,-68.328,5.751,173500000.0,0.0,2.197,2.048,2.046,116400000.0,56100000.0,757500000.0,757500000.0,52900000.0,-0.021,-0.052,0.008,0.008,0.0,203100000.0,1.0,705986580.0,705600000.0,,1.074,599200000.0,22000000.0,-1500000.0,0.0,0.849,117100000.0
81,EW,MRT,2001-03-31,2001-03-31,2001-03-31,2021-08-02,14400000.0,1102900000.0,1109675000.0,306400000.0,796500000.0,0.694,0.659,-45400000.0,17900000.0,17900000.0,401000000.0,-276300000.0,1.339,1.377,414400000.0,61500000.0,352900000.0,414400000.0,0.0,69000000.0,0.0,0.0,0.0,-237800000.0,-168800000.0,-0.219,-168800000.0,-237800000.0,-263300000.0,,,,464000000.0,434850000.0,464000000.0,1551740085.0,-7.0,-9.193,68200000.0,0.097,1.0,368700000.0,0.479,503700000.0,25500000.0,766800000.0,777900000.0,88400000.0,94400000.0,0.0,94400000.0,638900000.0,228900000.0,410000000.0,1151740085.0,11400000.0,-27500000.0,5700000.0,-47900000.0,0.0,-45200000.0,-60300000.0,-500000.0,113600000.0,3300000.0,-276300000.0,-276300000.0,-276300000.0,0.0,0.0,-0.359,600400000.0,-231700000.0,167400000.0,,2.482,-4.168,,185400000.0,0.0,1.633,1.496,1.494,136200000.0,111800000.0,769700000.0,769700000.0,53700000.0,-0.249,-0.635,-0.306,-0.309,0.0,209800000.0,1.0,705290928.0,704400000.0,,1.093,599200000.0,24800000.0,13000000.0,0.0,0.851,77500000.0
82,EW,MRT,2000-12-31,2000-12-31,2000-12-31,2021-08-02,1000000.0,1107000000.0,1179200000.0,301000000.0,806000000.0,0.682,0.625,-46000000.0,28000000.0,28000000.0,423300000.0,-271700000.0,1.265,1.516,428000000.0,61000000.0,367000000.0,428000000.0,0.0,74100000.0,0.0,0.0,0.0,-238400000.0,-164300000.0,-0.204,-164300000.0,-238400000.0,-258400000.0,0.0,0.0,0.0,440000000.0,489600000.0,440000000.0,1526831198.0,-6.0,-9.293,91700000.0,0.13,1.0,380500000.0,0.473,511000000.0,20000000.0,758000000.0,771950000.0,87000000.0,98000000.0,0.0,98000000.0,667000000.0,238000000.0,429000000.0,1041231198.0,28100000.0,-28000000.0,4100000.0,473300000.0,0.0,-36600000.0,-75700000.0,-13000000.0,137700000.0,2700000.0,-271700000.0,-271700000.0,-271700000.0,0.0,0.0,-0.338,615100000.0,-234600000.0,177000000.0,,2.366,-3.832,,183000000.0,0.0,1.479,1.295,1.295,129000000.0,103000000.0,803800000.0,803800000.0,54400000.0,-0.23,-0.555,-0.309,-0.297,0.0,215600000.0,1.0,704010276.0,704010276.0,,1.142,596000000.0,23000000.0,13300000.0,0.0,0.847,63000000.0
83,EW,MRT,2000-09-30,2000-09-30,2000-09-30,2021-08-02,1200000.0,1105800000.0,1261700000.0,277200000.0,828600000.0,0.673,0.606,-46400000.0,13200000.0,13200000.0,451800000.0,-267500000.0,0.999,1.606,498800000.0,150600000.0,348200000.0,498800000.0,0.0,78800000.0,0.0,0.0,0.0,-238600000.0,-159800000.0,-0.188,-159800000.0,-238600000.0,-252500000.0,,,,424400000.0,685600000.0,424400000.0,1803850924.0,-8.0,-11.288,109900000.0,0.157,1.0,397800000.0,0.468,520200000.0,13900000.0,793800000.0,901200000.0,78400000.0,102100000.0,0.0,102100000.0,681400000.0,277400000.0,404000000.0,1274850924.0,13200000.0,-9600000.0,0.0,497600000.0,0.0,-71100000.0,-75500000.0,-12500000.0,156300000.0,,-267500000.0,-267500000.0,-267500000.0,0.0,0.0,-0.315,632200000.0,-234400000.0,126800000.0,,3.004,-4.766,,177100000.0,0.0,1.818,1.501,1.5,154300000.0,87100000.0,849600000.0,849600000.0,57700000.0,-0.212,-0.39,-0.265,-0.281,0.0,222500000.0,1.0,701238132.0,700800000.0,,1.212,585600000.0,0.0,15000000.0,0.0,0.836,-200000.0
84,EW,MRT,2000-06-30,2000-06-30,2000-06-30,2021-08-02,-4000000.0,1123000000.0,1351500000.0,295000000.0,828000000.0,0.652,0.588,-41200000.0,2000000.0,2000000.0,470600000.0,-255200000.0,0.891,1.732,531000000.0,210000000.0,321000000.0,531000000.0,0.0,84900000.0,0.0,0.0,0.0,-230900000.0,-146000000.0,-0.166,-146000000.0,-230900000.0,-237300000.0,,,,411000000.0,895000000.0,411000000.0,1598572702.0,-7.0,-10.949,118400000.0,0.17,1.0,410100000.0,0.466,528000000.0,6400000.0,793000000.0,817750000.0,95000000.0,99000000.0,0.0,99000000.0,712000000.0,331000000.0,381000000.0,1075572702.0,2000000.0,-27000000.0,0.0,527500000.0,0.0,-71500000.0,-87700000.0,-12500000.0,159600000.0,,-255200000.0,-255200000.0,-255200000.0,0.0,0.0,-0.29,638600000.0,-228500000.0,121000000.0,,2.617,-4.215,,178000000.0,0.0,1.543,1.221,1.224,162000000.0,83000000.0,880700000.0,880700000.0,57900000.0,-0.189,-0.285,-0.282,-0.262,0.0,233400000.0,1.0,697065912.0,698400000.0,,1.261,595000000.0,0.0,17900000.0,0.0,0.852,-36000000.0
85,EW,MRT,2000-03-31,2000-03-31,2000-03-31,2021-08-02,-31000000.0,1381000000.0,,318000000.0,1063000000.0,,0.98,,6000000.0,6000000.0,471200000.0,78100000.0,0.958,1.022,529000000.0,210000000.0,319000000.0,529000000.0,0.0,,0.0,0.0,0.0,106500000.0,,,,106500000.0,106500000.0,,,,683000000.0,,683000000.0,787684481.0,7.0,,,,1.0,437900000.0,0.482,829000000.0,0.0,743000000.0,,156000000.0,0.0,0.0,0.0,698000000.0,332000000.0,366000000.0,787684481.0,,,,,,,,,,,78100000.0,78100000.0,78100000.0,0.0,0.0,0.086,326400000.0,111500000.0,122000000.0,,1.153,10.086,,205000000.0,0.0,1.13,0.866,0.866,132000000.0,392000000.0,909100000.0,909100000.0,56600000.0,,,,0.117,,234000000.0,1.0,697065912.0,697065912.0,,1.304,552000000.0,9000000.0,28400000.0,0.0,0.792,-14000000.0
86,EW,MRT,1999-12-31,1999-12-31,1999-12-31,2021-08-02,-27000000.0,1437000000.0,1460000000.0,356000000.0,1081000000.0,0.62,1.756,-42000000.0,0.0,0.0,466000000.0,82000000.0,2.282,0.174,833000000.0,0.0,833000000.0,833000000.0,0.0,84000000.0,0.0,,0.0,113000000.0,197000000.0,0.218,197000000.0,113000000.0,113000000.0,0.0,0.0,0.0,1224000000.0,1247500000.0,1224000000.0,,,,134000000.0,0.192,1.0,439000000.0,0.485,839000000.0,0.0,1275000000.0,857500000.0,169000000.0,1000000.0,0.0,1000000.0,213000000.0,156000000.0,57000000.0,,0.0,0.0,0.0,0.0,0.0,-127000000.0,-49000000.0,0.0,176000000.0,0.0,82000000.0,82000000.0,82000000.0,0.0,0.0,0.091,322000000.0,117000000.0,156000000.0,,,,,226000000.0,0.0,,,,155000000.0,418000000.0,905000000.0,905000000.0,55000000.0,0.056,0.066,0.132,0.125,0.0,233000000.0,1.0,697065912.0,697065912.0,,1.298,598000000.0,9000000.0,31000000.0,0.0,0.858,200000000.0
87,EW,MRT,1999-09-30,1999-09-30,1999-09-30,2021-08-02,-27000000.0,1465000000.0,1474000000.0,372000000.0,1093000000.0,,1.81,,0.0,0.0,,,2.464,0.161,0.0,0.0,0.0,0.0,0.0,,0.0,,0.0,,,,,,,,,,1262000000.0,1266500000.0,1262000000.0,,,,,,1.0,,,854000000.0,,460000000.0,450000000.0,188000000.0,0.0,0.0,0.0,203000000.0,151000000.0,52000000.0,,,,,,,,,,,,,,,,,,,,151000000.0,,,,,223000000.0,,,,,160000000.0,,,,,,,,,,,1.0,697065912.0,697065912.0,,,611000000.0,14000000.0,,0.0,0.877,221000000.0
88,EW,MRT,1999-06-30,1999-06-30,1999-06-30,2021-08-02,,,,,,,,,,,,,,,,,,,,,,,0.0,,,,,,,,,,,,,,,,,,1.0,,,,,,,,,,,,,,,,,,,,,,,,,,,,,,,,,,,,,,,,,,,,,,,,,,,,,,1.0,,,,,,,,,,
89,EW,MRT,1999-03-31,1999-03-31,1999-03-31,2021-08-02,,,,,,,,,,,,,,,,,,,,,,,0.0,,,,,,,,,,,,,,,,,,1.0,,,,,,,,,,,,,,,,,,,,,,,,,,,,,,,,,,,,,,,,,,,,,,,,,,,,,,1.0,,,,,,,,,,
90,EW,MRT,1998-12-31,1998-12-31,1998-12-31,2021-08-02,-25000000.0,1483000000.0,1504500000.0,353000000.0,1130000000.0,0.575,,-40000000.0,0.0,0.0,466000000.0,62000000.0,2.248,0.167,0.0,0.0,0.0,0.0,0.0,82000000.0,0.0,,0.0,93000000.0,175000000.0,0.202,175000000.0,93000000.0,93000000.0,,,,1271000000.0,1301000000.0,1271000000.0,,,,114000000.0,,1.0,399000000.0,0.461,886000000.0,0.0,440000000.0,454000000.0,156000000.0,0.0,0.0,0.0,212000000.0,157000000.0,55000000.0,,0.0,-12000000.0,0.0,0.0,0.0,-102000000.0,-52000000.0,0.0,154000000.0,,62000000.0,62000000.0,62000000.0,0.0,0.0,0.072,312000000.0,87000000.0,157000000.0,,,,,227000000.0,0.0,,,,169000000.0,336000000.0,865000000.0,865000000.0,56000000.0,0.041,0.048,0.205,0.108,0.0,222000000.0,1.0,,,,,597000000.0,14000000.0,31000000.0,0.0,,196000000.0
91,EW,MRT,1998-09-30,1998-09-30,1998-09-30,2021-08-02,-25000000.0,1483000000.0,,353000000.0,1130000000.0,,,,0.0,0.0,,,2.248,0.167,0.0,0.0,0.0,0.0,0.0,,0.0,,,,,,,,,,,,1271000000.0,,1271000000.0,,,,,,1.0,,,886000000.0,,440000000.0,,156000000.0,0.0,0.0,0.0,212000000.0,157000000.0,55000000.0,,,,,,,,,,,,,,,,,,,,157000000.0,,,,,227000000.0,,,,,169000000.0,,,,,,,,,,,1.0,,,,,597000000.0,14000000.0,,0.0,,196000000.0
92,EW,MRT,1997-12-31,1997-12-31,1997-12-31,2021-08-02,-27000000.0,1526000000.0,,371000000.0,1155000000.0,,,-42000000.0,0.0,0.0,463000000.0,-52000000.0,2.65,0.147,0.0,0.0,0.0,0.0,0.0,80000000.0,0.0,,0.0,-15000000.0,65000000.0,0.074,65000000.0,-15000000.0,-15000000.0,,,,1331000000.0,,1331000000.0,,,,121000000.0,,1.0,416000000.0,0.473,918000000.0,0.0,468000000.0,,157000000.0,0.0,0.0,0.0,195000000.0,140000000.0,55000000.0,,0.0,-16000000.0,0.0,0.0,0.0,-105000000.0,-58000000.0,0.0,163000000.0,,-52000000.0,-52000000.0,-52000000.0,0.0,0.0,-0.059,431000000.0,-15000000.0,140000000.0,,,,,217000000.0,0.0,,,,189000000.0,,879000000.0,879000000.0,53000000.0,,,,-0.017,0.0,211000000.0,1.0,,,,,608000000.0,10000000.0,37000000.0,0.0,,231000000.0
93,EW,MRT,1996-12-31,1996-12-31,1996-12-31,2021-08-02,,,,,,,,,,,442000000.0,87000000.0,,,,,,,,,,,0.0,127000000.0,,,,127000000.0,127000000.0,,,,,,,,,,,,1.0,395000000.0,0.472,,0.0,,,,,,,,,,,,,,,,,,,,,87000000.0,87000000.0,87000000.0,0.0,0.0,0.104,268000000.0,127000000.0,,,,,,,0.0,,,,,,837000000.0,837000000.0,49000000.0,,,,0.152,,194000000.0,1.0,,,,,,,40000000.0,,,
