None,ticker,dimension,calendardate,datekey,reportperiod,lastupdated,accoci,assets,assetsavg,assetsc,assetsnc,assetturnover,bvps,capex,cashneq,cashnequsd,cor,consolinc,currentratio,de,debt,debtc,debtnc,debtusd,deferredrev,depamor,deposits,divyield,dps,ebit,ebitda,ebitdamargin,ebitdausd,ebitusd,ebt,eps,epsdil,epsusd,equity,equityavg,equityusd,ev,evebit,evebitda,fcf,fcfps,fxusd,gp,grossmargin,intangibles,intexp,invcap,invcapavg,inventory,investments,investmentsc,investmentsnc,liabilities,liabilitiesc,liabilitiesnc,marketcap,ncf,ncfbus,ncfcommon,ncfdebt,ncfdiv,ncff,ncfi,ncfinv,ncfo,ncfx,netinc,netinccmn,netinccmnusd,netincdis,netincnci,netmargin,opex,opinc,payables,payoutratio,pb,pe,pe1,ppnenet,prefdivis,price,ps,ps1,receivables,retearn,revenue,revenueusd,rnd,roa,roe,roic,ros,sbcomp,sgna,sharefactor,sharesbas,shareswa,shareswadil,sps,tangibles,taxassets,taxexp,taxliabilities,tbvps,workingcapital
0,AOS,MRY,2020-12-31,2020-12-31,2020-12-31,2021-09-09,-321200000.0,3160700000.0,3024750000.0,1618000000.0,1542700000.0,0.957,11.447,-56800000.0,573100000.0,573100000.0,1787100000.0,344900000.0,1.826,0.71,147600000.0,6800000.0,140800000.0,147600000.0,0.0,80000000.0,0.0,0.018,0.98,451200000.0,531200000.0,0.183,531200000.0,451200000.0,443900000.0,2.13,2.12,2.13,1848300000.0,1717450000.0,1848300000.0,8622562932.0,19.0,16.232,505300000.0,3.129,1.0,1108200000.0,0.383,870700000.0,7300000.0,978200000.0,1166675000.0,300100000.0,116500000.0,116500000.0,0.0,1312400000.0,886300000.0,426100000.0,8851662932.0,199100000.0,0.0,-45300000.0,-170800000.0,-158700000.0,-374800000.0,11800000.0,68600000.0,562100000.0,0.0,344900000.0,344900000.0,344900000.0,0.0,0.0,0.119,668000000.0,440200000.0,595200000.0,0.46,4.789,25.664,25.737,582900000.0,0.0,54.82,3.057,3.057,585000000.0,2509600000.0,2895300000.0,2895300000.0,0.0,0.114,0.201,0.387,0.156,12700000.0,660300000.0,1.0,161467766.0,161467766.0,,17.931,2290000000.0,0.0,99000000.0,0.0,14.182,731700000.0
1,AOS,MRY,2019-12-31,2019-12-31,2019-12-31,2021-09-09,-348300000.0,3058000000.0,3111250000.0,1500400000.0,1557600000.0,0.962,10.219,-64400000.0,374000000.0,374000000.0,1812000000.0,370000000.0,1.957,0.835,322700000.0,6800000.0,315900000.0,322700000.0,0.0,78300000.0,0.0,0.019,0.9,483100000.0,561400000.0,0.188,561400000.0,483100000.0,472100000.0,2.24,2.22,2.24,1666800000.0,1699325000.0,1666800000.0,7910054156.0,16.0,14.09,391800000.0,2.402,1.0,1180700000.0,0.395,884400000.0,11000000.0,1355800000.0,1551575000.0,303000000.0,177400000.0,177400000.0,0.0,1391200000.0,766500000.0,624700000.0,7770654156.0,114300000.0,-107000000.0,-288200000.0,62600000.0,-149200000.0,-375800000.0,33900000.0,205300000.0,456200000.0,0.0,370000000.0,370000000.0,370000000.0,0.0,0.0,0.124,715600000.0,465100000.0,509600000.0,0.402,4.662,21.002,21.268,592300000.0,0.0,47.64,2.597,2.597,589500000.0,2323400000.0,2992700000.0,2992700000.0,0.0,0.119,0.218,0.311,0.161,13300000.0,715600000.0,1.0,163111968.0,163111968.0,,18.348,2173600000.0,0.0,102100000.0,0.0,13.326,733900000.0
2,AOS,MRY,2018-12-31,2018-12-31,2018-12-31,2021-09-09,-350800000.0,3071500000.0,3072225000.0,1638500000.0,1433000000.0,1.038,10.103,-85200000.0,259700000.0,259700000.0,1882400000.0,444200000.0,2.086,0.789,221400000.0,0.0,221400000.0,221400000.0,0.0,71900000.0,0.0,0.018,0.76,566200000.0,638100000.0,0.2,638100000.0,566200000.0,557800000.0,2.6,2.58,2.6,1717000000.0,1727975000.0,1717000000.0,7217205437.0,13.0,11.31,363700000.0,2.14,1.0,1305500000.0,0.41,806100000.0,8400000.0,1441800000.0,1483975000.0,304700000.0,385300000.0,385300000.0,0.0,1354500000.0,785300000.0,569200000.0,7256905437.0,-86900000.0,0.0,-201700000.0,-189000000.0,-130100000.0,-523100000.0,-12700000.0,72500000.0,448900000.0,0.0,444200000.0,444200000.0,444200000.0,0.0,0.0,0.139,760500000.0,545000000.0,543800000.0,0.292,4.227,16.337,16.423,540000000.0,0.0,42.7,2.276,2.276,647300000.0,2102800000.0,3187900000.0,3187900000.0,0.0,0.145,0.257,0.382,0.178,10100000.0,753800000.0,1.0,169950947.0,169950947.0,,18.758,2265400000.0,0.0,113600000.0,0.0,13.33,853200000.0
3,AOS,MRY,2017-12-31,2017-12-31,2017-12-31,2021-09-09,-299500000.0,3197400000.0,3056550000.0,1766900000.0,1430500000.0,0.98,9.567,-94200000.0,346600000.0,346600000.0,1764300000.0,296500000.0,2.226,0.944,410400000.0,7500000.0,402900000.0,410400000.0,0.0,70100000.0,0.0,0.009,0.56,530900000.0,601000000.0,0.201,601000000.0,530900000.0,520800000.0,1.72,1.7,1.72,1644900000.0,1622725000.0,1644900000.0,10663641415.0,20.0,17.743,232200000.0,1.351,1.0,1232400000.0,0.411,825400000.0,10100000.0,1642000000.0,1591050000.0,297000000.0,473400000.0,473400000.0,0.0,1552500000.0,793800000.0,758700000.0,10535841415.0,16200000.0,-43100000.0,-140000000.0,86500000.0,-96900000.0,-152100000.0,-158100000.0,-20800000.0,326400000.0,0.0,296500000.0,296500000.0,296500000.0,0.0,0.0,0.099,722800000.0,509600000.0,535000000.0,0.326,6.405,35.534,35.628,528900000.0,0.0,61.28,3.516,3.516,592700000.0,1788700000.0,2996700000.0,2996700000.0,0.0,0.097,0.183,0.334,0.177,9900000.0,722800000.0,1.0,171929527.0,171929527.0,,17.43,2372000000.0,0.0,224300000.0,0.0,13.796,973100000.0
4,AOS,MRY,2016-12-31,2016-12-31,2016-12-31,2021-09-09,-363200000.0,2891000000.0,2759550000.0,1562000000.0,1329000000.0,0.973,8.713,-80700000.0,330400000.0,330400000.0,1571700000.0,326500000.0,2.04,0.908,323600000.0,7200000.0,316400000.0,323600000.0,0.0,65100000.0,0.0,0.01,0.48,469800000.0,534900000.0,0.199,534900000.0,469800000.0,462500000.0,1.87,1.85,1.87,1515300000.0,1500025000.0,1515300000.0,8301690683.0,18.0,15.52,365900000.0,2.104,1.0,1114200000.0,0.415,799800000.0,7300000.0,1318800000.0,1346325000.0,251100000.0,424200000.0,424200000.0,0.0,1375700000.0,765600000.0,610100000.0,8234790683.0,6800000.0,-90800000.0,-129500000.0,74100000.0,-84200000.0,-139600000.0,-300200000.0,-128700000.0,446600000.0,0.0,326500000.0,326500000.0,326500000.0,0.0,0.0,0.122,662500000.0,451700000.0,528600000.0,0.257,5.434,25.221,25.321,461900000.0,0.0,47.35,3.066,3.066,518700000.0,1593000000.0,2685900000.0,2685900000.0,0.0,0.118,0.218,0.349,0.175,9400000.0,662500000.0,1.0,173913214.0,173913214.0,,15.444,2091200000.0,0.0,136000000.0,0.0,12.024,796400000.0
5,AOS,MRY,2015-12-31,2015-12-31,2015-12-31,2021-09-09,-313400000.0,2629200000.0,2596125000.0,1403300000.0,1225900000.0,0.977,8.193,-72700000.0,323600000.0,323600000.0,1526700000.0,282900000.0,2.148,0.823,249000000.0,12900000.0,236100000.0,249000000.0,0.0,63000000.0,0.0,0.01,0.38,409900000.0,472900000.0,0.186,472900000.0,409900000.0,402500000.0,1.59,1.58,1.59,1442300000.0,1426575000.0,1442300000.0,6721131965.0,16.0,14.213,279000000.0,1.585,1.0,1009800000.0,0.398,711900000.0,7400000.0,1189500000.0,1251050000.0,222900000.0,321600000.0,321600000.0,0.0,1186900000.0,653200000.0,533700000.0,6743231965.0,4200000.0,0.0,-121700000.0,28100000.0,-67800000.0,-161400000.0,-186100000.0,-113400000.0,351700000.0,0.0,282900000.0,282900000.0,282900000.0,0.0,0.0,0.112,610700000.0,399100000.0,424900000.0,0.239,4.675,23.836,24.091,442700000.0,0.0,38.305,2.658,2.658,501400000.0,1350700000.0,2536500000.0,2536500000.0,0.0,0.109,0.198,0.328,0.162,8800000.0,610700000.0,1.0,176040516.0,176040516.0,,14.409,1917300000.0,0.0,119600000.0,0.0,10.891,750100000.0
6,AOS,MRY,2014-12-31,2014-12-31,2014-12-31,2021-09-09,-272000000.0,2515300000.0,2453500000.0,1319000000.0,1196300000.0,0.96,7.713,-86100000.0,319400000.0,319400000.0,1496700000.0,207800000.0,2.179,0.821,223800000.0,13700000.0,210100000.0,223800000.0,0.0,59800000.0,0.0,0.011,0.3,292400000.0,352200000.0,0.149,352200000.0,292400000.0,286700000.0,1.15,1.14,1.15,1381300000.0,1364150000.0,1381300000.0,4905286137.0,17.0,13.928,177900000.0,0.993,1.0,859300000.0,0.365,737300000.0,5700000.0,1077200000.0,1005900000.0,208300000.0,222500000.0,222500000.0,0.0,1134000000.0,605200000.0,528800000.0,5051286137.0,-61300000.0,0.0,-99100000.0,34200000.0,-54400000.0,-119300000.0,-206000000.0,-119900000.0,264000000.0,0.0,207800000.0,207800000.0,207800000.0,0.0,0.0,0.088,572100000.0,287200000.0,393800000.0,0.261,3.657,24.308,24.526,427700000.0,0.0,28.205,2.144,2.144,475400000.0,1135500000.0,2356000000.0,2356000000.0,0.0,0.085,0.152,0.291,0.124,10800000.0,572100000.0,1.0,179091868.0,179091868.0,,13.155,1778000000.0,40500000.0,78900000.0,21400000.0,9.928,713800000.0
7,AOS,MRY,2013-12-31,2013-12-31,2013-12-31,2021-09-09,-259100000.0,2391500000.0,2325675000.0,1205600000.0,1185900000.0,0.926,7.283,-97700000.0,380700000.0,380700000.0,1380000000.0,169700000.0,2.04,0.8,191900000.0,14200000.0,177700000.0,191900000.0,0.0,59700000.0,0.0,0.009,0.23,242100000.0,301800000.0,0.14,301800000.0,242100000.0,236400000.0,0.92,0.915,0.92,1328700000.0,1268375000.0,1328700000.0,4774333726.0,20.0,15.82,181900000.0,0.997,1.0,773800000.0,0.359,758300000.0,5700000.0,853500000.0,894475000.0,193400000.0,105300000.0,105300000.0,0.0,1062800000.0,590900000.0,471900000.0,4920633726.0,113800000.0,-4000000.0,-63500000.0,-51500000.0,-42600000.0,-157600000.0,-8200000.0,93500000.0,279600000.0,0.0,169700000.0,169700000.0,169700000.0,0.0,0.0,0.079,535500000.0,238300000.0,387100000.0,0.25,3.703,28.996,29.315,391300000.0,0.0,26.97,2.285,2.285,458700000.0,982200000.0,2153800000.0,2153800000.0,0.0,0.073,0.134,0.271,0.112,10500000.0,524500000.0,1.0,182448414.0,182448414.0,,11.805,1633200000.0,40100000.0,66700000.0,21000000.0,8.952,614700000.0
8,AOS,MRY,2012-12-31,2012-12-31,2012-12-31,2021-09-09,-320500000.0,2278800000.0,2238975000.0,1114600000.0,1164200000.0,0.866,6.466,-69900000.0,266900000.0,266900000.0,1287300000.0,158700000.0,2.201,0.908,243700000.0,18600000.0,225100000.0,243700000.0,0.0,54600000.0,0.0,0.008,0.13,239100000.0,293700000.0,0.151,293700000.0,239100000.0,229900000.0,0.86,0.855,0.86,1194100000.0,1171000000.0,1194100000.0,2911839096.0,12.0,9.914,73900000.0,0.4,1.0,652000000.0,0.336,774100000.0,9200000.0,975200000.0,965500000.0,163400000.0,196000000.0,196000000.0,0.0,1084700000.0,506300000.0,578400000.0,2911839096.0,-196500000.0,-13500000.0,-1500000.0,-218800000.0,-33200000.0,-253500000.0,-86800000.0,-3400000.0,143800000.0,0.0,158700000.0,158700000.0,158700000.0,3900000.0,0.0,0.082,443300000.0,208700000.0,328900000.0,0.151,2.439,18.348,18.334,345700000.0,0.0,15.768,1.501,1.501,425400000.0,855100000.0,1939300000.0,1939300000.0,0.0,0.071,0.136,0.248,0.123,0.0,450500000.0,1.0,184673480.0,184673480.0,,10.501,1504700000.0,33200000.0,71200000.0,6300000.0,8.148,608300000.0
9,AOS,MRY,2011-12-31,2011-12-31,2011-12-31,2021-09-09,-300900000.0,2349000000.0,2264025000.0,1208700000.0,1140300000.0,0.756,5.865,-53500000.0,463400000.0,463400000.0,1197900000.0,305700000.0,2.359,1.163,461600000.0,18600000.0,443000000.0,461600000.0,0.0,47000000.0,0.0,0.015,0.15,365300000.0,412300000.0,0.241,412300000.0,365300000.0,356000000.0,1.655,1.64,1.655,1085800000.0,1025250000.0,1085800000.0,1811095285.0,5.0,4.393,5200000.0,0.028,1.0,512600000.0,0.3,786500000.0,9300000.0,1048400000.0,1209425000.0,168400000.0,162400000.0,162400000.0,0.0,1263200000.0,512300000.0,750900000.0,1856795285.0,344500000.0,-421100000.0,-12300000.0,200200000.0,-27700000.0,160200000.0,125600000.0,0.0,58700000.0,0.0,305700000.0,305700000.0,305700000.0,-194500000.0,0.0,0.179,361600000.0,151000000.0,302500000.0,0.091,1.71,6.074,6.06,315300000.0,0.0,10.03,1.086,1.086,368400000.0,729900000.0,1710500000.0,1710500000.0,0.0,0.135,0.298,0.302,0.214,0.0,372800000.0,1.0,185124156.0,185124156.0,,9.24,1562500000.0,24600000.0,50300000.0,3100000.0,8.44,696400000.0
10,AOS,MRY,2010-12-31,2010-12-31,2010-12-31,2021-09-09,-229400000.0,2110600000.0,2010900000.0,896000000.0,1214600000.0,0.741,4.81,-53500000.0,118900000.0,118900000.0,1043300000.0,111500000.0,1.669,1.395,261000000.0,18600000.0,242400000.0,261000000.0,0.0,40800000.0,0.0,0.014,0.135,135900000.0,176700000.0,0.119,176700000.0,135900000.0,129000000.0,0.61,0.605,0.61,881400000.0,832875000.0,881400000.0,1912005690.0,14.0,10.821,71300000.0,0.389,1.0,446000000.0,0.299,430400000.0,6900000.0,1285500000.0,924175000.0,146800000.0,0.0,0.0,0.0,1229200000.0,536800000.0,692400000.0,1744505690.0,42600000.0,-8800000.0,4000000.0,5000000.0,-24700000.0,-15700000.0,-66500000.0,4600000.0,124800000.0,0.0,111700000.0,111700000.0,111700000.0,-54400000.0,-200000.0,0.075,364200000.0,81800000.0,263000000.0,0.221,1.979,15.618,15.607,258400000.0,0.0,9.52,1.171,1.171,313300000.0,452100000.0,1489300000.0,1489300000.0,0.0,0.056,0.134,0.147,0.091,0.0,328700000.0,1.0,183246396.0,183246396.0,,8.127,1680200000.0,117000000.0,17300000.0,5700000.0,9.169,359200000.0
11,AOS,MRY,2009-12-31,2009-12-31,2009-12-31,2021-09-09,-230900000.0,1974500000.0,1844650000.0,740000000.0,1234500000.0,0.745,4.233,-42700000.0,76300000.0,76300000.0,980100000.0,89600000.0,1.506,1.537,253200000.0,21100000.0,232100000.0,253200000.0,0.0,38300000.0,0.0,0.016,0.118,127700000.0,166000000.0,0.121,166000000.0,127700000.0,120500000.0,0.593,0.59,0.593,770700000.0,720825000.0,770700000.0,1479343487.0,12.0,8.912,220200000.0,1.209,1.0,394900000.0,0.287,435500000.0,7200000.0,1224600000.0,1075625000.0,110500000.0,0.0,0.0,0.0,1184700000.0,491300000.0,693400000.0,1316743487.0,41000000.0,-76500000.0,7600000.0,-91100000.0,-21400000.0,-104900000.0,-117000000.0,8900000.0,262900000.0,0.0,89600000.0,89600000.0,89600000.0,-29100000.0,0.0,0.065,293100000.0,101800000.0,236800000.0,0.199,1.709,14.696,12.195,249000000.0,0.0,7.232,0.958,0.958,275600000.0,365400000.0,1375000000.0,1375000000.0,0.0,0.049,0.124,0.119,0.093,0.0,291800000.0,1.0,182080224.0,182080224.0,,7.552,1539000000.0,119700000.0,30900000.0,6500000.0,8.452,248700000.0
12,AOS,MRY,2008-12-31,2008-12-31,2008-12-31,2021-09-09,-89800000.0,1928700000.0,1898000000.0,823500000.0,1105200000.0,0.765,1.254,-41200000.0,35300000.0,35300000.0,1077200000.0,77300000.0,1.599,5.529,334800000.0,17500000.0,317300000.0,334800000.0,0.0,35800000.0,0.0,0.021,0.103,115900000.0,151700000.0,0.105,151700000.0,115900000.0,104900000.0,0.383,0.383,0.383,226600000.0,665500000.0,226600000.0,1208912791.0,10.0,7.969,59800000.0,0.331,1.0,374100000.0,0.258,583400000.0,11000000.0,1129700000.0,1163525000.0,282000000.0,0.0,0.0,0.0,1252900000.0,515100000.0,737800000.0,889112791.0,-19700000.0,2600000.0,2100000.0,-50100000.0,-19000000.0,-67000000.0,-53700000.0,12000000.0,101000000.0,0.0,77300000.0,77300000.0,77300000.0,-30100000.0,0.0,0.053,285700000.0,88400000.0,274800000.0,0.269,3.924,11.502,12.846,419100000.0,0.0,4.92,0.613,0.613,363500000.0,316100000.0,1451300000.0,1451300000.0,0.0,0.041,0.116,0.1,0.08,0.0,283300000.0,1.0,180713982.0,180713982.0,,8.031,1345300000.0,116500000.0,27600000.0,6000000.0,7.444,308400000.0
13,AOS,MRY,2007-12-31,2007-12-31,2007-12-31,2021-09-09,-99300000.0,1854400000.0,1879675000.0,767600000.0,1086800000.0,1.23,4.092,-71400000.0,37200000.0,37200000.0,1798700000.0,90800000.0,1.624,1.447,395200000.0,15600000.0,379600000.0,395200000.0,0.0,67600000.0,0.0,0.015,0.087,69000000.0,136600000.0,0.059,136600000.0,69000000.0,41400000.0,0.535,0.535,0.535,757800000.0,732025000.0,757800000.0,1472223508.0,21.0,10.778,114000000.0,0.616,1.0,513400000.0,0.222,599500000.0,27600000.0,1140300000.0,1241200000.0,261800000.0,0.0,0.0,0.0,1096600000.0,472600000.0,624000000.0,1081823508.0,28300000.0,11600000.0,-25200000.0,-67700000.0,-18200000.0,-111100000.0,-59800000.0,0.0,185400000.0,0.0,30400000.0,30400000.0,30400000.0,-4300000.0,60400000.0,0.013,389500000.0,123900000.0,305600000.0,0.163,1.428,35.586,10.919,421100000.0,0.0,5.842,0.468,0.468,415100000.0,799000000.0,2312100000.0,2312100000.0,0.0,0.016,0.042,0.056,0.03,0.0,364900000.0,1.0,185190900.0,185190900.0,,12.485,1254900000.0,34000000.0,11000000.0,37900000.0,6.776,295000000.0
14,AOS,MRY,2006-12-31,2006-12-31,2006-12-31,2021-09-09,-129500000.0,1839900000.0,1755375000.0,760000000.0,1079900000.0,1.231,3.721,-68200000.0,25800000.0,25800000.0,1697400000.0,76500000.0,1.738,1.688,439000000.0,6900000.0,432100000.0,439000000.0,0.0,60900000.0,0.0,0.013,0.083,130000000.0,190900000.0,0.088,190900000.0,130000000.0,105100000.0,0.42,0.412,0.42,684600000.0,661500000.0,684600000.0,1618195572.0,12.0,8.477,60600000.0,0.329,1.0,463900000.0,0.215,587500000.0,24900000.0,1228300000.0,1197425000.0,297300000.0,0.0,0.0,0.0,1155300000.0,437300000.0,718000000.0,1151595572.0,1800000.0,-329300000.0,8300000.0,268900000.0,-20100000.0,257100000.0,-396700000.0,12200000.0,128800000.0,0.0,76500000.0,76500000.0,76500000.0,-300000.0,0.0,0.035,333600000.0,130300000.0,286600000.0,0.198,1.682,15.054,14.905,427200000.0,0.0,6.26,0.533,0.533,378700000.0,732300000.0,2161300000.0,2161300000.0,0.0,0.044,0.116,0.109,0.06,0.0,324000000.0,1.0,183960954.0,183960954.0,,11.749,1252400000.0,22300000.0,28600000.0,27900000.0,6.808,322700000.0
15,AOS,MRY,2005-12-31,2005-12-31,2005-12-31,2021-09-09,-136400000.0,1292700000.0,1291475000.0,576000000.0,716700000.0,1.308,3.395,-50600000.0,24000000.0,24000000.0,1337200000.0,46500000.0,1.873,1.109,169300000.0,6900000.0,162400000.0,169300000.0,0.0,52800000.0,0.0,0.015,0.09,81700000.0,134500000.0,0.08,134500000.0,81700000.0,68700000.0,0.262,0.257,0.262,612900000.0,609200000.0,612900000.0,1211938572.0,15.0,9.011,136100000.0,0.754,1.0,352000000.0,0.208,323500000.0,13000000.0,806900000.0,889650000.0,225400000.0,0.0,0.0,0.0,679800000.0,307600000.0,372200000.0,1056138572.0,-1100000.0,-14800000.0,12900000.0,-111800000.0,-19000000.0,-117900000.0,-69900000.0,0.0,186700000.0,0.0,46500000.0,46500000.0,46500000.0,0.0,0.0,0.028,268400000.0,83600000.0,205100000.0,0.344,1.723,22.713,22.328,356900000.0,0.0,5.85,0.625,0.625,278800000.0,675900000.0,1689200000.0,1689200000.0,0.0,0.036,0.076,0.092,0.048,0.0,251800000.0,1.0,180536508.0,180536508.0,,9.357,969200000.0,13300000.0,22200000.0,5600000.0,5.368,268400000.0
16,AOS,MRY,2004-12-31,2004-12-31,2004-12-31,2021-09-09,-112300000.0,1314000000.0,1326675000.0,586200000.0,727800000.0,1.246,3.338,-48400000.0,25100000.0,25100000.0,1355100000.0,35400000.0,2.379,1.225,281100000.0,8600000.0,272500000.0,281100000.0,0.0,53900000.0,0.0,0.017,0.087,61000000.0,114900000.0,0.07,114900000.0,61000000.0,47500000.0,0.202,0.197,0.202,590600000.0,594550000.0,590600000.0,1156057546.0,19.0,10.061,18200000.0,0.103,1.0,298000000.0,0.18,313200000.0,13500000.0,1010400000.0,1001125000.0,233500000.0,0.0,0.0,0.0,723400000.0,246400000.0,477000000.0,882857546.0,6400000.0,-2300000.0,3000000.0,5700000.0,-18200000.0,-9500000.0,-50700000.0,0.0,66600000.0,0.0,35400000.0,35400000.0,35400000.0,0.0,0.0,0.021,235800000.0,62200000.0,158800000.0,0.431,1.495,24.939,24.703,358800000.0,0.0,4.99,0.534,0.534,281600000.0,648400000.0,1653100000.0,1653100000.0,0.0,0.027,0.06,0.061,0.037,0.0,235800000.0,1.0,176925360.0,176925360.0,,9.343,1000800000.0,12100000.0,12100000.0,12700000.0,5.657,339800000.0
17,AOS,MRY,2003-12-31,2003-12-31,2003-12-31,2021-09-09,-97200000.0,1279900000.0,1282436750.0,547700000.0,732200000.0,1.194,3.325,-48600000.0,18700000.0,18700000.0,1232000000.0,52200000.0,1.618,1.193,275500000.0,105400000.0,170100000.0,275500000.0,0.0,52100000.0,0.0,0.015,0.088,91200000.0,143300000.0,0.094,143300000.0,91200000.0,79000000.0,0.3,0.293,0.3,583500000.0,550285500.0,583500000.0,1258072756.0,14.0,8.779,-19700000.0,-0.112,1.0,298700000.0,0.195,310900000.0,12200000.0,887200000.0,907578750.0,247000000.0,0.0,0.0,0.0,696400000.0,338600000.0,357800000.0,1025072756.0,-14100000.0,-4800000.0,0.0,24600000.0,-16800000.0,10400000.0,-53400000.0,0.0,28900000.0,0.0,52200000.0,52200000.0,52200000.0,0.0,0.0,0.034,206200000.0,92500000.0,144500000.0,0.293,1.757,19.637,19.472,367500000.0,0.0,5.842,0.67,0.67,236700000.0,631200000.0,1530700000.0,1530700000.0,0.0,0.041,0.095,0.1,0.06,0.0,206200000.0,1.0,175476078.0,175476078.0,,8.723,969000000.0,14300000.0,26800000.0,22200000.0,5.522,209100000.0
18,AOS,MRY,2002-12-31,2002-12-31,2002-12-31,2021-09-09,-121900000.0,1224900000.0,1287169000.0,488300000.0,736600000.0,1.141,2.942,-46300000.0,32800000.0,32800000.0,1169300000.0,51300000.0,1.855,1.397,250800000.0,11700000.0,239100000.0,250800000.0,0.0,50700000.0,0.0,0.022,0.097,92300000.0,143000000.0,0.097,143000000.0,92300000.0,78400000.0,0.317,0.31,0.317,511100000.0,549063500.0,511100000.0,981213464.0,11.0,6.862,69700000.0,0.401,1.0,299800000.0,0.204,309200000.0,13900000.0,870500000.0,974021500.0,200400000.0,0.0,0.0,0.0,713800000.0,263200000.0,450600000.0,782124464.0,12100000.0,-23400000.0,127500000.0,-156200000.0,-14300000.0,-37200000.0,-69700000.0,0.0,116000000.0,0.0,51300000.0,51300000.0,51300000.0,0.0,0.0,0.035,206200000.0,93600000.0,131400000.0,0.306,1.53,15.246,14.201,362700000.0,0.0,4.502,0.532,0.532,215500000.0,588500000.0,1469100000.0,1469100000.0,0.0,0.04,0.093,0.095,0.063,0.0,206200000.0,1.0,173741088.0,173741088.0,,8.456,915700000.0,26700000.0,27100000.0,9300000.0,5.27,225100000.0
19,AOS,MRY,2001-12-31,2001-12-31,2001-12-31,2021-09-09,-6858000.0,1293923000.0,1105124000.0,477574000.0,816349000.0,1.042,3.168,-35300000.0,20759000.0,20759000.0,948800000.0,14500000.0,1.866,1.863,406937000.0,16552000.0,390385000.0,406937000.0,0.0,47100000.0,0.0,0.025,0.08,38900000.0,86000000.0,0.075,86000000.0,38900000.0,22500000.0,0.102,0.102,0.102,451878000.0,456582750.0,451878000.0,724567432.0,19.0,8.425,14500000.0,0.102,1.0,202400000.0,0.176,301924000.0,16400000.0,1122227000.0,953706000.0,194706000.0,0.0,0.0,0.0,842045000.0,255950000.0,586095000.0,463628432.0,5400000.0,-118000000.0,0.0,79400000.0,-12300000.0,68500000.0,-153300000.0,0.0,49800000.0,0.0,14500000.0,14500000.0,14500000.0,0.0,0.0,0.013,162100000.0,40300000.0,135684000.0,0.784,1.026,31.974,31.863,355298000.0,0.0,3.25,0.403,0.403,209871000.0,551420000.0,1151200000.0,1151200000.0,0.0,0.013,0.032,0.041,0.034,0.0,145700000.0,1.0,142654902.0,142654902.0,,8.07,991999000.0,22403000.0,8000000.0,63041000.0,6.954,221624000.0
20,AOS,MRY,2000-12-31,2000-12-31,2000-12-31,2021-09-09,-5438000.0,1064868000.0,1095381000.0,397381000.0,667487000.0,1.139,3.175,-40516000.0,15287000.0,15287000.0,999821000.0,29753000.0,2.332,1.375,327501000.0,11129000.0,316372000.0,327501000.0,0.0,45059000.0,0.0,0.02,0.057,75287000.0,120346000.0,0.096,120346000.0,75287000.0,53185000.0,0.212,0.21,0.212,448395000.0,452260250.0,448395000.0,724340775.0,10.0,6.019,34660000.0,0.245,1.0,248124000.0,0.199,244821000.0,22102000.0,961830000.0,1004005750.0,169630000.0,0.0,0.0,0.0,616473000.0,170431000.0,446042000.0,401545775.0,526000.0,0.0,0.0,-33379000.0,-11720000.0,-44283000.0,-40516000.0,0.0,75176000.0,0.0,29753000.0,29753000.0,29753000.0,11903000.0,0.0,0.024,160627000.0,87497000.0,91780000.0,0.269,0.896,13.496,13.412,282835000.0,0.0,2.843,0.322,0.322,169117000.0,549237000.0,1247945000.0,1247945000.0,0.0,0.027,0.066,0.075,0.06,0.0,153695000.0,1.0,141223602.0,141223602.0,,8.837,820047000.0,12907000.0,23432000.0,69509000.0,5.807,226950000.0
21,AOS,MRY,1999-12-31,1999-12-31,1999-12-31,2021-09-09,-3238000.0,1063986000.0,941008750.0,388627000.0,675359000.0,1.137,3.071,-32807000.0,14761000.0,14761000.0,839572000.0,42422000.0,2.307,1.468,360880000.0,9629000.0,351251000.0,360880000.0,0.0,37315000.0,0.0,0.015,0.053,82065000.0,119380000.0,0.112,119380000.0,82065000.0,69244000.0,0.305,0.297,0.305,431084000.0,420939750.0,431084000.0,850770649.0,10.0,7.127,15008000.0,0.107,1.0,230767000.0,0.216,251085000.0,12821000.0,990580000.0,799700000.0,163443000.0,0.0,0.0,0.0,632902000.0,168440000.0,464462000.0,511866649.0,-22905000.0,-244592000.0,-1624000.0,225048000.0,-11172000.0,212252000.0,-277399000.0,0.0,47815000.0,0.0,42422000.0,42422000.0,42422000.0,7848000.0,0.0,0.04,141466000.0,89301000.0,81221000.0,0.174,1.187,12.066,11.956,283493000.0,0.0,3.647,0.478,0.478,179395000.0,531204000.0,1070339000.0,1070339000.0,0.0,0.045,0.101,0.103,0.077,0.0,136304000.0,1.0,140365626.0,140365626.0,,7.625,812901000.0,11323000.0,26822000.0,55845000.0,5.791,220187000.0
22,AOS,MRY,1998-12-31,1998-12-31,1998-12-31,2021-09-09,-1488000.0,736570000.0,724801250.0,267878000.0,468692000.0,1.105,2.87,-18511000.0,37666000.0,37666000.0,623173000.0,44491000.0,2.378,0.836,135832000.0,4629000.0,131203000.0,135832000.0,0.0,26466000.0,0.0,0.014,0.058,73594000.0,100060000.0,0.125,100060000.0,73594000.0,67680000.0,0.315,0.307,0.315,401093000.0,393479750.0,401093000.0,677412352.0,9.0,6.77,47111000.0,0.337,1.0,177630000.0,0.222,143682000.0,5914000.0,578408000.0,553719750.0,87216000.0,0.0,0.0,0.0,335477000.0,112646000.0,222831000.0,572041352.0,-108230000.0,-133497000.0,-33017000.0,24438000.0,-11051000.0,-19630000.0,-153713000.0,0.0,65622000.0,0.0,44491000.0,44491000.0,44491000.0,-3835000.0,0.0,0.056,107728000.0,69902000.0,51074000.0,0.184,1.426,12.857,12.995,204456000.0,0.0,4.093,0.714,0.714,113098000.0,499954000.0,800803000.0,800803000.0,0.0,0.061,0.113,0.133,0.092,0.0,105214000.0,1.0,139749516.0,139749516.0,,5.73,592888000.0,10352000.0,23189000.0,43599000.0,4.243,155232000.0
23,AOS,MRY,1997-12-31,1997-12-31,1997-12-31,2021-09-09,-1579000.0,716516000.0,848383000.0,365728000.0,350788000.0,0.799,2.611,-37368000.0,145896000.0,145896000.0,537542000.0,153830000.0,2.86,0.793,106562000.0,5590000.0,100972000.0,106562000.0,0.0,21634000.0,0.0,0.011,0.053,178805000.0,200439000.0,0.296,200439000.0,178805000.0,172200000.0,0.928,0.91,0.928,399705000.0,417911250.0,399705000.0,640112681.0,4.0,3.194,36161000.0,0.236,1.0,140665000.0,0.207,51783000.0,6605000.0,497517000.0,645188000.0,79049000.0,25605000.0,0.0,25605000.0,316811000.0,127882000.0,188929000.0,718528681.0,139491000.0,698455000.0,-172793000.0,-143816000.0,-12677000.0,-328402000.0,-113308000.0,0.0,73529000.0,0.0,153830000.0,153830000.0,153830000.0,-20719000.0,0.0,0.227,86809000.0,53856000.0,61299000.0,0.057,1.798,4.671,5.059,207756000.0,0.0,4.694,1.059,1.059,126232000.0,466514000.0,678207000.0,678207000.0,0.0,0.181,0.368,0.277,0.264,0.0,86809000.0,1.0,153059364.0,153059364.0,,4.431,664733000.0,11849000.0,18370000.0,35049000.0,4.343,237846000.0
24,AOS,MRY,1996-12-31,1996-12-31,1996-12-31,2021-09-09,-7401000.0,871152000.0,818402500.0,225374000.0,645778000.0,0.955,8.084,-37804000.0,6405000.0,6405000.0,614218000.0,65417000.0,1.809,1.052,250378000.0,11932000.0,238446000.0,250378000.0,0.0,23601000.0,0.0,0.016,0.052,90611000.0,114212000.0,0.146,114212000.0,90611000.0,82497000.0,0.348,0.343,0.348,424639000.0,398501500.0,424639000.0,,,,42628000.0,0.812,1.0,166975000.0,0.214,6540000.0,8114000.0,984033000.0,909828500.0,80445000.0,14579000.0,0.0,14579000.0,446513000.0,124552000.0,321961000.0,174394560.0,1598000.0,-16258000.0,539000.0,54507000.0,-13807000.0,41267000.0,-56629000.0,0.0,80432000.0,0.0,65417000.0,65417000.0,65417000.0,-40168000.0,0.0,0.084,107350000.0,59625000.0,66514000.0,0.149,0.411,2.666,9.54,182600000.0,0.0,3.32,0.223,0.223,121571000.0,325361000.0,781193000.0,781193000.0,0.0,0.08,0.164,0.1,0.116,0.0,107350000.0,1.0,52528482.0,52528482.0,,14.872,864612000.0,12416000.0,17080000.0,32622000.0,16.46,100822000.0
25,AOS,MRY,1995-12-31,1995-12-31,1995-12-31,2021-09-09,-7499000.0,765653000.0,,257707000.0,507946000.0,,,-27257000.0,4807000.0,4807000.0,555578000.0,61413000.0,2.128,1.056,195871000.0,4933000.0,190938000.0,195871000.0,0.0,22166000.0,0.0,0.019,0.043,82454000.0,104620000.0,0.15,104620000.0,82454000.0,74838000.0,0.327,0.323,0.327,372364000.0,,372364000.0,,,,25147000.0,,1.0,141122000.0,0.203,0.0,7616000.0,835624000.0,,74955000.0,3528000.0,0.0,3528000.0,393289000.0,121093000.0,272196000.0,,-3678000.0,-21404000.0,49000.0,22490000.0,0.0,10506000.0,-48661000.0,0.0,52404000.0,0.0,61413000.0,61413000.0,61413000.0,-37418000.0,0.0,0.088,91398000.0,49724000.0,71613000.0,0.131,,,7.051,161876000.0,0.0,2.306,,,135515000.0,273751000.0,696700000.0,696700000.0,0.0,,,,0.118,0.0,91398000.0,1.0,,,,,765653000.0,9842000.0,13425000.0,34345000.0,,136614000.0
26,AOS,MRY,1994-12-31,1994-12-31,1994-12-31,2021-09-09,,,,,,,,-18117000.0,,,520589000.0,57347000.0,,,,,,,,21726000.0,,0.014,0.038,74932000.0,96658000.0,0.149,96658000.0,74932000.0,66979000.0,0.306,,0.306,,,,,,,38518000.0,,1.0,127415000.0,0.197,,7953000.0,,,,,,,,,,,-3417000.0,0.0,1764000.0,-31610000.0,-10423000.0,-38137000.0,-18499000.0,0.0,56635000.0,0.0,57347000.0,57347000.0,57347000.0,-40281000.0,0.0,0.088,88521000.0,38894000.0,,0.124,,,8.896,,0.0,2.722,,,,,648004000.0,648004000.0,0.0,,,,0.116,0.0,88521000.0,1.0,,,,,,,9632000.0,,,
0,AOS,MRQ,2021-06-30,2021-06-30,2021-06-30,2021-09-09,-311200000.0,3140200000.0,,1585700000.0,1554500000.0,,11.32,-13600000.0,444800000.0,444800000.0,538400000.0,118200000.0,1.748,0.729,140300000.0,6800000.0,133500000.0,140300000.0,0.0,19500000.0,0.0,0.014,0.26,152200000.0,171700000.0,0.2,171700000.0,152200000.0,151300000.0,0.74,0.73,0.74,1816300000.0,,1816300000.0,11126176726.0,19.0,17.115,78000000.0,0.486,1.0,321400000.0,0.374,865900000.0,900000.0,1062800000.0,,330400000.0,137100000.0,137100000.0,0.0,1323900000.0,907000000.0,416900000.0,11562476726.0,-133700000.0,0.0,-121100000.0,0.0,-41700000.0,-162800000.0,-62500000.0,-48900000.0,91600000.0,0.0,118200000.0,118200000.0,118200000.0,0.0,0.0,0.137,173100000.0,148300000.0,612400000.0,0.351,6.366,26.201,26.396,581700000.0,0.0,72.06,3.587,3.587,607000000.0,2641600000.0,859800000.0,859800000.0,0.0,,,,,1500000.0,173100000.0,1.0,160456241.0,160456241.0,,5.358,2274300000.0,0.0,33100000.0,0.0,14.174,678700000.0
1,AOS,MRQ,2021-03-31,2021-03-31,2021-03-31,2021-09-09,-320800000.0,3106800000.0,,1558200000.0,1548600000.0,,11.429,-17100000.0,578500000.0,578500000.0,480400000.0,97700000.0,1.864,0.68,142200000.0,6800000.0,135400000.0,142200000.0,0.0,19500000.0,0.0,0.015,0.26,127100000.0,146600000.0,0.191,146600000.0,127100000.0,126100000.0,0.6,0.6,0.6,1849000000.0,,1849000000.0,10512587037.0,21.0,17.885,87300000.0,0.54,1.0,288600000.0,0.375,868200000.0,1000000.0,966200000.0,,312800000.0,87000000.0,87000000.0,0.0,1257800000.0,836100000.0,421700000.0,10938087037.0,5400000.0,0.0,-62500000.0,-6800000.0,-42200000.0,-111500000.0,12500000.0,29600000.0,104400000.0,0.0,97700000.0,97700000.0,97700000.0,0.0,0.0,0.127,166500000.0,122100000.0,547400000.0,0.433,5.916,27.982,28.054,583300000.0,0.0,67.61,3.613,3.613,534500000.0,2565100000.0,769000000.0,769000000.0,0.0,,,,,7400000.0,166500000.0,1.0,161782089.0,161782089.0,,4.753,2238600000.0,0.0,28400000.0,0.0,13.837,722100000.0
2,AOS,MRQ,2020-12-31,2020-12-31,2020-12-31,2021-09-09,-321200000.0,3160700000.0,,1618000000.0,1542700000.0,,11.447,-20100000.0,573100000.0,573100000.0,510400000.0,120000000.0,1.826,0.71,147600000.0,6800000.0,140800000.0,147600000.0,0.0,19300000.0,0.0,0.018,0.26,152900000.0,172200000.0,0.206,172200000.0,152900000.0,151900000.0,0.74,0.74,0.74,1848300000.0,,1848300000.0,8622562932.0,19.0,16.232,211600000.0,1.31,1.0,324100000.0,0.388,870700000.0,1000000.0,978200000.0,,300100000.0,116500000.0,116500000.0,0.0,1312400000.0,886300000.0,426100000.0,8851662932.0,195200000.0,0.0,7000000.0,-700000.0,-42200000.0,-35900000.0,-600000.0,19500000.0,231700000.0,0.0,120000000.0,120000000.0,120000000.0,0.0,0.0,0.144,171200000.0,152900000.0,595200000.0,0.351,4.789,25.664,25.737,582900000.0,0.0,54.82,3.057,3.057,585000000.0,2509600000.0,834500000.0,834500000.0,0.0,,,,,1200000.0,171200000.0,1.0,161467766.0,161467766.0,,5.168,2290000000.0,0.0,31900000.0,0.0,14.182,731700000.0
3,AOS,MRQ,2020-09-30,2020-09-30,2020-09-30,2021-09-09,-336500000.0,2971100000.0,,1430300000.0,1540800000.0,,10.824,-11900000.0,377900000.0,377900000.0,462900000.0,105400000.0,1.775,0.701,148800000.0,6800000.0,142000000.0,148800000.0,0.0,20700000.0,0.0,0.018,0.24,138900000.0,159600000.0,0.21,159600000.0,138900000.0,137300000.0,0.65,0.65,0.65,1747100000.0,,1747100000.0,8398518650.0,20.0,16.892,139200000.0,0.862,1.0,297100000.0,0.391,870600000.0,1600000.0,1065500000.0,,302600000.0,131100000.0,131100000.0,0.0,1224000000.0,805900000.0,418100000.0,8522618650.0,-64800000.0,0.0,1800000.0,-167200000.0,-38700000.0,-204100000.0,-11800000.0,100000.0,151100000.0,0.0,105400000.0,105400000.0,105400000.0,0.0,0.0,0.139,161000000.0,136100000.0,516900000.0,0.369,4.878,26.953,27.077,579300000.0,0.0,52.8,3.031,3.031,572900000.0,2431800000.0,760000000.0,760000000.0,0.0,,,,,1100000.0,159400000.0,1.0,161413232.0,161413232.0,,4.708,2100500000.0,0.0,31900000.0,0.0,13.013,624400000.0
4,AOS,MRQ,2020-06-30,2020-06-30,2020-06-30,2021-09-09,-355800000.0,2984200000.0,,1444400000.0,1539800000.0,,10.29,-12000000.0,442700000.0,442700000.0,416400000.0,67800000.0,1.964,0.8,318600000.0,6800000.0,311800000.0,318600000.0,0.0,19900000.0,0.0,0.02,0.24,89500000.0,109400000.0,0.165,109400000.0,89500000.0,87000000.0,0.42,0.42,0.42,1658100000.0,,1658100000.0,7556534093.0,19.0,15.969,113200000.0,0.702,1.0,247500000.0,0.373,873500000.0,2500000.0,1251200000.0,,306000000.0,126000000.0,126000000.0,0.0,1326100000.0,735400000.0,590700000.0,7592934093.0,26600000.0,0.0,3800000.0,-61400000.0,-38800000.0,-96400000.0,-2200000.0,9800000.0,125200000.0,0.0,67800000.0,67800000.0,67800000.0,0.0,0.0,0.102,162000000.0,85500000.0,435700000.0,0.571,4.579,25.471,25.749,579000000.0,0.0,47.12,2.731,2.731,515900000.0,2365100000.0,663900000.0,663900000.0,0.0,,,,,1400000.0,155900000.0,1.0,161140367.0,161140367.0,,4.12,2110700000.0,0.0,19200000.0,0.0,13.099,709000000.0
5,AOS,MRQ,2020-03-31,2020-03-31,2020-03-31,2021-09-09,-362400000.0,2983000000.0,,1442500000.0,1540500000.0,,9.979,-12800000.0,416100000.0,416100000.0,397400000.0,51700000.0,2.063,0.846,379700000.0,6800000.0,372900000.0,379700000.0,0.0,20100000.0,0.0,0.024,0.24,69900000.0,90000000.0,0.141,90000000.0,69900000.0,67700000.0,0.32,0.32,0.32,1616300000.0,,1616300000.0,6072824796.0,14.0,11.733,41300000.0,0.255,1.0,239500000.0,0.376,875700000.0,2200000.0,1371800000.0,,312300000.0,135600000.0,135600000.0,0.0,1366700000.0,699100000.0,667600000.0,6124124796.0,42100000.0,0.0,-57900000.0,58500000.0,-39000000.0,-38400000.0,26400000.0,39200000.0,54100000.0,0.0,51700000.0,51700000.0,51700000.0,0.0,0.0,0.081,173800000.0,65700000.0,442000000.0,0.75,3.789,18.424,18.718,582200000.0,0.0,37.81,2.125,2.125,524000000.0,2336100000.0,636900000.0,636900000.0,0.0,,,,,9000000.0,173800000.0,1.0,161971034.0,161971034.0,,3.932,2107300000.0,0.0,16000000.0,0.0,13.01,743400000.0
6,AOS,MRQ,2019-12-31,2019-12-31,2019-12-31,2021-09-09,-348300000.0,3058000000.0,,1500400000.0,1557600000.0,,10.219,-14100000.0,374000000.0,374000000.0,455900000.0,91300000.0,1.957,0.835,322700000.0,6800000.0,315900000.0,322700000.0,0.0,20200000.0,0.0,0.019,0.24,118000000.0,138200000.0,0.184,138200000.0,118000000.0,115500000.0,0.56,0.56,0.56,1666800000.0,,1666800000.0,7910054156.0,16.0,14.09,162100000.0,0.994,1.0,295000000.0,0.393,884400000.0,2500000.0,1355800000.0,,303000000.0,177400000.0,177400000.0,0.0,1391200000.0,766500000.0,624700000.0,7770654156.0,154600000.0,0.0,-56800000.0,-35300000.0,-39200000.0,-131300000.0,109700000.0,123800000.0,176200000.0,0.0,91300000.0,91300000.0,91300000.0,0.0,0.0,0.122,179900000.0,115100000.0,509600000.0,0.429,4.662,21.002,21.268,592300000.0,0.0,47.64,2.597,2.597,589500000.0,2323400000.0,750900000.0,750900000.0,0.0,,,,,1000000.0,179900000.0,1.0,163111968.0,163111968.0,,4.604,2173600000.0,0.0,24200000.0,0.0,13.326,733900000.0
7,AOS,MRQ,2019-09-30,2019-09-30,2019-09-30,2021-09-09,-361600000.0,3067900000.0,,1504400000.0,1563500000.0,,10.074,-13800000.0,219400000.0,219400000.0,444000000.0,87300000.0,2.06,0.852,358800000.0,6800000.0,352000000.0,358800000.0,0.0,19700000.0,0.0,0.018,0.22,115900000.0,135600000.0,0.186,135600000.0,115900000.0,112800000.0,0.53,0.53,0.53,1656200000.0,,1656200000.0,7960587025.0,15.0,13.301,122500000.0,0.745,1.0,284200000.0,0.39,886900000.0,3100000.0,1590000000.0,,310000000.0,294400000.0,294400000.0,0.0,1411700000.0,730400000.0,681300000.0,7843687025.0,-62200000.0,0.0,-98300000.0,-39400000.0,-36000000.0,-174700000.0,-23800000.0,-10000000.0,136300000.0,0.0,87300000.0,87300000.0,87300000.0,0.0,0.0,0.12,172300000.0,111900000.0,483100000.0,0.415,4.736,19.367,19.797,591900000.0,0.0,47.71,2.568,2.568,614100000.0,2271500000.0,728200000.0,728200000.0,0.0,,,,,1500000.0,172300000.0,1.0,164403417.0,164403417.0,,4.429,2181000000.0,0.0,25500000.0,0.0,13.266,774000000.0
8,AOS,MRQ,2019-06-30,2019-06-30,2019-06-30,2021-09-09,-338400000.0,3175600000.0,,1596600000.0,1579000000.0,,10.318,-15600000.0,281600000.0,281600000.0,456700000.0,102100000.0,2.185,0.841,398500000.0,6800000.0,391700000.0,398500000.0,0.0,18200000.0,0.0,0.018,0.22,135600000.0,153800000.0,0.201,153800000.0,135600000.0,132200000.0,0.61,0.61,0.61,1725100000.0,,1725100000.0,7872686893.0,15.0,12.818,106500000.0,0.637,1.0,308700000.0,0.403,891600000.0,3400000.0,1670300000.0,,323100000.0,296200000.0,296200000.0,0.0,1450500000.0,730600000.0,719900000.0,7884986893.0,-56200000.0,-107000000.0,-85900000.0,74300000.0,-36900000.0,-48500000.0,-129800000.0,-7200000.0,122100000.0,0.0,102100000.0,102100000.0,102100000.0,0.0,0.0,0.133,178700000.0,130000000.0,488400000.0,0.361,4.571,18.672,18.94,602300000.0,0.0,47.16,2.56,2.56,634800000.0,2220200000.0,765400000.0,765400000.0,0.0,,,,,2100000.0,178700000.0,1.0,167196499.0,167196499.0,,4.578,2284000000.0,0.0,30100000.0,0.0,13.661,866000000.0
9,AOS,MRQ,2019-03-31,2019-03-31,2019-03-31,2021-09-09,-332100000.0,3143500000.0,,1658100000.0,1485400000.0,,10.417,-20900000.0,337800000.0,337800000.0,455400000.0,89300000.0,2.249,0.797,325500000.0,6800000.0,318700000.0,325500000.0,0.0,20200000.0,0.0,0.015,0.22,113600000.0,133800000.0,0.179,133800000.0,113600000.0,111600000.0,0.53,0.53,0.53,1749200000.0,,1749200000.0,8914802338.0,16.0,14.234,700000.0,0.004,1.0,292800000.0,0.391,803800000.0,2000000.0,1590200000.0,,319700000.0,295500000.0,295500000.0,0.0,1394300000.0,737200000.0,657100000.0,8953102338.0,78100000.0,0.0,-47200000.0,63000000.0,-37100000.0,-21300000.0,77800000.0,98700000.0,21600000.0,0.0,89300000.0,89300000.0,89300000.0,0.0,0.0,0.119,184700000.0,108100000.0,492400000.0,0.415,5.118,20.596,20.91,599600000.0,0.0,53.32,2.844,2.844,658800000.0,2155000000.0,748200000.0,748200000.0,0.0,,,,,8700000.0,184700000.0,1.0,167912647.0,167912647.0,,4.456,2339700000.0,0.0,22300000.0,0.0,13.934,920900000.0
10,AOS,MRQ,2018-12-31,2018-12-31,2018-12-31,2021-09-09,-350800000.0,3071500000.0,,1638500000.0,1433000000.0,,10.103,-26700000.0,259700000.0,259700000.0,475500000.0,126300000.0,2.086,0.789,221400000.0,0.0,221400000.0,221400000.0,0.0,18700000.0,0.0,0.018,0.22,156600000.0,175300000.0,0.216,175300000.0,156600000.0,154800000.0,0.74,0.74,0.74,1717000000.0,,1717000000.0,7217205437.0,13.0,11.31,133000000.0,0.783,1.0,337000000.0,0.415,806100000.0,1800000.0,1441800000.0,,304700000.0,385300000.0,385300000.0,0.0,1354500000.0,785300000.0,569200000.0,7256905437.0,26700000.0,0.0,-96400000.0,28100000.0,-37600000.0,-105900000.0,-27100000.0,-400000.0,159700000.0,0.0,126300000.0,126300000.0,126300000.0,0.0,0.0,0.155,186100000.0,150900000.0,543800000.0,0.297,4.227,16.337,16.423,540000000.0,0.0,42.7,2.276,2.276,647300000.0,2102800000.0,812500000.0,812500000.0,0.0,,,,,400000.0,186100000.0,1.0,169950947.0,169950947.0,,4.781,2265400000.0,0.0,28500000.0,0.0,13.33,853200000.0
11,AOS,MRQ,2018-09-30,2018-09-30,2018-09-30,2021-09-09,-318200000.0,3025200000.0,,1598700000.0,1426500000.0,,10.294,-19000000.0,233000000.0,233000000.0,448100000.0,104600000.0,2.164,0.723,193300000.0,0.0,193300000.0,193300000.0,0.0,17800000.0,0.0,0.013,0.18,133500000.0,151300000.0,0.201,151300000.0,133500000.0,131500000.0,0.61,0.61,0.61,1756200000.0,,1756200000.0,9093373762.0,16.0,14.556,97000000.0,0.569,1.0,306000000.0,0.406,812600000.0,2000000.0,1434000000.0,,307700000.0,384800000.0,384800000.0,0.0,1269000000.0,738900000.0,530100000.0,9105273762.0,-27000000.0,0.0,-35500000.0,-54800000.0,-30700000.0,-123300000.0,-19700000.0,-700000.0,116000000.0,0.0,104600000.0,104600000.0,104600000.0,0.0,0.0,0.139,177600000.0,128400000.0,508000000.0,0.295,5.185,26.733,26.685,526300000.0,0.0,53.37,2.896,2.896,606600000.0,2014000000.0,754100000.0,754100000.0,0.0,,,,,1800000.0,177600000.0,1.0,170606591.0,170606591.0,,4.42,2212600000.0,0.0,26900000.0,0.0,12.969,859800000.0
12,AOS,MRQ,2018-06-30,2018-06-30,2018-06-30,2021-09-09,-304400000.0,3085300000.0,,1653300000.0,1432000000.0,,10.11,-22200000.0,260000000.0,260000000.0,492300000.0,114500000.0,2.151,0.783,248100000.0,2700000.0,245400000.0,248100000.0,0.0,17500000.0,0.0,0.011,0.18,148400000.0,165900000.0,0.199,165900000.0,148400000.0,146100000.0,0.67,0.66,0.67,1730300000.0,,1730300000.0,10174357344.0,18.0,16.276,107800000.0,0.63,1.0,341000000.0,0.409,815500000.0,2300000.0,1489200000.0,,289000000.0,398400000.0,398400000.0,0.0,1355000000.0,768700000.0,586300000.0,10123057344.0,18100000.0,0.0,-35300000.0,-45000000.0,-30800000.0,-111100000.0,-800000.0,21400000.0,130000000.0,0.0,114500000.0,114500000.0,114500000.0,0.0,0.0,0.137,197200000.0,143800000.0,532800000.0,0.269,5.85,30.704,30.648,532800000.0,0.0,59.15,3.224,3.224,644000000.0,1940100000.0,833300000.0,833300000.0,0.0,,,,,1400000.0,197200000.0,1.0,171142136.0,171142136.0,,4.869,2269800000.0,0.0,31600000.0,0.0,13.263,884600000.0
13,AOS,MRQ,2018-03-31,2018-03-31,2018-03-31,2021-09-09,-275700000.0,3106900000.0,,1669100000.0,1437800000.0,,9.961,-17300000.0,241900000.0,241900000.0,466500000.0,98800000.0,2.176,0.819,293200000.0,7400000.0,285800000.0,293200000.0,0.0,17900000.0,0.0,0.009,0.18,127700000.0,145600000.0,0.185,145600000.0,127700000.0,125400000.0,0.58,0.57,0.58,1708400000.0,,1708400000.0,10970245918.0,20.0,18.07,25900000.0,0.151,1.0,321500000.0,0.408,820400000.0,2300000.0,1570900000.0,,287100000.0,437800000.0,437800000.0,0.0,1398500000.0,766900000.0,631600000.0,10906445918.0,-104700000.0,0.0,-34500000.0,-117300000.0,-31000000.0,-182800000.0,34900000.0,52200000.0,43200000.0,0.0,98800000.0,98800000.0,98800000.0,0.0,0.0,0.125,199600000.0,121900000.0,522100000.0,0.31,6.384,35.457,35.525,538100000.0,0.0,63.59,3.582,3.582,638800000.0,1856500000.0,788000000.0,788000000.0,0.0,,,,,6500000.0,192900000.0,1.0,171511966.0,171511966.0,,4.594,2286500000.0,0.0,26600000.0,0.0,13.331,902200000.0
14,AOS,MRQ,2017-12-31,2017-12-31,2017-12-31,2021-09-09,-299500000.0,3197400000.0,,1766900000.0,1430500000.0,,9.567,-27800000.0,346600000.0,346600000.0,446300000.0,22700000.0,2.226,0.944,410400000.0,7500000.0,402900000.0,410400000.0,0.0,18200000.0,0.0,0.009,0.14,143700000.0,161900000.0,0.211,161900000.0,143700000.0,140800000.0,0.14,0.13,0.14,1644900000.0,,1644900000.0,10663641415.0,20.0,17.743,148400000.0,0.863,1.0,322300000.0,0.419,825400000.0,2900000.0,1642000000.0,,297000000.0,473400000.0,473400000.0,0.0,1552500000.0,793800000.0,758700000.0,10535841415.0,24700000.0,0.0,-39800000.0,-39300000.0,-24100000.0,-104900000.0,-46600000.0,-18800000.0,176200000.0,0.0,22700000.0,22700000.0,22700000.0,0.0,0.0,0.03,184500000.0,137800000.0,535000000.0,1.0,6.405,35.534,35.628,528900000.0,0.0,61.28,3.516,3.516,592700000.0,1788700000.0,768600000.0,768600000.0,0.0,,,,,1400000.0,184500000.0,1.0,171929527.0,171929527.0,,4.47,2372000000.0,0.0,118100000.0,0.0,13.796,973100000.0
15,AOS,MRQ,2017-09-30,2017-09-30,2017-09-30,2021-09-09,-322400000.0,3104600000.0,,1698100000.0,1406500000.0,,9.655,-30100000.0,321900000.0,321900000.0,444900000.0,93700000.0,2.321,0.864,449700000.0,7500000.0,442200000.0,449700000.0,0.0,17600000.0,0.0,0.009,0.14,134100000.0,151700000.0,0.202,151700000.0,134100000.0,131600000.0,0.54,0.54,0.54,1665900000.0,,1665900000.0,10322488788.0,20.0,17.999,46900000.0,0.272,1.0,305000000.0,0.407,828600000.0,2500000.0,1672100000.0,,292100000.0,446000000.0,446000000.0,0.0,1438700000.0,731700000.0,707000000.0,10253988788.0,15300000.0,-43100000.0,-36700000.0,74500000.0,-24200000.0,13600000.0,-75300000.0,-2100000.0,77000000.0,0.0,93700000.0,93700000.0,93700000.0,0.0,0.0,0.125,176800000.0,128200000.0,500100000.0,0.259,6.155,28.763,28.85,501700000.0,0.0,59.43,3.504,3.504,587100000.0,1794000000.0,749900000.0,749900000.0,0.0,,,,,1300000.0,176800000.0,1.0,172538933.0,172538933.0,,4.346,2276000000.0,0.0,37900000.0,0.0,13.191,966400000.0
16,AOS,MRQ,2017-06-30,2017-06-30,2017-06-30,2021-09-09,-340700000.0,2984000000.0,,1640300000.0,1343700000.0,,9.326,-19500000.0,306600000.0,306600000.0,434000000.0,92400000.0,2.324,0.849,375100000.0,7400000.0,367700000.0,375100000.0,0.0,17400000.0,0.0,0.009,0.14,130500000.0,147900000.0,0.2,147900000.0,130500000.0,128000000.0,0.53,0.53,0.53,1613700000.0,,1613700000.0,9823072084.0,20.0,17.576,65200000.0,0.377,1.0,304200000.0,0.412,795400000.0,2500000.0,1551300000.0,,287000000.0,434300000.0,434300000.0,0.0,1370300000.0,705800000.0,664500000.0,9747072084.0,13200000.0,0.0,-34600000.0,5600000.0,-24200000.0,-53200000.0,-18300000.0,1200000.0,84700000.0,0.0,92400000.0,92400000.0,92400000.0,0.0,0.0,0.125,178300000.0,125900000.0,493100000.0,0.264,6.04,28.171,28.165,475800000.0,0.0,56.33,3.408,3.408,566800000.0,1724500000.0,738200000.0,738200000.0,0.0,,,,,1300000.0,178300000.0,1.0,173035187.0,173035187.0,,4.266,2188600000.0,0.0,35600000.0,0.0,12.648,934500000.0
17,AOS,MRQ,2017-03-31,2017-03-31,2017-03-31,2021-09-09,-352200000.0,2940200000.0,,1605500000.0,1334700000.0,,9.041,-16800000.0,293400000.0,293400000.0,439100000.0,87700000.0,2.228,0.877,369400000.0,7200000.0,362200000.0,369400000.0,0.0,16900000.0,0.0,0.01,0.14,122600000.0,139500000.0,0.189,139500000.0,122600000.0,120400000.0,0.51,0.5,0.51,1566400000.0,,1566400000.0,8856451854.0,18.0,16.018,-28300000.0,-0.163,1.0,300900000.0,0.407,796900000.0,2200000.0,1498800000.0,,257100000.0,428900000.0,428900000.0,0.0,1373800000.0,720500000.0,653300000.0,8863251854.0,-37000000.0,0.0,-28900000.0,45700000.0,-24400000.0,-7600000.0,-17900000.0,-1100000.0,-11500000.0,0.0,87700000.0,87700000.0,87700000.0,0.0,0.0,0.119,183200000.0,117700000.0,493500000.0,0.275,5.658,26.015,25.838,467600000.0,0.0,51.16,3.178,3.178,584100000.0,1656400000.0,740000000.0,740000000.0,0.0,,,,,5900000.0,183200000.0,1.0,173245736.0,173245736.0,,4.271,2143300000.0,0.0,32700000.0,0.0,12.371,885000000.0
18,AOS,MRQ,2016-12-31,2016-12-31,2016-12-31,2021-09-09,-363200000.0,2891000000.0,,1562000000.0,1329000000.0,,8.713,-22000000.0,330400000.0,330400000.0,413600000.0,82700000.0,2.04,0.908,323600000.0,7200000.0,316400000.0,323600000.0,0.0,16400000.0,0.0,0.01,0.12,118000000.0,134400000.0,0.193,134400000.0,118000000.0,116400000.0,0.48,0.47,0.48,1515300000.0,,1515300000.0,8301690683.0,18.0,15.52,161000000.0,0.926,1.0,284500000.0,0.408,799800000.0,1600000.0,1318800000.0,,251100000.0,424200000.0,424200000.0,0.0,1375700000.0,765600000.0,610100000.0,8234790683.0,61100000.0,-300000.0,-34800000.0,-12400000.0,-21000000.0,-68200000.0,-53700000.0,-31400000.0,183000000.0,0.0,82700000.0,82700000.0,82700000.0,0.0,0.0,0.118,178400000.0,106100000.0,528600000.0,0.25,5.434,25.221,25.321,461900000.0,0.0,47.35,3.066,3.066,518700000.0,1593000000.0,698100000.0,698100000.0,0.0,,,,,1300000.0,178400000.0,1.0,173913214.0,173913214.0,,4.014,2091200000.0,0.0,33700000.0,0.0,12.024,796400000.0
19,AOS,MRQ,2016-09-30,2016-09-30,2016-09-30,2021-09-09,-324800000.0,2824400000.0,,1507600000.0,1316800000.0,,8.743,-21000000.0,269300000.0,269300000.0,400600000.0,83200000.0,2.21,0.851,336200000.0,7300000.0,328900000.0,336200000.0,0.0,16600000.0,0.0,0.009,0.12,120500000.0,137100000.0,0.2,137100000.0,120500000.0,118400000.0,0.48,0.47,0.48,1525600000.0,,1525600000.0,8613655358.0,19.0,16.348,87500000.0,0.501,1.0,283300000.0,0.414,803600000.0,2100000.0,1405600000.0,,258600000.0,409500000.0,409500000.0,0.0,1298800000.0,682100000.0,616700000.0,8619055358.0,-18100000.0,-90500000.0,-17100000.0,54400000.0,-21000000.0,16300000.0,-142900000.0,-31400000.0,108500000.0,0.0,83200000.0,83200000.0,83200000.0,0.0,0.0,0.122,164700000.0,118600000.0,455800000.0,0.25,5.65,26.635,26.556,458400000.0,0.0,49.395,3.281,3.281,517300000.0,1531200000.0,683900000.0,683900000.0,0.0,,,,,1200000.0,164700000.0,1.0,174492466.0,174492466.0,,3.919,2020800000.0,0.0,35200000.0,0.0,11.581,825500000.0
20,AOS,MRQ,2016-06-30,2016-06-30,2016-06-30,2021-09-09,-323500000.0,2672200000.0,,1449000000.0,1223200000.0,,8.457,-18300000.0,287400000.0,287400000.0,383300000.0,87100000.0,2.354,0.805,282000000.0,7400000.0,274600000.0,282000000.0,0.0,15900000.0,0.0,0.01,0.12,126000000.0,141900000.0,0.213,141900000.0,126000000.0,124100000.0,0.51,0.49,0.51,1480700000.0,,1480700000.0,7695328625.0,17.0,14.963,110300000.0,0.63,1.0,283700000.0,0.425,708800000.0,1900000.0,1342400000.0,,237800000.0,379800000.0,379800000.0,0.0,1191500000.0,615600000.0,575900000.0,7713528625.0,-18100000.0,0.0,-47300000.0,-5300000.0,-21000000.0,-73600000.0,-73100000.0,-54800000.0,128600000.0,0.0,87100000.0,87100000.0,87100000.0,0.0,0.0,0.131,160000000.0,123700000.0,402000000.0,0.235,5.209,24.565,24.612,451700000.0,0.0,44.055,3.003,3.003,493900000.0,1469100000.0,667000000.0,667000000.0,0.0,,,,,1800000.0,160000000.0,1.0,175088608.0,175088608.0,,3.809,1963400000.0,0.0,37000000.0,0.0,11.214,833400000.0
21,AOS,MRQ,2016-03-31,2016-03-31,2016-03-31,2021-09-09,-304300000.0,2650600000.0,,1425900000.0,1224700000.0,,8.42,-19400000.0,305500000.0,305500000.0,374200000.0,73500000.0,2.369,0.793,287300000.0,13200000.0,274100000.0,287300000.0,0.0,16200000.0,0.0,0.011,0.12,105300000.0,121500000.0,0.191,121500000.0,105300000.0,103600000.0,0.42,0.41,0.42,1478500000.0,,1478500000.0,6625372824.0,15.0,13.409,7100000.0,0.04,1.0,262700000.0,0.412,711900000.0,1700000.0,1318500000.0,,230200000.0,335300000.0,335300000.0,0.0,1172100000.0,602000000.0,570100000.0,6699972824.0,-18100000.0,0.0,-30300000.0,37400000.0,-21200000.0,-14100000.0,-30500000.0,-11100000.0,26500000.0,0.0,73500000.0,73500000.0,73500000.0,0.0,0.0,0.115,159400000.0,103300000.0,389000000.0,0.286,4.532,22.483,22.711,450600000.0,0.0,38.155,2.622,2.622,506900000.0,1403000000.0,636900000.0,636900000.0,0.0,,,,,5100000.0,159400000.0,1.0,175598816.0,175598816.0,,3.627,1938700000.0,0.0,30100000.0,0.0,11.041,823900000.0
22,AOS,MRQ,2015-12-31,2015-12-31,2015-12-31,2021-09-09,-313400000.0,2629200000.0,,1403300000.0,1225900000.0,,8.193,-19600000.0,323600000.0,323600000.0,376800000.0,79800000.0,2.148,0.823,249000000.0,12900000.0,236100000.0,249000000.0,0.0,15700000.0,0.0,0.01,0.095,110700000.0,126400000.0,0.198,126400000.0,110700000.0,109300000.0,0.45,0.45,0.45,1442300000.0,,1442300000.0,6721131965.0,16.0,14.213,95000000.0,0.54,1.0,262600000.0,0.411,711900000.0,1400000.0,1189500000.0,,222900000.0,321600000.0,321600000.0,0.0,1186900000.0,653200000.0,533700000.0,6743231965.0,40700000.0,0.0,-21200000.0,-11200000.0,-16900000.0,-49300000.0,-24600000.0,-5000000.0,114600000.0,0.0,79800000.0,79800000.0,79800000.0,0.0,0.0,0.125,155100000.0,107500000.0,424900000.0,0.211,4.675,23.836,24.091,442700000.0,0.0,38.305,2.658,2.658,501400000.0,1350700000.0,639400000.0,639400000.0,0.0,,,,,1000000.0,155100000.0,1.0,176040516.0,176040516.0,,3.632,1917300000.0,0.0,29500000.0,0.0,10.891,750100000.0
23,AOS,MRQ,2015-09-30,2015-09-30,2015-09-30,2021-09-09,-290500000.0,2600200000.0,,1413800000.0,1186400000.0,,8.002,-22100000.0,282900000.0,282900000.0,369500000.0,73600000.0,2.265,0.828,260800000.0,13100000.0,247700000.0,260800000.0,0.0,15700000.0,0.0,0.011,0.095,108800000.0,124500000.0,0.199,124500000.0,108800000.0,107200000.0,0.41,0.41,0.41,1422400000.0,,1422400000.0,5825474161.0,16.0,13.325,153800000.0,0.865,1.0,255600000.0,0.409,717600000.0,1600000.0,1236400000.0,,239000000.0,323500000.0,323500000.0,0.0,1177800000.0,624100000.0,553700000.0,5793974161.0,34800000.0,0.0,-57400000.0,-17900000.0,-16900000.0,-92200000.0,-48900000.0,-26800000.0,175900000.0,0.0,73600000.0,73600000.0,73600000.0,0.0,0.0,0.118,149000000.0,106600000.0,395800000.0,0.232,4.073,22.606,22.794,438800000.0,0.0,32.595,2.296,2.296,479000000.0,1287700000.0,625100000.0,625100000.0,0.0,,,,,1000000.0,149000000.0,1.0,177756532.0,177756532.0,,3.517,1882600000.0,43100000.0,33600000.0,0.0,10.591,789700000.0
24,AOS,MRQ,2015-06-30,2015-06-30,2015-06-30,2021-09-09,-276000000.0,2589800000.0,,1400000000.0,1189800000.0,,8.052,-16100000.0,248100000.0,248100000.0,391100000.0,71100000.0,2.418,0.803,279600000.0,13400000.0,266200000.0,279600000.0,0.0,16000000.0,0.0,0.009,0.095,105700000.0,121700000.0,0.186,121700000.0,105700000.0,103200000.0,0.4,0.395,0.4,1436500000.0,,1436500000.0,6440451270.0,19.0,16.17,45500000.0,0.255,1.0,262400000.0,0.402,725300000.0,2500000.0,1316900000.0,,233400000.0,304300000.0,304300000.0,0.0,1153300000.0,579100000.0,574200000.0,6420651270.0,-36000000.0,0.0,-26200000.0,-24700000.0,-16900000.0,-67800000.0,-29800000.0,-13700000.0,61600000.0,0.0,71100000.0,71100000.0,71100000.0,0.0,0.0,0.109,159400000.0,103000000.0,369200000.0,0.237,4.47,27.521,27.685,433400000.0,0.0,35.99,2.589,2.589,528500000.0,1231000000.0,653500000.0,653500000.0,0.0,,,,,1100000.0,159400000.0,1.0,178400980.0,178400980.0,,3.663,1864500000.0,41600000.0,32100000.0,0.0,10.451,820900000.0
25,AOS,MRQ,2015-03-31,2015-03-31,2015-03-31,2021-09-09,-277600000.0,2565300000.0,,1376300000.0,1189000000.0,,7.862,-14900000.0,284100000.0,284100000.0,389300000.0,58400000.0,2.31,0.826,303900000.0,48600000.0,255300000.0,303900000.0,0.0,15600000.0,0.0,0.01,0.095,84700000.0,100300000.0,0.162,100300000.0,84700000.0,82800000.0,0.325,0.325,0.325,1405100000.0,,1405100000.0,5772140634.0,19.0,15.542,-15300000.0,-0.086,1.0,229200000.0,0.371,727900000.0,1900000.0,1261400000.0,,218800000.0,290800000.0,290800000.0,0.0,1160200000.0,595800000.0,564400000.0,5867740634.0,-35300000.0,0.0,-16900000.0,81900000.0,-17100000.0,47900000.0,-82800000.0,-67900000.0,-400000.0,0.0,58400000.0,58400000.0,58400000.0,0.0,0.0,0.094,147200000.0,82000000.0,368400000.0,0.292,4.176,26.732,27.021,430400000.0,0.0,32.83,2.422,2.422,495900000.0,1176900000.0,618500000.0,618500000.0,0.0,,,,,5700000.0,147200000.0,1.0,178731058.0,178731058.0,,3.461,1837400000.0,39400000.0,24400000.0,0.0,10.28,780500000.0
26,AOS,MRQ,2014-12-31,2014-12-31,2014-12-31,2021-09-09,-272000000.0,2515300000.0,,1319000000.0,1196300000.0,,7.713,-20100000.0,319400000.0,319400000.0,394900000.0,53200000.0,2.179,0.821,223800000.0,13700000.0,210100000.0,223800000.0,0.0,15400000.0,0.0,0.011,0.075,75300000.0,90700000.0,0.145,90700000.0,75300000.0,73900000.0,0.295,0.295,0.295,1381300000.0,,1381300000.0,4905286137.0,17.0,13.928,80100000.0,0.447,1.0,231900000.0,0.37,737300000.0,1400000.0,1077200000.0,,208300000.0,222500000.0,222500000.0,0.0,1134000000.0,605200000.0,528800000.0,5051286137.0,-81100000.0,0.0,-17200000.0,-30100000.0,-13400000.0,-60700000.0,-120600000.0,-100500000.0,100200000.0,0.0,53200000.0,53200000.0,53200000.0,0.0,0.0,0.085,158300000.0,73600000.0,393800000.0,0.254,3.657,24.308,24.526,427700000.0,0.0,28.205,2.144,2.144,475400000.0,1135500000.0,626800000.0,626800000.0,0.0,,,,,10800000.0,158300000.0,1.0,179091868.0,179091868.0,,3.5,1778000000.0,40500000.0,20700000.0,21400000.0,9.928,713800000.0
27,AOS,MRQ,2014-09-30,2014-09-30,2014-09-30,2021-09-09,-254500000.0,2486800000.0,,1294800000.0,1192000000.0,,7.637,-15200000.0,400500000.0,400500000.0,366300000.0,50600000.0,2.205,0.808,254500000.0,13800000.0,240700000.0,254500000.0,0.0,14800000.0,0.0,0.012,0.075,70800000.0,85600000.0,0.147,85600000.0,70800000.0,69300000.0,0.28,0.28,0.28,1375200000.0,,1375200000.0,4113430548.0,15.0,12.21,58800000.0,0.327,1.0,215300000.0,0.37,743600000.0,1500000.0,1009900000.0,,218500000.0,123200000.0,123200000.0,0.0,1111600000.0,587300000.0,524300000.0,4256730548.0,6800000.0,0.0,-24700000.0,5800000.0,-13600000.0,-32500000.0,-34700000.0,-19500000.0,74000000.0,0.0,50600000.0,50600000.0,50600000.0,0.0,0.0,0.087,145500000.0,69800000.0,374800000.0,0.268,3.095,21.608,21.889,421000000.0,0.0,23.64,1.86,1.86,474300000.0,1095800000.0,581600000.0,581600000.0,0.0,,,,,0.0,145500000.0,1.0,180064744.0,180064744.0,,3.23,1743200000.0,40100000.0,18700000.0,0.0,9.681,707500000.0
28,AOS,MRQ,2014-06-30,2014-06-30,2014-06-30,2021-09-09,-258900000.0,2430700000.0,,1233900000.0,1196800000.0,,7.487,-25500000.0,393700000.0,393700000.0,379200000.0,57300000.0,2.243,0.792,250400000.0,14200000.0,236200000.0,250400000.0,0.0,14800000.0,0.0,0.011,0.075,80000000.0,94800000.0,0.159,94800000.0,80000000.0,78600000.0,0.315,0.315,0.315,1356700000.0,,1356700000.0,4349503092.0,16.0,13.253,52500000.0,0.29,1.0,216200000.0,0.363,750900000.0,1400000.0,986500000.0,,206800000.0,102900000.0,102900000.0,0.0,1074000000.0,550000000.0,524000000.0,4492303092.0,23900000.0,0.0,-37500000.0,22300000.0,-13600000.0,-28800000.0,-25300000.0,200000.0,78000000.0,0.0,57300000.0,57300000.0,57300000.0,0.0,0.0,0.096,137400000.0,78800000.0,356900000.0,0.238,3.311,23.325,23.61,416500000.0,0.0,24.79,2.003,2.003,457000000.0,1058800000.0,595400000.0,595400000.0,0.0,,,,,0.0,137400000.0,1.0,181214324.0,181214324.0,,3.286,1679800000.0,40600000.0,21300000.0,0.0,9.27,683900000.0
29,AOS,MRQ,2014-03-31,2014-03-31,2014-03-31,2021-09-09,-263300000.0,2381200000.0,,1198200000.0,1183000000.0,,7.361,-25300000.0,369800000.0,369800000.0,356300000.0,46700000.0,2.233,0.773,227000000.0,14000000.0,213000000.0,227000000.0,0.0,14800000.0,0.0,0.011,0.075,66300000.0,81100000.0,0.147,81100000.0,66300000.0,64900000.0,0.255,0.255,0.255,1343400000.0,,1343400000.0,4010489703.0,16.0,12.929,-13500000.0,-0.074,1.0,195900000.0,0.355,751900000.0,1400000.0,950000000.0,,197400000.0,102700000.0,102700000.0,0.0,1037800000.0,536500000.0,501300000.0,4199289703.0,-10900000.0,0.0,-19700000.0,36200000.0,-13800000.0,2700000.0,-25400000.0,-100000.0,11800000.0,0.0,46700000.0,46700000.0,46700000.0,0.0,0.0,0.085,130900000.0,65000000.0,341400000.0,0.294,3.126,23.671,23.969,402300000.0,0.0,23.01,1.912,1.912,455600000.0,1015200000.0,552200000.0,552200000.0,0.0,,,,,0.0,130900000.0,1.0,182498466.0,182498466.0,,3.026,1629300000.0,40000000.0,18200000.0,0.0,8.928,661700000.0
30,AOS,MRQ,2013-12-31,2013-12-31,2013-12-31,2021-09-09,-259100000.0,2391500000.0,,1205600000.0,1185900000.0,,7.283,-32000000.0,380700000.0,380700000.0,359000000.0,42400000.0,2.04,0.8,191900000.0,14200000.0,177700000.0,191900000.0,0.0,17500000.0,0.0,0.009,0.06,57900000.0,75400000.0,0.135,75400000.0,57900000.0,56700000.0,0.23,0.23,0.23,1328700000.0,,1328700000.0,4774333726.0,20.0,15.82,59600000.0,0.327,1.0,199900000.0,0.358,758300000.0,1200000.0,853500000.0,,193400000.0,105300000.0,105300000.0,0.0,1062800000.0,590900000.0,471900000.0,4920633726.0,6600000.0,0.0,-5900000.0,-35000000.0,-11000000.0,-51900000.0,-33100000.0,-1100000.0,91600000.0,0.0,42400000.0,42400000.0,42400000.0,0.0,0.0,0.076,143000000.0,56900000.0,387100000.0,0.261,3.703,28.996,29.315,391300000.0,0.0,26.97,2.285,2.285,458700000.0,982200000.0,558900000.0,558900000.0,0.0,,,,,10500000.0,139200000.0,1.0,182448414.0,182448414.0,,3.063,1633200000.0,40100000.0,14300000.0,21000000.0,8.952,614700000.0
31,AOS,MRQ,2013-09-30,2013-09-30,2013-09-30,2021-09-09,-309300000.0,2348900000.0,,1165000000.0,1183900000.0,,6.77,-27500000.0,374100000.0,374100000.0,339600000.0,46200000.0,2.177,0.875,227800000.0,14400000.0,213400000.0,227800000.0,0.0,14200000.0,0.0,0.008,0.06,62700000.0,76900000.0,0.143,76900000.0,62700000.0,61300000.0,0.25,0.25,0.25,1252600000.0,,1252600000.0,4024874022.0,17.0,13.412,55500000.0,0.3,1.0,196600000.0,0.367,764100000.0,1400000.0,903300000.0,,189500000.0,102700000.0,102700000.0,0.0,1096300000.0,535200000.0,561100000.0,4181674022.0,8000000.0,0.0,-50500000.0,17900000.0,-11100000.0,-43700000.0,-31300000.0,-3800000.0,83000000.0,0.0,46200000.0,46200000.0,46200000.0,0.0,0.0,0.086,135000000.0,61600000.0,344500000.0,0.24,3.338,25.1,25.251,371700000.0,0.0,22.6,1.973,1.973,436000000.0,950700000.0,536200000.0,536200000.0,0.0,,,,,0.0,133700000.0,1.0,185029824.0,185029824.0,,2.898,1584800000.0,36900000.0,15100000.0,0.0,8.565,629800000.0
32,AOS,MRQ,2013-06-30,2013-06-30,2013-06-30,2021-09-09,-318700000.0,2295200000.0,,1125600000.0,1169600000.0,,6.776,-19800000.0,366100000.0,366100000.0,351100000.0,42100000.0,2.297,0.827,209300000.0,8600000.0,200700000.0,209300000.0,0.0,13900000.0,0.0,0.009,0.06,62900000.0,76800000.0,0.14,76800000.0,62900000.0,61300000.0,0.225,0.225,0.225,1256500000.0,,1256500000.0,3286175057.0,14.0,11.293,51900000.0,0.28,1.0,198000000.0,0.361,766200000.0,1600000.0,882100000.0,,178900000.0,97800000.0,97800000.0,0.0,1038700000.0,490100000.0,548600000.0,3363975057.0,59200000.0,-400000.0,-9400000.0,-18900000.0,-11100000.0,-39400000.0,26900000.0,47100000.0,71700000.0,0.0,42100000.0,42100000.0,42100000.0,0.0,0.0,0.077,135800000.0,62200000.0,315000000.0,0.267,2.677,21.372,21.467,353700000.0,0.0,18.14,1.645,1.645,422600000.0,915700000.0,549100000.0,549100000.0,0.0,,,,,0.0,131600000.0,1.0,185445152.0,185445152.0,,2.961,1529000000.0,34300000.0,19200000.0,0.0,8.245,635500000.0
33,AOS,MRQ,2013-03-31,2013-03-31,2013-03-31,2021-09-09,-315000000.0,2267100000.0,,1105800000.0,1161300000.0,,6.684,-18400000.0,306900000.0,306900000.0,330300000.0,39000000.0,2.318,0.835,229100000.0,18600000.0,210500000.0,229100000.0,0.0,14100000.0,0.0,0.008,0.05,58600000.0,72700000.0,0.143,72700000.0,58600000.0,57100000.0,0.21,0.21,0.21,1235700000.0,,1235700000.0,3377289564.0,15.0,12.057,14900000.0,0.081,1.0,179300000.0,0.352,773200000.0,1500000.0,939000000.0,,169800000.0,144500000.0,144500000.0,0.0,1031400000.0,477100000.0,554300000.0,3400489564.0,40000000.0,-3600000.0,2300000.0,-15500000.0,-9400000.0,-22600000.0,29300000.0,51300000.0,33300000.0,0.0,39000000.0,39000000.0,39000000.0,0.0,0.0,0.077,121700000.0,57600000.0,306000000.0,0.238,2.752,22.625,22.707,346000000.0,0.0,18.392,1.717,1.717,423700000.0,884900000.0,509600000.0,509600000.0,0.0,,,,,0.0,120000000.0,1.0,184884576.0,184884576.0,,2.756,1493900000.0,32600000.0,18100000.0,13400000.0,8.08,628700000.0
34,AOS,MRQ,2012-12-31,2012-12-31,2012-12-31,2021-09-09,-320500000.0,2278800000.0,,1114600000.0,1164200000.0,,6.466,-25400000.0,266900000.0,266900000.0,338700000.0,39300000.0,2.201,0.908,243700000.0,18600000.0,225100000.0,243700000.0,0.0,14200000.0,0.0,0.008,0.0,59500000.0,73700000.0,0.141,73700000.0,59500000.0,57400000.0,0.21,0.215,0.21,1194100000.0,,1194100000.0,2911839096.0,12.0,9.914,44700000.0,0.242,1.0,185600000.0,0.354,774100000.0,2100000.0,975200000.0,,163400000.0,196000000.0,196000000.0,0.0,1084700000.0,506300000.0,578400000.0,2911839096.0,-12700000.0,-13500000.0,-5600000.0,-35700000.0,-9200000.0,-50500000.0,-32300000.0,6600000.0,70100000.0,0.0,39300000.0,39300000.0,39300000.0,3900000.0,0.0,0.075,124000000.0,61600000.0,328900000.0,0.0,2.439,18.348,18.334,345700000.0,0.0,15.768,1.501,1.501,425400000.0,855100000.0,524300000.0,524300000.0,0.0,,,,,0.0,124800000.0,1.0,184673480.0,184673480.0,,2.839,1504700000.0,33200000.0,18100000.0,6300000.0,8.148,608300000.0
35,AOS,MRQ,2012-09-30,2012-09-30,2012-09-30,2021-09-09,-302100000.0,2235300000.0,,1088400000.0,1146900000.0,,6.448,-14200000.0,279600000.0,279600000.0,305400000.0,37000000.0,2.352,0.876,279600000.0,18600000.0,261000000.0,279600000.0,0.0,13900000.0,0.0,0.012,0.05,53900000.0,67800000.0,0.147,67800000.0,53900000.0,52000000.0,0.2,0.2,0.2,1191400000.0,,1191400000.0,2682753151.0,12.0,9.436,55900000.0,0.303,1.0,156800000.0,0.339,778500000.0,1900000.0,994000000.0,,178200000.0,202600000.0,202600000.0,0.0,1043900000.0,462800000.0,581100000.0,2657753151.0,20000000.0,0.0,1800000.0,-6000000.0,-9200000.0,-13400000.0,-36700000.0,-22500000.0,70100000.0,0.0,37000000.0,37000000.0,37000000.0,0.0,0.0,0.08,105100000.0,51700000.0,289400000.0,0.25,2.231,17.531,20.758,331100000.0,0.0,14.385,1.406,1.406,369100000.0,825200000.0,462200000.0,462200000.0,0.0,,,,,0.0,111500000.0,1.0,184758648.0,184758648.0,,2.502,1456800000.0,32500000.0,15000000.0,0.0,7.885,625600000.0
36,AOS,MRQ,2012-06-30,2012-06-30,2012-06-30,2021-09-09,-304700000.0,2191600000.0,,1053800000.0,1137800000.0,,6.243,-17200000.0,259600000.0,259600000.0,323700000.0,35000000.0,2.294,0.893,284600000.0,18600000.0,266000000.0,284600000.0,0.0,13100000.0,0.0,0.013,0.04,52800000.0,65900000.0,0.136,65900000.0,52800000.0,50600000.0,0.19,0.19,0.19,1157800000.0,,1157800000.0,2218586894.0,6.0,5.213,-10100000.0,-0.054,1.0,160500000.0,0.331,779500000.0,2200000.0,977700000.0,,177000000.0,180100000.0,180100000.0,0.0,1033800000.0,459400000.0,574400000.0,2266586894.0,-107600000.0,0.0,-6500000.0,-34000000.0,-7500000.0,-48000000.0,-66700000.0,-49500000.0,7100000.0,0.0,35000000.0,35000000.0,35000000.0,0.0,0.0,0.072,108900000.0,51600000.0,278100000.0,0.211,1.958,7.634,8.27,325300000.0,0.0,12.223,1.231,1.231,382700000.0,797500000.0,484200000.0,484200000.0,0.0,,,,,0.0,108900000.0,1.0,185443804.0,185443804.0,,2.611,1412100000.0,31300000.0,15600000.0,0.0,7.615,594400000.0
37,AOS,MRQ,2012-03-31,2012-03-31,2012-03-31,2021-09-09,-298700000.0,2250200000.0,,1106700000.0,1143500000.0,,6.207,-13100000.0,367200000.0,367200000.0,319500000.0,47500000.0,2.203,0.973,319200000.0,18600000.0,300600000.0,319200000.0,0.0,13400000.0,0.0,0.014,0.04,72900000.0,86300000.0,0.184,86300000.0,72900000.0,69900000.0,0.13,0.128,0.13,1140700000.0,,1140700000.0,2063492928.0,5.0,4.738,-16600000.0,-0.09,1.0,149100000.0,0.318,784700000.0,3000000.0,915100000.0,,172200000.0,60900000.0,60900000.0,0.0,1109500000.0,502400000.0,607100000.0,2065292928.0,-96200000.0,0.0,8800000.0,-143100000.0,-7300000.0,-141600000.0,48900000.0,62000000.0,-3500000.0,0.0,47500000.0,47500000.0,47500000.0,0.0,0.0,0.101,105300000.0,43800000.0,302800000.0,0.308,1.811,6.615,7.204,319900000.0,0.0,11.238,1.172,1.172,451400000.0,770000000.0,468600000.0,468600000.0,0.0,,,,,0.0,105300000.0,1.0,183785800.0,183785800.0,,2.55,1465500000.0,32000000.0,22400000.0,0.0,7.974,604300000.0
38,AOS,MRQ,2011-12-31,2011-12-31,2011-12-31,2021-09-09,-300900000.0,2349000000.0,,1208700000.0,1140300000.0,,5.865,-16800000.0,463400000.0,463400000.0,320800000.0,32100000.0,2.359,1.163,461600000.0,18600000.0,443000000.0,461600000.0,0.0,13800000.0,0.0,0.015,0.04,50500000.0,64300000.0,0.135,64300000.0,50500000.0,47600000.0,0.173,0.172,0.173,1085800000.0,,1085800000.0,1811095285.0,5.0,4.393,111300000.0,0.601,1.0,155000000.0,0.326,786500000.0,2900000.0,1048400000.0,,168400000.0,162400000.0,162400000.0,0.0,1263200000.0,512300000.0,750900000.0,1856795285.0,22800000.0,-3000000.0,-16400000.0,65900000.0,-7400000.0,42100000.0,-147400000.0,0.0,128100000.0,0.0,32100000.0,32100000.0,32100000.0,-600000.0,0.0,0.067,106200000.0,48800000.0,302500000.0,0.231,1.71,6.074,6.06,315300000.0,0.0,10.03,1.086,1.086,368400000.0,729900000.0,475800000.0,475800000.0,0.0,,,,,0.0,106200000.0,1.0,185124156.0,185124156.0,,2.57,1562500000.0,24600000.0,15500000.0,3100000.0,8.44,696400000.0
39,AOS,MRQ,2011-09-30,2011-09-30,2011-09-30,2021-09-09,-252900000.0,2358700000.0,,1227400000.0,1131300000.0,,6.078,-12400000.0,440600000.0,440600000.0,293300000.0,182300000.0,1.981,1.099,394900000.0,18600000.0,376300000.0,394900000.0,0.0,11400000.0,0.0,0.018,0.04,197700000.0,209100000.0,0.508,209100000.0,197700000.0,195200000.0,0.985,0.978,0.985,1123500000.0,,1123500000.0,1747389164.0,5.0,4.349,5400000.0,0.029,1.0,118700000.0,0.288,783500000.0,2500000.0,909800000.0,,176700000.0,154700000.0,154700000.0,0.0,1235200000.0,619700000.0,615500000.0,1480089164.0,332400000.0,-418100000.0,1300000.0,21700000.0,-7400000.0,15600000.0,299000000.0,0.0,17800000.0,0.0,182300000.0,182300000.0,182300000.0,-155400000.0,0.0,0.442,92200000.0,26500000.0,276300000.0,0.041,1.317,4.84,4.838,308700000.0,0.0,8.008,0.922,0.922,369500000.0,705200000.0,412000000.0,412000000.0,0.0,,,,,0.0,92200000.0,1.0,184837860.0,184837860.0,,2.229,1575200000.0,62200000.0,12900000.0,191600000.0,8.522,607700000.0
40,AOS,MRQ,2011-06-30,2011-06-30,2011-06-30,2021-09-09,-228800000.0,2143100000.0,,991200000.0,1151900000.0,,5.249,-11900000.0,108200000.0,108200000.0,293400000.0,50300000.0,1.85,1.21,375500000.0,18600000.0,356900000.0,375500000.0,0.0,11000000.0,0.0,0.013,0.035,64800000.0,75800000.0,0.187,75800000.0,64800000.0,62700000.0,0.273,0.27,0.273,969800000.0,,969800000.0,2169538689.0,11.0,8.91,-46900000.0,-0.254,1.0,111900000.0,0.276,429700000.0,2100000.0,1444800000.0,,161600000.0,0.0,0.0,0.0,1173300000.0,535900000.0,637400000.0,1953938689.0,-16000000.0,0.0,600000.0,35400000.0,-6500000.0,29500000.0,-10500000.0,0.0,-35000000.0,0.0,50300000.0,50300000.0,50300000.0,-21700000.0,0.0,0.124,73900000.0,38000000.0,258300000.0,0.128,2.015,12.566,12.515,266300000.0,0.0,10.575,1.244,1.244,327700000.0,530400000.0,405300000.0,405300000.0,0.0,,,,,0.0,85100000.0,1.0,184769616.0,184769616.0,,2.194,1713400000.0,94100000.0,12400000.0,0.0,9.273,455300000.0
41,AOS,MRQ,2011-03-31,2011-03-31,2011-03-31,2021-09-09,-229400000.0,2205300000.0,,987000000.0,1218300000.0,,5.027,-12400000.0,124200000.0,124200000.0,290400000.0,41000000.0,1.777,1.392,339800000.0,18600000.0,321200000.0,339800000.0,0.0,10800000.0,0.0,0.012,0.035,52300000.0,63100000.0,0.151,63100000.0,52300000.0,50500000.0,0.223,0.22,0.223,921900000.0,,921900000.0,2174836971.0,15.0,11.483,-64600000.0,-0.352,1.0,127000000.0,0.304,430800000.0,1800000.0,1434700000.0,,160800000.0,0.0,0.0,0.0,1283400000.0,555400000.0,728000000.0,2032736971.0,5300000.0,0.0,2200000.0,77200000.0,-6400000.0,73000000.0,-15500000.0,0.0,-52200000.0,0.0,41000000.0,41000000.0,41000000.0,-16800000.0,0.0,0.098,89300000.0,37700000.0,279300000.0,0.157,2.205,16.689,16.745,262800000.0,0.0,11.085,1.32,1.32,362000000.0,486600000.0,417400000.0,417400000.0,0.0,,,,,0.0,89300000.0,1.0,183377264.0,183377264.0,,2.276,1774500000.0,117500000.0,9500000.0,0.0,9.677,431600000.0
42,AOS,MRQ,2010-12-31,2010-12-31,2010-12-31,2021-09-09,-229400000.0,2110600000.0,,896000000.0,1214600000.0,,4.81,-16300000.0,118900000.0,118900000.0,253900000.0,32100000.0,1.669,1.395,261000000.0,18600000.0,242400000.0,261000000.0,0.0,11500000.0,0.0,0.014,0.035,42300000.0,53800000.0,0.145,53800000.0,42300000.0,40400000.0,0.175,0.175,0.175,881400000.0,,881400000.0,1912005690.0,14.0,10.821,39600000.0,0.216,1.0,116300000.0,0.314,430400000.0,1900000.0,1285500000.0,,146800000.0,0.0,0.0,0.0,1229200000.0,536800000.0,692400000.0,1744505690.0,9800000.0,-3200000.0,-500000.0,-17200000.0,-6400000.0,-24100000.0,-22000000.0,0.0,55900000.0,0.0,32200000.0,32200000.0,32200000.0,-11600000.0,-100000.0,0.087,87300000.0,29000000.0,263000000.0,0.2,1.979,15.618,15.607,258400000.0,0.0,9.52,1.171,1.171,313300000.0,452100000.0,370200000.0,370200000.0,0.0,,,,,0.0,86000000.0,1.0,183246396.0,183246396.0,,2.02,1680200000.0,117000000.0,8200000.0,5700000.0,9.169,359200000.0
43,AOS,MRQ,2010-09-30,2010-09-30,2010-09-30,2021-09-09,-228500000.0,2006600000.0,,876400000.0,1130200000.0,,4.602,-21100000.0,109100000.0,109100000.0,270200000.0,32000000.0,1.278,1.358,276600000.0,179100000.0,97500000.0,276600000.0,0.0,10000000.0,0.0,0.014,0.035,40800000.0,50800000.0,0.135,50800000.0,40800000.0,39100000.0,0.175,0.172,0.175,842900000.0,,842900000.0,1917738123.0,14.0,12.734,-2900000.0,-0.016,1.0,107200000.0,0.284,683700000.0,1700000.0,804600000.0,,268600000.0,0.0,0.0,0.0,1144700000.0,685800000.0,458900000.0,1767038123.0,15100000.0,-5600000.0,400000.0,30100000.0,-6400000.0,24100000.0,-27200000.0,0.0,18200000.0,0.0,32000000.0,32000000.0,32000000.0,-15800000.0,0.0,0.085,81900000.0,25300000.0,337800000.0,0.2,2.096,15.991,16.693,401100000.0,0.0,9.648,1.746,1.746,422400000.0,426400000.0,377400000.0,377400000.0,0.0,,,,,0.0,81900000.0,1.0,183144390.0,183144390.0,,2.061,1322900000.0,39000000.0,7100000.0,0.0,7.223,190600000.0
44,AOS,MRQ,2010-06-30,2010-06-30,2010-06-30,2021-09-09,-238300000.0,1967200000.0,,841500000.0,1125700000.0,,4.4,-8400000.0,94000000.0,94000000.0,260800000.0,16600000.0,1.251,1.418,244700000.0,145500000.0,99200000.0,244700000.0,0.0,9200000.0,0.0,0.016,0.033,12500000.0,21700000.0,0.058,21700000.0,12500000.0,10900000.0,0.09,0.09,0.09,805600000.0,,805600000.0,1677446276.0,12.0,10.136,56700000.0,0.31,1.0,114200000.0,0.305,683400000.0,1600000.0,761800000.0,,257100000.0,0.0,0.0,0.0,1142600000.0,672700000.0,469900000.0,1470646276.0,14200000.0,0.0,1500000.0,-39400000.0,-6000000.0,-43900000.0,-7000000.0,4600000.0,65100000.0,0.0,16600000.0,16600000.0,16600000.0,-17500000.0,0.0,0.044,118000000.0,-3800000.0,368700000.0,0.367,1.826,13.003,13.521,390800000.0,0.0,8.032,1.294,1.294,416500000.0,400900000.0,375000000.0,375000000.0,0.0,,,,,0.0,83800000.0,1.0,183105990.0,183105990.0,,2.048,1283800000.0,45900000.0,-5700000.0,0.0,7.011,168800000.0
45,AOS,MRQ,2010-03-31,2010-03-31,2010-03-31,2021-09-09,-228400000.0,1959200000.0,,805800000.0,1153400000.0,,4.399,-7700000.0,79800000.0,79800000.0,258400000.0,30800000.0,1.274,1.42,286600000.0,170200000.0,116400000.0,286600000.0,0.0,10100000.0,0.0,0.014,0.033,40300000.0,50400000.0,0.137,50400000.0,40300000.0,38600000.0,0.17,0.168,0.17,801600000.0,,801600000.0,1773598306.0,11.0,9.266,-22100000.0,-0.121,1.0,108300000.0,0.295,688500000.0,1700000.0,844800000.0,,240900000.0,0.0,0.0,0.0,1138600000.0,632700000.0,505900000.0,1596698306.0,3500000.0,0.0,2600000.0,31500000.0,-5900000.0,28200000.0,-10300000.0,0.0,-14400000.0,0.0,30900000.0,30900000.0,30900000.0,-9500000.0,-100000.0,0.084,77000000.0,31300000.0,311500000.0,0.194,1.992,13.554,13.563,407600000.0,0.0,8.762,1.267,1.267,405700000.0,390400000.0,366700000.0,366700000.0,0.0,,,,,0.0,77000000.0,1.0,182236824.0,182236824.0,,2.012,1270700000.0,42200000.0,7700000.0,0.0,6.973,173100000.0
46,AOS,MRQ,2009-12-31,2009-12-31,2009-12-31,2021-09-09,-230900000.0,1974500000.0,,740000000.0,1234500000.0,,4.233,-14400000.0,76300000.0,76300000.0,-139400000.0,22700000.0,1.506,1.537,253200000.0,21100000.0,232100000.0,253200000.0,0.0,-12400000.0,0.0,0.016,0.033,40100000.0,27700000.0,-0.259,27700000.0,40100000.0,41700000.0,0.143,0.142,0.143,770700000.0,,770700000.0,1479343487.0,12.0,8.912,64200000.0,0.353,1.0,32500000.0,-0.304,435500000.0,-1600000.0,1224600000.0,,110500000.0,0.0,0.0,0.0,1184700000.0,491300000.0,693400000.0,1316743487.0,7100000.0,-69000000.0,4100000.0,20400000.0,-5900000.0,18600000.0,-90100000.0,0.0,78600000.0,0.0,31000000.0,31000000.0,31000000.0,-29100000.0,-8300000.0,-0.29,29000000.0,3500000.0,236800000.0,0.231,1.709,14.696,12.195,249000000.0,0.0,7.232,0.958,0.958,275600000.0,365400000.0,-106900000.0,-106900000.0,0.0,,,,,0.0,26200000.0,1.0,182080224.0,182080224.0,,-0.587,1539000000.0,119700000.0,10700000.0,6500000.0,8.452,248700000.0
47,AOS,MRQ,2009-09-30,2009-09-30,2009-09-30,2021-09-09,-231900000.0,1792400000.0,,723100000.0,1069300000.0,,4.129,-9200000.0,69200000.0,69200000.0,363000000.0,34600000.0,1.565,1.399,231800000.0,21100000.0,210700000.0,231800000.0,0.0,17200000.0,0.0,0.017,0.033,48500000.0,65700000.0,0.131,65700000.0,48500000.0,46000000.0,0.192,0.19,0.192,747100000.0,,747100000.0,1388828703.0,10.0,7.789,84000000.0,0.464,1.0,138500000.0,0.276,589900000.0,2500000.0,903200000.0,,218700000.0,0.0,0.0,0.0,1045300000.0,461900000.0,583400000.0,1148928703.0,15700000.0,0.0,3500000.0,-65900000.0,-5900000.0,-68300000.0,-9200000.0,0.0,93200000.0,0.0,34600000.0,34600000.0,34600000.0,0.0,0.0,0.069,89300000.0,49200000.0,287600000.0,0.172,1.538,10.061,16.667,407600000.0,0.0,6.35,1.011,1.011,367900000.0,348500000.0,501500000.0,501500000.0,0.0,,,,,0.0,92300000.0,1.0,180933654.0,180933654.0,,2.772,1202500000.0,69200000.0,11400000.0,0.0,6.646,261200000.0
48,AOS,MRQ,2009-06-30,2009-06-30,2009-06-30,2021-09-09,-243400000.0,1791800000.0,,717500000.0,1074300000.0,,3.882,-8600000.0,53500000.0,53500000.0,376300000.0,23700000.0,1.742,1.547,293400000.0,21100000.0,272300000.0,293400000.0,0.0,17100000.0,0.0,0.02,0.022,30500000.0,47600000.0,0.095,47600000.0,30500000.0,27400000.0,0.142,0.14,0.142,703600000.0,,703600000.0,1290790063.0,12.0,8.787,79300000.0,0.438,1.0,122400000.0,0.245,585400000.0,3100000.0,1034500000.0,,226000000.0,0.0,0.0,0.0,1088200000.0,411800000.0,676400000.0,983890063.0,8800000.0,-500000.0,0.0,-65700000.0,-5700000.0,-71400000.0,-7700000.0,1400000.0,87900000.0,0.0,21300000.0,21300000.0,21300000.0,0.0,2400000.0,0.043,88600000.0,33800000.0,246100000.0,0.155,1.398,11.521,18.654,409000000.0,0.0,5.428,0.795,0.795,370600000.0,319900000.0,498700000.0,498700000.0,0.0,,,,,0.0,88600000.0,1.0,181250856.0,181250856.0,,2.751,1206400000.0,82500000.0,6100000.0,0.0,6.656,305700000.0
49,AOS,MRQ,2009-03-31,2009-03-31,2009-03-31,2021-09-09,-265100000.0,1819900000.0,,736900000.0,1083000000.0,,3.654,-10500000.0,44700000.0,44700000.0,380200000.0,8600000.0,1.813,1.75,351600000.0,17500000.0,334100000.0,351600000.0,0.0,16400000.0,0.0,0.025,0.032,8600000.0,25000000.0,0.052,25000000.0,8600000.0,5400000.0,0.047,0.047,0.047,661900000.0,,661900000.0,1065589538.0,10.0,7.595,-7300000.0,-0.04,1.0,101400000.0,0.211,580200000.0,3200000.0,1140200000.0,,259600000.0,0.0,0.0,0.0,1158000000.0,406400000.0,751600000.0,760189538.0,9400000.0,-7000000.0,0.0,20100000.0,-3900000.0,16200000.0,-10000000.0,7500000.0,3200000.0,0.0,2700000.0,2700000.0,2700000.0,0.0,5900000.0,0.006,86100000.0,15300000.0,225100000.0,0.681,1.148,10.329,13.281,415000000.0,0.0,4.197,0.558,0.558,357600000.0,861600000.0,481600000.0,481600000.0,0.0,,,,,0.0,84700000.0,1.0,181141272.0,181141272.0,,2.659,1239700000.0,99600000.0,2700000.0,0.0,6.844,330500000.0
50,AOS,MRQ,2008-12-31,2008-12-31,2008-12-31,2021-09-09,-89800000.0,1928700000.0,,823500000.0,1105200000.0,,1.254,3100000.0,35300000.0,35300000.0,-321300000.0,4400000.0,1.599,5.529,334800000.0,17500000.0,317300000.0,334800000.0,0.0,-14500000.0,0.0,0.021,0.022,54500000.0,40000000.0,-0.116,40000000.0,54500000.0,59000000.0,0.001,0.001,0.001,226600000.0,,226600000.0,1208912791.0,10.0,7.969,29100000.0,0.161,1.0,-23700000.0,0.069,583400000.0,-4500000.0,1129700000.0,,282000000.0,0.0,0.0,0.0,1252900000.0,515100000.0,737800000.0,889112791.0,-6300000.0,2600000.0,1200000.0,-7600000.0,-4800000.0,-11200000.0,-21400000.0,0.0,26000000.0,0.0,55600000.0,55600000.0,55600000.0,-30000000.0,-51200000.0,-0.161,1800000.0,-25500000.0,274800000.0,22.0,3.924,11.502,12.846,419100000.0,0.0,4.92,0.613,0.613,363500000.0,316100000.0,-345000000.0,-345000000.0,0.0,,,,,0.0,7500000.0,1.0,180713982.0,180713982.0,,-1.909,1345300000.0,116500000.0,3400000.0,6000000.0,7.444,308400000.0
51,AOS,MRQ,2008-09-30,2008-09-30,2008-09-30,2021-09-09,-98600000.0,1872100000.0,,809300000.0,1062800000.0,,4.556,-18900000.0,27600000.0,27600000.0,479100000.0,20400000.0,1.646,1.276,347400000.0,18500000.0,328900000.0,347400000.0,0.0,16700000.0,0.0,0.016,0.032,17600000.0,34300000.0,0.057,34300000.0,17600000.0,13000000.0,0.102,0.102,0.102,822600000.0,,822600000.0,1535248968.0,46.0,15.185,35800000.0,0.198,1.0,123600000.0,0.205,593800000.0,4600000.0,1106500000.0,,298500000.0,0.0,0.0,0.0,1049500000.0,491600000.0,557900000.0,1179248968.0,900000.0,0.0,900000.0,-30900000.0,-5000000.0,-35000000.0,-18900000.0,0.0,54700000.0,0.0,5800000.0,5800000.0,5800000.0,200000.0,14600000.0,0.01,89600000.0,34000000.0,297500000.0,0.314,1.434,-327.569,12.141,416600000.0,0.0,6.532,0.498,0.498,423000000.0,857800000.0,602700000.0,602700000.0,0.0,,,,,0.0,87200000.0,1.0,180543348.0,180543348.0,,3.338,1278300000.0,41000000.0,7200000.0,40700000.0,7.08,317700000.0
52,AOS,MRQ,2008-06-30,2008-06-30,2008-06-30,2021-09-09,-83100000.0,1903700000.0,,838000000.0,1065700000.0,,4.55,-15600000.0,24800000.0,24800000.0,480600000.0,31300000.0,1.754,1.32,380800000.0,13500000.0,367300000.0,380800000.0,0.0,16700000.0,0.0,0.018,0.02,24300000.0,41000000.0,0.066,41000000.0,24300000.0,19000000.0,0.167,0.167,0.167,820400000.0,,820400000.0,1371135066.0,26.0,11.532,19600000.0,0.109,1.0,141500000.0,0.227,598100000.0,5300000.0,1183800000.0,,300900000.0,0.0,0.0,0.0,1083300000.0,477800000.0,605500000.0,986635066.0,-23700000.0,0.0,0.0,-51100000.0,-3800000.0,-54900000.0,-3600000.0,12000000.0,35200000.0,0.0,9500000.0,9500000.0,9500000.0,-200000.0,21800000.0,0.015,95600000.0,45900000.0,307300000.0,0.12,1.203,64.486,9.599,415000000.0,0.0,5.472,0.426,0.426,451400000.0,842100000.0,622100000.0,622100000.0,0.0,,,,,0.0,94400000.0,1.0,180317100.0,180317100.0,,3.45,1305600000.0,29500000.0,9500000.0,32400000.0,7.241,360200000.0
53,AOS,MRQ,2008-03-31,2008-03-31,2008-03-31,2021-09-09,-82900000.0,1887500000.0,,808700000.0,1078800000.0,,4.394,-9800000.0,46600000.0,46600000.0,438800000.0,21900000.0,1.84,1.382,431100000.0,13500000.0,417600000.0,431100000.0,0.0,16900000.0,0.0,0.018,0.03,35000000.0,51900000.0,0.091,51900000.0,35000000.0,29600000.0,0.122,0.12,0.122,792400000.0,,792400000.0,1345846120.0,19.0,9.661,-24700000.0,-0.137,1.0,132600000.0,0.232,598500000.0,5400000.0,1234100000.0,,282100000.0,0.0,0.0,0.0,1095100000.0,439400000.0,655700000.0,987846120.0,9400000.0,0.0,0.0,39500000.0,-5400000.0,34100000.0,-9800000.0,0.0,-14900000.0,0.0,21900000.0,21900000.0,21900000.0,0.0,0.0,0.038,97600000.0,35000000.0,286800000.0,0.246,1.247,30.117,9.961,414500000.0,0.0,5.478,0.428,0.428,418700000.0,815500000.0,571400000.0,571400000.0,0.0,,,,,0.0,93800000.0,1.0,180318732.0,180318732.0,,3.169,1289000000.0,28300000.0,7700000.0,35100000.0,7.148,369300000.0
54,AOS,MRQ,2007-12-31,2007-12-31,2007-12-31,2021-09-09,-99300000.0,1854400000.0,,767600000.0,1086800000.0,,4.092,-29900000.0,37200000.0,37200000.0,434200000.0,19600000.0,1.624,1.447,395200000.0,15600000.0,379600000.0,395200000.0,0.0,17200000.0,0.0,0.015,0.02,-43300000.0,-26100000.0,-0.046,-26100000.0,-43300000.0,-50300000.0,0.148,0.153,0.148,757800000.0,,757800000.0,1472223508.0,21.0,10.778,60700000.0,0.328,1.0,135700000.0,0.238,599500000.0,7000000.0,1140300000.0,,261800000.0,0.0,0.0,0.0,1096600000.0,472600000.0,624000000.0,1081823508.0,17800000.0,11600000.0,-27700000.0,-38300000.0,-2300000.0,-68300000.0,-18300000.0,0.0,90600000.0,0.0,-40800000.0,-40800000.0,-40800000.0,-4300000.0,60400000.0,-0.072,123100000.0,12600000.0,305600000.0,0.135,1.428,35.586,10.919,421100000.0,0.0,5.842,0.468,0.468,415100000.0,799000000.0,569900000.0,569900000.0,0.0,,,,,0.0,101600000.0,1.0,185190900.0,185190900.0,,3.077,1254900000.0,34000000.0,-9500000.0,37900000.0,6.776,295000000.0
55,AOS,MRQ,2007-09-30,2007-09-30,2007-09-30,2021-09-09,-134000000.0,1872600000.0,,781600000.0,1091000000.0,,4.01,-13200000.0,36300000.0,36300000.0,433400000.0,24700000.0,1.803,1.53,426700000.0,9600000.0,417100000.0,426700000.0,0.0,16200000.0,0.0,0.013,0.03,35900000.0,52100000.0,0.094,52100000.0,35900000.0,29100000.0,0.133,0.132,0.133,740100000.0,,740100000.0,1773088160.0,12.0,8.399,43300000.0,0.235,1.0,120100000.0,0.217,602500000.0,6800000.0,1226900000.0,,280300000.0,0.0,0.0,0.0,1132500000.0,433600000.0,698900000.0,1349788160.0,6200000.0,0.0,2500000.0,-34100000.0,-5500000.0,-37100000.0,-13200000.0,0.0,56500000.0,0.0,24700000.0,24700000.0,24700000.0,0.0,0.0,0.045,84900000.0,35200000.0,274200000.0,0.226,1.824,14.981,14.925,422600000.0,0.0,7.313,0.591,0.591,406900000.0,787600000.0,553500000.0,553500000.0,0.0,,,,,0.0,84600000.0,1.0,184565382.0,184565382.0,,2.999,1270100000.0,26000000.0,4400000.0,13600000.0,6.882,348000000.0
56,AOS,MRQ,2007-06-30,2007-06-30,2007-06-30,2021-09-09,-129400000.0,1910200000.0,,822000000.0,1088200000.0,,3.921,-17300000.0,30100000.0,30100000.0,476700000.0,27000000.0,1.84,1.636,453400000.0,6900000.0,446500000.0,453400000.0,0.0,18100000.0,0.0,0.012,0.018,43300000.0,61400000.0,0.1,61400000.0,43300000.0,36300000.0,0.147,0.145,0.147,724600000.0,,724600000.0,1673906495.0,12.0,8.278,38000000.0,0.206,1.0,134800000.0,0.22,599800000.0,7000000.0,1287000000.0,,300400000.0,0.0,0.0,0.0,1185600000.0,446700000.0,738900000.0,1228606495.0,9000000.0,0.0,-2700000.0,-21100000.0,-5200000.0,-29000000.0,-17300000.0,0.0,55300000.0,0.0,27000000.0,27000000.0,27000000.0,0.0,0.0,0.044,92000000.0,42800000.0,294700000.0,0.122,1.696,14.91,14.774,423000000.0,0.0,6.648,0.535,0.535,424600000.0,768400000.0,611500000.0,611500000.0,0.0,,,,,0.0,90400000.0,1.0,184799172.0,184799172.0,,3.309,1310400000.0,26700000.0,9300000.0,13000000.0,7.091,375300000.0
57,AOS,MRQ,2007-03-31,2007-03-31,2007-03-31,2021-09-09,-127900000.0,1881500000.0,,805900000.0,1075600000.0,,3.829,-11000000.0,21100000.0,21100000.0,454400000.0,19500000.0,1.878,1.667,466400000.0,6900000.0,459500000.0,466400000.0,0.0,16100000.0,0.0,0.013,0.018,33100000.0,49200000.0,0.085,49200000.0,33100000.0,26300000.0,0.107,0.105,0.107,705600000.0,,705600000.0,1587037292.0,11.0,7.81,-28000000.0,-0.152,1.0,122800000.0,0.213,587100000.0,6800000.0,1310600000.0,,298100000.0,0.0,0.0,0.0,1175900000.0,429100000.0,746800000.0,1173837292.0,-4700000.0,0.0,2700000.0,25800000.0,-5200000.0,23300000.0,-11000000.0,0.0,-17000000.0,0.0,19500000.0,19500000.0,19500000.0,0.0,0.0,0.034,89500000.0,33300000.0,286700000.0,0.168,1.664,14.582,14.412,423400000.0,0.0,6.37,0.515,0.515,425200000.0,746700000.0,577200000.0,577200000.0,0.0,,,,,0.0,88300000.0,1.0,184275870.0,184275870.0,,3.132,1294400000.0,22400000.0,6800000.0,13500000.0,7.024,376800000.0
58,AOS,MRQ,2006-12-31,2006-12-31,2006-12-31,2021-09-09,-129500000.0,1839900000.0,,760000000.0,1079900000.0,,3.721,-27100000.0,25800000.0,25800000.0,420600000.0,18900000.0,1.738,1.688,439000000.0,6900000.0,432100000.0,439000000.0,0.0,16600000.0,0.0,0.013,0.028,31800000.0,48400000.0,0.089,48400000.0,31800000.0,24700000.0,0.103,0.102,0.103,684600000.0,,684600000.0,1618195572.0,12.0,8.477,38000000.0,0.207,1.0,123000000.0,0.226,587500000.0,7100000.0,1228300000.0,,297300000.0,0.0,0.0,0.0,1155300000.0,437300000.0,718000000.0,1151595572.0,-6600000.0,13000000.0,8300000.0,-54800000.0,-5200000.0,-59000000.0,-25600000.0,-100000.0,65100000.0,0.0,18900000.0,18900000.0,18900000.0,300000.0,0.0,0.035,90300000.0,32700000.0,286600000.0,0.272,1.682,15.054,14.905,427200000.0,0.0,6.26,0.533,0.533,378700000.0,732300000.0,543600000.0,543600000.0,0.0,,,,,0.0,86800000.0,1.0,183960954.0,183960954.0,,2.955,1252400000.0,22300000.0,5800000.0,27900000.0,6.808,322700000.0
59,AOS,MRQ,2006-09-30,2006-09-30,2006-09-30,2021-09-09,-131200000.0,1896000000.0,,831400000.0,1064600000.0,,3.635,-16300000.0,32400000.0,32400000.0,448600000.0,17000000.0,1.855,1.838,499000000.0,6900000.0,492100000.0,499000000.0,0.0,13400000.0,0.0,0.012,0.018,29800000.0,43200000.0,0.077,43200000.0,29800000.0,22500000.0,0.093,0.092,0.093,668100000.0,,668100000.0,1673767988.0,14.0,9.227,16100000.0,0.088,1.0,115400000.0,0.205,572400000.0,7300000.0,1341900000.0,,299600000.0,0.0,0.0,0.0,1227900000.0,448300000.0,779600000.0,1207767988.0,-12900000.0,-13300000.0,0.0,-13200000.0,-5200000.0,-17500000.0,-29600000.0,0.0,32400000.0,0.0,17000000.0,17000000.0,17000000.0,-400000.0,0.0,0.03,85600000.0,29800000.0,302500000.0,0.194,1.808,16.41,16.147,415900000.0,0.0,6.572,0.589,0.589,411000000.0,718700000.0,564000000.0,564000000.0,0.0,,,,,0.0,82800000.0,1.0,183784122.0,183784122.0,,3.069,1323600000.0,17900000.0,5500000.0,0.0,7.202,383100000.0
60,AOS,MRQ,2006-06-30,2006-06-30,2006-06-30,2021-09-09,-124000000.0,1921000000.0,,859900000.0,1061100000.0,,3.608,-15900000.0,45300000.0,45300000.0,467900000.0,25100000.0,1.832,1.903,511300000.0,6900000.0,504400000.0,511300000.0,0.0,18500000.0,0.0,0.012,0.018,43900000.0,62400000.0,0.105,62400000.0,43900000.0,36400000.0,0.138,0.135,0.138,661700000.0,,661700000.0,1577959234.0,14.0,9.354,20100000.0,0.11,1.0,126600000.0,0.213,568200000.0,7500000.0,1349500000.0,,293400000.0,0.0,0.0,0.0,1259300000.0,469300000.0,790000000.0,1416859234.0,8000000.0,-327600000.0,-4100000.0,307800000.0,-4800000.0,305300000.0,-331200000.0,12300000.0,36000000.0,0.0,25100000.0,25100000.0,25100000.0,-200000.0,0.0,0.042,87700000.0,38900000.0,304900000.0,0.13,2.141,21.37,20.996,415900000.0,0.0,7.727,0.747,0.747,417200000.0,706800000.0,594500000.0,594500000.0,0.0,,,,,0.0,85900000.0,1.0,183372636.0,183372636.0,,3.242,1352800000.0,12500000.0,11300000.0,0.0,7.377,390600000.0
61,AOS,MRQ,2006-03-31,2006-03-31,2006-03-31,2021-09-09,-130900000.0,1364600000.0,,650800000.0,713800000.0,,3.456,-8900000.0,37300000.0,37300000.0,360300000.0,15500000.0,1.958,1.161,198400000.0,6900000.0,191500000.0,198400000.0,0.0,12400000.0,0.0,0.01,0.018,24500000.0,36900000.0,0.08,36900000.0,24500000.0,21500000.0,0.085,0.083,0.085,631600000.0,,631600000.0,1753355627.0,21.0,13.114,-13600000.0,-0.074,1.0,98900000.0,0.215,323400000.0,3000000.0,870000000.0,,241800000.0,0.0,0.0,0.0,733000000.0,332300000.0,400700000.0,1608055627.0,13300000.0,-1400000.0,4100000.0,29100000.0,-4900000.0,28300000.0,-10300000.0,0.0,-4700000.0,0.0,15500000.0,15500000.0,15500000.0,0.0,0.0,0.034,70000000.0,28900000.0,235800000.0,0.212,2.546,33.712,32.959,353000000.0,0.0,8.8,0.925,0.925,314400000.0,686600000.0,459200000.0,459200000.0,0.0,,,,,0.0,68500000.0,1.0,182733594.0,182733594.0,,2.513,1041200000.0,9500000.0,6000000.0,0.0,5.698,318500000.0
62,AOS,MRQ,2005-12-31,2005-12-31,2005-12-31,2021-09-09,-136400000.0,1292700000.0,,576000000.0,716700000.0,,3.395,-19500000.0,24000000.0,24000000.0,335200000.0,16000000.0,1.873,1.109,169300000.0,6900000.0,162400000.0,169300000.0,0.0,13900000.0,0.0,0.015,0.027,25000000.0,38900000.0,0.09,38900000.0,25000000.0,22000000.0,0.09,0.088,0.09,612900000.0,,612900000.0,1211938572.0,15.0,9.011,29300000.0,0.162,1.0,98800000.0,0.228,323500000.0,3000000.0,806900000.0,,225400000.0,0.0,0.0,0.0,679800000.0,307600000.0,372200000.0,1056138572.0,-28600000.0,-14800000.0,12900000.0,-39000000.0,-4800000.0,-38600000.0,-38800000.0,0.0,48800000.0,0.0,16000000.0,16000000.0,16000000.0,0.0,0.0,0.037,73400000.0,25400000.0,205100000.0,0.3,1.723,22.713,22.328,356900000.0,0.0,5.85,0.625,0.625,278800000.0,675900000.0,434000000.0,434000000.0,0.0,,,,,0.0,69300000.0,1.0,180536508.0,180536508.0,,2.404,969200000.0,13300000.0,6000000.0,5600000.0,5.368,268400000.0
63,AOS,MRQ,2005-09-30,2005-09-30,2005-09-30,2021-09-09,-113400000.0,1270400000.0,,586400000.0,684000000.0,,3.42,-14700000.0,52600000.0,52600000.0,327400000.0,9700000.0,2.076,1.062,208400000.0,10900000.0,197500000.0,208400000.0,0.0,12900000.0,0.0,0.019,0.027,17600000.0,30500000.0,0.075,30500000.0,17600000.0,14400000.0,0.055,0.053,0.055,616000000.0,,616000000.0,1080712180.0,17.0,9.166,72500000.0,0.402,1.0,81000000.0,0.198,313500000.0,3200000.0,830300000.0,,213200000.0,0.0,0.0,0.0,654400000.0,282400000.0,372000000.0,855612180.0,40700000.0,0.0,0.0,-28600000.0,-4800000.0,-31800000.0,-14700000.0,0.0,87200000.0,0.0,9700000.0,9700000.0,9700000.0,0.0,0.0,0.024,62700000.0,18300000.0,183800000.0,0.491,1.389,24.516,24.112,347800000.0,0.0,4.75,0.514,0.514,280400000.0,664700000.0,408400000.0,408400000.0,0.0,,,,,0.0,59700000.0,1.0,180128880.0,180128880.0,,2.267,956900000.0,7800000.0,4700000.0,17300000.0,5.312,304000000.0
64,AOS,MRQ,2005-06-30,2005-06-30,2005-06-30,2021-09-09,-115800000.0,1273200000.0,,588300000.0,684900000.0,,3.407,-9000000.0,11900000.0,11900000.0,353500000.0,6500000.0,2.2,1.098,237000000.0,10900000.0,226100000.0,237000000.0,0.0,12900000.0,0.0,0.02,0.018,14500000.0,27400000.0,0.063,27400000.0,14500000.0,11000000.0,0.037,0.037,0.037,606800000.0,,606800000.0,1048502214.0,20.0,10.005,29300000.0,0.165,1.0,84200000.0,0.192,313500000.0,3500000.0,917400000.0,,226900000.0,0.0,0.0,0.0,666400000.0,267400000.0,399000000.0,792802214.0,1800000.0,0.0,0.0,-28900000.0,-4700000.0,-27500000.0,-9000000.0,0.0,38300000.0,0.0,6500000.0,6500000.0,6500000.0,0.0,0.0,0.015,69000000.0,15200000.0,170300000.0,0.486,1.307,28.114,28.175,348600000.0,0.0,4.452,0.482,0.482,308800000.0,659800000.0,437700000.0,437700000.0,0.0,,,,,0.0,60400000.0,1.0,178091100.0,178091100.0,,2.458,959700000.0,11000000.0,4500000.0,16300000.0,5.389,320900000.0
65,AOS,MRQ,2005-03-31,2005-03-31,2005-03-31,2021-09-09,-111700000.0,1329600000.0,,607500000.0,722100000.0,,3.377,-7400000.0,10100000.0,10100000.0,321100000.0,14300000.0,2.265,1.212,265800000.0,8600000.0,257200000.0,265800000.0,0.0,13100000.0,0.0,0.018,0.018,24700000.0,37800000.0,0.092,37800000.0,24700000.0,21300000.0,0.08,0.08,0.08,601100000.0,,601100000.0,1112432303.0,17.0,9.263,5000000.0,0.028,1.0,88100000.0,0.215,313100000.0,3400000.0,1004000000.0,,253500000.0,0.0,0.0,0.0,728500000.0,268200000.0,460300000.0,856432303.0,-15000000.0,0.0,0.0,-15300000.0,-4700000.0,-20000000.0,-7400000.0,0.0,12400000.0,0.0,14300000.0,14300000.0,14300000.0,0.0,0.0,0.035,63300000.0,24800000.0,175700000.0,0.225,1.425,21.96,21.871,353400000.0,0.0,4.812,0.52,0.52,294900000.0,658000000.0,409200000.0,409200000.0,0.0,,,,,0.0,62400000.0,1.0,177990780.0,177990780.0,,2.299,1016500000.0,10200000.0,7000000.0,15600000.0,5.711,339300000.0
66,AOS,MRQ,2004-12-31,2004-12-31,2004-12-31,2021-09-09,-112300000.0,1314000000.0,,586200000.0,727800000.0,,3.338,-17600000.0,25100000.0,25100000.0,340000000.0,4400000.0,2.379,1.225,281100000.0,8600000.0,272500000.0,281100000.0,0.0,13900000.0,0.0,0.017,0.027,8300000.0,22200000.0,0.054,22200000.0,8300000.0,4400000.0,0.025,0.023,0.025,590600000.0,,590600000.0,1156057546.0,19.0,10.061,21600000.0,0.122,1.0,69400000.0,0.17,313200000.0,3900000.0,1010400000.0,,233500000.0,0.0,0.0,0.0,723400000.0,246400000.0,477000000.0,882857546.0,3300000.0,0.0,3000000.0,-13900000.0,-4700000.0,-18600000.0,-17600000.0,0.0,39200000.0,0.0,4400000.0,4400000.0,4400000.0,0.0,0.0,0.011,60800000.0,8600000.0,158800000.0,1.08,1.495,24.939,24.703,358800000.0,0.0,4.99,0.534,0.534,281600000.0,648400000.0,409400000.0,409400000.0,0.0,,,,,0.0,60800000.0,1.0,176925360.0,176925360.0,,2.314,1000800000.0,12100000.0,0.0,12700000.0,5.657,339800000.0
67,AOS,MRQ,2004-09-30,2004-09-30,2004-09-30,2021-09-09,-98000000.0,1320900000.0,,597200000.0,723700000.0,,3.388,-11000000.0,21800000.0,21800000.0,327900000.0,3000000.0,2.448,1.208,295000000.0,8600000.0,286400000.0,295000000.0,0.0,13200000.0,0.0,0.025,0.027,4200000.0,17400000.0,0.045,17400000.0,4200000.0,900000.0,0.017,0.017,0.017,598300000.0,,598300000.0,989806626.0,13.0,7.673,4500000.0,0.025,1.0,62000000.0,0.159,311600000.0,3300000.0,1038500000.0,,261600000.0,0.0,0.0,0.0,722600000.0,244000000.0,478600000.0,716706626.0,5600000.0,0.0,0.0,5700000.0,-4700000.0,1000000.0,-11000000.0,0.0,15500000.0,0.0,3000000.0,3000000.0,3000000.0,0.0,0.0,0.008,57400000.0,4600000.0,148200000.0,1.588,1.198,16.401,16.233,347200000.0,0.0,4.058,0.444,0.444,273000000.0,641500000.0,389900000.0,389900000.0,0.0,,,,,0.0,57400000.0,1.0,176601222.0,176601222.0,,2.208,1009300000.0,12600000.0,-2100000.0,33100000.0,5.715,353200000.0
68,AOS,MRQ,2004-06-30,2004-06-30,2004-06-30,2021-09-09,-100100000.0,1344500000.0,,619400000.0,725100000.0,,3.383,-9300000.0,16200000.0,16200000.0,348900000.0,17300000.0,2.271,1.253,289300000.0,8600000.0,280700000.0,289300000.0,0.0,13500000.0,0.0,0.017,0.017,29200000.0,42700000.0,0.098,42700000.0,29200000.0,26000000.0,0.098,0.097,0.098,596700000.0,,596700000.0,1214820373.0,14.0,8.874,13500000.0,0.077,1.0,88400000.0,0.202,311800000.0,3200000.0,1033100000.0,,255100000.0,0.0,0.0,0.0,747800000.0,272700000.0,475100000.0,934620373.0,8100000.0,-2300000.0,-2500000.0,1000000.0,-4400000.0,-2900000.0,-11600000.0,0.0,22800000.0,0.0,17300000.0,17300000.0,17300000.0,0.0,0.0,0.04,58900000.0,29500000.0,175000000.0,0.173,1.566,20.013,19.77,349200000.0,0.0,5.298,0.592,0.592,306300000.0,643200000.0,437300000.0,437300000.0,0.0,,,,,0.0,58900000.0,1.0,176398938.0,176398938.0,,2.479,1032700000.0,16000000.0,8700000.0,38400000.0,5.854,346700000.0
69,AOS,MRQ,2004-03-31,2004-03-31,2004-03-31,2021-09-09,-90500000.0,1327300000.0,,596500000.0,730800000.0,,3.373,-10500000.0,8100000.0,8100000.0,338300000.0,10800000.0,1.598,1.24,288300000.0,120400000.0,167900000.0,288300000.0,0.0,13300000.0,0.0,0.019,0.017,19400000.0,32700000.0,0.079,32700000.0,19400000.0,16200000.0,0.062,0.06,0.062,592600000.0,,592600000.0,1104563491.0,13.0,7.924,-21400000.0,-0.122,1.0,78200000.0,0.188,311800000.0,3200000.0,922500000.0,,246900000.0,0.0,0.0,0.0,734700000.0,373200000.0,361500000.0,847763491.0,-10600000.0,0.0,2500000.0,12900000.0,-4400000.0,11000000.0,-10500000.0,0.0,-10900000.0,0.0,10800000.0,10800000.0,10800000.0,0.0,0.0,0.026,58600000.0,19600000.0,163600000.0,0.274,1.431,17.231,17.049,354800000.0,0.0,4.825,0.544,0.544,289100000.0,630200000.0,416500000.0,416500000.0,0.0,,,,,0.0,58600000.0,1.0,175702278.0,175702278.0,,2.37,1015500000.0,10400000.0,5400000.0,29600000.0,5.78,223300000.0
70,AOS,MRQ,2003-12-31,2003-12-31,2003-12-31,2021-09-09,-97200000.0,1279900000.0,,547700000.0,732200000.0,,3.325,-20500000.0,18700000.0,18700000.0,293600000.0,12600000.0,1.618,1.193,275500000.0,105400000.0,170100000.0,275500000.0,0.0,13400000.0,0.0,0.015,0.042,22800000.0,36200000.0,0.098,36200000.0,22800000.0,19600000.0,0.073,0.072,0.073,583500000.0,,583500000.0,1258072756.0,14.0,8.779,-17700000.0,-0.101,1.0,75200000.0,0.204,310900000.0,3200000.0,887200000.0,,247000000.0,0.0,0.0,0.0,696400000.0,338600000.0,357800000.0,1025072756.0,-16700000.0,-1700000.0,0.0,6900000.0,-4300000.0,2600000.0,-22200000.0,0.0,2800000.0,0.0,12600000.0,12600000.0,12600000.0,0.0,0.0,0.034,51700000.0,23500000.0,144500000.0,0.575,1.757,19.637,19.472,367500000.0,0.0,5.842,0.67,0.67,236700000.0,631200000.0,368800000.0,368800000.0,0.0,,,,,0.0,51700000.0,1.0,175476078.0,175476078.0,,2.102,969000000.0,14300000.0,7000000.0,22200000.0,5.522,209100000.0
71,AOS,MRQ,2003-09-30,2003-09-30,2003-09-30,2021-09-09,-115400000.0,1274100000.0,,545700000.0,728400000.0,,3.136,-13300000.0,35400000.0,35400000.0,294900000.0,6000000.0,1.604,1.324,268400000.0,91800000.0,176600000.0,268400000.0,0.0,12900000.0,0.0,0.018,0.017,12400000.0,25300000.0,0.071,25300000.0,12400000.0,9300000.0,0.035,0.033,0.035,548200000.0,,548200000.0,1061406671.0,12.0,7.581,18900000.0,0.108,1.0,61500000.0,0.173,302400000.0,3100000.0,864500000.0,,248700000.0,0.0,0.0,0.0,725900000.0,340200000.0,385700000.0,816106671.0,600000.0,-3100000.0,0.0,-11600000.0,-4400000.0,-14900000.0,-16400000.0,0.0,32200000.0,0.0,6000000.0,6000000.0,6000000.0,0.0,0.0,0.017,48800000.0,12700000.0,148100000.0,0.486,1.489,16.097,16.098,352200000.0,0.0,4.668,0.537,0.537,225700000.0,615500000.0,356400000.0,356400000.0,0.0,,,,,0.0,48800000.0,1.0,174817566.0,174817566.0,,2.039,971700000.0,21900000.0,3300000.0,17000000.0,5.558,205500000.0
72,AOS,MRQ,2003-06-30,2003-06-30,2003-06-30,2021-09-09,-113100000.0,1310100000.0,,582200000.0,727900000.0,,3.141,-9400000.0,34800000.0,34800000.0,333800000.0,19800000.0,2.051,1.393,280100000.0,10900000.0,269200000.0,280100000.0,0.0,13000000.0,0.0,0.018,0.015,32200000.0,45200000.0,0.108,45200000.0,32200000.0,29200000.0,0.113,0.112,0.113,547400000.0,,547400000.0,1055311142.0,11.0,7.258,-4800000.0,-0.028,1.0,83800000.0,0.201,309000000.0,3000000.0,962600000.0,,233200000.0,0.0,0.0,0.0,762700000.0,283800000.0,478900000.0,817703142.0,7300000.0,0.0,0.0,14900000.0,-4000000.0,12400000.0,-9400000.0,0.0,4600000.0,0.0,19800000.0,19800000.0,19800000.0,0.0,0.0,0.047,51700000.0,32100000.0,162700000.0,0.133,1.494,14.949,14.989,352300000.0,0.0,4.692,0.539,0.539,272500000.0,613900000.0,417600000.0,417600000.0,0.0,,,,,0.0,51700000.0,1.0,174288414.0,174288414.0,,2.396,1001100000.0,21300000.0,9400000.0,17300000.0,5.744,298400000.0
73,AOS,MRQ,2003-03-31,2003-03-31,2003-03-31,2021-09-09,-120739000.0,1265647000.0,,535616000.0,730031000.0,,2.996,-5400000.0,27501000.0,27501000.0,309700000.0,13700000.0,1.926,1.424,265109000.0,11671000.0,253438000.0,265109000.0,0.0,12800000.0,0.0,0.02,0.015,23800000.0,36600000.0,0.094,36600000.0,23800000.0,20900000.0,0.078,0.077,0.078,522042000.0,,522042000.0,996177936.0,11.0,6.899,-16100000.0,-0.092,1.0,78200000.0,0.202,309084000.0,2900000.0,916015000.0,,217689000.0,0.0,0.0,0.0,743605000.0,278156000.0,465449000.0,778269936.0,-5300000.0,0.0,0.0,14400000.0,-4100000.0,10300000.0,-5400000.0,0.0,-10700000.0,0.0,13700000.0,13700000.0,13700000.0,0.0,0.0,0.035,54100000.0,24100000.0,150870000.0,0.192,1.491,14.712,14.271,355107000.0,0.0,4.467,0.524,0.524,246129000.0,598134000.0,387900000.0,387900000.0,0.0,,,,,0.0,54100000.0,1.0,174239538.0,174239538.0,,2.226,956563000.0,26008000.0,7200000.0,14260000.0,5.49,257460000.0
74,AOS,MRQ,2002-12-31,2002-12-31,2002-12-31,2021-09-09,-121900000.0,1224900000.0,,488300000.0,736600000.0,,2.942,-20500000.0,32800000.0,32800000.0,283400000.0,11200000.0,1.855,1.397,250800000.0,11700000.0,239100000.0,250800000.0,0.0,13000000.0,0.0,0.022,0.038,19900000.0,32900000.0,0.092,32900000.0,19900000.0,17100000.0,0.063,0.062,0.063,511100000.0,,511100000.0,981213464.0,11.0,6.862,-2900000.0,-0.017,1.0,75100000.0,0.209,309200000.0,2800000.0,870500000.0,,200400000.0,0.0,0.0,0.0,713800000.0,263200000.0,450600000.0,782124464.0,-100000.0,-11600000.0,0.0,18700000.0,-4100000.0,15100000.0,-32100000.0,0.0,17600000.0,0.0,11200000.0,11200000.0,11200000.0,0.0,0.0,0.031,54500000.0,20600000.0,131400000.0,0.603,1.53,15.246,14.201,362700000.0,0.0,4.502,0.532,0.532,215500000.0,588500000.0,358500000.0,358500000.0,0.0,,,,,0.0,54500000.0,1.0,173741088.0,173741088.0,,2.063,915700000.0,26700000.0,5900000.0,9300000.0,5.27,225100000.0
75,AOS,MRQ,2002-09-30,2002-09-30,2002-09-30,2021-09-09,-9885000.0,1307438000.0,,476237000.0,831201000.0,,3.573,-9400000.0,32942000.0,32942000.0,286100000.0,10000000.0,1.795,1.129,232031000.0,11671000.0,220360000.0,232031000.0,0.0,12600000.0,0.0,0.017,0.015,18100000.0,30700000.0,0.087,30700000.0,18100000.0,14900000.0,0.058,0.057,0.058,613993000.0,,613993000.0,1041948221.0,15.0,8.836,38800000.0,0.226,1.0,66300000.0,0.188,302048000.0,3200000.0,939230000.0,,196696000.0,0.0,0.0,0.0,693445000.0,265249000.0,428196000.0,813875221.0,6600000.0,-9600000.0,0.0,-22500000.0,-4000000.0,-22000000.0,-19000000.0,0.0,48200000.0,0.0,10000000.0,10000000.0,10000000.0,0.0,0.0,0.028,48300000.0,18000000.0,130059000.0,0.259,1.326,23.244,21.53,351538000.0,0.0,4.737,0.596,0.596,208258000.0,581334000.0,352400000.0,352400000.0,0.0,,,,,0.0,48300000.0,1.0,171824466.0,171824466.0,,2.051,1005390000.0,24707000.0,4900000.0,79098000.0,5.851,210988000.0
76,AOS,MRQ,2002-06-30,2002-06-30,2002-06-30,2021-09-09,-6427000.0,1311116000.0,,490355000.0,820761000.0,,4.227,-9320000.0,26443000.0,26443000.0,304900000.0,18000000.0,1.881,1.167,254516000.0,12472000.0,242044000.0,254516000.0,0.0,12803000.0,0.0,0.017,0.022,31400000.0,44203000.0,0.114,44203000.0,31400000.0,27700000.0,0.113,0.11,0.113,605012000.0,,605012000.0,1114865001.0,20.0,10.736,18026000.0,0.126,1.0,81400000.0,0.211,302103000.0,3700000.0,976401000.0,,191135000.0,0.0,0.0,0.0,706104000.0,260685000.0,445419000.0,744577001.0,4508000.0,-150000.0,126685000.0,-137602000.0,-3106000.0,-13223000.0,-9470000.0,0.0,27346000.0,0.0,18000000.0,18000000.0,18000000.0,0.0,0.0,0.047,50200000.0,31200000.0,136010000.0,0.195,1.231,29.314,31.525,346097000.0,0.0,5.202,0.58,0.58,239030000.0,575338000.0,386300000.0,386300000.0,0.0,,,,,0.0,50200000.0,1.0,143142006.0,143142006.0,,2.699,1009013000.0,22374000.0,9700000.0,76278000.0,7.049,229670000.0
77,AOS,MRQ,2002-03-31,2002-03-31,2002-03-31,2021-09-09,-2815000.0,1305222000.0,,487453000.0,817769000.0,,3.264,-7080000.0,21851000.0,21851000.0,295026000.0,12122000.0,1.851,1.8,392139000.0,13272000.0,378867000.0,392139000.0,0.0,12297000.0,0.0,0.021,0.022,22827000.0,35124000.0,0.094,35124000.0,22827000.0,18650000.0,0.085,0.083,0.085,466149000.0,,466149000.0,991940376.0,23.0,10.856,15774000.0,0.11,1.0,76901000.0,0.207,302203000.0,4177000.0,1109955000.0,,192578000.0,0.0,0.0,0.0,839073000.0,263352000.0,575721000.0,605762376.0,1092000.0,-2050000.0,815000.0,-14798000.0,-3094000.0,-17077000.0,-9130000.0,0.0,22854000.0,0.0,12122000.0,12122000.0,12122000.0,0.0,0.0,0.033,53204000.0,23697000.0,138191000.0,0.259,1.3,33.48,33.399,348987000.0,0.0,4.242,0.503,0.503,237690000.0,560448000.0,371927000.0,371927000.0,0.0,,,,,0.0,53204000.0,1.0,142812348.0,142812348.0,,2.604,1003019000.0,18878000.0,6528000.0,68996000.0,7.023,224101000.0
78,AOS,MRQ,2001-12-31,2001-12-31,2001-12-31,2021-09-09,-6858000.0,1293923000.0,,477574000.0,816349000.0,,3.168,-11905000.0,20759000.0,20759000.0,213201000.0,-5108000.0,1.866,1.863,406937000.0,16552000.0,390385000.0,406937000.0,0.0,12266000.0,0.0,0.025,0.022,-4368000.0,7898000.0,0.031,7898000.0,-4368000.0,-7901000.0,-0.037,-0.035,-0.037,451878000.0,,451878000.0,724567432.0,19.0,8.425,-1438000.0,-0.01,1.0,42384000.0,0.166,301924000.0,3533000.0,1122227000.0,,194706000.0,0.0,0.0,0.0,842045000.0,255950000.0,586095000.0,463628432.0,7846000.0,-118000000.0,0.0,133121000.0,-3072000.0,114273000.0,-129905000.0,0.0,10467000.0,0.0,-5108000.0,-5108000.0,-5108000.0,0.0,0.0,-0.02,47063000.0,-4679000.0,135684000.0,-0.595,1.026,31.974,31.863,355298000.0,0.0,3.25,0.403,0.403,209871000.0,551420000.0,255585000.0,255585000.0,0.0,,,,,0.0,35863000.0,1.0,142654902.0,142654902.0,,1.792,991999000.0,22403000.0,-2793000.0,63041000.0,6.954,221624000.0
79,AOS,MRQ,2001-09-30,2001-09-30,2001-09-30,2021-09-09,-9328000.0,1026330000.0,,393007000.0,633323000.0,,3.21,-7897000.0,12841000.0,12841000.0,226496000.0,386000.0,2.176,1.244,273780000.0,13272000.0,260508000.0,273780000.0,0.0,11854000.0,0.0,0.025,0.022,4764000.0,16618000.0,0.062,16618000.0,4764000.0,599000.0,0.003,0.003,0.003,457425000.0,,457425000.0,688351556.0,18.0,8.142,14635000.0,0.103,1.0,42636000.0,0.158,239854000.0,4165000.0,866790000.0,,158012000.0,0.0,0.0,0.0,568905000.0,180625000.0,388280000.0,416521556.0,-2346000.0,0.0,0.0,-13237000.0,-3089000.0,-1499000.0,-7897000.0,0.0,22532000.0,0.0,386000.0,386000.0,386000.0,0.0,0.0,0.001,37109000.0,5527000.0,96333000.0,7.333,0.911,49.865,51.287,277022000.0,0.0,2.923,0.357,0.357,175258000.0,559617000.0,269132000.0,269132000.0,0.0,,,,,0.0,35376000.0,1.0,142481718.0,142481718.0,,1.889,786476000.0,3955000.0,213000.0,73404000.0,5.52,212382000.0
80,AOS,MRQ,2001-06-30,2001-06-30,2001-06-30,2021-09-09,-4826000.0,1048092000.0,,412741000.0,635351000.0,,3.282,-5978000.0,15187000.0,15187000.0,249663000.0,10693000.0,2.305,1.257,287017000.0,11129000.0,275888000.0,287017000.0,0.0,11569000.0,0.0,0.022,0.022,20164000.0,31733000.0,0.103,31733000.0,20164000.0,16263000.0,0.075,0.075,0.075,464321000.0,,464321000.0,715784411.0,14.0,7.314,24107000.0,0.17,1.0,58585000.0,0.19,241421000.0,3901000.0,899454000.0,,158864000.0,0.0,0.0,0.0,583771000.0,179047000.0,404724000.0,422007411.0,2129000.0,0.0,-101000.0,-19818000.0,-3078000.0,2156000.0,-5978000.0,0.0,30085000.0,0.0,10693000.0,10693000.0,10693000.0,0.0,0.0,0.035,38072000.0,20513000.0,101588000.0,0.293,0.909,25.115,25.499,278831000.0,0.0,2.983,0.355,0.355,198226000.0,562320000.0,308248000.0,308248000.0,0.0,,,,,0.0,36338000.0,1.0,141454998.0,141454998.0,,2.179,806671000.0,1568000.0,5570000.0,69888000.0,5.703,233694000.0
81,AOS,MRQ,2001-03-31,2001-03-31,2001-03-31,2021-09-09,-6929000.0,1052151000.0,,414504000.0,637647000.0,,3.204,-9520000.0,13058000.0,13058000.0,259440000.0,8529000.0,2.349,1.324,306835000.0,11129000.0,295706000.0,306835000.0,0.0,11411000.0,0.0,0.018,0.015,18340000.0,29751000.0,0.093,29751000.0,18340000.0,13539000.0,0.06,0.06,0.06,452707000.0,,452707000.0,772128685.0,12.0,6.987,-22804000.0,-0.161,1.0,58795000.0,0.185,243088000.0,4801000.0,926353000.0,,169809000.0,0.0,0.0,0.0,599444000.0,176487000.0,422957000.0,459914685.0,-2229000.0,0.0,101000.0,-20666000.0,-3061000.0,-46430000.0,-9520000.0,0.0,-13284000.0,0.0,8529000.0,8529000.0,8529000.0,0.0,0.0,0.027,39856000.0,18939000.0,97682000.0,0.25,1.016,19.429,19.491,282305000.0,0.0,3.255,0.376,0.376,202718000.0,554705000.0,318235000.0,318235000.0,0.0,,,,,0.0,38123000.0,1.0,141294834.0,141294834.0,,2.252,809063000.0,6488000.0,5010000.0,67043000.0,5.726,238017000.0
82,AOS,MRQ,2000-12-31,2000-12-31,2000-12-31,2021-09-09,-5438000.0,1064868000.0,,397381000.0,667487000.0,,3.175,-10402000.0,15287000.0,15287000.0,224319000.0,-11255000.0,2.332,1.375,327501000.0,11129000.0,316372000.0,327501000.0,0.0,10911000.0,0.0,0.02,0.015,-4469000.0,6442000.0,0.024,6442000.0,-4469000.0,-9812000.0,-0.082,-0.078,-0.082,448395000.0,,448395000.0,724340775.0,10.0,6.019,-7267000.0,-0.051,1.0,46951000.0,0.173,244821000.0,5343000.0,961830000.0,,169630000.0,0.0,0.0,0.0,616473000.0,170431000.0,446042000.0,401545775.0,6791000.0,0.0,-608000.0,-3790000.0,-3059000.0,-6641000.0,-9640000.0,0.0,3135000.0,0.0,-11255000.0,-11255000.0,-11255000.0,11903000.0,0.0,-0.041,37847000.0,9104000.0,91780000.0,-0.183,0.896,13.496,13.412,282835000.0,0.0,2.843,0.322,0.322,169117000.0,549237000.0,271270000.0,271270000.0,0.0,,,,,0.0,36113000.0,1.0,141223602.0,141223602.0,,1.921,820047000.0,12907000.0,1443000.0,69509000.0,5.807,226950000.0
83,AOS,MRQ,2000-09-30,2000-09-30,2000-09-30,2021-09-09,-6098000.0,1091978000.0,,411198000.0,680780000.0,,3.287,-9381000.0,8496000.0,8496000.0,236488000.0,8836000.0,2.307,1.364,331291000.0,9629000.0,321662000.0,331291000.0,0.0,11379000.0,0.0,0.026,0.015,18562000.0,29941000.0,0.103,29941000.0,18562000.0,12967000.0,0.063,0.062,0.063,461851000.0,,461851000.0,640215975.0,7.0,4.585,32415000.0,0.231,1.0,54336000.0,0.187,246555000.0,5595000.0,989958000.0,,171547000.0,0.0,0.0,0.0,630127000.0,178260000.0,451867000.0,294094975.0,188000.0,0.0,570000.0,-23138000.0,-3044000.0,-25612000.0,-9585000.0,0.0,41796000.0,0.0,8836000.0,8836000.0,8836000.0,0.0,0.0,0.03,37026000.0,17310000.0,97986000.0,0.238,0.637,6.429,6.402,281210000.0,0.0,2.093,0.227,0.227,186891000.0,563551000.0,290824000.0,290824000.0,0.0,,,,,0.0,35287000.0,1.0,140491230.0,140491230.0,,2.07,845423000.0,11464000.0,4131000.0,63176000.0,6.018,232938000.0
84,AOS,MRQ,2000-06-30,2000-06-30,2000-06-30,2021-09-09,-4627000.0,1110784000.0,,430059000.0,680725000.0,,3.251,-9073000.0,8308000.0,8308000.0,267819000.0,17561000.0,2.266,1.433,354429000.0,9629000.0,344800000.0,354429000.0,0.0,11449000.0,0.0,0.015,0.013,32928000.0,44377000.0,0.13,44377000.0,32928000.0,27195000.0,0.125,0.123,0.125,456603000.0,,456603000.0,859703680.0,9.0,6.038,24850000.0,0.177,1.0,73466000.0,0.215,248040000.0,5733000.0,1019093000.0,,165745000.0,0.0,0.0,0.0,654181000.0,189772000.0,464409000.0,489777680.0,3176000.0,0.0,0.0,-20629000.0,-2810000.0,-23439000.0,-9271000.0,0.0,33923000.0,0.0,17561000.0,17561000.0,17561000.0,0.0,0.0,0.051,41036000.0,32430000.0,103296000.0,0.104,1.073,9.939,9.905,283698000.0,0.0,3.487,0.379,0.379,221247000.0,557759000.0,341285000.0,341285000.0,0.0,,,,,0.0,39304000.0,1.0,140471610.0,140471610.0,,2.43,862744000.0,10560000.0,9634000.0,60442000.0,6.142,240287000.0
85,AOS,MRQ,2000-03-31,2000-03-31,2000-03-31,2021-09-09,-4228000.0,1113894000.0,,433198000.0,680696000.0,,3.149,-11660000.0,5132000.0,5132000.0,271195000.0,14611000.0,2.293,1.519,375058000.0,10273000.0,364785000.0,375058000.0,0.0,11320000.0,0.0,0.018,0.013,28266000.0,39586000.0,0.115,39586000.0,28266000.0,22835000.0,0.105,0.103,0.105,442192000.0,,442192000.0,767334786.0,9.0,5.898,-15338000.0,-0.109,1.0,73371000.0,0.213,249771000.0,5431000.0,1045142000.0,,170002000.0,0.0,0.0,0.0,671702000.0,188907000.0,482795000.0,421215786.0,-9629000.0,0.0,38000.0,14178000.0,-2807000.0,11409000.0,-12020000.0,0.0,-3678000.0,0.0,14611000.0,14611000.0,14611000.0,-456000.0,0.0,0.042,44718000.0,28653000.0,101346000.0,0.124,0.953,9.231,9.174,284216000.0,0.0,3.0,0.355,0.355,224351000.0,543008000.0,344566000.0,344566000.0,0.0,,,,,0.0,42991000.0,1.0,140405262.0,140405262.0,,2.454,864123000.0,11047000.0,8224000.0,60958000.0,6.154,244291000.0
86,AOS,MRQ,1999-12-31,1999-12-31,1999-12-31,2021-09-09,-3238000.0,1063986000.0,,388627000.0,675359000.0,,3.071,-10609000.0,14761000.0,14761000.0,237006000.0,4739000.0,2.307,1.468,360880000.0,9629000.0,351251000.0,360880000.0,0.0,11151000.0,0.0,0.015,0.013,14576000.0,25727000.0,0.081,25727000.0,14576000.0,9606000.0,0.033,0.032,0.033,431084000.0,,431084000.0,850770649.0,10.0,7.127,-8575000.0,-0.061,1.0,80649000.0,0.254,251085000.0,4970000.0,990580000.0,,163443000.0,0.0,0.0,0.0,632902000.0,168440000.0,464462000.0,511866649.0,4682000.0,6769000.0,617000.0,11897000.0,-2808000.0,237833000.0,-2699000.0,0.0,2034000.0,0.0,4739000.0,4739000.0,4739000.0,7848000.0,0.0,0.015,62850000.0,17799000.0,81221000.0,0.394,1.187,12.066,11.956,283493000.0,0.0,3.647,0.478,0.478,179395000.0,531204000.0,317655000.0,317655000.0,0.0,,,,,0.0,57688000.0,1.0,140365626.0,140365626.0,,2.263,812901000.0,11323000.0,4867000.0,55845000.0,5.791,220187000.0
87,AOS,MRQ,1999-09-30,1999-09-30,1999-09-30,2021-09-09,-2272000.0,1096881000.0,,416818000.0,680063000.0,,3.075,-6220000.0,10079000.0,10079000.0,232678000.0,12366000.0,2.045,1.56,348983000.0,4629000.0,344354000.0,348983000.0,0.0,10347000.0,0.0,0.012,0.013,22355000.0,32702000.0,0.114,32702000.0,22355000.0,18489000.0,0.088,0.087,0.088,428498000.0,,428498000.0,806575579.0,10.0,7.218,16068000.0,0.115,1.0,54728000.0,0.19,253384000.0,3866000.0,978552000.0,,162225000.0,0.0,0.0,0.0,668383000.0,203849000.0,464534000.0,702437579.0,-21624000.0,-251361000.0,372000.0,213142000.0,-2786000.0,-24182000.0,-257940000.0,0.0,22288000.0,0.0,12366000.0,12366000.0,12366000.0,0.0,0.0,0.043,31017000.0,23711000.0,102443000.0,0.148,1.639,14.515,14.529,331533000.0,0.0,5.042,0.816,0.816,226120000.0,529273000.0,287406000.0,287406000.0,0.0,,,,,0.0,31017000.0,1.0,139326462.0,139326462.0,,2.063,843497000.0,10310000.0,6123000.0,55584000.0,6.054,212969000.0
88,AOS,MRQ,1999-06-30,1999-06-30,1999-06-30,2021-09-09,-2461000.0,807988000.0,,315705000.0,492283000.0,,3.001,-7321000.0,31703000.0,31703000.0,185952000.0,13915000.0,2.056,0.935,135841000.0,4629000.0,131212000.0,135841000.0,0.0,7971000.0,0.0,0.013,0.013,24113000.0,32084000.0,0.136,32084000.0,24113000.0,22106000.0,0.1,0.098,0.1,417615000.0,,417615000.0,767939756.0,10.0,7.182,15771000.0,0.113,1.0,49463000.0,0.21,145551000.0,2007000.0,613047000.0,,102392000.0,0.0,0.0,0.0,390373000.0,153528000.0,236845000.0,649327756.0,14151000.0,0.0,36000.0,-323000.0,-2783000.0,3709000.0,-7734000.0,0.0,23092000.0,0.0,13915000.0,13915000.0,13915000.0,302000.0,0.0,0.059,23847000.0,25616000.0,83223000.0,0.13,1.555,13.815,13.848,254482000.0,0.0,4.667,0.795,0.795,165335000.0,519693000.0,235415000.0,235415000.0,0.0,,,,,0.0,23847000.0,1.0,139141662.0,139141662.0,,1.692,662437000.0,10343000.0,8191000.0,53349000.0,4.761,162177000.0
89,AOS,MRQ,1999-03-31,1999-03-31,1999-03-31,2021-09-09,-2230000.0,795180000.0,,305763000.0,489417000.0,,2.914,-8657000.0,17552000.0,17552000.0,183936000.0,11402000.0,2.031,0.956,136164000.0,4629000.0,131535000.0,136164000.0,0.0,7846000.0,0.0,0.019,0.013,20169000.0,28015000.0,0.122,28015000.0,20169000.0,18191000.0,0.082,0.08,0.082,406562000.0,,406562000.0,539957534.0,7.0,5.226,-8256000.0,-0.059,1.0,45927000.0,0.2,146602000.0,1978000.0,616621000.0,,100830000.0,0.0,0.0,0.0,388618000.0,150569000.0,238049000.0,441791534.0,-20114000.0,0.0,-2649000.0,332000.0,-2795000.0,-5108000.0,-9026000.0,0.0,401000.0,0.0,11402000.0,11402000.0,11402000.0,550000.0,0.0,0.05,23752000.0,22175000.0,77244000.0,0.159,1.087,9.664,9.684,253106000.0,0.0,3.167,0.547,0.547,171441000.0,508561000.0,229863000.0,229863000.0,0.0,,,,,0.0,23752000.0,1.0,139513116.0,139513116.0,,1.648,648578000.0,10882000.0,6789000.0,54259000.0,4.649,155194000.0
90,AOS,MRQ,1998-12-31,1998-12-31,1998-12-31,2021-09-09,-1488000.0,736570000.0,,267878000.0,468692000.0,,2.87,2913000.0,37666000.0,37666000.0,70928000.0,10710000.0,2.378,0.836,135832000.0,4629000.0,131203000.0,135832000.0,0.0,3914000.0,0.0,0.014,0.02,15035000.0,18949000.0,0.176,18949000.0,15035000.0,14312000.0,0.077,0.075,0.077,401093000.0,,401093000.0,677412352.0,9.0,6.77,14095000.0,0.101,1.0,36986000.0,0.343,143682000.0,723000.0,578408000.0,,87216000.0,0.0,0.0,0.0,335477000.0,112646000.0,222831000.0,572041352.0,11475000.0,1025000.0,227000.0,-562000.0,-2794000.0,-3526000.0,2233000.0,0.0,11182000.0,0.0,10710000.0,10710000.0,10710000.0,-3835000.0,0.0,0.099,27123000.0,9863000.0,51074000.0,0.26,1.426,12.857,12.995,204456000.0,0.0,4.093,0.714,0.714,113098000.0,499954000.0,107914000.0,107914000.0,0.0,,,,,0.0,24609000.0,1.0,139749516.0,139749516.0,,0.772,592888000.0,10352000.0,3602000.0,43599000.0,4.243,155232000.0
91,AOS,MRQ,1998-09-30,1998-09-30,1998-09-30,2021-09-09,-1525000.0,762565000.0,,284295000.0,478270000.0,,2.777,-8510000.0,26191000.0,26191000.0,196232000.0,10974000.0,1.995,0.94,131562000.0,4629000.0,126933000.0,131562000.0,0.0,8575000.0,0.0,0.017,0.013,19304000.0,27879000.0,0.115,27879000.0,19304000.0,17330000.0,0.078,0.077,0.078,393133000.0,,393133000.0,469318806.0,6.0,4.606,41476000.0,0.293,1.0,47022000.0,0.193,141493000.0,1974000.0,583943000.0,,86985000.0,31253000.0,0.0,31253000.0,369432000.0,142500000.0,226932000.0,463234806.0,-73481000.0,-128774000.0,-8586000.0,25806000.0,-2832000.0,14716000.0,-137284000.0,0.0,49986000.0,0.0,10974000.0,10974000.0,10974000.0,0.0,0.0,0.045,26324000.0,20698000.0,74869000.0,0.167,1.178,9.273,9.088,232611000.0,0.0,3.272,0.623,0.623,146769000.0,492038000.0,243254000.0,243254000.0,0.0,,,,,0.0,26324000.0,1.0,141589854.0,141589854.0,,1.718,621072000.0,11487000.0,6356000.0,45591000.0,4.386,141795000.0
92,AOS,MRQ,1998-06-30,1998-06-30,1998-06-30,2021-09-09,-1902000.0,696623000.0,,338492000.0,358131000.0,,2.775,-5664000.0,99672000.0,99672000.0,178827000.0,12629000.0,2.864,0.773,105756000.0,5566000.0,100190000.0,105756000.0,0.0,7058000.0,0.0,0.009,0.012,21415000.0,28473000.0,0.126,28473000.0,21415000.0,19822000.0,0.09,0.087,0.09,392867000.0,,392867000.0,809888566.0,11.0,8.305,1342000.0,0.009,1.0,47853000.0,0.211,50925000.0,1593000.0,533600000.0,,78159000.0,29660000.0,0.0,29660000.0,303756000.0,118182000.0,185574000.0,812972566.0,-10615000.0,-3096000.0,-4427000.0,-1447000.0,-2674000.0,-8479000.0,-8760000.0,0.0,7006000.0,0.0,12629000.0,12629000.0,12629000.0,0.0,0.0,0.056,26381000.0,21472000.0,57137000.0,0.133,2.069,16.601,16.647,207737000.0,0.0,5.743,1.15,1.15,146764000.0,483896000.0,226680000.0,226680000.0,0.0,,,,,0.0,26381000.0,1.0,141550650.0,141550650.0,,1.601,645698000.0,9707000.0,7193000.0,30546000.0,4.562,220310000.0
93,AOS,MRQ,1998-03-31,1998-03-31,1998-03-31,2021-09-09,-1891000.0,703447000.0,,349030000.0,354417000.0,,2.686,-7250000.0,110287000.0,110287000.0,177186000.0,10178000.0,2.683,0.819,107203000.0,5598000.0,101605000.0,107203000.0,0.0,6919000.0,0.0,0.011,0.012,17840000.0,24759000.0,0.111,24759000.0,17840000.0,16216000.0,0.07,0.068,0.07,386826000.0,,386826000.0,676719521.0,4.0,3.515,-9802000.0,-0.068,1.0,45769000.0,0.205,51354000.0,1624000.0,518928000.0,,79132000.0,27237000.0,0.0,27237000.0,316621000.0,130081000.0,186540000.0,716053521.0,-35609000.0,-2652000.0,-20231000.0,641000.0,-2751000.0,-22341000.0,-9902000.0,0.0,-2552000.0,0.0,10178000.0,10178000.0,10178000.0,0.0,0.0,0.046,27900000.0,17869000.0,63718000.0,0.171,1.851,4.969,5.587,208267000.0,0.0,4.972,1.016,1.016,144163000.0,473941000.0,222955000.0,222955000.0,0.0,,,,,0.0,27900000.0,1.0,144010764.0,144010764.0,,1.548,652093000.0,10937000.0,6038000.0,36694000.0,4.528,218949000.0
94,AOS,MRQ,1997-12-31,1997-12-31,1997-12-31,2021-09-09,-1579000.0,716516000.0,,365728000.0,350788000.0,,2.611,-2814000.0,145896000.0,145896000.0,40736000.0,16175000.0,2.86,0.793,106562000.0,5590000.0,100972000.0,106562000.0,0.0,2244000.0,0.0,0.011,0.016,18545000.0,20789000.0,0.407,20789000.0,18545000.0,18542000.0,0.122,0.118,0.122,399705000.0,,399705000.0,640112681.0,4.0,3.194,15399000.0,0.101,1.0,10321000.0,0.202,51783000.0,3000.0,497517000.0,,79049000.0,25605000.0,0.0,25605000.0,316811000.0,127882000.0,188929000.0,718528681.0,-39130000.0,769654000.0,-51080000.0,-48000.0,-2891000.0,-53706000.0,-7555000.0,0.0,18213000.0,0.0,16175000.0,16175000.0,16175000.0,-5488000.0,0.0,0.317,4558000.0,5763000.0,61299000.0,0.131,1.798,4.671,5.059,207756000.0,0.0,4.694,1.059,1.059,126232000.0,466514000.0,51057000.0,51057000.0,0.0,,,,,0.0,4558000.0,1.0,153059364.0,153059364.0,,0.334,664733000.0,11849000.0,2367000.0,35049000.0,4.343,237846000.0
95,AOS,MRQ,1997-09-30,1997-09-30,1997-09-30,2021-09-09,-8661000.0,768888000.0,,417739000.0,351149000.0,,2.719,-10023000.0,185026000.0,185026000.0,167060000.0,9989000.0,2.78,0.788,106610000.0,5625000.0,100985000.0,106610000.0,0.0,6682000.0,0.0,0.012,0.012,16820000.0,23502000.0,0.114,23502000.0,16820000.0,14907000.0,0.063,0.062,0.063,430106000.0,,430106000.0,587221333.0,6.0,5.018,31114000.0,0.197,1.0,38904000.0,0.189,52211000.0,1913000.0,487974000.0,,84366000.0,22924000.0,0.0,22924000.0,338782000.0,150287000.0,188495000.0,696578333.0,-35303000.0,-3866000.0,-23014000.0,-4362000.0,-2988000.0,-30127000.0,-13889000.0,0.0,41137000.0,0.0,9989000.0,9989000.0,9989000.0,-980000.0,0.0,0.048,25013000.0,13891000.0,64356000.0,0.19,1.62,10.648,12.653,201991000.0,0.0,4.403,0.892,0.892,130865000.0,453230000.0,205964000.0,205964000.0,0.0,,,,,0.0,25013000.0,1.0,158193414.0,158193414.0,,1.302,716677000.0,13498000.0,4918000.0,54627000.0,4.53,267452000.0
96,AOS,MRQ,1997-06-30,1997-06-30,1997-06-30,2021-09-09,-9074000.0,816619000.0,,462889000.0,353730000.0,,2.599,-13239000.0,220329000.0,220329000.0,176296000.0,107755000.0,2.6,0.833,110972000.0,5225000.0,105747000.0,110972000.0,0.0,6582000.0,0.0,0.013,0.012,116894000.0,123476000.0,0.549,123476000.0,116894000.0,114449000.0,0.635,0.622,0.635,445469000.0,,445469000.0,1162170736.0,13.0,9.858,6667000.0,0.039,1.0,48642000.0,0.216,0.0,2445000.0,529198000.0,,90220000.0,20716000.0,0.0,20716000.0,371150000.0,178064000.0,193086000.0,677330736.0,217526000.0,-3439000.0,-54303000.0,-376671000.0,-3238000.0,-434165000.0,-16678000.0,0.0,19906000.0,0.0,107755000.0,107755000.0,107755000.0,-1461000.0,0.0,0.479,29845000.0,18797000.0,61402000.0,0.019,1.52,9.966,11.257,198799000.0,0.0,3.951,0.887,0.887,135080000.0,446229000.0,224938000.0,224938000.0,0.0,,,,,0.0,29845000.0,1.0,171427914.0,171427914.0,,1.312,816619000.0,12400000.0,6694000.0,81073000.0,4.764,284825000.0
97,AOS,MRQ,1997-03-31,1997-03-31,1997-03-31,2021-09-09,-7917000.0,1091509000.0,,356548000.0,734961000.0,,7.546,-11292000.0,2803000.0,2803000.0,153450000.0,19911000.0,0.699,1.754,487643000.0,384572000.0,103071000.0,487643000.0,0.0,6126000.0,0.0,0.014,0.012,26546000.0,32672000.0,0.166,32672000.0,26546000.0,24302000.0,0.109,,0.109,396365000.0,,396365000.0,447550050.0,302.0,17.497,-17019000.0,-0.324,1.0,42798000.0,0.218,0.0,2244000.0,1066063000.0,,89566000.0,17312000.0,0.0,17312000.0,695144000.0,510286000.0,184858000.0,203577050.0,-3602000.0,-63894000.0,-44396000.0,237265000.0,-3560000.0,189596000.0,-75186000.0,0.0,-5727000.0,0.0,19911000.0,19911000.0,19911000.0,-12790000.0,0.0,0.101,27393000.0,15405000.0,76830000.0,0.11,0.514,-9.666,-21.063,192125000.0,0.0,3.876,0.273,0.273,140304000.0,341712000.0,196248000.0,196248000.0,0.0,,,,,0.0,27393000.0,1.0,52528482.0,52528482.0,,3.736,1091509000.0,12562000.0,4391000.0,30182000.0,20.779,-153738000.0
98,AOS,MRQ,1996-12-31,1996-12-31,1996-12-31,2021-09-09,-7401000.0,871152000.0,,225374000.0,645778000.0,,8.084,-11060000.0,6405000.0,6405000.0,117412000.0,-72238000.0,1.809,1.052,250378000.0,11932000.0,238446000.0,250378000.0,0.0,7021000.0,0.0,0.016,0.016,-69649000.0,-62628000.0,-0.407,-62628000.0,-69649000.0,-71161000.0,-0.459,,-0.459,424639000.0,,424639000.0,,,,3189000.0,0.061,1.0,36631000.0,0.238,6540000.0,1512000.0,984033000.0,,80445000.0,14579000.0,0.0,14579000.0,446513000.0,124552000.0,321961000.0,174394560.0,-847000.0,-6295000.0,519000.0,11200000.0,-3556000.0,8175000.0,-19922000.0,0.0,14249000.0,0.0,-72238000.0,-72238000.0,-72238000.0,-24937000.0,0.0,-0.469,25099000.0,11532000.0,66514000.0,-0.035,0.411,2.666,9.54,182600000.0,0.0,3.32,0.223,0.223,121571000.0,325361000.0,154043000.0,154043000.0,0.0,,,,,0.0,25099000.0,1.0,52528482.0,52528482.0,,2.933,864612000.0,12416000.0,1077000.0,32622000.0,16.46,100822000.0
99,AOS,MRQ,1996-09-30,1996-09-30,1996-09-30,2021-09-09,,,,,,,,-8164000.0,,,147498000.0,12534000.0,,,,,,,,5609000.0,,0.017,0.012,18757000.0,24366000.0,0.13,24366000.0,18757000.0,16783000.0,0.067,,0.067,,,,,,,20960000.0,,1.0,40622000.0,0.216,,1974000.0,,,,,,,,,,,3012000.0,-3660000.0,0.0,34771000.0,-3557000.0,31214000.0,-11824000.0,0.0,29124000.0,0.0,12534000.0,12534000.0,12534000.0,-6376000.0,0.0,0.067,26884000.0,13738000.0,,0.179,,,,,0.0,2.764,,,,,188120000.0,188120000.0,0.0,,,,,0.0,26884000.0,1.0,,,,,,,4249000.0,,,
100,AOS,MRQ,1996-06-30,1996-06-30,1996-06-30,2021-09-09,,,,,,,,-10813000.0,,,161803000.0,18732000.0,,,,,,,,5339000.0,,0.017,0.012,25830000.0,31169000.0,0.151,31169000.0,25830000.0,23906000.0,0.1,,0.1,,,,,,,21531000.0,,1.0,44665000.0,0.216,,1924000.0,,,,,,,,,,,556000.0,-3835000.0,20000.0,-16966000.0,-3556000.0,-20486000.0,-14648000.0,0.0,32344000.0,0.0,18732000.0,18732000.0,18732000.0,-11439000.0,0.0,0.091,27558000.0,17107000.0,,0.12,,,,,0.0,2.778,,,,,206468000.0,206468000.0,0.0,,,,,0.0,27558000.0,1.0,,,,,,,5174000.0,,,
101,AOS,MRQ,1996-03-31,1996-03-31,1996-03-31,2021-09-09,,,,,,,,-7767000.0,,,,,,,,,,,,5632000.0,,0.017,0.011,,,,,,,,,,,,,,,,-3052000.0,,1.0,,,,,,,,,,,,,,,-1123000.0,-2468000.0,0.0,25502000.0,-3138000.0,22364000.0,-10235000.0,0.0,4715000.0,0.0,,,,,,,,,,,,,,,,2.624,,,,,,,,,,,,0.0,,1.0,,,,,,,,,,
102,AOS,MRQ,1995-12-31,1995-12-31,1995-12-31,2021-09-09,-7499000.0,765653000.0,,257707000.0,507946000.0,,,,4807000.0,4807000.0,,,2.128,1.056,195871000.0,4933000.0,190938000.0,195871000.0,0.0,,0.0,0.019,0.011,,,,,,,,,,372364000.0,,372364000.0,,,,,,1.0,,,0.0,,835624000.0,,74955000.0,3528000.0,0.0,3528000.0,393289000.0,121093000.0,272196000.0,,,,,,,,,,,,,,,,,,,,71613000.0,,,,7.051,161876000.0,,2.306,,,135515000.0,273751000.0,,,,,,,,,,1.0,,,,,765653000.0,9842000.0,,34345000.0,,136614000.0
0,AOS,MRT,2021-06-30,2021-06-30,2021-06-30,2021-09-09,-311200000.0,3140200000.0,3094700000.0,1585700000.0,1554500000.0,1.042,11.32,-62700000.0,444800000.0,444800000.0,1992100000.0,441300000.0,1.748,0.729,140300000.0,6800000.0,133500000.0,140300000.0,0.0,79000000.0,0.0,0.014,1.02,571100000.0,650100000.0,0.202,650100000.0,571100000.0,566600000.0,2.73,2.72,2.73,1816300000.0,1815175000.0,1816300000.0,11126176726.0,19.0,17.115,516100000.0,3.216,1.0,1231200000.0,0.382,865900000.0,4500000.0,1062800000.0,1018175000.0,330400000.0,137100000.0,137100000.0,0.0,1323900000.0,907000000.0,416900000.0,11562476726.0,2100000.0,0.0,-174800000.0,-174700000.0,-164800000.0,-514300000.0,-62400000.0,300000.0,578800000.0,0.0,441300000.0,441300000.0,441300000.0,0.0,0.0,0.137,671800000.0,559400000.0,612400000.0,0.374,6.366,26.201,26.396,581700000.0,0.0,72.06,3.587,3.587,607000000.0,2641600000.0,3223300000.0,3223300000.0,0.0,0.143,0.243,0.561,0.177,11200000.0,670200000.0,1.0,160456241.0,160456241.0,,20.088,2274300000.0,0.0,125300000.0,0.0,14.174,678700000.0
1,AOS,MRT,2021-03-31,2021-03-31,2021-03-31,2021-09-09,-320800000.0,3106800000.0,3055700000.0,1558200000.0,1548600000.0,0.991,11.429,-61100000.0,578500000.0,578500000.0,1870100000.0,390900000.0,1.864,0.68,142200000.0,6800000.0,135400000.0,142200000.0,0.0,79400000.0,0.0,0.015,1.0,508400000.0,587800000.0,0.194,587800000.0,508400000.0,502300000.0,2.41,2.41,2.41,1849000000.0,1775625000.0,1849000000.0,10512587037.0,21.0,17.885,551300000.0,3.408,1.0,1157300000.0,0.382,868200000.0,6100000.0,966200000.0,1065275000.0,312800000.0,87000000.0,87000000.0,0.0,1257800000.0,836100000.0,421700000.0,10938087037.0,162400000.0,0.0,-49900000.0,-236100000.0,-161900000.0,-447900000.0,-2100000.0,59000000.0,612400000.0,0.0,390900000.0,390900000.0,390900000.0,0.0,0.0,0.129,660700000.0,496600000.0,547400000.0,0.415,5.916,27.982,28.054,583300000.0,0.0,67.61,3.613,3.613,534500000.0,2565100000.0,3027400000.0,3027400000.0,0.0,0.128,0.22,0.477,0.168,11100000.0,653000000.0,1.0,161782089.0,161782089.0,,18.713,2238600000.0,0.0,111400000.0,0.0,13.837,722100000.0
2,AOS,MRT,2020-12-31,2020-12-31,2020-12-31,2021-09-09,-321200000.0,3160700000.0,3024750000.0,1618000000.0,1542700000.0,0.957,11.447,-56800000.0,573100000.0,573100000.0,1787100000.0,344900000.0,1.826,0.71,147600000.0,6800000.0,140800000.0,147600000.0,0.0,80000000.0,0.0,0.018,0.98,451200000.0,531200000.0,0.183,531200000.0,451200000.0,443900000.0,2.13,2.12,2.13,1848300000.0,1717450000.0,1848300000.0,8622562932.0,19.0,16.232,505300000.0,3.129,1.0,1108200000.0,0.383,870700000.0,7300000.0,978200000.0,1166675000.0,300100000.0,116500000.0,116500000.0,0.0,1312400000.0,886300000.0,426100000.0,8851662932.0,199100000.0,0.0,-45300000.0,-170800000.0,-158700000.0,-374800000.0,11800000.0,68600000.0,562100000.0,0.0,344900000.0,344900000.0,344900000.0,0.0,0.0,0.119,668000000.0,440200000.0,595200000.0,0.46,4.789,25.664,25.737,582900000.0,0.0,54.82,3.057,3.057,585000000.0,2509600000.0,2895300000.0,2895300000.0,0.0,0.114,0.201,0.387,0.156,12700000.0,660300000.0,1.0,161467766.0,161467766.0,,17.931,2290000000.0,0.0,99000000.0,0.0,14.182,731700000.0
3,AOS,MRT,2020-09-30,2020-09-30,2020-09-30,2021-09-09,-336500000.0,2971100000.0,2999075000.0,1430300000.0,1540800000.0,0.938,10.824,-50800000.0,377900000.0,377900000.0,1732600000.0,316200000.0,1.775,0.701,148800000.0,6800000.0,142000000.0,148800000.0,0.0,80900000.0,0.0,0.018,0.96,416300000.0,497200000.0,0.177,497200000.0,416300000.0,407500000.0,1.95,1.95,1.95,1747100000.0,1672075000.0,1747100000.0,8398518650.0,20.0,16.892,455800000.0,2.824,1.0,1079100000.0,0.384,870600000.0,8800000.0,1065500000.0,1261075000.0,302600000.0,131100000.0,131100000.0,0.0,1224000000.0,805900000.0,418100000.0,8522618650.0,158500000.0,0.0,-109100000.0,-205400000.0,-155700000.0,-470200000.0,122100000.0,172900000.0,506600000.0,0.0,316200000.0,316200000.0,316200000.0,0.0,0.0,0.112,676700000.0,402400000.0,516900000.0,0.492,4.878,26.953,27.077,579300000.0,0.0,52.8,3.031,3.031,572900000.0,2431800000.0,2811700000.0,2811700000.0,0.0,0.105,0.189,0.33,0.148,12500000.0,669000000.0,1.0,161413232.0,161413232.0,,17.419,2100500000.0,0.0,91300000.0,0.0,13.013,624400000.0
4,AOS,MRT,2020-06-30,2020-06-30,2020-06-30,2021-09-09,-355800000.0,2984200000.0,3023275000.0,1444400000.0,1539800000.0,0.919,10.29,-52700000.0,442700000.0,442700000.0,1713700000.0,298100000.0,1.964,0.8,318600000.0,6800000.0,311800000.0,318600000.0,0.0,79900000.0,0.0,0.02,0.94,393300000.0,473200000.0,0.17,473200000.0,393300000.0,383000000.0,1.83,1.83,1.83,1658100000.0,1649350000.0,1658100000.0,7556534093.0,19.0,15.969,439100000.0,2.725,1.0,1066200000.0,0.384,873500000.0,10300000.0,1251200000.0,1392200000.0,306000000.0,126000000.0,126000000.0,0.0,1326100000.0,735400000.0,590700000.0,7592934093.0,161100000.0,0.0,-209200000.0,-77600000.0,-153000000.0,-440800000.0,110100000.0,162800000.0,491800000.0,0.0,298100000.0,298100000.0,298100000.0,0.0,0.0,0.107,688000000.0,378200000.0,435700000.0,0.514,4.579,25.471,25.749,579000000.0,0.0,47.12,2.731,2.731,515900000.0,2365100000.0,2779900000.0,2779900000.0,0.0,0.099,0.181,0.283,0.141,12900000.0,681900000.0,1.0,161140367.0,161140367.0,,17.251,2110700000.0,0.0,84900000.0,0.0,13.099,709000000.0
5,AOS,MRT,2020-03-31,2020-03-31,2020-03-31,2021-09-09,-362400000.0,2983000000.0,3071125000.0,1442500000.0,1540500000.0,0.938,9.979,-56300000.0,416100000.0,416100000.0,1754000000.0,332400000.0,2.063,0.846,379700000.0,6800000.0,372900000.0,379700000.0,0.0,78200000.0,0.0,0.024,0.92,439400000.0,517600000.0,0.18,517600000.0,439400000.0,428200000.0,2.02,2.02,2.02,1616300000.0,1666100000.0,1616300000.0,6072824796.0,14.0,11.733,432400000.0,2.67,1.0,1127400000.0,0.391,875700000.0,11200000.0,1371800000.0,1496975000.0,312300000.0,135600000.0,135600000.0,0.0,1366700000.0,699100000.0,667600000.0,6124124796.0,78300000.0,-107000000.0,-298900000.0,58100000.0,-151100000.0,-392900000.0,-17500000.0,145800000.0,488700000.0,0.0,332400000.0,332400000.0,332400000.0,0.0,0.0,0.115,704700000.0,422700000.0,442000000.0,0.455,3.789,18.424,18.718,582200000.0,0.0,37.81,2.125,2.125,524000000.0,2336100000.0,2881400000.0,2881400000.0,0.0,0.108,0.2,0.294,0.152,13600000.0,704700000.0,1.0,161971034.0,161971034.0,,17.79,2107300000.0,0.0,95800000.0,0.0,13.01,743400000.0
6,AOS,MRT,2019-12-31,2019-12-31,2019-12-31,2021-09-09,-348300000.0,3058000000.0,3111250000.0,1500400000.0,1557600000.0,0.962,10.219,-64400000.0,374000000.0,374000000.0,1812000000.0,370000000.0,1.957,0.835,322700000.0,6800000.0,315900000.0,322700000.0,0.0,78300000.0,0.0,0.019,0.9,483100000.0,561400000.0,0.188,561400000.0,483100000.0,472100000.0,2.24,2.22,2.24,1666800000.0,1699325000.0,1666800000.0,7910054156.0,16.0,14.09,391800000.0,2.402,1.0,1180700000.0,0.395,884400000.0,11000000.0,1355800000.0,1551575000.0,303000000.0,177400000.0,177400000.0,0.0,1391200000.0,766500000.0,624700000.0,7770654156.0,114300000.0,-107000000.0,-288200000.0,62600000.0,-149200000.0,-375800000.0,33900000.0,205300000.0,456200000.0,0.0,370000000.0,370000000.0,370000000.0,0.0,0.0,0.124,715600000.0,465100000.0,509600000.0,0.402,4.662,21.002,21.268,592300000.0,0.0,47.64,2.597,2.597,589500000.0,2323400000.0,2992700000.0,2992700000.0,0.0,0.119,0.218,0.311,0.161,13300000.0,715600000.0,1.0,163111968.0,163111968.0,,18.348,2173600000.0,0.0,102100000.0,0.0,13.326,733900000.0
7,AOS,MRT,2019-09-30,2019-09-30,2019-09-30,2021-09-09,-361600000.0,3067900000.0,3114625000.0,1504400000.0,1563500000.0,0.981,10.074,-77000000.0,219400000.0,219400000.0,1831600000.0,405000000.0,2.06,0.852,358800000.0,6800000.0,352000000.0,358800000.0,0.0,76800000.0,0.0,0.018,0.88,521700000.0,598500000.0,0.196,598500000.0,521700000.0,511400000.0,2.41,2.41,2.41,1656200000.0,1711875000.0,1656200000.0,7960587025.0,15.0,13.301,362700000.0,2.206,1.0,1222700000.0,0.4,886900000.0,10300000.0,1590000000.0,1573075000.0,310000000.0,294400000.0,294400000.0,0.0,1411700000.0,730400000.0,681300000.0,7843687025.0,-13600000.0,-107000000.0,-327800000.0,126000000.0,-147600000.0,-350400000.0,-102900000.0,81100000.0,439700000.0,0.0,405000000.0,405000000.0,405000000.0,0.0,0.0,0.133,721800000.0,500900000.0,483100000.0,0.365,4.736,19.367,19.797,591900000.0,0.0,47.71,2.568,2.568,614100000.0,2271500000.0,3054300000.0,3054300000.0,0.0,0.13,0.237,0.332,0.171,12700000.0,721800000.0,1.0,164403417.0,164403417.0,,18.578,2181000000.0,0.0,106400000.0,0.0,13.266,774000000.0
8,AOS,MRT,2019-06-30,2019-06-30,2019-06-30,2021-09-09,-338400000.0,3175600000.0,3103950000.0,1596600000.0,1579000000.0,0.992,10.318,-82200000.0,281600000.0,281600000.0,1835700000.0,422300000.0,2.185,0.841,398500000.0,6800000.0,391700000.0,398500000.0,0.0,74900000.0,0.0,0.018,0.84,539300000.0,614200000.0,0.199,614200000.0,539300000.0,530100000.0,2.49,2.49,2.49,1725100000.0,1736875000.0,1725100000.0,7872686893.0,15.0,12.818,337200000.0,2.017,1.0,1244500000.0,0.404,891600000.0,9200000.0,1670300000.0,1534075000.0,323100000.0,296200000.0,296200000.0,0.0,1450500000.0,730600000.0,719900000.0,7884986893.0,21600000.0,-107000000.0,-265000000.0,110600000.0,-142300000.0,-299000000.0,-98800000.0,90400000.0,419400000.0,0.0,422300000.0,422300000.0,422300000.0,0.0,0.0,0.137,727100000.0,517400000.0,488400000.0,0.337,4.571,18.672,18.94,602300000.0,0.0,47.16,2.56,2.56,634800000.0,2220200000.0,3080200000.0,3080200000.0,0.0,0.136,0.243,0.352,0.175,13000000.0,727100000.0,1.0,167196499.0,167196499.0,,18.423,2284000000.0,0.0,107800000.0,0.0,13.661,866000000.0
9,AOS,MRT,2019-03-31,2019-03-31,2019-03-31,2021-09-09,-332100000.0,3143500000.0,3081375000.0,1658100000.0,1485400000.0,1.022,10.417,-88800000.0,337800000.0,337800000.0,1871300000.0,434700000.0,2.249,0.797,325500000.0,6800000.0,318700000.0,325500000.0,0.0,74200000.0,0.0,0.015,0.8,552100000.0,626300000.0,0.199,626300000.0,552100000.0,544000000.0,2.55,2.54,2.55,1749200000.0,1738175000.0,1749200000.0,8914802338.0,16.0,14.234,338500000.0,2.016,1.0,1276800000.0,0.406,803800000.0,8100000.0,1590200000.0,1488800000.0,319700000.0,295500000.0,295500000.0,0.0,1394300000.0,737200000.0,657100000.0,8953102338.0,95900000.0,0.0,-214400000.0,-8700000.0,-136200000.0,-361600000.0,30200000.0,119000000.0,427300000.0,0.0,434700000.0,434700000.0,434700000.0,0.0,0.0,0.138,745600000.0,531200000.0,492400000.0,0.314,5.118,20.596,20.91,599600000.0,0.0,53.32,2.844,2.844,658800000.0,2155000000.0,3148100000.0,3148100000.0,0.0,0.141,0.25,0.371,0.175,12300000.0,745600000.0,1.0,167912647.0,167912647.0,,18.748,2339700000.0,0.0,109300000.0,0.0,13.934,920900000.0
10,AOS,MRT,2018-12-31,2018-12-31,2018-12-31,2021-09-09,-350800000.0,3071500000.0,3072225000.0,1638500000.0,1433000000.0,1.038,10.103,-85200000.0,259700000.0,259700000.0,1882400000.0,444200000.0,2.086,0.789,221400000.0,0.0,221400000.0,221400000.0,0.0,71900000.0,0.0,0.018,0.76,566200000.0,638100000.0,0.2,638100000.0,566200000.0,557800000.0,2.6,2.58,2.6,1717000000.0,1727975000.0,1717000000.0,7217205437.0,13.0,11.31,363700000.0,2.14,1.0,1305500000.0,0.41,806100000.0,8400000.0,1441800000.0,1483975000.0,304700000.0,385300000.0,385300000.0,0.0,1354500000.0,785300000.0,569200000.0,7256905437.0,-86900000.0,0.0,-201700000.0,-189000000.0,-130100000.0,-523100000.0,-12700000.0,72500000.0,448900000.0,0.0,444200000.0,444200000.0,444200000.0,0.0,0.0,0.139,760500000.0,545000000.0,543800000.0,0.292,4.227,16.337,16.423,540000000.0,0.0,42.7,2.276,2.276,647300000.0,2102800000.0,3187900000.0,3187900000.0,0.0,0.145,0.257,0.382,0.178,10100000.0,753800000.0,1.0,169950947.0,169950947.0,,18.758,2265400000.0,0.0,113600000.0,0.0,13.33,853200000.0
11,AOS,MRT,2018-09-30,2018-09-30,2018-09-30,2021-09-09,-318200000.0,3025200000.0,3103700000.0,1598700000.0,1426500000.0,1.013,10.294,-86300000.0,233000000.0,233000000.0,1853200000.0,340600000.0,2.164,0.723,193300000.0,0.0,193300000.0,193300000.0,0.0,71400000.0,0.0,0.013,0.68,553300000.0,624700000.0,0.199,624700000.0,553300000.0,543800000.0,2.0,1.97,2.0,1756200000.0,1709950000.0,1756200000.0,9093373762.0,16.0,14.556,379100000.0,2.222,1.0,1290800000.0,0.411,812600000.0,9500000.0,1434000000.0,1534025000.0,307700000.0,384800000.0,384800000.0,0.0,1269000000.0,738900000.0,530100000.0,9105273762.0,-88900000.0,0.0,-145100000.0,-256400000.0,-116600000.0,-522100000.0,-32200000.0,54100000.0,465400000.0,0.0,340600000.0,340600000.0,340600000.0,0.0,0.0,0.108,758900000.0,531900000.0,508000000.0,0.34,5.185,26.733,26.685,526300000.0,0.0,53.37,2.896,2.896,606600000.0,2014000000.0,3144000000.0,3144000000.0,0.0,0.11,0.199,0.361,0.176,11100000.0,752200000.0,1.0,170606591.0,170606591.0,,18.428,2212600000.0,0.0,203200000.0,0.0,12.969,859800000.0
12,AOS,MRT,2018-06-30,2018-06-30,2018-06-30,2021-09-09,-304400000.0,3085300000.0,3123550000.0,1653300000.0,1432000000.0,1.005,10.11,-97400000.0,260000000.0,260000000.0,1850000000.0,329700000.0,2.151,0.783,248100000.0,2700000.0,245400000.0,248100000.0,0.0,71200000.0,0.0,0.011,0.64,553900000.0,625100000.0,0.199,625100000.0,553900000.0,543900000.0,1.93,1.9,1.93,1730300000.0,1687375000.0,1730300000.0,10174357344.0,18.0,16.276,329000000.0,1.922,1.0,1289800000.0,0.411,815500000.0,10000000.0,1489200000.0,1593550000.0,289000000.0,398400000.0,398400000.0,0.0,1355000000.0,768700000.0,586300000.0,10123057344.0,-46600000.0,-43100000.0,-146300000.0,-127100000.0,-110100000.0,-385200000.0,-87800000.0,52700000.0,426400000.0,0.0,329700000.0,329700000.0,329700000.0,0.0,0.0,0.105,758100000.0,531700000.0,532800000.0,0.332,5.85,30.704,30.648,532800000.0,0.0,59.15,3.224,3.224,644000000.0,1940100000.0,3139800000.0,3139800000.0,0.0,0.106,0.195,0.348,0.176,10600000.0,751400000.0,1.0,171142136.0,171142136.0,,18.346,2269800000.0,0.0,214200000.0,0.0,13.263,884600000.0
13,AOS,MRT,2018-03-31,2018-03-31,2018-03-31,2021-09-09,-275700000.0,3106900000.0,3098225000.0,1669100000.0,1437800000.0,0.983,9.961,-94700000.0,241900000.0,241900000.0,1791700000.0,307600000.0,2.176,0.819,293200000.0,7400000.0,285800000.0,293200000.0,0.0,71100000.0,0.0,0.009,0.6,536000000.0,607100000.0,0.199,607100000.0,536000000.0,525800000.0,1.79,1.77,1.79,1708400000.0,1658225000.0,1708400000.0,10970245918.0,20.0,18.07,286400000.0,1.67,1.0,1253000000.0,0.412,820400000.0,10200000.0,1570900000.0,1609075000.0,287100000.0,437800000.0,437800000.0,0.0,1398500000.0,766900000.0,631600000.0,10906445918.0,-51500000.0,-43100000.0,-145600000.0,-76500000.0,-103500000.0,-327300000.0,-105300000.0,32500000.0,381100000.0,0.0,307600000.0,307600000.0,307600000.0,0.0,0.0,0.101,739200000.0,513800000.0,522100000.0,0.335,6.384,35.457,35.525,538100000.0,0.0,63.59,3.582,3.582,638800000.0,1856500000.0,3044700000.0,3044700000.0,0.0,0.099,0.185,0.333,0.176,10500000.0,732500000.0,1.0,171511966.0,171511966.0,,17.752,2286500000.0,0.0,218200000.0,0.0,13.331,902200000.0
14,AOS,MRT,2017-12-31,2017-12-31,2017-12-31,2021-09-09,-299500000.0,3197400000.0,3056550000.0,1766900000.0,1430500000.0,0.98,9.567,-94200000.0,346600000.0,346600000.0,1764300000.0,296500000.0,2.226,0.944,410400000.0,7500000.0,402900000.0,410400000.0,0.0,70100000.0,0.0,0.009,0.56,530900000.0,601000000.0,0.201,601000000.0,530900000.0,520800000.0,1.72,1.7,1.72,1644900000.0,1622725000.0,1644900000.0,10663641415.0,20.0,17.743,232200000.0,1.351,1.0,1232400000.0,0.411,825400000.0,10100000.0,1642000000.0,1591050000.0,297000000.0,473400000.0,473400000.0,0.0,1552500000.0,793800000.0,758700000.0,10535841415.0,16200000.0,-43100000.0,-140000000.0,86500000.0,-96900000.0,-152100000.0,-158100000.0,-20800000.0,326400000.0,0.0,296500000.0,296500000.0,296500000.0,0.0,0.0,0.099,722800000.0,509600000.0,535000000.0,0.326,6.405,35.534,35.628,528900000.0,0.0,61.28,3.516,3.516,592700000.0,1788700000.0,2996700000.0,2996700000.0,0.0,0.097,0.183,0.334,0.177,9900000.0,722800000.0,1.0,171929527.0,171929527.0,,17.43,2372000000.0,0.0,224300000.0,0.0,13.796,973100000.0
15,AOS,MRT,2017-09-30,2017-09-30,2017-09-30,2021-09-09,-322400000.0,3104600000.0,2979950000.0,1698100000.0,1406500000.0,0.982,9.655,-88400000.0,321900000.0,321900000.0,1731600000.0,356500000.0,2.321,0.864,449700000.0,7500000.0,442200000.0,449700000.0,0.0,68300000.0,0.0,0.009,0.54,505200000.0,573500000.0,0.196,573500000.0,505200000.0,496400000.0,2.06,2.04,2.06,1665900000.0,1590325000.0,1665900000.0,10322488788.0,20.0,17.999,244800000.0,1.419,1.0,1194600000.0,0.408,828600000.0,8800000.0,1672100000.0,1510250000.0,292100000.0,446000000.0,446000000.0,0.0,1438700000.0,731700000.0,707000000.0,10253988788.0,52600000.0,-43400000.0,-135000000.0,113400000.0,-93800000.0,-115400000.0,-165200000.0,-33400000.0,333200000.0,0.0,356500000.0,356500000.0,356500000.0,0.0,0.0,0.122,716700000.0,477900000.0,500100000.0,0.262,6.155,28.763,28.85,501700000.0,0.0,59.43,3.504,3.504,587100000.0,1794000000.0,2926200000.0,2926200000.0,0.0,0.12,0.224,0.335,0.173,9800000.0,716700000.0,1.0,172538933.0,172538933.0,,16.96,2276000000.0,0.0,139900000.0,0.0,13.191,966400000.0
16,AOS,MRT,2017-06-30,2017-06-30,2017-06-30,2021-09-09,-340700000.0,2984000000.0,2909900000.0,1640300000.0,1343700000.0,0.983,9.326,-79300000.0,306600000.0,306600000.0,1687300000.0,346000000.0,2.324,0.849,375100000.0,7400000.0,367700000.0,375100000.0,0.0,67300000.0,0.0,0.009,0.52,491600000.0,558900000.0,0.195,558900000.0,491600000.0,483200000.0,2.0,1.97,2.0,1613700000.0,1555250000.0,1613700000.0,9823072084.0,20.0,17.576,285400000.0,1.649,1.0,1172900000.0,0.41,795400000.0,8400000.0,1551300000.0,1443625000.0,287000000.0,434300000.0,434300000.0,0.0,1370300000.0,705800000.0,664500000.0,9747072084.0,19200000.0,-90800000.0,-115400000.0,93300000.0,-90600000.0,-112700000.0,-232800000.0,-62700000.0,364700000.0,0.0,346000000.0,346000000.0,346000000.0,0.0,0.0,0.121,704600000.0,468300000.0,493100000.0,0.26,6.04,28.171,28.165,475800000.0,0.0,56.33,3.408,3.408,566800000.0,1724500000.0,2860200000.0,2860200000.0,0.0,0.119,0.222,0.341,0.172,9700000.0,704600000.0,1.0,173035187.0,173035187.0,,16.53,2188600000.0,0.0,137200000.0,0.0,12.648,934500000.0
17,AOS,MRT,2017-03-31,2017-03-31,2017-03-31,2021-09-09,-352200000.0,2940200000.0,2831950000.0,1605500000.0,1334700000.0,0.985,9.041,-78100000.0,293400000.0,293400000.0,1636600000.0,340700000.0,2.228,0.877,369400000.0,7200000.0,362200000.0,369400000.0,0.0,65800000.0,0.0,0.01,0.5,487100000.0,552900000.0,0.198,552900000.0,487100000.0,479300000.0,1.98,1.93,1.98,1566400000.0,1522000000.0,1566400000.0,8856451854.0,18.0,16.018,330500000.0,1.908,1.0,1152400000.0,0.413,796900000.0,7800000.0,1498800000.0,1391400000.0,257100000.0,428900000.0,428900000.0,0.0,1373800000.0,720500000.0,653300000.0,8863251854.0,-12100000.0,-90800000.0,-128100000.0,82400000.0,-87400000.0,-133100000.0,-287600000.0,-118700000.0,408600000.0,0.0,340700000.0,340700000.0,340700000.0,0.0,0.0,0.122,686300000.0,466100000.0,493500000.0,0.253,5.658,26.015,25.838,467600000.0,0.0,51.16,3.178,3.178,584100000.0,1656400000.0,2789000000.0,2789000000.0,0.0,0.12,0.224,0.35,0.175,10200000.0,686300000.0,1.0,173245736.0,173245736.0,,16.099,2143300000.0,0.0,138600000.0,0.0,12.371,885000000.0
18,AOS,MRT,2016-12-31,2016-12-31,2016-12-31,2021-09-09,-363200000.0,2891000000.0,2759550000.0,1562000000.0,1329000000.0,0.973,8.713,-80700000.0,330400000.0,330400000.0,1571700000.0,326500000.0,2.04,0.908,323600000.0,7200000.0,316400000.0,323600000.0,0.0,65100000.0,0.0,0.01,0.48,469800000.0,534900000.0,0.199,534900000.0,469800000.0,462500000.0,1.87,1.85,1.87,1515300000.0,1500025000.0,1515300000.0,8301690683.0,18.0,15.52,365900000.0,2.104,1.0,1114200000.0,0.415,799800000.0,7300000.0,1318800000.0,1346325000.0,251100000.0,424200000.0,424200000.0,0.0,1375700000.0,765600000.0,610100000.0,8234790683.0,6800000.0,-90800000.0,-129500000.0,74100000.0,-84200000.0,-139600000.0,-300200000.0,-128700000.0,446600000.0,0.0,326500000.0,326500000.0,326500000.0,0.0,0.0,0.122,662500000.0,451700000.0,528600000.0,0.257,5.434,25.221,25.321,461900000.0,0.0,47.35,3.066,3.066,518700000.0,1593000000.0,2685900000.0,2685900000.0,0.0,0.118,0.218,0.349,0.175,9400000.0,662500000.0,1.0,173913214.0,173913214.0,,15.444,2091200000.0,0.0,136000000.0,0.0,12.024,796400000.0
19,AOS,MRT,2016-09-30,2016-09-30,2016-09-30,2021-09-09,-324800000.0,2824400000.0,2694100000.0,1507600000.0,1316800000.0,0.975,8.743,-78300000.0,269300000.0,269300000.0,1534900000.0,323600000.0,2.21,0.851,336200000.0,7300000.0,328900000.0,336200000.0,0.0,64400000.0,0.0,0.009,0.455,462500000.0,526900000.0,0.201,526900000.0,462500000.0,455400000.0,1.86,1.82,1.86,1525600000.0,1481775000.0,1525600000.0,8613655358.0,19.0,16.348,299900000.0,1.719,1.0,1092300000.0,0.416,803600000.0,7100000.0,1405600000.0,1314000000.0,258600000.0,409500000.0,409500000.0,0.0,1298800000.0,682100000.0,616700000.0,8619055358.0,-13600000.0,-90500000.0,-115900000.0,75300000.0,-80100000.0,-120700000.0,-271100000.0,-102300000.0,378200000.0,0.0,323600000.0,323600000.0,323600000.0,0.0,0.0,0.123,639200000.0,453100000.0,455800000.0,0.245,5.65,26.635,26.556,458400000.0,0.0,49.395,3.281,3.281,517300000.0,1531200000.0,2627200000.0,2627200000.0,0.0,0.12,0.218,0.352,0.176,9100000.0,639200000.0,1.0,174492466.0,174492466.0,,15.056,2020800000.0,0.0,131800000.0,0.0,11.581,825500000.0
20,AOS,MRT,2016-06-30,2016-06-30,2016-06-30,2021-09-09,-323500000.0,2672200000.0,2638050000.0,1449000000.0,1223200000.0,0.974,8.457,-79400000.0,287400000.0,287400000.0,1503800000.0,314000000.0,2.354,0.805,282000000.0,7400000.0,274600000.0,282000000.0,0.0,63500000.0,0.0,0.01,0.43,450800000.0,514300000.0,0.2,514300000.0,450800000.0,444200000.0,1.79,1.76,1.79,1480700000.0,1455975000.0,1480700000.0,7695328625.0,17.0,14.963,366200000.0,2.092,1.0,1064600000.0,0.414,708800000.0,6600000.0,1342400000.0,1271700000.0,237800000.0,379800000.0,379800000.0,0.0,1191500000.0,615600000.0,575900000.0,7713528625.0,39300000.0,0.0,-156200000.0,3000000.0,-76000000.0,-229200000.0,-177100000.0,-97700000.0,445600000.0,0.0,314000000.0,314000000.0,314000000.0,0.0,0.0,0.122,623500000.0,441100000.0,402000000.0,0.24,5.209,24.565,24.612,451700000.0,0.0,44.055,3.003,3.003,493900000.0,1469100000.0,2568400000.0,2568400000.0,0.0,0.119,0.216,0.354,0.176,8900000.0,623500000.0,1.0,175088608.0,175088608.0,,14.669,1963400000.0,0.0,130200000.0,0.0,11.214,833400000.0
21,AOS,MRT,2016-03-31,2016-03-31,2016-03-31,2021-09-09,-304300000.0,2650600000.0,2617450000.0,1425900000.0,1224700000.0,0.976,8.42,-77200000.0,305500000.0,305500000.0,1511600000.0,298000000.0,2.369,0.793,287300000.0,13200000.0,274100000.0,287300000.0,0.0,63600000.0,0.0,0.011,0.405,430500000.0,494100000.0,0.193,494100000.0,430500000.0,423300000.0,1.68,1.665,1.68,1478500000.0,1444925000.0,1478500000.0,6625372824.0,15.0,13.409,301400000.0,1.716,1.0,1043300000.0,0.408,711900000.0,7200000.0,1318500000.0,1265325000.0,230200000.0,335300000.0,335300000.0,0.0,1172100000.0,602000000.0,570100000.0,6699972824.0,21400000.0,0.0,-135100000.0,-16400000.0,-71900000.0,-223400000.0,-133800000.0,-56600000.0,378600000.0,0.0,298000000.0,298000000.0,298000000.0,0.0,0.0,0.117,622900000.0,420400000.0,389000000.0,0.241,4.532,22.483,22.711,450600000.0,0.0,38.155,2.622,2.622,506900000.0,1403000000.0,2554900000.0,2554900000.0,0.0,0.114,0.206,0.34,0.168,8200000.0,622900000.0,1.0,175598816.0,175598816.0,,14.55,1938700000.0,0.0,125300000.0,0.0,11.041,823900000.0
22,AOS,MRT,2015-12-31,2015-12-31,2015-12-31,2021-09-09,-313400000.0,2629200000.0,2596125000.0,1403300000.0,1225900000.0,0.977,8.193,-72700000.0,323600000.0,323600000.0,1526700000.0,282900000.0,2.148,0.823,249000000.0,12900000.0,236100000.0,249000000.0,0.0,63000000.0,0.0,0.01,0.38,409900000.0,472900000.0,0.186,472900000.0,409900000.0,402500000.0,1.59,1.58,1.59,1442300000.0,1426575000.0,1442300000.0,6721131965.0,16.0,14.213,279000000.0,1.585,1.0,1009800000.0,0.398,711900000.0,7400000.0,1189500000.0,1251050000.0,222900000.0,321600000.0,321600000.0,0.0,1186900000.0,653200000.0,533700000.0,6743231965.0,4200000.0,0.0,-121700000.0,28100000.0,-67800000.0,-161400000.0,-186100000.0,-113400000.0,351700000.0,0.0,282900000.0,282900000.0,282900000.0,0.0,0.0,0.112,610700000.0,399100000.0,424900000.0,0.239,4.675,23.836,24.091,442700000.0,0.0,38.305,2.658,2.658,501400000.0,1350700000.0,2536500000.0,2536500000.0,0.0,0.109,0.198,0.328,0.162,8800000.0,610700000.0,1.0,176040516.0,176040516.0,,14.409,1917300000.0,0.0,119600000.0,0.0,10.891,750100000.0
23,AOS,MRT,2015-09-30,2015-09-30,2015-09-30,2021-09-09,-290500000.0,2600200000.0,2567650000.0,1413800000.0,1186400000.0,0.983,8.002,-73200000.0,282900000.0,282900000.0,1544800000.0,256300000.0,2.265,0.828,260800000.0,13100000.0,247700000.0,260800000.0,0.0,62700000.0,0.0,0.011,0.36,374500000.0,437200000.0,0.173,437200000.0,374500000.0,367100000.0,1.43,1.425,1.43,1422400000.0,1411325000.0,1422400000.0,5825474161.0,16.0,13.325,264100000.0,1.486,1.0,979100000.0,0.388,717600000.0,7400000.0,1236400000.0,1222975000.0,239000000.0,323500000.0,323500000.0,0.0,1177800000.0,624100000.0,553700000.0,5793974161.0,-117600000.0,0.0,-117700000.0,9200000.0,-64300000.0,-172800000.0,-282100000.0,-208900000.0,337300000.0,0.0,256300000.0,256300000.0,256300000.0,0.0,0.0,0.102,613900000.0,365200000.0,395800000.0,0.252,4.073,22.606,22.794,438800000.0,0.0,32.595,2.296,2.296,479000000.0,1287700000.0,2523900000.0,2523900000.0,0.0,0.1,0.182,0.306,0.148,18600000.0,613900000.0,1.0,177756532.0,177756532.0,,14.199,1882600000.0,43100000.0,110800000.0,0.0,10.591,789700000.0
24,AOS,MRT,2015-06-30,2015-06-30,2015-06-30,2021-09-09,-276000000.0,2589800000.0,2539300000.0,1400000000.0,1189800000.0,0.977,8.052,-66300000.0,248100000.0,248100000.0,1541600000.0,233300000.0,2.418,0.803,279600000.0,13400000.0,266200000.0,279600000.0,0.0,61800000.0,0.0,0.009,0.34,336500000.0,398300000.0,0.161,398300000.0,336500000.0,329200000.0,1.3,1.295,1.3,1436500000.0,1399525000.0,1436500000.0,6440451270.0,19.0,16.17,169100000.0,0.948,1.0,938800000.0,0.378,725300000.0,7300000.0,1316900000.0,1166350000.0,233400000.0,304300000.0,304300000.0,0.0,1153300000.0,579100000.0,574200000.0,6420651270.0,-145600000.0,0.0,-85000000.0,32900000.0,-61000000.0,-113100000.0,-267900000.0,-201600000.0,235400000.0,0.0,233300000.0,233300000.0,233300000.0,0.0,0.0,0.094,610400000.0,328400000.0,369200000.0,0.262,4.47,27.521,27.685,433400000.0,0.0,35.99,2.589,2.589,528500000.0,1231000000.0,2480400000.0,2480400000.0,0.0,0.092,0.167,0.289,0.136,17600000.0,610400000.0,1.0,178400980.0,178400980.0,,13.904,1864500000.0,41600000.0,95900000.0,0.0,10.451,820900000.0
25,AOS,MRT,2015-03-31,2015-03-31,2015-03-31,2021-09-09,-277600000.0,2565300000.0,2499525000.0,1376300000.0,1189000000.0,0.969,7.862,-75700000.0,284100000.0,284100000.0,1529700000.0,219500000.0,2.31,0.826,303900000.0,48600000.0,255300000.0,303900000.0,0.0,60600000.0,0.0,0.01,0.32,310800000.0,371400000.0,0.153,371400000.0,310800000.0,304600000.0,1.215,1.215,1.215,1405100000.0,1379575000.0,1405100000.0,5772140634.0,19.0,15.542,176100000.0,0.985,1.0,892600000.0,0.368,727900000.0,6200000.0,1261400000.0,1083750000.0,218800000.0,290800000.0,290800000.0,0.0,1160200000.0,595800000.0,564400000.0,5867740634.0,-85700000.0,0.0,-96300000.0,79900000.0,-57700000.0,-74100000.0,-263400000.0,-187700000.0,251800000.0,0.0,219500000.0,219500000.0,219500000.0,0.0,0.0,0.091,588400000.0,304200000.0,368400000.0,0.263,4.176,26.732,27.021,430400000.0,0.0,32.83,2.422,2.422,495900000.0,1176900000.0,2422300000.0,2422300000.0,0.0,0.088,0.159,0.287,0.128,16500000.0,588400000.0,1.0,178731058.0,178731058.0,,13.553,1837400000.0,39400000.0,85100000.0,0.0,10.28,780500000.0
26,AOS,MRT,2014-12-31,2014-12-31,2014-12-31,2021-09-09,-272000000.0,2515300000.0,2453500000.0,1319000000.0,1196300000.0,0.96,7.713,-86100000.0,319400000.0,319400000.0,1496700000.0,207800000.0,2.179,0.821,223800000.0,13700000.0,210100000.0,223800000.0,0.0,59800000.0,0.0,0.011,0.3,292400000.0,352200000.0,0.149,352200000.0,292400000.0,286700000.0,1.15,1.14,1.15,1381300000.0,1364150000.0,1381300000.0,4905286137.0,17.0,13.928,177900000.0,0.993,1.0,859300000.0,0.365,737300000.0,5700000.0,1077200000.0,1005900000.0,208300000.0,222500000.0,222500000.0,0.0,1134000000.0,605200000.0,528800000.0,5051286137.0,-61300000.0,0.0,-99100000.0,34200000.0,-54400000.0,-119300000.0,-206000000.0,-119900000.0,264000000.0,0.0,207800000.0,207800000.0,207800000.0,0.0,0.0,0.088,572100000.0,287200000.0,393800000.0,0.261,3.657,24.308,24.526,427700000.0,0.0,28.205,2.144,2.144,475400000.0,1135500000.0,2356000000.0,2356000000.0,0.0,0.085,0.152,0.291,0.124,10800000.0,572100000.0,1.0,179091868.0,179091868.0,,13.155,1778000000.0,40500000.0,78900000.0,21400000.0,9.928,713800000.0
27,AOS,MRT,2014-09-30,2014-09-30,2014-09-30,2021-09-09,-254500000.0,2486800000.0,2422550000.0,1294800000.0,1192000000.0,0.945,7.637,-98000000.0,400500000.0,400500000.0,1460800000.0,197000000.0,2.205,0.808,254500000.0,13800000.0,240700000.0,254500000.0,0.0,61900000.0,0.0,0.012,0.285,275000000.0,336900000.0,0.147,336900000.0,275000000.0,269500000.0,1.08,1.08,1.08,1375200000.0,1351000000.0,1375200000.0,4113430548.0,15.0,12.21,157400000.0,0.874,1.0,827300000.0,0.362,743600000.0,5500000.0,1009900000.0,949975000.0,218500000.0,123200000.0,123200000.0,0.0,1111600000.0,587300000.0,524300000.0,4256730548.0,26400000.0,0.0,-87800000.0,29300000.0,-52000000.0,-110500000.0,-118500000.0,-20500000.0,255400000.0,0.0,197000000.0,197000000.0,197000000.0,0.0,0.0,0.086,556800000.0,270500000.0,374800000.0,0.264,3.095,21.608,21.889,421000000.0,0.0,23.64,1.86,1.86,474300000.0,1095800000.0,2288100000.0,2288100000.0,0.0,0.081,0.146,0.289,0.12,10500000.0,553000000.0,1.0,180064744.0,180064744.0,,12.707,1743200000.0,40100000.0,72500000.0,0.0,9.681,707500000.0
28,AOS,MRT,2014-06-30,2014-06-30,2014-06-30,2021-09-09,-258900000.0,2430700000.0,2388075000.0,1233900000.0,1196800000.0,0.939,7.487,-110300000.0,393700000.0,393700000.0,1434100000.0,192600000.0,2.243,0.792,250400000.0,14200000.0,236200000.0,250400000.0,0.0,61300000.0,0.0,0.011,0.27,266900000.0,328200000.0,0.146,328200000.0,266900000.0,261500000.0,1.05,1.05,1.05,1356700000.0,1320350000.0,1356700000.0,4349503092.0,16.0,13.253,154100000.0,0.85,1.0,808600000.0,0.361,750900000.0,5400000.0,986500000.0,923325000.0,206800000.0,102900000.0,102900000.0,0.0,1074000000.0,550000000.0,524000000.0,4492303092.0,27600000.0,0.0,-113600000.0,41400000.0,-49500000.0,-121700000.0,-115100000.0,-4800000.0,264400000.0,0.0,192600000.0,192600000.0,192600000.0,0.0,0.0,0.086,546300000.0,262300000.0,356900000.0,0.257,3.311,23.325,23.61,416500000.0,0.0,24.79,2.003,2.003,457000000.0,1058800000.0,2242700000.0,2242700000.0,0.0,0.081,0.146,0.289,0.119,10500000.0,541200000.0,1.0,181214324.0,181214324.0,,12.376,1679800000.0,40600000.0,68900000.0,0.0,9.27,683900000.0
29,AOS,MRT,2014-03-31,2014-03-31,2014-03-31,2021-09-09,-263300000.0,2381200000.0,2354200000.0,1198200000.0,1183000000.0,0.933,7.361,-104600000.0,369800000.0,369800000.0,1406000000.0,177400000.0,2.233,0.773,227000000.0,14000000.0,213000000.0,227000000.0,0.0,60400000.0,0.0,0.011,0.255,249800000.0,310200000.0,0.141,310200000.0,249800000.0,244200000.0,0.96,0.96,0.96,1343400000.0,1295300000.0,1343400000.0,4010489703.0,16.0,12.929,153500000.0,0.841,1.0,790400000.0,0.36,751900000.0,5600000.0,950000000.0,897225000.0,197400000.0,102700000.0,102700000.0,0.0,1037800000.0,536500000.0,501300000.0,4199289703.0,62900000.0,-400000.0,-85500000.0,200000.0,-47000000.0,-132300000.0,-62900000.0,42100000.0,258100000.0,0.0,177400000.0,177400000.0,177400000.0,0.0,0.0,0.081,544700000.0,245700000.0,341400000.0,0.266,3.126,23.671,23.969,402300000.0,0.0,23.01,1.912,1.912,455600000.0,1015200000.0,2196400000.0,2196400000.0,0.0,0.075,0.137,0.278,0.114,10500000.0,535400000.0,1.0,182498466.0,182498466.0,,12.035,1629300000.0,40000000.0,66800000.0,0.0,8.928,661700000.0
30,AOS,MRT,2013-12-31,2013-12-31,2013-12-31,2021-09-09,-259100000.0,2391500000.0,2325675000.0,1205600000.0,1185900000.0,0.926,7.283,-97700000.0,380700000.0,380700000.0,1380000000.0,169700000.0,2.04,0.8,191900000.0,14200000.0,177700000.0,191900000.0,0.0,59700000.0,0.0,0.009,0.23,242100000.0,301800000.0,0.14,301800000.0,242100000.0,236400000.0,0.92,0.915,0.92,1328700000.0,1268375000.0,1328700000.0,4774333726.0,20.0,15.82,181900000.0,0.997,1.0,773800000.0,0.359,758300000.0,5700000.0,853500000.0,894475000.0,193400000.0,105300000.0,105300000.0,0.0,1062800000.0,590900000.0,471900000.0,4920633726.0,113800000.0,-4000000.0,-63500000.0,-51500000.0,-42600000.0,-157600000.0,-8200000.0,93500000.0,279600000.0,0.0,169700000.0,169700000.0,169700000.0,0.0,0.0,0.079,535500000.0,238300000.0,387100000.0,0.25,3.703,28.996,29.315,391300000.0,0.0,26.97,2.285,2.285,458700000.0,982200000.0,2153800000.0,2153800000.0,0.0,0.073,0.134,0.271,0.112,10500000.0,524500000.0,1.0,182448414.0,182448414.0,,11.805,1633200000.0,40100000.0,66700000.0,21000000.0,8.952,614700000.0
31,AOS,MRT,2013-09-30,2013-09-30,2013-09-30,2021-09-09,-309300000.0,2348900000.0,2297500000.0,1165000000.0,1183900000.0,0.922,6.77,-91100000.0,374100000.0,374100000.0,1359700000.0,166600000.0,2.177,0.875,227800000.0,14400000.0,213400000.0,227800000.0,0.0,56400000.0,0.0,0.008,0.17,243700000.0,300100000.0,0.142,300100000.0,243700000.0,237100000.0,0.895,0.9,0.895,1252600000.0,1234725000.0,1252600000.0,4024874022.0,17.0,13.412,167000000.0,0.903,1.0,759500000.0,0.358,764100000.0,6600000.0,903300000.0,924900000.0,189500000.0,102700000.0,102700000.0,0.0,1096300000.0,535200000.0,561100000.0,4181674022.0,94500000.0,-17500000.0,-63200000.0,-52200000.0,-40800000.0,-156200000.0,-7400000.0,101200000.0,258100000.0,0.0,166600000.0,166600000.0,166600000.0,3900000.0,0.0,0.079,516500000.0,243000000.0,344500000.0,0.19,3.338,25.1,25.251,371700000.0,0.0,22.6,1.973,1.973,436000000.0,950700000.0,2119200000.0,2119200000.0,0.0,0.073,0.135,0.263,0.115,0.0,510100000.0,1.0,185029824.0,185029824.0,,11.453,1584800000.0,36900000.0,70500000.0,0.0,8.565,629800000.0
32,AOS,MRT,2013-06-30,2013-06-30,2013-06-30,2021-09-09,-318700000.0,2295200000.0,2269100000.0,1125600000.0,1169600000.0,0.901,6.776,-77800000.0,366100000.0,366100000.0,1325500000.0,157400000.0,2.297,0.827,209300000.0,8600000.0,200700000.0,209300000.0,0.0,56100000.0,0.0,0.009,0.16,234900000.0,291000000.0,0.142,291000000.0,234900000.0,227800000.0,0.845,0.85,0.845,1256500000.0,1219425000.0,1256500000.0,3286175057.0,14.0,11.293,167400000.0,0.903,1.0,719700000.0,0.352,766200000.0,7100000.0,882100000.0,947575000.0,178900000.0,97800000.0,97800000.0,0.0,1038700000.0,490100000.0,548600000.0,3363975057.0,106500000.0,-17500000.0,-10900000.0,-76100000.0,-38900000.0,-125900000.0,-12800000.0,82500000.0,245200000.0,0.0,157400000.0,157400000.0,157400000.0,3900000.0,0.0,0.077,486600000.0,233100000.0,315000000.0,0.189,2.677,21.372,21.467,353700000.0,0.0,18.14,1.645,1.645,422600000.0,915700000.0,2045200000.0,2045200000.0,0.0,0.069,0.129,0.248,0.115,0.0,487900000.0,1.0,185445152.0,185445152.0,,11.029,1529000000.0,34300000.0,70400000.0,0.0,8.245,635500000.0
33,AOS,MRT,2013-03-31,2013-03-31,2013-03-31,2021-09-09,-315000000.0,2267100000.0,2243200000.0,1105800000.0,1161300000.0,0.883,6.684,-75200000.0,306900000.0,306900000.0,1298100000.0,150300000.0,2.318,0.835,229100000.0,18600000.0,210500000.0,229100000.0,0.0,55300000.0,0.0,0.008,0.14,224800000.0,280100000.0,0.141,280100000.0,224800000.0,217100000.0,0.81,0.815,0.81,1235700000.0,1194750000.0,1235700000.0,3377289564.0,15.0,12.057,105400000.0,0.57,1.0,682200000.0,0.344,773200000.0,7700000.0,939000000.0,971475000.0,169800000.0,144500000.0,144500000.0,0.0,1031400000.0,477100000.0,554300000.0,3400489564.0,-60300000.0,-17100000.0,-8000000.0,-91200000.0,-35300000.0,-134500000.0,-106400000.0,-14100000.0,180600000.0,0.0,150300000.0,150300000.0,150300000.0,3900000.0,0.0,0.076,459700000.0,222500000.0,306000000.0,0.173,2.752,22.625,22.707,346000000.0,0.0,18.392,1.717,1.717,423700000.0,884900000.0,1980300000.0,1980300000.0,0.0,0.067,0.126,0.231,0.114,0.0,465200000.0,1.0,184884576.0,184884576.0,,10.711,1493900000.0,32600000.0,66800000.0,13400000.0,8.08,628700000.0
34,AOS,MRT,2012-12-31,2012-12-31,2012-12-31,2021-09-09,-320500000.0,2278800000.0,2238975000.0,1114600000.0,1164200000.0,0.866,6.466,-69900000.0,266900000.0,266900000.0,1287300000.0,158700000.0,2.201,0.908,243700000.0,18600000.0,225100000.0,243700000.0,0.0,54600000.0,0.0,0.008,0.13,239100000.0,293700000.0,0.151,293700000.0,239100000.0,229900000.0,0.86,0.855,0.86,1194100000.0,1171000000.0,1194100000.0,2911839096.0,12.0,9.914,73900000.0,0.4,1.0,652000000.0,0.336,774100000.0,9200000.0,975200000.0,965500000.0,163400000.0,196000000.0,196000000.0,0.0,1084700000.0,506300000.0,578400000.0,2911839096.0,-196500000.0,-13500000.0,-1500000.0,-218800000.0,-33200000.0,-253500000.0,-86800000.0,-3400000.0,143800000.0,0.0,158700000.0,158700000.0,158700000.0,3900000.0,0.0,0.082,443300000.0,208700000.0,328900000.0,0.151,2.439,18.348,18.334,345700000.0,0.0,15.768,1.501,1.501,425400000.0,855100000.0,1939300000.0,1939300000.0,0.0,0.071,0.136,0.248,0.123,0.0,450500000.0,1.0,184673480.0,184673480.0,,10.501,1504700000.0,33200000.0,71200000.0,6300000.0,8.148,608300000.0
35,AOS,MRT,2012-09-30,2012-09-30,2012-09-30,2021-09-09,-302100000.0,2235300000.0,2256525000.0,1088400000.0,1146900000.0,0.838,6.448,-61300000.0,279600000.0,279600000.0,1269400000.0,151600000.0,2.352,0.876,279600000.0,18600000.0,261000000.0,279600000.0,0.0,54200000.0,0.0,0.012,0.17,230100000.0,284300000.0,0.15,284300000.0,230100000.0,220100000.0,0.693,0.69,0.693,1191400000.0,1143925000.0,1191400000.0,2682753151.0,12.0,9.436,140500000.0,0.76,1.0,621400000.0,0.329,778500000.0,10000000.0,994000000.0,983800000.0,178200000.0,202600000.0,202600000.0,0.0,1043900000.0,462800000.0,581100000.0,2657753151.0,-161000000.0,-3000000.0,-12300000.0,-117200000.0,-31400000.0,-160900000.0,-201900000.0,-10000000.0,201800000.0,0.0,151600000.0,151600000.0,151600000.0,-600000.0,0.0,0.08,425500000.0,195900000.0,289400000.0,0.245,2.231,17.531,20.758,331100000.0,0.0,14.385,1.406,1.406,369100000.0,825200000.0,1890800000.0,1890800000.0,0.0,0.067,0.133,0.234,0.122,0.0,431900000.0,1.0,184758648.0,184758648.0,,10.234,1456800000.0,32500000.0,68500000.0,0.0,7.885,625600000.0
36,AOS,MRT,2012-06-30,2012-06-30,2012-06-30,2021-09-09,-304700000.0,2191600000.0,2287375000.0,1053800000.0,1137800000.0,0.805,6.243,-59500000.0,259600000.0,259600000.0,1257300000.0,296900000.0,2.294,0.893,284600000.0,18600000.0,266000000.0,284600000.0,0.0,51700000.0,0.0,0.013,0.16,373900000.0,425600000.0,0.231,425600000.0,373900000.0,363300000.0,1.478,1.467,1.478,1157800000.0,1126950000.0,1157800000.0,2218586894.0,6.0,5.213,90000000.0,0.485,1.0,583300000.0,0.317,779500000.0,10600000.0,977700000.0,962750000.0,177000000.0,180100000.0,180100000.0,0.0,1033800000.0,459400000.0,574400000.0,2266586894.0,151400000.0,-421100000.0,-12800000.0,-89500000.0,-29600000.0,-131900000.0,133800000.0,12500000.0,149500000.0,0.0,296900000.0,296900000.0,296900000.0,-156000000.0,0.0,0.161,412600000.0,170700000.0,278100000.0,0.108,1.958,7.634,8.27,325300000.0,0.0,12.223,1.231,1.231,382700000.0,797500000.0,1840600000.0,1840600000.0,0.0,0.13,0.263,0.388,0.203,0.0,412600000.0,1.0,185443804.0,185443804.0,,9.925,1412100000.0,31300000.0,66400000.0,0.0,7.615,594400000.0
37,AOS,MRT,2012-03-31,2012-03-31,2012-03-31,2021-09-09,-298700000.0,2250200000.0,2275250000.0,1106700000.0,1143500000.0,0.774,6.207,-54200000.0,367200000.0,367200000.0,1227000000.0,312200000.0,2.203,0.973,319200000.0,18600000.0,300600000.0,319200000.0,0.0,49600000.0,0.0,0.014,0.155,385900000.0,435500000.0,0.247,435500000.0,385900000.0,375400000.0,1.56,1.547,1.56,1140700000.0,1079950000.0,1140700000.0,2063492928.0,5.0,4.738,53200000.0,0.289,1.0,534700000.0,0.304,784700000.0,10500000.0,915100000.0,1079525000.0,172200000.0,60900000.0,60900000.0,0.0,1109500000.0,502400000.0,607100000.0,2065292928.0,243000000.0,-421100000.0,-5700000.0,-20100000.0,-28600000.0,-54400000.0,190000000.0,62000000.0,107400000.0,0.0,312200000.0,312200000.0,312200000.0,-177700000.0,0.0,0.177,377600000.0,157100000.0,302800000.0,0.099,1.811,6.615,7.204,319900000.0,0.0,11.238,1.172,1.172,451400000.0,770000000.0,1761700000.0,1761700000.0,0.0,0.137,0.289,0.357,0.219,0.0,388800000.0,1.0,183785800.0,183785800.0,,9.586,1465500000.0,32000000.0,63200000.0,0.0,7.974,604300000.0
38,AOS,MRT,2011-12-31,2011-12-31,2011-12-31,2021-09-09,-300900000.0,2349000000.0,2264025000.0,1208700000.0,1140300000.0,0.756,5.865,-53500000.0,463400000.0,463400000.0,1197900000.0,305700000.0,2.359,1.163,461600000.0,18600000.0,443000000.0,461600000.0,0.0,47000000.0,0.0,0.015,0.15,365300000.0,412300000.0,0.241,412300000.0,365300000.0,356000000.0,1.655,1.64,1.655,1085800000.0,1025250000.0,1085800000.0,1811095285.0,5.0,4.393,5200000.0,0.028,1.0,512600000.0,0.3,786500000.0,9300000.0,1048400000.0,1209425000.0,168400000.0,162400000.0,162400000.0,0.0,1263200000.0,512300000.0,750900000.0,1856795285.0,344500000.0,-421100000.0,-12300000.0,200200000.0,-27700000.0,160200000.0,125600000.0,0.0,58700000.0,0.0,305700000.0,305700000.0,305700000.0,-194500000.0,0.0,0.179,361600000.0,151000000.0,302500000.0,0.091,1.71,6.074,6.06,315300000.0,0.0,10.03,1.086,1.086,368400000.0,729900000.0,1710500000.0,1710500000.0,0.0,0.135,0.298,0.302,0.214,0.0,372800000.0,1.0,185124156.0,185124156.0,,9.24,1562500000.0,24600000.0,50300000.0,3100000.0,8.44,696400000.0
39,AOS,MRT,2011-09-30,2011-09-30,2011-09-30,2021-09-09,-252900000.0,2358700000.0,2204425000.0,1227400000.0,1131300000.0,0.728,6.078,-53000000.0,440600000.0,440600000.0,1131000000.0,305700000.0,1.981,1.099,394900000.0,18600000.0,376300000.0,394900000.0,0.0,44700000.0,0.0,0.018,0.145,357100000.0,401800000.0,0.25,401800000.0,357100000.0,348800000.0,1.655,1.643,1.655,1123500000.0,974150000.0,1123500000.0,1747389164.0,5.0,4.349,-66500000.0,-0.36,1.0,473900000.0,0.295,783500000.0,8300000.0,909800000.0,1268700000.0,176700000.0,154700000.0,154700000.0,0.0,1235200000.0,619700000.0,615500000.0,1480089164.0,331500000.0,-421300000.0,3600000.0,117100000.0,-26700000.0,94000000.0,251000000.0,0.0,-13500000.0,0.0,305800000.0,305800000.0,305800000.0,-205500000.0,-100000.0,0.191,342700000.0,131200000.0,276300000.0,0.088,1.317,4.84,4.838,308700000.0,0.0,8.008,0.922,0.922,369500000.0,705200000.0,1604900000.0,1604900000.0,0.0,0.139,0.314,0.281,0.223,0.0,352600000.0,1.0,184837860.0,184837860.0,,8.683,1575200000.0,62200000.0,43000000.0,191600000.0,8.522,607700000.0
40,AOS,MRT,2011-06-30,2011-06-30,2011-06-30,2021-09-09,-228800000.0,2143100000.0,2116400000.0,991200000.0,1151900000.0,0.742,5.249,-61700000.0,108200000.0,108200000.0,1107900000.0,155400000.0,1.85,1.21,375500000.0,18600000.0,356900000.0,375500000.0,0.0,43300000.0,0.0,0.013,0.14,200200000.0,243500000.0,0.155,243500000.0,200200000.0,192700000.0,0.845,0.838,0.845,969800000.0,904000000.0,969800000.0,2169538689.0,11.0,8.91,-74800000.0,-0.405,1.0,462400000.0,0.294,429700000.0,7500000.0,1444800000.0,1242400000.0,161600000.0,0.0,0.0,0.0,1173300000.0,535900000.0,637400000.0,1953938689.0,14200000.0,-8800000.0,2700000.0,125500000.0,-25700000.0,102500000.0,-75200000.0,0.0,-13100000.0,0.0,155500000.0,155500000.0,155500000.0,-65900000.0,-100000.0,0.099,332400000.0,130000000.0,258300000.0,0.166,2.015,12.566,12.515,266300000.0,0.0,10.575,1.244,1.244,327700000.0,530400000.0,1570300000.0,1570300000.0,0.0,0.073,0.172,0.161,0.127,0.0,342300000.0,1.0,184769616.0,184769616.0,,8.499,1713400000.0,94100000.0,37200000.0,0.0,9.273,455300000.0
41,AOS,MRT,2011-03-31,2011-03-31,2011-03-31,2021-09-09,-229400000.0,2205300000.0,2072425000.0,987000000.0,1218300000.0,0.743,5.027,-58200000.0,124200000.0,124200000.0,1075300000.0,121700000.0,1.777,1.392,339800000.0,18600000.0,321200000.0,339800000.0,0.0,41500000.0,0.0,0.012,0.138,147900000.0,189400000.0,0.123,189400000.0,147900000.0,140900000.0,0.662,0.657,0.662,921900000.0,862950000.0,921900000.0,2174836971.0,15.0,11.483,28800000.0,0.157,1.0,464700000.0,0.302,430800000.0,7000000.0,1434700000.0,1071650000.0,160800000.0,0.0,0.0,0.0,1283400000.0,555400000.0,728000000.0,2032736971.0,44400000.0,-8800000.0,3600000.0,50700000.0,-25200000.0,29100000.0,-71700000.0,4600000.0,87000000.0,0.0,121800000.0,121800000.0,121800000.0,-61700000.0,-100000.0,0.079,376500000.0,88200000.0,279300000.0,0.208,2.205,16.689,16.745,262800000.0,0.0,11.085,1.32,1.32,362000000.0,486600000.0,1540000000.0,1540000000.0,0.0,0.059,0.141,0.138,0.096,0.0,341000000.0,1.0,183377264.0,183377264.0,,8.398,1774500000.0,117500000.0,19100000.0,0.0,9.677,431600000.0
42,AOS,MRT,2010-12-31,2010-12-31,2010-12-31,2021-09-09,-229400000.0,2110600000.0,2010900000.0,896000000.0,1214600000.0,0.741,4.81,-53500000.0,118900000.0,118900000.0,1043300000.0,111500000.0,1.669,1.395,261000000.0,18600000.0,242400000.0,261000000.0,0.0,40800000.0,0.0,0.014,0.135,135900000.0,176700000.0,0.119,176700000.0,135900000.0,129000000.0,0.61,0.605,0.61,881400000.0,832875000.0,881400000.0,1912005690.0,14.0,10.821,71300000.0,0.389,1.0,446000000.0,0.299,430400000.0,6900000.0,1285500000.0,924175000.0,146800000.0,0.0,0.0,0.0,1229200000.0,536800000.0,692400000.0,1744505690.0,42600000.0,-8800000.0,4000000.0,5000000.0,-24700000.0,-15700000.0,-66500000.0,4600000.0,124800000.0,0.0,111700000.0,111700000.0,111700000.0,-54400000.0,-200000.0,0.075,364200000.0,81800000.0,263000000.0,0.221,1.979,15.618,15.607,258400000.0,0.0,9.52,1.171,1.171,313300000.0,452100000.0,1489300000.0,1489300000.0,0.0,0.056,0.134,0.147,0.091,0.0,328700000.0,1.0,183246396.0,183246396.0,,8.127,1680200000.0,117000000.0,17300000.0,5700000.0,9.169,359200000.0
43,AOS,MRT,2010-09-30,2010-09-30,2010-09-30,2021-09-09,-228500000.0,2006600000.0,1976875000.0,876400000.0,1130200000.0,0.512,4.602,-51600000.0,109100000.0,109100000.0,650000000.0,102100000.0,1.278,1.358,276600000.0,179100000.0,97500000.0,276600000.0,0.0,16900000.0,0.0,0.014,0.133,133700000.0,150600000.0,0.149,150600000.0,133700000.0,130300000.0,0.578,0.572,0.578,842900000.0,805200000.0,842900000.0,1917738123.0,14.0,12.734,95900000.0,0.524,1.0,362200000.0,0.358,683700000.0,3400000.0,804600000.0,908950000.0,268600000.0,0.0,0.0,0.0,1144700000.0,685800000.0,458900000.0,1767038123.0,39900000.0,-74600000.0,8600000.0,42600000.0,-24200000.0,27000000.0,-134600000.0,4600000.0,147500000.0,0.0,110500000.0,110500000.0,110500000.0,-71900000.0,-8400000.0,0.109,305900000.0,56300000.0,337800000.0,0.23,2.096,15.991,16.693,401100000.0,0.0,9.648,1.746,1.746,422400000.0,426400000.0,1012200000.0,1012200000.0,0.0,0.056,0.137,0.147,0.132,0.0,268900000.0,1.0,183144390.0,183144390.0,,5.527,1322900000.0,39000000.0,19800000.0,0.0,7.223,190600000.0
44,AOS,MRT,2010-06-30,2010-06-30,2010-06-30,2021-09-09,-238300000.0,1967200000.0,1923325000.0,841500000.0,1125700000.0,0.591,4.4,-39700000.0,94000000.0,94000000.0,742800000.0,104700000.0,1.251,1.418,244700000.0,145500000.0,99200000.0,244700000.0,0.0,24100000.0,0.0,0.016,0.13,141400000.0,165500000.0,0.146,165500000.0,141400000.0,137200000.0,0.594,0.589,0.594,805600000.0,781250000.0,805600000.0,1677446276.0,12.0,10.136,182800000.0,0.998,1.0,393500000.0,0.346,683400000.0,4200000.0,761800000.0,933600000.0,257100000.0,0.0,0.0,0.0,1142600000.0,672700000.0,469900000.0,1470646276.0,40500000.0,-69000000.0,11700000.0,-53400000.0,-23700000.0,-65400000.0,-116600000.0,4600000.0,222500000.0,0.0,113100000.0,113100000.0,113100000.0,-56100000.0,-8400000.0,0.1,313300000.0,80200000.0,368700000.0,0.219,1.826,13.003,13.521,390800000.0,0.0,8.032,1.294,1.294,416500000.0,400900000.0,1136300000.0,1136300000.0,0.0,0.059,0.145,0.151,0.124,0.0,279300000.0,1.0,183105990.0,183105990.0,,6.206,1283800000.0,45900000.0,24100000.0,0.0,7.011,168800000.0
45,AOS,MRT,2010-03-31,2010-03-31,2010-03-31,2021-09-09,-228400000.0,1959200000.0,1879475000.0,805800000.0,1153400000.0,0.67,4.399,-39900000.0,79800000.0,79800000.0,858300000.0,111800000.0,1.274,1.42,286600000.0,170200000.0,116400000.0,286600000.0,0.0,32000000.0,0.0,0.014,0.119,159400000.0,191400000.0,0.152,191400000.0,159400000.0,153700000.0,0.646,0.639,0.646,801600000.0,755750000.0,801600000.0,1773598306.0,11.0,9.266,205400000.0,1.127,1.0,401700000.0,0.319,688500000.0,5700000.0,844800000.0,1001775000.0,240900000.0,0.0,0.0,0.0,1138600000.0,632700000.0,505900000.0,1596698306.0,35100000.0,-69500000.0,10200000.0,-79700000.0,-23400000.0,-92900000.0,-117300000.0,1400000.0,245300000.0,0.0,117800000.0,117800000.0,117800000.0,-38600000.0,-6000000.0,0.093,283900000.0,117800000.0,311500000.0,0.184,1.992,13.554,13.563,407600000.0,0.0,8.762,1.267,1.267,405700000.0,390400000.0,1260000000.0,1260000000.0,0.0,0.063,0.156,0.159,0.127,0.0,284100000.0,1.0,182236824.0,182236824.0,,6.914,1270700000.0,42200000.0,35900000.0,0.0,6.973,173100000.0
46,AOS,MRT,2009-12-31,2009-12-31,2009-12-31,2021-09-09,-230900000.0,1974500000.0,1844650000.0,740000000.0,1234500000.0,0.745,4.233,-42700000.0,76300000.0,76300000.0,980100000.0,89600000.0,1.506,1.537,253200000.0,21100000.0,232100000.0,253200000.0,0.0,38300000.0,0.0,0.016,0.118,127700000.0,166000000.0,0.121,166000000.0,127700000.0,120500000.0,0.593,0.59,0.593,770700000.0,720825000.0,770700000.0,1479343487.0,12.0,8.912,220200000.0,1.209,1.0,394900000.0,0.287,435500000.0,7200000.0,1224600000.0,1075625000.0,110500000.0,0.0,0.0,0.0,1184700000.0,491300000.0,693400000.0,1316743487.0,41000000.0,-76500000.0,7600000.0,-91100000.0,-21400000.0,-104900000.0,-117000000.0,8900000.0,262900000.0,0.0,89600000.0,89600000.0,89600000.0,-29100000.0,0.0,0.065,293100000.0,101800000.0,236800000.0,0.199,1.709,14.696,12.195,249000000.0,0.0,7.232,0.958,0.958,275600000.0,365400000.0,1375000000.0,1375000000.0,0.0,0.049,0.124,0.119,0.093,0.0,291800000.0,1.0,182080224.0,182080224.0,,7.552,1539000000.0,119700000.0,30900000.0,6500000.0,8.452,248700000.0
47,AOS,MRT,2009-09-30,2009-09-30,2009-09-30,2021-09-09,-231900000.0,1792400000.0,1833200000.0,723100000.0,1069300000.0,0.62,4.129,-25200000.0,69200000.0,69200000.0,798200000.0,71300000.0,1.565,1.399,231800000.0,21100000.0,210700000.0,231800000.0,0.0,36200000.0,0.0,0.017,0.108,142100000.0,178300000.0,0.157,178300000.0,142100000.0,137800000.0,0.381,0.378,0.381,747100000.0,584800000.0,747100000.0,1388828703.0,10.0,7.789,185100000.0,1.023,1.0,338600000.0,0.298,589900000.0,4300000.0,903200000.0,1051900000.0,218700000.0,0.0,0.0,0.0,1045300000.0,461900000.0,583400000.0,1148928703.0,27600000.0,-4900000.0,4700000.0,-119100000.0,-20300000.0,-134700000.0,-48300000.0,8900000.0,210300000.0,0.0,114200000.0,114200000.0,114200000.0,-30000000.0,-42900000.0,0.1,265800000.0,72800000.0,287600000.0,0.283,1.538,10.061,16.667,407600000.0,0.0,6.35,1.011,1.011,367900000.0,348500000.0,1136800000.0,1136800000.0,0.0,0.062,0.195,0.135,0.125,0.0,273100000.0,1.0,180933654.0,180933654.0,,6.283,1202500000.0,69200000.0,23600000.0,0.0,6.646,261200000.0
48,AOS,MRT,2009-06-30,2009-06-30,2009-06-30,2021-09-09,-243400000.0,1791800000.0,1853125000.0,717500000.0,1074300000.0,0.668,3.882,-34900000.0,53500000.0,53500000.0,914300000.0,57100000.0,1.742,1.547,293400000.0,21100000.0,272300000.0,293400000.0,0.0,35700000.0,0.0,0.02,0.107,111200000.0,146900000.0,0.119,146900000.0,111200000.0,104800000.0,0.291,0.289,0.291,703600000.0,603675000.0,703600000.0,1290790063.0,12.0,8.787,136900000.0,0.755,1.0,323700000.0,0.261,585400000.0,6400000.0,1034500000.0,1102725000.0,226000000.0,0.0,0.0,0.0,1088200000.0,411800000.0,676400000.0,983890063.0,12800000.0,-4900000.0,2100000.0,-84100000.0,-19400000.0,-101400000.0,-58000000.0,8900000.0,171800000.0,0.0,85400000.0,85400000.0,85400000.0,-29800000.0,-28300000.0,0.069,266100000.0,57600000.0,246100000.0,0.368,1.398,11.521,18.654,409000000.0,0.0,5.428,0.795,0.795,370600000.0,319900000.0,1238000000.0,1238000000.0,0.0,0.046,0.141,0.101,0.09,0.0,268000000.0,1.0,181250856.0,181250856.0,,6.83,1206400000.0,82500000.0,19400000.0,0.0,6.656,305700000.0
49,AOS,MRT,2009-03-31,2009-03-31,2009-03-31,2021-09-09,-265100000.0,1819900000.0,1881100000.0,736900000.0,1083000000.0,0.724,3.654,-41900000.0,44700000.0,44700000.0,1018600000.0,64700000.0,1.813,1.75,351600000.0,17500000.0,334100000.0,351600000.0,0.0,35300000.0,0.0,0.025,0.105,105000000.0,140300000.0,0.103,140300000.0,105000000.0,96400000.0,0.316,0.316,0.316,661900000.0,632875000.0,661900000.0,1065589538.0,10.0,7.595,77200000.0,0.426,1.0,342800000.0,0.252,580200000.0,8600000.0,1140200000.0,1140050000.0,259600000.0,0.0,0.0,0.0,1158000000.0,406400000.0,751600000.0,760189538.0,-19700000.0,-4400000.0,2100000.0,-69500000.0,-17500000.0,-84900000.0,-53900000.0,19500000.0,119100000.0,0.0,73600000.0,73600000.0,73600000.0,-30000000.0,-8900000.0,0.054,273100000.0,69700000.0,225100000.0,0.332,1.148,10.329,13.281,415000000.0,0.0,4.197,0.558,0.558,357600000.0,861600000.0,1361400000.0,1361400000.0,0.0,0.039,0.116,0.092,0.077,0.0,273800000.0,1.0,181141272.0,181141272.0,,7.516,1239700000.0,99600000.0,22800000.0,0.0,6.844,330500000.0
50,AOS,MRT,2008-12-31,2008-12-31,2008-12-31,2021-09-09,-89800000.0,1928700000.0,1898000000.0,823500000.0,1105200000.0,0.765,1.254,-41200000.0,35300000.0,35300000.0,1077200000.0,77300000.0,1.599,5.529,334800000.0,17500000.0,317300000.0,334800000.0,0.0,35800000.0,0.0,0.021,0.103,115900000.0,151700000.0,0.105,151700000.0,115900000.0,104900000.0,0.383,0.383,0.383,226600000.0,665500000.0,226600000.0,1208912791.0,10.0,7.969,59800000.0,0.331,1.0,374100000.0,0.258,583400000.0,11000000.0,1129700000.0,1163525000.0,282000000.0,0.0,0.0,0.0,1252900000.0,515100000.0,737800000.0,889112791.0,-19700000.0,2600000.0,2100000.0,-50100000.0,-19000000.0,-67000000.0,-53700000.0,12000000.0,101000000.0,0.0,77300000.0,77300000.0,77300000.0,-30100000.0,0.0,0.053,285700000.0,88400000.0,274800000.0,0.269,3.924,11.502,12.846,419100000.0,0.0,4.92,0.613,0.613,363500000.0,316100000.0,1451300000.0,1451300000.0,0.0,0.041,0.116,0.1,0.08,0.0,283300000.0,1.0,180713982.0,180713982.0,,8.031,1345300000.0,116500000.0,27600000.0,6000000.0,7.444,308400000.0
51,AOS,MRT,2008-09-30,2008-09-30,2008-09-30,2021-09-09,-98600000.0,1872100000.0,1879425000.0,809300000.0,1062800000.0,1.259,4.556,-74200000.0,27600000.0,27600000.0,1832700000.0,93200000.0,1.646,1.276,347400000.0,18500000.0,328900000.0,347400000.0,0.0,67500000.0,0.0,0.016,0.102,33600000.0,101100000.0,0.043,101100000.0,33600000.0,11300000.0,0.538,0.542,0.538,822600000.0,798300000.0,822600000.0,1535248968.0,46.0,15.185,91400000.0,0.506,1.0,533400000.0,0.225,593800000.0,22300000.0,1106500000.0,1166175000.0,298500000.0,0.0,0.0,0.0,1049500000.0,491600000.0,557900000.0,1179248968.0,4400000.0,11600000.0,-26800000.0,-80800000.0,-16500000.0,-124100000.0,-50600000.0,12000000.0,165600000.0,0.0,-3600000.0,-3600000.0,-3600000.0,-4300000.0,96800000.0,-0.002,405900000.0,127500000.0,297500000.0,0.19,1.434,-327.569,12.141,416600000.0,0.0,6.532,0.498,0.498,423000000.0,857800000.0,2366100000.0,2366100000.0,0.0,-0.002,-0.005,0.029,0.014,0.0,377000000.0,1.0,180543348.0,180543348.0,,13.105,1278300000.0,41000000.0,14900000.0,40700000.0,7.08,317700000.0
52,AOS,MRT,2008-06-30,2008-06-30,2008-06-30,2021-09-09,-83100000.0,1903700000.0,1879550000.0,838000000.0,1065700000.0,1.233,4.55,-68500000.0,24800000.0,24800000.0,1787000000.0,97500000.0,1.754,1.32,380800000.0,13500000.0,367300000.0,380800000.0,0.0,67000000.0,0.0,0.018,0.1,51900000.0,118900000.0,0.051,118900000.0,51900000.0,27400000.0,0.57,0.572,0.57,820400000.0,777675000.0,820400000.0,1371135066.0,26.0,11.532,98900000.0,0.548,1.0,529900000.0,0.229,598100000.0,24500000.0,1183800000.0,1196275000.0,300900000.0,0.0,0.0,0.0,1083300000.0,477800000.0,605500000.0,986635066.0,9700000.0,11600000.0,-25200000.0,-84000000.0,-17000000.0,-126200000.0,-44900000.0,12000000.0,167400000.0,0.0,15300000.0,15300000.0,15300000.0,-4500000.0,82200000.0,0.007,401200000.0,128700000.0,307300000.0,0.175,1.203,64.486,9.599,415000000.0,0.0,5.472,0.426,0.426,451400000.0,842100000.0,2316900000.0,2316900000.0,0.0,0.008,0.02,0.043,0.022,0.0,374400000.0,1.0,180317100.0,180317100.0,,12.849,1305600000.0,29500000.0,12100000.0,32400000.0,7.241,360200000.0
53,AOS,MRT,2008-03-31,2008-03-31,2008-03-31,2021-09-09,-82900000.0,1887500000.0,1881175000.0,808700000.0,1078800000.0,1.226,4.394,-70200000.0,46600000.0,46600000.0,1783100000.0,93200000.0,1.84,1.382,431100000.0,13500000.0,417600000.0,431100000.0,0.0,68400000.0,0.0,0.018,0.098,70900000.0,139300000.0,0.06,139300000.0,70900000.0,44700000.0,0.55,0.55,0.55,792400000.0,753725000.0,792400000.0,1345846120.0,19.0,9.661,117300000.0,0.651,1.0,523200000.0,0.227,598500000.0,26200000.0,1234100000.0,1222075000.0,282100000.0,0.0,0.0,0.0,1095100000.0,439400000.0,655700000.0,987846120.0,42400000.0,11600000.0,-27900000.0,-54000000.0,-18400000.0,-100300000.0,-58600000.0,0.0,187500000.0,0.0,32800000.0,32800000.0,32800000.0,-4300000.0,60400000.0,0.014,397600000.0,125600000.0,286800000.0,0.178,1.247,30.117,9.961,414500000.0,0.0,5.478,0.428,0.428,418700000.0,815500000.0,2306300000.0,2306300000.0,0.0,0.017,0.044,0.058,0.031,0.0,370400000.0,1.0,180318732.0,180318732.0,,12.79,1289000000.0,28300000.0,11900000.0,35100000.0,7.148,369300000.0
54,AOS,MRT,2007-12-31,2007-12-31,2007-12-31,2021-09-09,-99300000.0,1854400000.0,1879675000.0,767600000.0,1086800000.0,1.23,4.092,-71400000.0,37200000.0,37200000.0,1798700000.0,90800000.0,1.624,1.447,395200000.0,15600000.0,379600000.0,395200000.0,0.0,67600000.0,0.0,0.015,0.087,69000000.0,136600000.0,0.059,136600000.0,69000000.0,41400000.0,0.535,0.535,0.535,757800000.0,732025000.0,757800000.0,1472223508.0,21.0,10.778,114000000.0,0.616,1.0,513400000.0,0.222,599500000.0,27600000.0,1140300000.0,1241200000.0,261800000.0,0.0,0.0,0.0,1096600000.0,472600000.0,624000000.0,1081823508.0,28300000.0,11600000.0,-25200000.0,-67700000.0,-18200000.0,-111100000.0,-59800000.0,0.0,185400000.0,0.0,30400000.0,30400000.0,30400000.0,-4300000.0,60400000.0,0.013,389500000.0,123900000.0,305600000.0,0.163,1.428,35.586,10.919,421100000.0,0.0,5.842,0.468,0.468,415100000.0,799000000.0,2312100000.0,2312100000.0,0.0,0.016,0.042,0.056,0.03,0.0,364900000.0,1.0,185190900.0,185190900.0,,12.485,1254900000.0,34000000.0,11000000.0,37900000.0,6.776,295000000.0
55,AOS,MRT,2007-09-30,2007-09-30,2007-09-30,2021-09-09,-134000000.0,1872600000.0,1876050000.0,781600000.0,1091000000.0,1.218,4.01,-68600000.0,36300000.0,36300000.0,1785100000.0,90100000.0,1.803,1.53,426700000.0,9600000.0,417100000.0,426700000.0,0.0,67000000.0,0.0,0.013,0.095,144100000.0,211100000.0,0.092,211100000.0,144100000.0,116400000.0,0.49,0.483,0.49,740100000.0,713725000.0,740100000.0,1773088160.0,12.0,8.399,91300000.0,0.495,1.0,500700000.0,0.219,602500000.0,27700000.0,1226900000.0,1263200000.0,280300000.0,0.0,0.0,0.0,1132500000.0,433600000.0,698900000.0,1349788160.0,3900000.0,13000000.0,10800000.0,-84200000.0,-21100000.0,-101800000.0,-67100000.0,-100000.0,159900000.0,0.0,90100000.0,90100000.0,90100000.0,300000.0,0.0,0.039,356700000.0,144000000.0,274200000.0,0.194,1.824,14.981,14.925,422600000.0,0.0,7.313,0.591,0.591,406900000.0,787600000.0,2285800000.0,2285800000.0,0.0,0.048,0.126,0.114,0.063,0.0,350100000.0,1.0,184565382.0,184565382.0,,12.385,1270100000.0,26000000.0,26300000.0,13600000.0,6.882,348000000.0
56,AOS,MRT,2007-06-30,2007-06-30,2007-06-30,2021-09-09,-129400000.0,1910200000.0,1881900000.0,822000000.0,1088200000.0,1.22,3.921,-71700000.0,30100000.0,30100000.0,1800300000.0,82400000.0,1.84,1.636,453400000.0,6900000.0,446500000.0,453400000.0,0.0,64200000.0,0.0,0.012,0.083,138000000.0,202200000.0,0.088,202200000.0,138000000.0,109800000.0,0.45,0.443,0.45,724600000.0,695725000.0,724600000.0,1673906495.0,12.0,8.278,64100000.0,0.347,1.0,496000000.0,0.216,599800000.0,28200000.0,1287000000.0,1291950000.0,300400000.0,0.0,0.0,0.0,1185600000.0,446700000.0,738900000.0,1228606495.0,-15200000.0,-300000.0,8300000.0,-63300000.0,-20800000.0,-82200000.0,-83500000.0,-100000.0,135800000.0,0.0,82400000.0,82400000.0,82400000.0,-100000.0,0.0,0.036,357400000.0,138600000.0,294700000.0,0.184,1.696,14.91,14.774,423000000.0,0.0,6.648,0.535,0.535,424600000.0,768400000.0,2296300000.0,2296300000.0,0.0,0.044,0.118,0.107,0.06,0.0,348300000.0,1.0,184799172.0,184799172.0,,12.426,1310400000.0,26700000.0,27400000.0,13000000.0,7.091,375300000.0
57,AOS,MRT,2007-03-31,2007-03-31,2007-03-31,2021-09-09,-127900000.0,1881500000.0,1884600000.0,805900000.0,1075600000.0,1.209,3.829,-70300000.0,21100000.0,21100000.0,1791500000.0,80500000.0,1.878,1.667,466400000.0,6900000.0,459500000.0,466400000.0,0.0,64600000.0,0.0,0.013,0.083,138600000.0,203200000.0,0.089,203200000.0,138600000.0,109900000.0,0.442,0.433,0.442,705600000.0,680000000.0,705600000.0,1587037292.0,11.0,7.81,46200000.0,0.251,1.0,487800000.0,0.214,587100000.0,28700000.0,1310600000.0,1307575000.0,298100000.0,0.0,0.0,0.0,1175900000.0,429100000.0,746800000.0,1173837292.0,-16200000.0,-327900000.0,6900000.0,265600000.0,-20400000.0,252100000.0,-397400000.0,12200000.0,116500000.0,0.0,80500000.0,80500000.0,80500000.0,-300000.0,0.0,0.035,353100000.0,134700000.0,286700000.0,0.188,1.664,14.582,14.412,423400000.0,0.0,6.37,0.515,0.515,425200000.0,746700000.0,2279300000.0,2279300000.0,0.0,0.043,0.118,0.106,0.061,0.0,343800000.0,1.0,184275870.0,184275870.0,,12.369,1294400000.0,22400000.0,29400000.0,13500000.0,7.024,376800000.0
58,AOS,MRT,2006-12-31,2006-12-31,2006-12-31,2021-09-09,-129500000.0,1839900000.0,1755375000.0,760000000.0,1079900000.0,1.231,3.721,-68200000.0,25800000.0,25800000.0,1697400000.0,76500000.0,1.738,1.688,439000000.0,6900000.0,432100000.0,439000000.0,0.0,60900000.0,0.0,0.013,0.083,130000000.0,190900000.0,0.088,190900000.0,130000000.0,105100000.0,0.42,0.412,0.42,684600000.0,661500000.0,684600000.0,1618195572.0,12.0,8.477,60600000.0,0.329,1.0,463900000.0,0.215,587500000.0,24900000.0,1228300000.0,1197425000.0,297300000.0,0.0,0.0,0.0,1155300000.0,437300000.0,718000000.0,1151595572.0,1800000.0,-329300000.0,8300000.0,268900000.0,-20100000.0,257100000.0,-396700000.0,12200000.0,128800000.0,0.0,76500000.0,76500000.0,76500000.0,-300000.0,0.0,0.035,333600000.0,130300000.0,286600000.0,0.198,1.682,15.054,14.905,427200000.0,0.0,6.26,0.533,0.533,378700000.0,732300000.0,2161300000.0,2161300000.0,0.0,0.044,0.116,0.109,0.06,0.0,324000000.0,1.0,183960954.0,183960954.0,,11.749,1252400000.0,22300000.0,28600000.0,27900000.0,6.808,322700000.0
59,AOS,MRT,2006-09-30,2006-09-30,2006-09-30,2021-09-09,-131200000.0,1896000000.0,1618575000.0,831400000.0,1064600000.0,1.268,3.635,-60600000.0,32400000.0,32400000.0,1612000000.0,73600000.0,1.855,1.838,499000000.0,6900000.0,492100000.0,499000000.0,0.0,58200000.0,0.0,0.012,0.082,123200000.0,181400000.0,0.088,181400000.0,123200000.0,102400000.0,0.407,0.398,0.407,668100000.0,643575000.0,668100000.0,1673767988.0,14.0,9.227,51900000.0,0.282,1.0,439700000.0,0.214,572400000.0,20800000.0,1341900000.0,1092075000.0,299600000.0,0.0,0.0,0.0,1227900000.0,448300000.0,779600000.0,1207767988.0,-20200000.0,-357100000.0,12900000.0,284700000.0,-19700000.0,277500000.0,-409900000.0,12300000.0,112500000.0,0.0,73600000.0,73600000.0,73600000.0,-600000.0,0.0,0.036,316700000.0,123000000.0,302500000.0,0.201,1.808,16.41,16.147,415900000.0,0.0,6.572,0.589,0.589,411000000.0,718700000.0,2051700000.0,2051700000.0,0.0,0.045,0.114,0.113,0.06,0.0,306500000.0,1.0,183784122.0,183784122.0,,11.164,1323600000.0,17900000.0,28800000.0,0.0,7.202,383100000.0
60,AOS,MRT,2006-06-30,2006-06-30,2006-06-30,2021-09-09,-124000000.0,1921000000.0,1462175000.0,859900000.0,1061100000.0,1.297,3.608,-59000000.0,45300000.0,45300000.0,1490800000.0,66300000.0,1.832,1.903,511300000.0,6900000.0,504400000.0,511300000.0,0.0,57700000.0,0.0,0.012,0.09,111000000.0,168700000.0,0.089,168700000.0,111000000.0,94300000.0,0.368,0.36,0.368,661700000.0,630550000.0,661700000.0,1577959234.0,14.0,9.354,108300000.0,0.591,1.0,405300000.0,0.214,568200000.0,16700000.0,1349500000.0,964175000.0,293400000.0,0.0,0.0,0.0,1259300000.0,469300000.0,790000000.0,1416859234.0,33400000.0,-343800000.0,12900000.0,269300000.0,-19300000.0,263200000.0,-395000000.0,12300000.0,167300000.0,0.0,66300000.0,66300000.0,66300000.0,-200000.0,0.0,0.035,293800000.0,111500000.0,304900000.0,0.245,2.141,21.37,20.996,415900000.0,0.0,7.727,0.747,0.747,417200000.0,706800000.0,1896100000.0,1896100000.0,0.0,0.045,0.105,0.115,0.059,0.0,283400000.0,1.0,183372636.0,183372636.0,,10.34,1352800000.0,12500000.0,28000000.0,0.0,7.377,390600000.0
61,AOS,MRT,2006-03-31,2006-03-31,2006-03-31,2021-09-09,-130900000.0,1364600000.0,1300225000.0,650800000.0,713800000.0,1.338,3.456,-52100000.0,37300000.0,37300000.0,1376400000.0,47700000.0,1.958,1.161,198400000.0,6900000.0,191500000.0,198400000.0,0.0,52100000.0,0.0,0.01,0.09,81600000.0,133700000.0,0.077,133700000.0,81600000.0,68900000.0,0.267,0.262,0.267,631600000.0,616825000.0,631600000.0,1753355627.0,21.0,13.114,117500000.0,0.643,1.0,362900000.0,0.209,323400000.0,12700000.0,870000000.0,856150000.0,241800000.0,0.0,0.0,0.0,733000000.0,332300000.0,400700000.0,1608055627.0,27200000.0,-16200000.0,17000000.0,-67400000.0,-19200000.0,-69600000.0,-72800000.0,0.0,169600000.0,0.0,47700000.0,47700000.0,47700000.0,0.0,0.0,0.027,275100000.0,87800000.0,235800000.0,0.337,2.546,33.712,32.959,353000000.0,0.0,8.8,0.925,0.925,314400000.0,686600000.0,1739300000.0,1739300000.0,0.0,0.037,0.077,0.095,0.047,0.0,257900000.0,1.0,182733594.0,182733594.0,,9.518,1041200000.0,9500000.0,21200000.0,0.0,5.698,318500000.0
62,AOS,MRT,2005-12-31,2005-12-31,2005-12-31,2021-09-09,-136400000.0,1292700000.0,1291475000.0,576000000.0,716700000.0,1.308,3.395,-50600000.0,24000000.0,24000000.0,1337200000.0,46500000.0,1.873,1.109,169300000.0,6900000.0,162400000.0,169300000.0,0.0,52800000.0,0.0,0.015,0.09,81700000.0,134500000.0,0.08,134500000.0,81700000.0,68700000.0,0.262,0.257,0.262,612900000.0,609200000.0,612900000.0,1211938572.0,15.0,9.011,136100000.0,0.754,1.0,352000000.0,0.208,323500000.0,13000000.0,806900000.0,889650000.0,225400000.0,0.0,0.0,0.0,679800000.0,307600000.0,372200000.0,1056138572.0,-1100000.0,-14800000.0,12900000.0,-111800000.0,-19000000.0,-117900000.0,-69900000.0,0.0,186700000.0,0.0,46500000.0,46500000.0,46500000.0,0.0,0.0,0.028,268400000.0,83600000.0,205100000.0,0.344,1.723,22.713,22.328,356900000.0,0.0,5.85,0.625,0.625,278800000.0,675900000.0,1689200000.0,1689200000.0,0.0,0.036,0.076,0.092,0.048,0.0,251800000.0,1.0,180536508.0,180536508.0,,9.357,969200000.0,13300000.0,22200000.0,5600000.0,5.368,268400000.0
63,AOS,MRT,2005-09-30,2005-09-30,2005-09-30,2021-09-09,-113400000.0,1270400000.0,1296800000.0,586400000.0,684000000.0,1.284,3.42,-48700000.0,52600000.0,52600000.0,1342000000.0,34900000.0,2.076,1.062,208400000.0,10900000.0,197500000.0,208400000.0,0.0,52800000.0,0.0,0.019,0.09,65100000.0,117900000.0,0.071,117900000.0,65100000.0,51100000.0,0.197,0.193,0.197,616000000.0,603625000.0,616000000.0,1080712180.0,17.0,9.166,128400000.0,0.713,1.0,322700000.0,0.194,313500000.0,14000000.0,830300000.0,940525000.0,213200000.0,0.0,0.0,0.0,654400000.0,282400000.0,372000000.0,855612180.0,30800000.0,0.0,3000000.0,-86700000.0,-18900000.0,-97900000.0,-48700000.0,0.0,177100000.0,0.0,34900000.0,34900000.0,34900000.0,0.0,0.0,0.021,255800000.0,66900000.0,183800000.0,0.457,1.389,24.516,24.112,347800000.0,0.0,4.75,0.514,0.514,280400000.0,664700000.0,1664700000.0,1664700000.0,0.0,0.027,0.058,0.069,0.039,0.0,243300000.0,1.0,180128880.0,180128880.0,,9.242,956900000.0,7800000.0,16200000.0,17300000.0,5.312,304000000.0
64,AOS,MRT,2005-06-30,2005-06-30,2005-06-30,2021-09-09,-115800000.0,1273200000.0,1309425000.0,588300000.0,684900000.0,1.257,3.407,-45000000.0,11900000.0,11900000.0,1342500000.0,28200000.0,2.2,1.098,237000000.0,10900000.0,226100000.0,237000000.0,0.0,53100000.0,0.0,0.02,0.09,51700000.0,104800000.0,0.064,104800000.0,51700000.0,37600000.0,0.158,0.157,0.158,606800000.0,599200000.0,606800000.0,1048502214.0,20.0,10.005,60400000.0,0.339,1.0,303700000.0,0.184,313500000.0,14100000.0,917400000.0,992575000.0,226900000.0,0.0,0.0,0.0,666400000.0,267400000.0,399000000.0,792802214.0,-4300000.0,0.0,3000000.0,-52400000.0,-18800000.0,-65100000.0,-45000000.0,0.0,105400000.0,0.0,28200000.0,28200000.0,28200000.0,0.0,0.0,0.017,250500000.0,53200000.0,170300000.0,0.57,1.307,28.114,28.175,348600000.0,0.0,4.452,0.482,0.482,308800000.0,659800000.0,1646200000.0,1646200000.0,0.0,0.022,0.047,0.052,0.031,0.0,241000000.0,1.0,178091100.0,178091100.0,,9.244,959700000.0,11000000.0,9400000.0,16300000.0,5.389,320900000.0
65,AOS,MRT,2005-03-31,2005-03-31,2005-03-31,2021-09-09,-111700000.0,1329600000.0,1327250000.0,607500000.0,722100000.0,1.24,3.377,-45300000.0,10100000.0,10100000.0,1337900000.0,39000000.0,2.265,1.212,265800000.0,8600000.0,257200000.0,265800000.0,0.0,53700000.0,0.0,0.018,0.088,66400000.0,120100000.0,0.073,120100000.0,66400000.0,52600000.0,0.22,0.217,0.22,601100000.0,596675000.0,601100000.0,1112432303.0,17.0,9.263,44600000.0,0.251,1.0,307900000.0,0.187,313100000.0,13800000.0,1004000000.0,1021500000.0,253500000.0,0.0,0.0,0.0,728500000.0,268200000.0,460300000.0,856432303.0,2000000.0,-2300000.0,500000.0,-22500000.0,-18500000.0,-40500000.0,-47600000.0,0.0,89900000.0,0.0,39000000.0,39000000.0,39000000.0,0.0,0.0,0.024,240400000.0,67500000.0,175700000.0,0.4,1.425,21.96,21.871,353400000.0,0.0,4.812,0.52,0.52,294900000.0,658000000.0,1645800000.0,1645800000.0,0.0,0.029,0.065,0.065,0.04,0.0,239500000.0,1.0,177990780.0,177990780.0,,9.247,1016500000.0,10200000.0,13600000.0,15600000.0,5.711,339300000.0
66,AOS,MRT,2004-12-31,2004-12-31,2004-12-31,2021-09-09,-112300000.0,1314000000.0,1326675000.0,586200000.0,727800000.0,1.246,3.338,-48400000.0,25100000.0,25100000.0,1355100000.0,35400000.0,2.379,1.225,281100000.0,8600000.0,272500000.0,281100000.0,0.0,53900000.0,0.0,0.017,0.087,61000000.0,114900000.0,0.07,114900000.0,61000000.0,47500000.0,0.202,0.197,0.202,590600000.0,594550000.0,590600000.0,1156057546.0,19.0,10.061,18200000.0,0.103,1.0,298000000.0,0.18,313200000.0,13500000.0,1010400000.0,1001125000.0,233500000.0,0.0,0.0,0.0,723400000.0,246400000.0,477000000.0,882857546.0,6400000.0,-2300000.0,3000000.0,5700000.0,-18200000.0,-9500000.0,-50700000.0,0.0,66600000.0,0.0,35400000.0,35400000.0,35400000.0,0.0,0.0,0.021,235800000.0,62200000.0,158800000.0,0.431,1.495,24.939,24.703,358800000.0,0.0,4.99,0.534,0.534,281600000.0,648400000.0,1653100000.0,1653100000.0,0.0,0.027,0.06,0.061,0.037,0.0,235800000.0,1.0,176925360.0,176925360.0,,9.343,1000800000.0,12100000.0,12100000.0,12700000.0,5.657,339800000.0
67,AOS,MRT,2004-09-30,2004-09-30,2004-09-30,2021-09-09,-98000000.0,1320900000.0,1318150000.0,597200000.0,723700000.0,1.223,3.388,-51300000.0,21800000.0,21800000.0,1308700000.0,43700000.0,2.448,1.208,295000000.0,8600000.0,286400000.0,295000000.0,0.0,53400000.0,0.0,0.025,0.102,75600000.0,129000000.0,0.08,129000000.0,75600000.0,62700000.0,0.25,0.245,0.25,598300000.0,592775000.0,598300000.0,989806626.0,13.0,7.673,-21100000.0,-0.119,1.0,303800000.0,0.188,311600000.0,12900000.0,1038500000.0,970325000.0,261600000.0,0.0,0.0,0.0,722600000.0,244000000.0,478600000.0,716706626.0,-13600000.0,-4000000.0,0.0,26500000.0,-17800000.0,11700000.0,-55300000.0,0.0,30200000.0,0.0,43700000.0,43700000.0,43700000.0,0.0,0.0,0.027,226600000.0,77200000.0,148200000.0,0.408,1.198,16.401,16.233,347200000.0,0.0,4.058,0.444,0.444,273000000.0,641500000.0,1612500000.0,1612500000.0,0.0,0.033,0.074,0.078,0.047,0.0,226600000.0,1.0,176601222.0,176601222.0,,9.131,1009300000.0,12600000.0,19000000.0,33100000.0,5.715,353200000.0
68,AOS,MRT,2004-06-30,2004-06-30,2004-06-30,2021-09-09,-100100000.0,1344500000.0,1306450000.0,619400000.0,725100000.0,1.209,3.383,-53600000.0,16200000.0,16200000.0,1275700000.0,46700000.0,2.271,1.253,289300000.0,8600000.0,280700000.0,289300000.0,0.0,53100000.0,0.0,0.017,0.092,83800000.0,136900000.0,0.087,136900000.0,83800000.0,71100000.0,0.268,0.262,0.268,596700000.0,580250000.0,596700000.0,1214820373.0,14.0,8.874,-6700000.0,-0.038,1.0,303300000.0,0.192,311800000.0,12700000.0,1033100000.0,926825000.0,255100000.0,0.0,0.0,0.0,747800000.0,272700000.0,475100000.0,934620373.0,-18600000.0,-7100000.0,0.0,9200000.0,-17500000.0,-4200000.0,-60700000.0,0.0,46900000.0,0.0,46700000.0,46700000.0,46700000.0,0.0,0.0,0.03,218000000.0,85300000.0,175000000.0,0.343,1.566,20.013,19.77,349200000.0,0.0,5.298,0.592,0.592,306300000.0,643200000.0,1579000000.0,1579000000.0,0.0,0.036,0.08,0.09,0.053,0.0,218000000.0,1.0,176398938.0,176398938.0,,8.951,1032700000.0,16000000.0,24400000.0,38400000.0,5.854,346700000.0
69,AOS,MRT,2004-03-31,2004-03-31,2004-03-31,2021-09-09,-90500000.0,1327300000.0,1297850000.0,596500000.0,730800000.0,1.201,3.373,-53700000.0,8100000.0,8100000.0,1260600000.0,49200000.0,1.598,1.24,288300000.0,120400000.0,167900000.0,288300000.0,0.0,52600000.0,0.0,0.019,0.09,86800000.0,139400000.0,0.089,139400000.0,86800000.0,74300000.0,0.283,0.277,0.283,592600000.0,567925000.0,592600000.0,1104563491.0,13.0,7.924,-25000000.0,-0.142,1.0,298700000.0,0.192,311800000.0,12500000.0,922500000.0,909200000.0,246900000.0,0.0,0.0,0.0,734700000.0,373200000.0,361500000.0,847763491.0,-19400000.0,-4800000.0,2500000.0,23100000.0,-17100000.0,11100000.0,-58500000.0,0.0,28700000.0,0.0,49200000.0,49200000.0,49200000.0,0.0,0.0,0.032,210800000.0,87900000.0,163600000.0,0.318,1.431,17.231,17.049,354800000.0,0.0,4.825,0.544,0.544,289100000.0,630200000.0,1559300000.0,1559300000.0,0.0,0.038,0.087,0.095,0.056,0.0,210800000.0,1.0,175702278.0,175702278.0,,8.875,1015500000.0,10400000.0,25100000.0,29600000.0,5.78,223300000.0
70,AOS,MRT,2003-12-31,2003-12-31,2003-12-31,2021-09-09,-97200000.0,1279900000.0,1282436750.0,547700000.0,732200000.0,1.194,3.325,-48600000.0,18700000.0,18700000.0,1232000000.0,52200000.0,1.618,1.193,275500000.0,105400000.0,170100000.0,275500000.0,0.0,52100000.0,0.0,0.015,0.088,91200000.0,143300000.0,0.094,143300000.0,91200000.0,79000000.0,0.3,0.293,0.3,583500000.0,550285500.0,583500000.0,1258072756.0,14.0,8.779,-19700000.0,-0.112,1.0,298700000.0,0.195,310900000.0,12200000.0,887200000.0,907578750.0,247000000.0,0.0,0.0,0.0,696400000.0,338600000.0,357800000.0,1025072756.0,-14100000.0,-4800000.0,0.0,24600000.0,-16800000.0,10400000.0,-53400000.0,0.0,28900000.0,0.0,52200000.0,52200000.0,52200000.0,0.0,0.0,0.034,206200000.0,92500000.0,144500000.0,0.293,1.757,19.637,19.472,367500000.0,0.0,5.842,0.67,0.67,236700000.0,631200000.0,1530700000.0,1530700000.0,0.0,0.041,0.095,0.1,0.06,0.0,206200000.0,1.0,175476078.0,175476078.0,,8.723,969000000.0,14300000.0,26800000.0,22200000.0,5.522,209100000.0
71,AOS,MRT,2003-09-30,2003-09-30,2003-09-30,2021-09-09,-115400000.0,1274100000.0,1268686750.0,545700000.0,728400000.0,1.198,3.136,-48600000.0,35400000.0,35400000.0,1221800000.0,50700000.0,1.604,1.324,268400000.0,91800000.0,176600000.0,268400000.0,0.0,51700000.0,0.0,0.018,0.085,88300000.0,140000000.0,0.092,140000000.0,88300000.0,76500000.0,0.29,0.283,0.29,548200000.0,532185500.0,548200000.0,1061406671.0,12.0,7.581,-4900000.0,-0.028,1.0,298600000.0,0.196,302400000.0,11800000.0,864500000.0,903403750.0,248700000.0,0.0,0.0,0.0,725900000.0,340200000.0,385700000.0,816106671.0,2500000.0,-14700000.0,0.0,36400000.0,-16600000.0,22900000.0,-63300000.0,0.0,43700000.0,0.0,50700000.0,50700000.0,50700000.0,0.0,0.0,0.033,209100000.0,89500000.0,148100000.0,0.293,1.489,16.097,16.098,352200000.0,0.0,4.668,0.537,0.537,225700000.0,615500000.0,1520400000.0,1520400000.0,0.0,0.04,0.095,0.098,0.058,0.0,209100000.0,1.0,174817566.0,174817566.0,,8.697,971700000.0,21900000.0,25800000.0,17000000.0,5.558,205500000.0
72,AOS,MRT,2003-06-30,2003-06-30,2003-06-30,2021-09-09,-113100000.0,1310100000.0,1277021250.0,582200000.0,727900000.0,1.187,3.141,-44700000.0,34800000.0,34800000.0,1213000000.0,54700000.0,2.051,1.393,280100000.0,10900000.0,269200000.0,280100000.0,0.0,51400000.0,0.0,0.018,0.083,94000000.0,145400000.0,0.096,145400000.0,94000000.0,82100000.0,0.313,0.307,0.313,547400000.0,548633750.0,547400000.0,1055311142.0,11.0,7.258,15000000.0,0.086,1.0,303400000.0,0.2,309000000.0,11900000.0,962600000.0,922086250.0,233200000.0,0.0,0.0,0.0,762700000.0,283800000.0,478900000.0,817703142.0,8500000.0,-21200000.0,0.0,25500000.0,-16200000.0,15800000.0,-65900000.0,0.0,59700000.0,0.0,54700000.0,54700000.0,54700000.0,0.0,0.0,0.036,208600000.0,94800000.0,162700000.0,0.265,1.494,14.949,14.989,352300000.0,0.0,4.692,0.539,0.539,272500000.0,613900000.0,1516400000.0,1516400000.0,0.0,0.043,0.1,0.102,0.062,0.0,208600000.0,1.0,174288414.0,174288414.0,,8.701,1001100000.0,21300000.0,27400000.0,17300000.0,5.744,298400000.0
73,AOS,MRT,2003-03-31,2003-03-31,2003-03-31,2021-09-09,-120739000.0,1265647000.0,1277275250.0,535616000.0,730031000.0,1.163,2.996,-44620000.0,27501000.0,27501000.0,1184100000.0,52900000.0,1.926,1.424,265109000.0,11671000.0,253438000.0,265109000.0,0.0,51203000.0,0.0,0.02,0.09,93200000.0,144403000.0,0.097,144403000.0,93200000.0,80600000.0,0.313,0.305,0.313,522042000.0,563036750.0,522042000.0,996177936.0,11.0,6.899,37826000.0,0.217,1.0,301000000.0,0.203,309084000.0,12600000.0,916015000.0,925536500.0,217689000.0,0.0,0.0,0.0,743605000.0,278156000.0,465449000.0,778269936.0,5708000.0,-21350000.0,126685000.0,-127002000.0,-15306000.0,-9823000.0,-65970000.0,0.0,82446000.0,0.0,52900000.0,52900000.0,52900000.0,0.0,0.0,0.036,207100000.0,93900000.0,150870000.0,0.288,1.491,14.712,14.271,355107000.0,0.0,4.467,0.524,0.524,246129000.0,598134000.0,1485100000.0,1485100000.0,0.0,0.041,0.094,0.101,0.063,0.0,207100000.0,1.0,174239538.0,174239538.0,,8.523,956563000.0,26008000.0,27700000.0,14260000.0,5.49,257460000.0
74,AOS,MRT,2002-12-31,2002-12-31,2002-12-31,2021-09-09,-121900000.0,1224900000.0,1287169000.0,488300000.0,736600000.0,1.141,2.942,-46300000.0,32800000.0,32800000.0,1169300000.0,51300000.0,1.855,1.397,250800000.0,11700000.0,239100000.0,250800000.0,0.0,50700000.0,0.0,0.022,0.097,92300000.0,143000000.0,0.097,143000000.0,92300000.0,78400000.0,0.317,0.31,0.317,511100000.0,549063500.0,511100000.0,981213464.0,11.0,6.862,69700000.0,0.401,1.0,299800000.0,0.204,309200000.0,13900000.0,870500000.0,974021500.0,200400000.0,0.0,0.0,0.0,713800000.0,263200000.0,450600000.0,782124464.0,12100000.0,-23400000.0,127500000.0,-156200000.0,-14300000.0,-37200000.0,-69700000.0,0.0,116000000.0,0.0,51300000.0,51300000.0,51300000.0,0.0,0.0,0.035,206200000.0,93600000.0,131400000.0,0.306,1.53,15.246,14.201,362700000.0,0.0,4.502,0.532,0.532,215500000.0,588500000.0,1469100000.0,1469100000.0,0.0,0.04,0.093,0.095,0.063,0.0,206200000.0,1.0,173741088.0,173741088.0,,8.456,915700000.0,26700000.0,27100000.0,9300000.0,5.27,225100000.0
75,AOS,MRT,2002-09-30,2002-09-30,2002-09-30,2021-09-09,-9885000.0,1307438000.0,1304424750.0,476237000.0,831201000.0,1.047,3.573,-37705000.0,32942000.0,32942000.0,1099227000.0,35014000.0,1.795,1.129,232031000.0,11671000.0,220360000.0,232031000.0,0.0,49966000.0,0.0,0.017,0.08,67959000.0,117925000.0,0.086,117925000.0,67959000.0,53349000.0,0.22,0.215,0.22,613993000.0,534258000.0,613993000.0,1041948221.0,15.0,8.836,71162000.0,0.414,1.0,266985000.0,0.195,302048000.0,14610000.0,939230000.0,1036953250.0,196696000.0,0.0,0.0,0.0,693445000.0,265249000.0,428196000.0,813875221.0,20046000.0,-129800000.0,127500000.0,-41779000.0,-13272000.0,61973000.0,-167505000.0,0.0,108867000.0,0.0,35014000.0,35014000.0,35014000.0,0.0,0.0,0.026,198767000.0,68218000.0,130059000.0,0.364,1.326,23.244,21.53,351538000.0,0.0,4.737,0.596,0.596,208258000.0,581334000.0,1366212000.0,1366212000.0,0.0,0.027,0.066,0.066,0.05,0.0,187567000.0,1.0,171824466.0,171824466.0,,7.951,1005390000.0,24707000.0,18335000.0,79098000.0,5.851,210988000.0
76,AOS,MRT,2002-06-30,2002-06-30,2002-06-30,2021-09-09,-6427000.0,1311116000.0,1234147750.0,490355000.0,820761000.0,1.04,4.227,-36202000.0,26443000.0,26443000.0,1039623000.0,25400000.0,1.881,1.167,254516000.0,12472000.0,242044000.0,254516000.0,0.0,49220000.0,0.0,0.017,0.087,54623000.0,103843000.0,0.081,103843000.0,54623000.0,39048000.0,0.165,0.162,0.165,605012000.0,495116000.0,605012000.0,1114865001.0,20.0,10.736,46997000.0,0.328,1.0,243321000.0,0.19,302103000.0,15575000.0,976401000.0,1018843250.0,191135000.0,0.0,0.0,0.0,706104000.0,260685000.0,445419000.0,744577001.0,11100000.0,-120200000.0,127500000.0,-32516000.0,-12361000.0,82474000.0,-156402000.0,0.0,83199000.0,0.0,25400000.0,25400000.0,25400000.0,0.0,0.0,0.02,187576000.0,55745000.0,136010000.0,0.527,1.231,29.314,31.525,346097000.0,0.0,5.202,0.58,0.58,239030000.0,575338000.0,1282944000.0,1282944000.0,0.0,0.021,0.051,0.054,0.043,0.0,174643000.0,1.0,143142006.0,143142006.0,,8.963,1009013000.0,22374000.0,13648000.0,76278000.0,7.049,229670000.0
77,AOS,MRT,2002-03-31,2002-03-31,2002-03-31,2021-09-09,-2815000.0,1305222000.0,1168391750.0,487453000.0,817769000.0,1.031,3.264,-32860000.0,21851000.0,21851000.0,984386000.0,18093000.0,1.851,1.8,392139000.0,13272000.0,378867000.0,392139000.0,0.0,47986000.0,0.0,0.021,0.087,43387000.0,91373000.0,0.076,91373000.0,43387000.0,27611000.0,0.127,0.127,0.127,466149000.0,459943250.0,466149000.0,991940376.0,23.0,10.856,53078000.0,0.372,1.0,220506000.0,0.183,302203000.0,15776000.0,1109955000.0,999606500.0,192578000.0,0.0,0.0,0.0,839073000.0,263352000.0,575721000.0,605762376.0,8721000.0,-120050000.0,714000.0,85268000.0,-12333000.0,97853000.0,-152910000.0,0.0,85938000.0,0.0,18093000.0,18093000.0,18093000.0,0.0,0.0,0.015,175448000.0,45058000.0,138191000.0,0.685,1.3,33.48,33.399,348987000.0,0.0,4.242,0.503,0.503,237690000.0,560448000.0,1204892000.0,1204892000.0,0.0,0.015,0.039,0.043,0.036,0.0,160781000.0,1.0,142812348.0,142812348.0,,8.437,1003019000.0,18878000.0,9518000.0,68996000.0,7.023,224101000.0
78,AOS,MRT,2001-12-31,2001-12-31,2001-12-31,2021-09-09,-6858000.0,1293923000.0,1105124000.0,477574000.0,816349000.0,1.042,3.168,-35300000.0,20759000.0,20759000.0,948800000.0,14500000.0,1.866,1.863,406937000.0,16552000.0,390385000.0,406937000.0,0.0,47100000.0,0.0,0.025,0.08,38900000.0,86000000.0,0.075,86000000.0,38900000.0,22500000.0,0.102,0.102,0.102,451878000.0,456582750.0,451878000.0,724567432.0,19.0,8.425,14500000.0,0.102,1.0,202400000.0,0.176,301924000.0,16400000.0,1122227000.0,953706000.0,194706000.0,0.0,0.0,0.0,842045000.0,255950000.0,586095000.0,463628432.0,5400000.0,-118000000.0,0.0,79400000.0,-12300000.0,68500000.0,-153300000.0,0.0,49800000.0,0.0,14500000.0,14500000.0,14500000.0,0.0,0.0,0.013,162100000.0,40300000.0,135684000.0,0.784,1.026,31.974,31.863,355298000.0,0.0,3.25,0.403,0.403,209871000.0,551420000.0,1151200000.0,1151200000.0,0.0,0.013,0.032,0.041,0.034,0.0,145700000.0,1.0,142654902.0,142654902.0,,8.07,991999000.0,22403000.0,8000000.0,63041000.0,6.954,221624000.0
79,AOS,MRT,2001-09-30,2001-09-30,2001-09-30,2021-09-09,-9328000.0,1026330000.0,1047860250.0,393007000.0,633323000.0,1.114,3.21,-33797000.0,12841000.0,12841000.0,959918000.0,8353000.0,2.176,1.244,273780000.0,13272000.0,260508000.0,273780000.0,0.0,45745000.0,0.0,0.025,0.073,38799000.0,84544000.0,0.072,84544000.0,38799000.0,20589000.0,0.057,0.06,0.057,457425000.0,455712000.0,457425000.0,688351556.0,18.0,8.142,8671000.0,0.061,1.0,206967000.0,0.177,239854000.0,18210000.0,866790000.0,913606750.0,158012000.0,0.0,0.0,0.0,568905000.0,180625000.0,388280000.0,416521556.0,4345000.0,0.0,-608000.0,-57511000.0,-12287000.0,-52414000.0,-33035000.0,0.0,42468000.0,0.0,8353000.0,8353000.0,8353000.0,11903000.0,0.0,0.007,152884000.0,54083000.0,96333000.0,1.281,0.911,49.865,51.287,277022000.0,0.0,2.923,0.357,0.357,175258000.0,559617000.0,1166885000.0,1166885000.0,0.0,0.008,0.018,0.042,0.033,0.0,145950000.0,1.0,142481718.0,142481718.0,,8.19,786476000.0,3955000.0,12236000.0,73404000.0,5.52,212382000.0
80,AOS,MRT,2001-06-30,2001-06-30,2001-06-30,2021-09-09,-4826000.0,1048092000.0,1064272250.0,412741000.0,635351000.0,1.117,3.282,-35281000.0,15187000.0,15187000.0,969910000.0,16803000.0,2.305,1.257,287017000.0,11129000.0,275888000.0,287017000.0,0.0,45270000.0,0.0,0.022,0.067,52597000.0,97867000.0,0.082,97867000.0,52597000.0,32957000.0,0.117,0.118,0.117,464321000.0,456818500.0,464321000.0,715784411.0,14.0,7.314,26451000.0,0.187,1.0,218667000.0,0.184,241421000.0,19640000.0,899454000.0,944398750.0,158864000.0,0.0,0.0,0.0,583771000.0,179047000.0,404724000.0,422007411.0,6879000.0,0.0,-38000.0,-67412000.0,-12242000.0,-76527000.0,-34723000.0,0.0,61732000.0,0.0,16803000.0,16803000.0,16803000.0,11903000.0,0.0,0.014,152801000.0,65866000.0,101588000.0,0.573,0.909,25.115,25.499,278831000.0,0.0,2.983,0.355,0.355,198226000.0,562320000.0,1188577000.0,1188577000.0,0.0,0.016,0.037,0.056,0.044,0.0,145861000.0,1.0,141454998.0,141454998.0,,8.403,806671000.0,1568000.0,16154000.0,69888000.0,5.703,233694000.0
81,AOS,MRT,2001-03-31,2001-03-31,2001-03-31,2021-09-09,-6929000.0,1052151000.0,1079945250.0,414504000.0,637647000.0,1.131,3.204,-38376000.0,13058000.0,13058000.0,988066000.0,23671000.0,2.349,1.324,306835000.0,11129000.0,295706000.0,306835000.0,0.0,45150000.0,0.0,0.018,0.058,65361000.0,110511000.0,0.09,110511000.0,65361000.0,43889000.0,0.167,0.167,0.167,452707000.0,454889000.0,452707000.0,772128685.0,12.0,6.987,27194000.0,0.192,1.0,233548000.0,0.191,243088000.0,21472000.0,926353000.0,974308500.0,169809000.0,0.0,0.0,0.0,599444000.0,176487000.0,422957000.0,459914685.0,7926000.0,0.0,63000.0,-68223000.0,-11974000.0,-102122000.0,-38016000.0,0.0,65570000.0,0.0,23671000.0,23671000.0,23671000.0,11903000.0,0.0,0.019,155765000.0,77783000.0,97682000.0,0.347,1.016,19.429,19.491,282305000.0,0.0,3.255,0.376,0.376,202718000.0,554705000.0,1221614000.0,1221614000.0,0.0,0.022,0.052,0.067,0.054,0.0,148827000.0,1.0,141294834.0,141294834.0,,8.646,809063000.0,6488000.0,20218000.0,67043000.0,5.726,238017000.0
82,AOS,MRT,2000-12-31,2000-12-31,2000-12-31,2021-09-09,-5438000.0,1064868000.0,1095381000.0,397381000.0,667487000.0,1.139,3.175,-40516000.0,15287000.0,15287000.0,999821000.0,29753000.0,2.332,1.375,327501000.0,11129000.0,316372000.0,327501000.0,0.0,45059000.0,0.0,0.02,0.057,75287000.0,120346000.0,0.096,120346000.0,75287000.0,53185000.0,0.212,0.21,0.212,448395000.0,452260250.0,448395000.0,724340775.0,10.0,6.019,34660000.0,0.245,1.0,248124000.0,0.199,244821000.0,22102000.0,961830000.0,1004005750.0,169630000.0,0.0,0.0,0.0,616473000.0,170431000.0,446042000.0,401545775.0,526000.0,0.0,0.0,-33379000.0,-11720000.0,-44283000.0,-40516000.0,0.0,75176000.0,0.0,29753000.0,29753000.0,29753000.0,11903000.0,0.0,0.024,160627000.0,87497000.0,91780000.0,0.269,0.896,13.496,13.412,282835000.0,0.0,2.843,0.322,0.322,169117000.0,549237000.0,1247945000.0,1247945000.0,0.0,0.027,0.066,0.075,0.06,0.0,153695000.0,1.0,141223602.0,141223602.0,,8.837,820047000.0,12907000.0,23432000.0,69509000.0,5.807,226950000.0
83,AOS,MRT,2000-09-30,2000-09-30,2000-09-30,2021-09-09,-6098000.0,1091978000.0,1095160500.0,411198000.0,680780000.0,1.182,3.287,-40723000.0,8496000.0,8496000.0,1012508000.0,45747000.0,2.307,1.364,331291000.0,9629000.0,321662000.0,331291000.0,0.0,45299000.0,0.0,0.026,0.055,94332000.0,139631000.0,0.108,139631000.0,94332000.0,72603000.0,0.327,0.32,0.327,461851000.0,447932500.0,461851000.0,640215975.0,7.0,4.585,33352000.0,0.237,1.0,281822000.0,0.218,246555000.0,21729000.0,989958000.0,1011193250.0,171547000.0,0.0,0.0,0.0,630127000.0,178260000.0,451867000.0,294094975.0,-1583000.0,6769000.0,1225000.0,-17692000.0,-11469000.0,200191000.0,-33575000.0,0.0,74075000.0,0.0,45747000.0,45747000.0,45747000.0,7392000.0,0.0,0.035,185630000.0,96192000.0,97986000.0,0.168,0.637,6.429,6.402,281210000.0,0.0,2.093,0.227,0.227,186891000.0,563551000.0,1294330000.0,1294330000.0,0.0,0.042,0.102,0.093,0.073,0.0,175270000.0,1.0,140491230.0,140491230.0,,9.213,845423000.0,11464000.0,26856000.0,63176000.0,6.018,232938000.0
84,AOS,MRT,2000-06-30,2000-06-30,2000-06-30,2021-09-09,-4627000.0,1110784000.0,1096386250.0,430059000.0,680725000.0,1.177,3.251,-37562000.0,8308000.0,8308000.0,1008698000.0,49277000.0,2.266,1.433,354429000.0,9629000.0,344800000.0,354429000.0,0.0,44267000.0,0.0,0.015,0.053,98125000.0,142392000.0,0.11,142392000.0,98125000.0,78125000.0,0.352,0.345,0.352,456603000.0,439594250.0,456603000.0,859703680.0,9.0,6.038,17005000.0,0.121,1.0,282214000.0,0.219,248040000.0,20000000.0,1019093000.0,1008341750.0,165745000.0,0.0,0.0,0.0,654181000.0,189772000.0,464409000.0,489777680.0,-23395000.0,-244592000.0,1027000.0,218588000.0,-11211000.0,201621000.0,-281930000.0,0.0,54567000.0,0.0,49277000.0,49277000.0,49277000.0,7392000.0,0.0,0.038,179621000.0,102593000.0,103296000.0,0.151,1.073,9.939,9.905,283698000.0,0.0,3.487,0.379,0.379,221247000.0,557759000.0,1290912000.0,1290912000.0,0.0,0.045,0.112,0.097,0.076,0.0,171000000.0,1.0,140471610.0,140471610.0,,9.19,862744000.0,10560000.0,28848000.0,60442000.0,6.142,240287000.0
85,AOS,MRT,2000-03-31,2000-03-31,2000-03-31,2021-09-09,-4228000.0,1113894000.0,1020687250.0,433198000.0,680696000.0,1.161,3.149,-35810000.0,5132000.0,5132000.0,926831000.0,45631000.0,2.293,1.519,375058000.0,10273000.0,364785000.0,375058000.0,0.0,40789000.0,0.0,0.018,0.053,89310000.0,130099000.0,0.11,130099000.0,89310000.0,73036000.0,0.327,0.32,0.327,442192000.0,429847250.0,442192000.0,767334786.0,9.0,5.898,7926000.0,0.056,1.0,258211000.0,0.218,249771000.0,16274000.0,1045142000.0,906830250.0,170002000.0,0.0,0.0,0.0,671702000.0,188907000.0,482795000.0,421215786.0,-12420000.0,-244592000.0,1063000.0,238894000.0,-11184000.0,228769000.0,-280393000.0,0.0,43736000.0,0.0,45631000.0,45631000.0,45631000.0,7694000.0,0.0,0.039,162432000.0,95779000.0,101346000.0,0.162,0.953,9.231,9.174,284216000.0,0.0,3.0,0.355,0.355,224351000.0,543008000.0,1185042000.0,1185042000.0,0.0,0.045,0.106,0.098,0.075,0.0,155543000.0,1.0,140405262.0,140405262.0,,8.44,864123000.0,11047000.0,27405000.0,60958000.0,6.154,244291000.0
86,AOS,MRT,1999-12-31,1999-12-31,1999-12-31,2021-09-09,-3238000.0,1063986000.0,941008750.0,388627000.0,675359000.0,1.137,3.071,-32807000.0,14761000.0,14761000.0,839572000.0,42422000.0,2.307,1.468,360880000.0,9629000.0,351251000.0,360880000.0,0.0,37315000.0,0.0,0.015,0.053,82065000.0,119380000.0,0.112,119380000.0,82065000.0,69244000.0,0.305,0.297,0.305,431084000.0,420939750.0,431084000.0,850770649.0,10.0,7.127,15008000.0,0.107,1.0,230767000.0,0.216,251085000.0,12821000.0,990580000.0,799700000.0,163443000.0,0.0,0.0,0.0,632902000.0,168440000.0,464462000.0,511866649.0,-22905000.0,-244592000.0,-1624000.0,225048000.0,-11172000.0,212252000.0,-277399000.0,0.0,47815000.0,0.0,42422000.0,42422000.0,42422000.0,7848000.0,0.0,0.04,141466000.0,89301000.0,81221000.0,0.174,1.187,12.066,11.956,283493000.0,0.0,3.647,0.478,0.478,179395000.0,531204000.0,1070339000.0,1070339000.0,0.0,0.045,0.101,0.103,0.077,0.0,136304000.0,1.0,140365626.0,140365626.0,,7.625,812901000.0,11323000.0,26822000.0,55845000.0,5.791,220187000.0
87,AOS,MRT,1999-09-30,1999-09-30,1999-09-30,2021-09-09,-2272000.0,1096881000.0,859154750.0,416818000.0,680063000.0,1.002,3.075,-19285000.0,10079000.0,10079000.0,673494000.0,48393000.0,2.045,1.56,348983000.0,4629000.0,344354000.0,348983000.0,0.0,30078000.0,0.0,0.012,0.06,81672000.0,111750000.0,0.13,111750000.0,81672000.0,73098000.0,0.347,0.34,0.347,428498000.0,413442000.0,428498000.0,806575579.0,10.0,7.218,37678000.0,0.27,1.0,187104000.0,0.217,253384000.0,8574000.0,978552000.0,696657000.0,162225000.0,0.0,0.0,0.0,668383000.0,203849000.0,464534000.0,702437579.0,-16112000.0,-250336000.0,-2014000.0,212589000.0,-11158000.0,-29107000.0,-272467000.0,0.0,56963000.0,0.0,48393000.0,48393000.0,48393000.0,-2983000.0,0.0,0.056,105739000.0,81365000.0,102443000.0,0.173,1.639,14.515,14.529,331533000.0,0.0,5.042,0.816,0.816,226120000.0,529273000.0,860598000.0,860598000.0,0.0,0.056,0.117,0.117,0.095,0.0,103225000.0,1.0,139326462.0,139326462.0,,6.177,843497000.0,10310000.0,24705000.0,55584000.0,6.054,212969000.0
88,AOS,MRT,1999-06-30,1999-06-30,1999-06-30,2021-09-09,-2461000.0,807988000.0,775575750.0,315705000.0,492283000.0,1.053,3.001,-21575000.0,31703000.0,31703000.0,637048000.0,47001000.0,2.056,0.935,135841000.0,4629000.0,131212000.0,135841000.0,0.0,28306000.0,0.0,0.013,0.06,78621000.0,106927000.0,0.131,106927000.0,78621000.0,71939000.0,0.337,0.33,0.337,417615000.0,404600750.0,417615000.0,767939756.0,10.0,7.182,63086000.0,0.453,1.0,179398000.0,0.22,145551000.0,6682000.0,613047000.0,598004750.0,102392000.0,0.0,0.0,0.0,390373000.0,153528000.0,236845000.0,649327756.0,-67969000.0,-127749000.0,-10972000.0,25253000.0,-11204000.0,9791000.0,-151811000.0,0.0,84661000.0,0.0,47001000.0,47001000.0,47001000.0,-2983000.0,0.0,0.058,101046000.0,78352000.0,83223000.0,0.178,1.555,13.815,13.848,254482000.0,0.0,4.667,0.795,0.795,165335000.0,519693000.0,816446000.0,816446000.0,0.0,0.061,0.116,0.131,0.096,0.0,98532000.0,1.0,139141662.0,139141662.0,,5.868,662437000.0,10343000.0,24938000.0,53349000.0,4.761,162177000.0
89,AOS,MRT,1999-03-31,1999-03-31,1999-03-31,2021-09-09,-2230000.0,795180000.0,747734500.0,305763000.0,489417000.0,1.08,2.914,-19918000.0,17552000.0,17552000.0,629923000.0,45715000.0,2.031,0.956,136164000.0,4629000.0,131535000.0,136164000.0,0.0,27393000.0,0.0,0.019,0.059,75923000.0,103316000.0,0.128,103316000.0,75923000.0,69655000.0,0.327,0.318,0.327,406562000.0,398413750.0,406562000.0,539957534.0,7.0,5.226,48657000.0,0.349,1.0,177788000.0,0.22,146602000.0,6268000.0,616621000.0,578143000.0,100830000.0,0.0,0.0,0.0,388618000.0,150569000.0,238049000.0,441791534.0,-92735000.0,-130845000.0,-15435000.0,24129000.0,-11095000.0,-2397000.0,-152837000.0,0.0,68575000.0,0.0,45715000.0,45715000.0,45715000.0,-3285000.0,0.0,0.057,103580000.0,74208000.0,77244000.0,0.18,1.087,9.664,9.684,253106000.0,0.0,3.167,0.547,0.547,171441000.0,508561000.0,807711000.0,807711000.0,0.0,0.061,0.115,0.131,0.094,0.0,101066000.0,1.0,139513116.0,139513116.0,,5.789,648578000.0,10882000.0,23940000.0,54259000.0,4.649,155194000.0
90,AOS,MRT,1998-12-31,1998-12-31,1998-12-31,2021-09-09,-1488000.0,736570000.0,724801250.0,267878000.0,468692000.0,1.105,2.87,-18511000.0,37666000.0,37666000.0,623173000.0,44491000.0,2.378,0.836,135832000.0,4629000.0,131203000.0,135832000.0,0.0,26466000.0,0.0,0.014,0.058,73594000.0,100060000.0,0.125,100060000.0,73594000.0,67680000.0,0.315,0.307,0.315,401093000.0,393479750.0,401093000.0,677412352.0,9.0,6.77,47111000.0,0.337,1.0,177630000.0,0.222,143682000.0,5914000.0,578408000.0,553719750.0,87216000.0,0.0,0.0,0.0,335477000.0,112646000.0,222831000.0,572041352.0,-108230000.0,-133497000.0,-33017000.0,24438000.0,-11051000.0,-19630000.0,-153713000.0,0.0,65622000.0,0.0,44491000.0,44491000.0,44491000.0,-3835000.0,0.0,0.056,107728000.0,69902000.0,51074000.0,0.184,1.426,12.857,12.995,204456000.0,0.0,4.093,0.714,0.714,113098000.0,499954000.0,800803000.0,800803000.0,0.0,0.061,0.113,0.133,0.092,0.0,105214000.0,1.0,139749516.0,139749516.0,,5.73,592888000.0,10352000.0,23189000.0,43599000.0,4.243,155232000.0
91,AOS,MRT,1998-09-30,1998-09-30,1998-09-30,2021-09-09,-1525000.0,762565000.0,719787750.0,284295000.0,478270000.0,1.034,2.777,-24238000.0,26191000.0,26191000.0,592981000.0,49956000.0,1.995,0.94,131562000.0,4629000.0,126933000.0,131562000.0,0.0,24796000.0,0.0,0.017,0.054,77104000.0,101900000.0,0.137,101900000.0,77104000.0,71910000.0,0.36,0.35,0.36,393133000.0,393132750.0,393133000.0,469318806.0,6.0,4.606,48415000.0,0.342,1.0,150965000.0,0.203,141493000.0,5194000.0,583943000.0,533497000.0,86985000.0,31253000.0,0.0,31253000.0,369432000.0,142500000.0,226932000.0,463234806.0,-158835000.0,635132000.0,-84324000.0,24952000.0,-11148000.0,-69810000.0,-163501000.0,0.0,72653000.0,0.0,49956000.0,49956000.0,49956000.0,-5488000.0,0.0,0.067,85163000.0,65802000.0,74869000.0,0.15,1.178,9.273,9.088,232611000.0,0.0,3.272,0.623,0.623,146769000.0,492038000.0,743946000.0,743946000.0,0.0,0.069,0.127,0.145,0.104,0.0,85163000.0,1.0,141589854.0,141589854.0,,5.254,621072000.0,11487000.0,21954000.0,45591000.0,4.386,141795000.0
92,AOS,MRT,1998-06-30,1998-06-30,1998-06-30,2021-09-09,-1902000.0,696623000.0,721368500.0,338492000.0,358131000.0,0.98,2.775,-25751000.0,99672000.0,99672000.0,563809000.0,48971000.0,2.864,0.773,105756000.0,5566000.0,100190000.0,105756000.0,0.0,22903000.0,0.0,0.009,0.053,74620000.0,97523000.0,0.138,97523000.0,74620000.0,69487000.0,0.345,0.335,0.345,392867000.0,402376000.0,392867000.0,809888566.0,11.0,8.305,38053000.0,0.269,1.0,142847000.0,0.202,50925000.0,5133000.0,533600000.0,509504750.0,78159000.0,29660000.0,0.0,29660000.0,303756000.0,118182000.0,185574000.0,812972566.0,-120657000.0,760040000.0,-98752000.0,-5216000.0,-11304000.0,-114653000.0,-40106000.0,0.0,63804000.0,0.0,48971000.0,48971000.0,48971000.0,-6468000.0,0.0,0.069,83852000.0,58995000.0,57137000.0,0.154,2.069,16.601,16.647,207737000.0,0.0,5.743,1.15,1.15,146764000.0,483896000.0,706656000.0,706656000.0,0.0,0.068,0.122,0.146,0.106,0.0,83852000.0,1.0,141550650.0,141550650.0,,4.992,645698000.0,9707000.0,20516000.0,30546000.0,4.562,220310000.0
93,AOS,MRT,1998-03-31,1998-03-31,1998-03-31,2021-09-09,-1891000.0,703447000.0,751367500.0,349030000.0,354417000.0,0.938,2.686,-33326000.0,110287000.0,110287000.0,561278000.0,144097000.0,2.683,0.819,107203000.0,5598000.0,101605000.0,107203000.0,0.0,22427000.0,0.0,0.011,0.053,170099000.0,192526000.0,0.273,192526000.0,170099000.0,164114000.0,0.89,0.87,0.89,386826000.0,415526500.0,386826000.0,676719521.0,4.0,3.515,43378000.0,0.301,1.0,143636000.0,0.204,51354000.0,5985000.0,518928000.0,508404250.0,79132000.0,27237000.0,0.0,27237000.0,316621000.0,130081000.0,186540000.0,716053521.0,107484000.0,759697000.0,-148628000.0,-380440000.0,-11868000.0,-540339000.0,-48024000.0,0.0,76704000.0,0.0,144097000.0,144097000.0,144097000.0,-7929000.0,0.0,0.204,87316000.0,56320000.0,63718000.0,0.06,1.851,4.969,5.587,208267000.0,0.0,4.972,1.016,1.016,144163000.0,473941000.0,704914000.0,704914000.0,0.0,0.192,0.347,0.335,0.241,0.0,87316000.0,1.0,144010764.0,144010764.0,,4.895,652093000.0,10937000.0,20017000.0,36694000.0,4.528,218949000.0
94,AOS,MRT,1997-12-31,1997-12-31,1997-12-31,2021-09-09,-1579000.0,716516000.0,848383000.0,365728000.0,350788000.0,0.799,2.611,-37368000.0,145896000.0,145896000.0,537542000.0,153830000.0,2.86,0.793,106562000.0,5590000.0,100972000.0,106562000.0,0.0,21634000.0,0.0,0.011,0.053,178805000.0,200439000.0,0.296,200439000.0,178805000.0,172200000.0,0.928,0.91,0.928,399705000.0,417911250.0,399705000.0,640112681.0,4.0,3.194,36161000.0,0.236,1.0,140665000.0,0.207,51783000.0,6605000.0,497517000.0,645188000.0,79049000.0,25605000.0,0.0,25605000.0,316811000.0,127882000.0,188929000.0,718528681.0,139491000.0,698455000.0,-172793000.0,-143816000.0,-12677000.0,-328402000.0,-113308000.0,0.0,73529000.0,0.0,153830000.0,153830000.0,153830000.0,-20719000.0,0.0,0.227,86809000.0,53856000.0,61299000.0,0.057,1.798,4.671,5.059,207756000.0,0.0,4.694,1.059,1.059,126232000.0,466514000.0,678207000.0,678207000.0,0.0,0.181,0.368,0.277,0.264,0.0,86809000.0,1.0,153059364.0,153059364.0,,4.431,664733000.0,11849000.0,18370000.0,35049000.0,4.343,237846000.0
95,AOS,MRT,1997-09-30,1997-09-30,1997-09-30,2021-09-09,-8661000.0,768888000.0,887042000.0,417739000.0,351149000.0,0.881,2.719,-45614000.0,185026000.0,185026000.0,614218000.0,65417000.0,2.78,0.788,106610000.0,5625000.0,100985000.0,106610000.0,0.0,26411000.0,0.0,0.012,0.053,90611000.0,117022000.0,0.15,117022000.0,90611000.0,82497000.0,0.348,,0.348,430106000.0,424144750.0,430106000.0,587221333.0,6.0,5.018,23951000.0,0.151,1.0,166975000.0,0.214,52211000.0,8114000.0,487974000.0,766817000.0,84366000.0,22924000.0,0.0,22924000.0,338782000.0,150287000.0,188495000.0,696578333.0,177774000.0,-77494000.0,-121194000.0,-132568000.0,-13342000.0,-266521000.0,-125675000.0,0.0,69565000.0,0.0,65417000.0,65417000.0,65417000.0,-40168000.0,0.0,0.084,107350000.0,59625000.0,64356000.0,0.152,1.62,10.648,12.653,201991000.0,0.0,4.403,0.892,0.892,130865000.0,453230000.0,781193000.0,781193000.0,0.0,0.074,0.154,0.118,0.116,0.0,107350000.0,1.0,158193414.0,158193414.0,,4.938,716677000.0,13498000.0,17080000.0,54627000.0,4.53,267452000.0
96,AOS,MRT,1997-06-30,1997-06-30,1997-06-30,2021-09-09,-9074000.0,816619000.0,,462889000.0,353730000.0,,2.599,-43755000.0,220329000.0,220329000.0,594656000.0,67962000.0,2.6,0.833,110972000.0,5225000.0,105747000.0,110972000.0,0.0,25338000.0,0.0,0.013,0.053,92548000.0,117886000.0,0.154,117886000.0,92548000.0,84373000.0,0.351,,0.351,445469000.0,,445469000.0,1162170736.0,13.0,9.858,13797000.0,0.08,1.0,168693000.0,0.221,0.0,8175000.0,529198000.0,,90220000.0,20716000.0,0.0,20716000.0,371150000.0,178064000.0,193086000.0,677330736.0,216089000.0,-77288000.0,-98180000.0,-93435000.0,-13911000.0,-205180000.0,-123610000.0,0.0,57552000.0,0.0,67962000.0,67962000.0,67962000.0,-45564000.0,0.0,0.089,109221000.0,59472000.0,61402000.0,0.151,1.52,9.966,11.257,198799000.0,0.0,3.951,0.887,0.887,135080000.0,446229000.0,763349000.0,763349000.0,0.0,,,,0.121,0.0,109221000.0,1.0,171427914.0,171427914.0,,4.453,816619000.0,12400000.0,16411000.0,81073000.0,4.764,284825000.0
97,AOS,MRT,1997-03-31,1997-03-31,1997-03-31,2021-09-09,-7917000.0,1091509000.0,,356548000.0,734961000.0,,7.546,-41329000.0,2803000.0,2803000.0,580163000.0,-21061000.0,0.699,1.754,487643000.0,384572000.0,103071000.0,487643000.0,0.0,24095000.0,0.0,0.014,0.053,1484000.0,25579000.0,0.034,25579000.0,1484000.0,-6170000.0,-0.184,,-0.184,396365000.0,,396365000.0,447550050.0,302.0,17.497,28661000.0,0.546,1.0,164716000.0,0.221,0.0,7654000.0,1066063000.0,,89566000.0,17312000.0,0.0,17312000.0,695144000.0,510286000.0,184858000.0,203577050.0,-881000.0,-77684000.0,-43857000.0,266270000.0,-14229000.0,208499000.0,-121580000.0,0.0,69990000.0,0.0,-21061000.0,-21061000.0,-21061000.0,-55542000.0,0.0,-0.028,106934000.0,57782000.0,76830000.0,-0.288,0.514,-9.666,-21.063,192125000.0,0.0,3.876,0.273,0.273,140304000.0,341712000.0,744879000.0,744879000.0,0.0,,,,0.002,0.0,106934000.0,1.0,52528482.0,52528482.0,,14.18,1091509000.0,12562000.0,14891000.0,30182000.0,20.779,-153738000.0
98,AOS,MRT,1996-12-31,1996-12-31,1996-12-31,2021-09-09,-7401000.0,871152000.0,818402500.0,225374000.0,645778000.0,0.955,8.084,-37804000.0,6405000.0,6405000.0,614218000.0,65417000.0,1.809,1.052,250378000.0,11932000.0,238446000.0,250378000.0,0.0,23601000.0,0.0,0.016,0.052,90611000.0,114212000.0,0.146,114212000.0,90611000.0,82497000.0,0.348,0.343,0.348,424639000.0,398501500.0,424639000.0,,,,42628000.0,0.812,1.0,166975000.0,0.214,6540000.0,8114000.0,984033000.0,909828500.0,80445000.0,14579000.0,0.0,14579000.0,446513000.0,124552000.0,321961000.0,174394560.0,1598000.0,-16258000.0,539000.0,54507000.0,-13807000.0,41267000.0,-56629000.0,0.0,80432000.0,0.0,65417000.0,65417000.0,65417000.0,-40168000.0,0.0,0.084,107350000.0,59625000.0,66514000.0,0.149,0.411,2.666,9.54,182600000.0,0.0,3.32,0.223,0.223,121571000.0,325361000.0,781193000.0,781193000.0,0.0,0.08,0.164,0.1,0.116,0.0,107350000.0,1.0,52528482.0,52528482.0,,14.872,864612000.0,12416000.0,17080000.0,32622000.0,16.46,100822000.0
99,AOS,MRT,1996-09-30,1996-09-30,1996-09-30,2021-09-09,,,,,,,,,,,,,,,,,,,,,,0.017,0.047,,,,,,,,,,,,,,,,,,1.0,,,,,,,,,,,,,,,,,,,,,,,,,,,,,,,,,,,,,,,,2.764,,,,,,,,,,,,,,1.0,,,,,,,,,,
100,AOS,MRT,1996-06-30,1996-06-30,1996-06-30,2021-09-09,,,,,,,,,,,,,,,,,,,,,,0.017,0.046,,,,,,,,,,,,,,,,,,1.0,,,,,,,,,,,,,,,,,,,,,,,,,,,,,,,,,,,,,,,,2.778,,,,,,,,,,,,,,1.0,,,,,,,,,,
101,AOS,MRT,1996-03-31,1996-03-31,1996-03-31,2021-09-09,,,,,,,,,,,,,,,,,,,,,,0.017,0.044,,,,,,,,,,,,,,,,,,1.0,,,,,,,,,,,,,,,,,,,,,,,,,,,,,,,,,,,,,,,,2.624,,,,,,,,,,,,,,1.0,,,,,,,,,,
102,AOS,MRT,1995-12-31,1995-12-31,1995-12-31,2021-09-09,-7499000.0,765653000.0,,257707000.0,507946000.0,,,-27257000.0,4807000.0,4807000.0,555578000.0,61413000.0,2.128,1.056,195871000.0,4933000.0,190938000.0,195871000.0,0.0,22166000.0,0.0,0.019,0.043,82454000.0,104620000.0,0.15,104620000.0,82454000.0,74838000.0,0.327,0.323,0.327,372364000.0,,372364000.0,,,,25147000.0,,1.0,141122000.0,0.203,0.0,7616000.0,835624000.0,,74955000.0,3528000.0,0.0,3528000.0,393289000.0,121093000.0,272196000.0,,-3678000.0,-21404000.0,49000.0,22490000.0,0.0,10506000.0,-48661000.0,0.0,52404000.0,0.0,61413000.0,61413000.0,61413000.0,-37418000.0,0.0,0.088,91398000.0,49724000.0,71613000.0,0.131,,,7.051,161876000.0,0.0,2.306,,,135515000.0,273751000.0,696700000.0,696700000.0,0.0,,,,0.118,0.0,91398000.0,1.0,,,,,765653000.0,9842000.0,13425000.0,34345000.0,,136614000.0
103,AOS,MRT,1994-12-31,1994-12-31,1994-12-31,2021-09-09,,,,,,,,-18117000.0,,,520589000.0,57347000.0,,,,,,,,21726000.0,,0.014,0.038,74932000.0,96658000.0,0.149,96658000.0,74932000.0,66979000.0,0.306,,0.306,,,,,,,38518000.0,,1.0,127415000.0,0.197,,7953000.0,,,,,,,,,,,-3417000.0,0.0,1764000.0,-31610000.0,-10423000.0,-38137000.0,-18499000.0,0.0,56635000.0,0.0,57347000.0,57347000.0,57347000.0,-40281000.0,0.0,0.088,88521000.0,38894000.0,,0.124,,,8.896,,0.0,2.722,,,,,648004000.0,648004000.0,0.0,,,,0.116,0.0,88521000.0,1.0,,,,,,,9632000.0,,,
